3800 5875
218 341 276 405 732
447 352 451 361 “
867 336 974 393 NOVA
993 334 1192 393 anamma.

213 508 363 564 tratummr
383 496 418 554 ad
441 499 513 571 quod
533 493 635 553 dictim
658 495 824 551 surreximus
851 511 952 559 omnes,
980 502 1009 550 et
1046 493 1123 565 parte
1136 491 1268 563 superiori
1281 491 1396 563 gadum
1406 491 1756 549 hebetumemnmenms.
1782 492 1842 549 lllie

213 579 356 634 humiliter
365 579 500 633 fimbriam
514 577 628 648 liripipii
642 578 684 631 sui
698 575 851 630 exosculari
865 576 1005 644 coepimus.
1045 574 1079 626 ad
1087 574 1227 643 parietem,
1233 572 1262 626 in
1269 571 1365 637 medio,
1371 571 1517 626 collocatur
1523 571 1735 636 cathedrarum
1743 590 1841 638 menas,

215 657 266 712 llle
294 664 384 712 sutem
411 659 507 722 renuit,
534 664 562 711 et
585 656 711 710 continuo
734 672 751 708 a
772 654 849 709 nobis
873 655 1006 709 discessit.
1044 661 1073 707 et
1087 653 1275 723 peristromata
1284 667 1364 720 super
1373 668 1450 705 eam:
1464 667 1546 720 supra
1555 651 1717 705 cathedram
1726 652 1843 707 extendi·

214 735 361 808 Postquam
384 753 448 791 vero
469 738 543 790 inter
567 734 694 788 homines
719 742 825 788 nostros
852 733 1007 804 evulgatum
1044 738 1087 786 tur
1113 747 1271 800 conopeum,
1290 730 1441 793 rotundum,
1459 730 1503 783 vel
1524 738 1643 794 oratum,
1666 747 1704 785 ex
1725 730 1841 796 bedera;

214 815 275 880 tuis,
297 825 396 870 statum
414 816 492 869 illum
513 814 682 868 conditiones
699 814 807 875 exteris,
828 813 874 884 qui
896 829 1007 866 manere
1044 810 1147 864 beders
1161 818 1233 864 certe
1247 826 1305 879 prae
1318 818 1412 863 nostra
1422 808 1568 879 plurimum
1579 809 1738 863 albescente
1747 810 1841 875 colore,

213 894 321 957 vellent,
342 893 436 965 largiri
462 893 566 958 solerer
594 893 642 947 vix
664 891 712 946 ulli
734 908 827 946 eorum
844 891 1006 962 persuadere
1044 906 1098 944 non
1112 888 1231 943 absimili
1246 888 1312 942 lolio
1325 888 1427 958 populi,
1437 905 1519 959 quam
1529 905 1660 942 vocamus
1671 899 1842 959 argenteam:

214 975 359 1043 potuimus,
371 982 399 1027 ut
413 989 508 1026 navem
521 981 640 1025 nostram
653 979 784 1035 curarent,
796 979 843 1024 aut
856 971 1007 1041 quominus
1044 969 1092 1022 red
1107 969 1246 1039 eliquanto
1258 968 1347 1038 magis
1367 967 1528 1038 splendido:
1541 969 1612 1022 viret
1625 968 1702 1022 enim
1719 986 1768 1038 per
1781 968 1842 1022 bie·

213 1053 388 1123 prmpositum
411 1068 476 1107 mox
496 1051 600 1105 adirent
619 1051 653 1103 ad
675 1048 843 1104 conditiones
864 1049 1005 1119 petendas.
1044 1064 1124 1102 mem.
1166 1048 1326 1117 Conopeum
1346 1054 1437 1100 autem
1453 1047 1507 1101 tilis
1520 1046 1659 1117 argenteis
1676 1057 1704 1100 et
1724 1048 1844 1117 byssinis

214 1130 276 1195 Sed,
291 1148 345 1185 nou
366 1132 424 1184 sine
444 1147 544 1201 magna
563 1128 727 1192 difficultate,
742 1146 788 1182 eos
808 1129 916 1182 tandem
933 1128 1007 1182 cohi·
1044 1124 1342 1190 diversorumcolornm,
1350 1142 1411 1197 qum
1421 1125 1551 1180 hederam
1559 1124 1702 1196 colligant,
1709 1126 1844 1196 eleganter

214 1210 328 1274 boimne,
348 1210 432 1264 donec
454 1226 490 1264 ex
512 1224 652 1274 consensu,
670 1208 735 1279 quid
756 1208 908 1262 iaciendum
926 1215 1006 1272 esset,
1044 1206 1212 1269 contexitur;
1234 1214 1317 1275 atque
1338 1205 1477 1275 opificium
1496 1205 1659 1277 plerumque
1674 1213 1717 1258 est
1731 1206 1843 1275 alicujus

213 1297 399 1343 statueremus.
1045 1301 1080 1339 ex
1094 1285 1200 1338 filiabus
1213 1284 1340 1347 familiar
1355 1284 1492 1338 invertice
1504 1284 1618 1339 reticulo
1627 1286 1707 1338 tenui
1716 1303 1753 1339 ex
1765 1286 1842 1354 bysso

254 1368 318 1422 lam
341 1377 433 1422 autem
456 1373 585 1438 tauquam
604 1364 704 1421 liberos
724 1382 776 1419 nos
793 1365 926 1429 rebamur,
944 1382 1006 1419 cum
1044 1372 1071 1418 et
1092 1372 1207 1435 argento
1225 1363 1337 1428 velatur,
1356 1380 1450 1418 verum
1471 1365 1585 1418 materia
1606 1366 1724 1434 canopei
1745 1364 1841 1419 beders

214 1456 317 1501 metum
339 1464 447 1501 omnem
472 1456 601 1501 extremae
619 1446 703 1500 ruinae
722 1444 864 1514 depulsum
881 1444 1007 1499 vidimus.
1044 1460 1109 1499 vera
1129 1452 1189 1496 est:
1208 1460 1244 1496 ex
1264 1460 1325 1513 qua,
1340 1450 1403 1513 post
1422 1442 1613 1497 solennitatem
1633 1443 1751 1506 finitam,
1765 1445 1840 1498 amici

214 1526 415 1581 iucundissime
435 1526 502 1579 item
521 1526 657 1579 viximus:
678 1524 814 1579 civitatem
836 1524 931 1594 ipsam,
955 1540 1006 1577 nec
1045 1521 1158 1576 familias
1178 1521 1273 1576 folium
1293 1521 1411 1593 aliquod,
1424 1530 1473 1577 aut
1491 1522 1686 1585 ramusculum,
1702 1523 1840 1593 decerpere

213 1621 267 1659 non
291 1606 451 1676 pomoeriom
473 1605 550 1668 illud,
569 1604 640 1675 qnod
664 1604 744 1657 nobis
762 1620 920 1657 eoncessum
939 1612 1005 1666 erat,
1045 1612 1144 1656 amant
1184 1601 1361 1671 Progreditur
1383 1602 1522 1665 lirsanus,
1545 1602 1624 1671 prole
1647 1619 1700 1656 sua
1721 1603 1839 1657 universa

214 1684 452 1755 perambulantes:
473 1683 502 1738 in
520 1700 581 1755 quo,
597 1699 763 1754 quiscunque
776 1682 837 1736 visu
856 1682 946 1753 digna,
961 1690 1008 1735 aut
1045 1682 1166 1750 stipatus,
1177 1679 1304 1734 masculis
1311 1682 1501 1750 preeuntibus,
1513 1681 1634 1735 ioeminis
1648 1698 1667 1733 a
1681 1691 1761 1753 tergo
1772 1682 1838 1736 ime·

215 1772 292 1834 grata
306 1773 389 1829 erant,
404 1761 635 1834 perquirebamus,
643 1771 670 1816 et
683 1762 878 1832 spectabamus.
901 1762 1008 1815 Interea
1045 1761 1198 1832 quentibos.
1239 1759 1288 1813 Sin
1308 1769 1396 1815 mater
1419 1760 1531 1815 familiae
1549 1760 1640 1825 fuerit,
1661 1779 1726 1831 qnae
1743 1760 1840 1832 prolem

213 1843 427 1898 familiaritatem
440 1859 502 1897 cum
521 1842 646 1913 plurimis
660 1859 696 1896 ex
709 1841 824 1905 civitate,
843 1841 931 1912 iisqne
952 1857 1007 1894 non
1045 1840 1199 1893 universam
1210 1838 1323 1909 peperit,
1331 1839 1521 1893 collocaturad
1532 1839 1660 1894 dextrum
1671 1840 1747 1895 latus
1756 1840 1841 1894 catbe·

214 1940 250 1976 ex
265 1922 390 1977 interiore
408 1922 508 1985 ordine,
522 1921 722 1975 contraximus:
743 1920 813 1974 inter
827 1937 895 1990 quos
909 1919 1007 1974 buma·
1045 1919 1108 1982 drea,
1120 1920 1258 1973 orchestra
1265 1919 1390 1987 quiedam
1403 1928 1530 1989 cooperta
1541 1937 1604 1972 cum
1612 1921 1688 1974 ostio
1696 1928 1808 1984 secreto,
1815 1926 1840 1973 et

213 2002 327 2055 nitatem
336 2008 440 2055 tantam
449 2000 646 2070 perspeximus,
654 2000 774 2070 adeoque
788 2000 1008 2069 consuemdinem
1046 1998 1180 2063 fenestris,
1194 1998 1241 2052 ubi
1263 1997 1312 2051 illa
1331 1997 1402 2051 clam
1415 1999 1501 2053 sedet.
1541 1997 1687 2064 Tirsanus,
1701 2010 1839 2070 postquam

214 2089 271 2134 tam
286 2080 434 2147 jucundam
454 2087 483 2133 et
502 2078 617 2133 liberam
636 2080 793 2149 peregrinos
806 2078 890 2133 veluti
903 2078 932 2131 in
946 2079 1009 2132 sinu
1045 2078 1184 2151 ingressus
1199 2077 1288 2141 fuerit,
1302 2077 1331 2130 in
1351 2076 1481 2132 cathedra
1501 2077 1550 2131 illa
1569 2079 1706 2142 considet,
1720 2079 1840 2132 universe

214 2158 404 2228 amplectendi,
418 2166 447 2212 et
459 2158 575 2223 fovendi,
590 2166 620 2212 ut
633 2158 680 2213 vix
698 2157 811 2221 abesset,
827 2159 893 2227 quin
910 2157 1008 2212 obliri-
1046 2156 1150 2211 tamilla
1161 2158 1239 2225 juxta
1250 2156 1389 2226 parietem,
1398 2165 1453 2211 tam
1464 2165 1576 2227 atergo,
1585 2175 1670 2228 quam
1685 2174 1703 2210 a
1716 2157 1839 2213 lateribus

209 2255 294 2291 onem
314 2237 391 2291 nobis
411 2237 531 2292 omnium
545 2253 645 2300 eorum,
661 2254 722 2308 quae
740 2236 769 2289 in
786 2237 883 2307 patriis
901 2239 1008 2291 nostris
1046 2236 1126 2301 aulae,
1145 2253 1228 2306 super
1247 2236 1362 2307 gradum
1384 2253 1521 2301 ascensus,
1544 2239 1699 2291 secundum
1723 2238 1838 2291 ordinem

213 2317 298 2370 chara
312 2324 392 2370 antea
405 2324 489 2380 erant,
503 2316 652 2370 induceret
693 2316 763 2378 Quin
781 2325 809 2369 et
829 2316 947 2387 qnotidie
968 2318 1009 2371 in·
1046 2316 1141 2380 aetsds,
1154 2331 1210 2369 non
1230 2314 1326 2369 habito
1345 2333 1427 2370 sexus
1448 2316 1615 2380 discrimine,
1630 2333 1662 2371 se
1684 2318 1840 2380 amentem

213 2395 328 2449 cidimus
342 2396 423 2449 inree
438 2394 708 2450 observsmetrelatu
720 2395 903 2465 dignissimas.
926 2394 1008 2451 Certe
1046 2412 1129 2464 super
1142 2394 1226 2465 pedes
1240 2402 1337 2449 erecta
1379 2392 1449 2449 Cum
1469 2394 1623 2450 consederit
1641 2397 1723 2468 (sula
1736 2397 1839 2450 interim

214 2473 324 2528 eiullibi
336 2485 469 2529 terrsrnm
482 2474 622 2545 speculum
630 2474 757 2546 sit,quod
764 2474 1008 2530 oculosbominum
1045 2474 1196 2546 frequentia
1216 2473 1289 2528 baud
1311 2490 1396 2544 parva
1416 2475 1523 2538 referta,
1540 2475 1589 2528 sed
1611 2476 1674 2529 sine
1698 2475 1778 2529 turba
1797 2482 1839 2529 aut

214 2551 323 2608 allicere
338 2555 443 2617 debeat,
458 2562 486 2608 et
499 2555 625 2619 detinere,
639 2553 706 2609 illud
720 2553 832 2608 exbibet
845 2553 905 2609 haec
920 2555 1005 2625 regio.
1045 2549 1174 2626 strepitu)
1189 2560 1250 2623 post
1262 2570 1366 2607 moram
1385 2553 1544 2607 nonnullam
1561 2554 1716 2624 ingreditur
1733 2556 1767 2607 ab
1777 2554 1839 2608 inie-

212 2632 313 2687 Evenit
325 2634 369 2687 die
380 2634 504 2704 quodam,
518 2642 549 2688 ut
563 2635 616 2688 duo
629 2651 665 2688 ex
676 2634 776 2688 nostris
783 2633 959 2690 invitarentur
973 2635 1008 2689 ad
1045 2634 1109 2687 riori
1124 2642 1199 2703 parte
1214 2633 1284 2687 anlae
1296 2640 1460 2697 taratannus,
1475 2629 1564 2706 (quod
1575 2634 1692 2687 verbum
1713 2633 1784 2703 apnd
1796 2651 1839 2688 eos

213 2711 313 2767 testum
327 2713 461 2784 quoddam
476 2714 561 2784 (quod
573 2711 683 2780 vocant)
698 2712 816 2768 familia.
843 2712 907 2768 Mos
917 2720 1006 2769 autem
1045 2713 1182 2784 signifieat
1196 2707 1365 2786 haraldum)
1378 2712 1454 2781 cujus
1466 2711 1554 2766 latera
1572 2721 1671 2782 tegunt
1689 2712 1840 2767 adolescen-

178 2824 180 2827 ·
213 2791 367 2847 celebrandi
384 2793 480 2847 semum
489 2792 556 2847 illud
569 2793 675 2847 censeri
683 2794 779 2847 merito
793 2792 878 2862 possit
887 2794 1006 2849 maxime
1045 2791 1095 2846 tuli
1116 2791 1186 2857 door
1208 2808 1322 2863 quornm
1336 2808 1404 2846 unus
1418 2790 1535 2845 rotulum
1549 2793 1621 2862 gerit
1635 2810 1673 2847 ex
1687 2792 1839 2863 splendente

213 2872 283 2942 pius,
294 2888 330 2926 ex
343 2872 404 2943 ipsa
416 2878 519 2925 naturae
529 2871 589 2943 lege
603 2873 784 2943 depromptus,
795 2880 823 2925 et
832 2874 1006 2929 veneratione
1044 2871 1092 2926 illa
1108 2872 1184 2927 lutea
1197 2871 1363 2937 membrana,
1377 2870 1445 2925 alter
1465 2871 1570 2925 botrum
1595 2889 1712 2926 uvarum
1733 2889 1839 2926 aureum

213 2951 330 3022 dignus:
344 2962 495 3007 monstrans
505 2952 681 3021 proculdubio
692 2953 829 3007 nationem
842 2952 920 3006 illam
933 2956 1007 3009 omni
1044 2969 1106 3006 cum
1119 2951 1317 3023 pedicillosive
1331 2951 1407 3005 caule
1427 2951 1519 3023 longa
1561 2952 1711 3013 Haraldus,
1730 2961 1756 3006 et
1776 2962 1840 3005 uter-

213 3030 333 3085 bonitate
354 3033 481 3086 refertam
503 3047 573 3086 esse.
614 3032 666 3092 Qui
686 3031 748 3086 talis
766 3040 824 3087 est:
844 3048 1005 3089 concessum
1045 3049 1098 3103 que
1117 3030 1341 3096 adolescentulus,
1355 3029 1447 3101 palliis
1467 3030 1562 3084 sericis
1581 3031 1684 3085 coloris
1700 3032 1839 3086 thalassini

213 3117 256 3164 est
267 3127 318 3180 per
329 3110 405 3181 leges
418 3110 496 3182 regni
510 3111 602 3176 cuivis,
622 3112 665 3165 cui
683 3110 772 3165 rivere
787 3111 930 3183 eontigerit
942 3112 1006 3168 dum
1044 3112 1211 3176 raedonium
1245 3127 1339 3165 verum
1367 3109 1480 3179 pallium
1507 3109 1615 3164 haraldi
1642 3111 1737 3164 radios
1763 3110 1841 3164 hahet

213 3189 325 3260 triginta
343 3206 359 3243 e
382 3206 494 3260 corpore
513 3206 562 3245 suo
585 3199 732 3262 prognatos
747 3190 827 3245 simul
847 3193 1006 3260 superstites
1044 3207 1147 3253 aureos,
1162 3198 1189 3244 et
1202 3189 1347 3245 dimittitur
1360 3190 1428 3244 adeo
1448 3198 1478 3242 ut
1490 3198 1590 3243 terram
1603 3188 1734 3244 nonnihil
1748 3201 1839 3244 serrat.

213 3268 319 3332 viderit,
327 3285 426 3340 eosque
438 3285 531 3324 omnes
546 3271 653 3324 tertium
660 3271 746 3325 atatis
758 3286 856 3323 annrrm
871 3287 1004 3340 egrossos,
1045 3269 1190 3335 Harsldus,
1200 3278 1279 3324 terse
1289 3267 1483 3339 aliquantulum
1492 3269 1636 3332 inclinans,
1645 3270 1840 3339 acceditusque

213 3346 313 3402 festum
326 3347 378 3402 boc
393 3347 540 3404 celebrare.
582 3349 658 3410 Quod
673 3366 709 3404 ex
721 3349 832 3419 publico
844 3356 953 3420 sumptu
966 3352 1004 3405 fia
1043 3349 1078 3403 ad
1092 3350 1205 3419 gedum
1216 3365 1350 3412 aecensus,
1365 3348 1458 3419 ibique
1478 3349 1568 3418 primo
1585 3349 1615 3402 in
1629 3365 1744 3403 manum
1765 3349 1841 3402 sumit

213 3424 426 3481 Paterfamilias
446 3429 540 3498 (quem
557 3428 703 3483 'lirsanum
717 3428 826 3496 uocant)
846 3429 1005 3483 biduoante
1043 3427 1168 3482 rotulum.
1210 3426 1325 3482 Rotulus
1338 3428 1389 3481 iste
1403 3428 1497 3481 charta
1510 3428 1587 3498 regia
1598 3437 1648 3492 est,
1661 3437 1692 3483 et
1702 3429 1840 3492 redituum,

214 3504 321 3569 testum,
336 3515 390 3562 tres
410 3524 446 3561 ex
466 3507 560 3562 amicis
582 3509 645 3571 suis,
659 3524 727 3579 quos
744 3506 845 3579 eligere
866 3507 1004 3578 placuerit,
1042 3507 1246 3578 privilegiorum
1267 3507 1453 3577 complurium,
1472 3507 1689 3576 exemptionum,
1712 3515 1740 3562 et
1760 3508 1840 3578 insig-

213 3585 267 3639 sibi
288 3587 407 3651 advocat,
431 3602 463 3640 ac
483 3586 595 3656 insuper
616 3587 791 3658 magistratus
809 3587 935 3649 civitatis,
959 3597 1007 3643 aut
1045 3585 1543 3656 niumbonoriiicorum,patrifamilias
1558 3603 1763 3652 concessorum,
1775 3587 1840 3640 daos

213 3665 314 3735 oppidi,
336 3666 383 3720 nbi
398 3665 497 3719 festum
511 3666 669 3732 celebrator,
683 3667 827 3736 praesentia
840 3666 1004 3721 honoratur:
1043 3667 1176 3720 continet:
1197 3666 1352 3720 inscribitur
1371 3673 1463 3720 autem
1485 3682 1608 3733 semper:
1631 3671 1647 3696 ‘⁴
1662 3666 1737 3730 Tali,
1759 3667 1841 3721 amico

214 3760 308 3799 omnes
336 3752 429 3800 sutem
454 3762 491 3800 ex
516 3745 620 3800 familia
642 3747 781 3816 utriusque
802 3762 883 3800 sexus
909 3746 1004 3801 adesse
1043 3753 1135 3799 nostro
1151 3744 1258 3809 dilecto,
1274 3751 1302 3798 et
1317 3745 1481 3799 creditori:'’
1504 3746 1549 3816 qui
1564 3745 1672 3809 titulus,
1692 3763 1711 3799 a
1730 3764 1802 3817 rege,
1816 3748 1841 3799 in

211 3823 347 3891 jubentur.
387 3823 510 3879 Perdice
523 3824 605 3879 hosce
619 3826 686 3880 dnos
694 3825 896 3880 Tirsannscum
909 3826 1005 3881 amicis
1043 3825 1096 3878 hoc
1110 3823 1278 3878 solummodo
1291 3841 1356 3878 casu
1374 3824 1506 3879 tribuitur.
1549 3824 1636 3878 Aiunt
1656 3826 1733 3880 enim
1755 3843 1841 3894 regem

212 3901 268 3956 illis
281 3904 344 3969 suis,
359 3912 388 3958 et
401 3905 568 3975 magistratu,
577 3906 650 3959 circa
659 3904 760 3959 bonum
773 3903 886 3959 familiae
899 3905 1004 3959 consul·
1043 3903 1112 3958 nolli
1125 3904 1273 3958 debitorem
1287 3920 1354 3966 esse,
1364 3903 1418 3958 nisi
1434 3904 1469 3957 ob
1482 3904 1713 3975 propagationem
1729 3906 1841 3959 subdito

213 3982 344 4037 tationem
357 3983 417 4038 init.
458 3983 534 4037 Tunc
553 3984 576 4037 si
591 4001 651 4055 qnae
664 3984 873 4045 discordiae,'aut
890 3982 961 4047 lites,
976 3985 1005 4038 in
1043 4000 1111 4037 rum.
1153 3982 1280 4054 Sigillum
1294 3981 1358 4037 huic
1372 3982 1473 4037 chartae
1493 3984 1606 4036 affixum
1628 3993 1674 4038 est
1695 3987 1772 4056 regis
1791 3984 1840 4038 effi-

214 4061 320 4115 familia
334 4062 436 4117 obortae
451 4062 511 4127 sint,
526 4063 751 4127 terminantur,et
764 4063 898 4118 sedantur.
928 4063 1004 4118 Tunc
1043 4063 1110 4133 gies,
1138 4079 1205 4116 suro
1231 4061 1382 4132 insculpta:
1421 4072 1503 4133 atque
1532 4064 1659 4133 quamvis
1688 4063 1840 4134 hujusmodi

213 4140 237 4194 si
251 4141 297 4209 qui
312 4157 348 4196 ex
361 4142 465 4196 familia
478 4142 508 4196 in
521 4149 711 4212 paupertatem
723 4142 825 4197 redacti
836 4142 944 4207 inerint,
958 4150 1006 4198 ant
1042 4141 1151 4206 chartas,
1166 4159 1202 4196 ex
1215 4142 1311 4204 officio,
1326 4150 1353 4195 et
1367 4149 1495 4212 tanquam
1507 4143 1576 4209 jure,
1588 4143 1784 4212 expediantur,
1797 4159 1839 4214 pro

213 4219 308 4289 quovis
328 4221 411 4274 modo
423 4221 524 4284 afflicti,
538 4221 635 4276 iisdem
649 4222 832 4285 subveniendi,
847 4229 1006 4276 etnecessa·
1043 4220 1155 4275 arbitrio
1175 4227 1277 4287 tamen,
1299 4220 1447 4275 secundum
1467 4238 1610 4275 numerum
1632 4231 1660 4275 et
1684 4224 1839 4293 dignitatem

213 4298 397 4353 riumvictum
411 4300 600 4370 suppeditandi
614 4302 684 4355 ratio
697 4301 787 4355 initur.
830 4300 905 4354 Tunc
919 4301 943 4355 si
958 4302 1004 4372 qui
1043 4300 1319 4363 familiiavariantur.
1361 4300 1441 4354 Hanc
1450 4300 1574 4354 chartam
1584 4299 1707 4372 perlegit
1716 4302 1839 4356 haraldus

213 4393 305 4432 eorum
316 4378 389 4431 vitiis
402 4379 508 4444 addicti,
524 4389 570 4433 aut
590 4397 676 4452 genus
690 4381 839 4435 vitminera
852 4388 880 4433 et
893 4396 1006 4450 pravum
1043 4396 1108 4434 voce
1129 4379 1201 4442 altar
1229 4380 1346 4450 dumque
1370 4378 1477 4450 legitur,
1498 4380 1629 4434 Tirsenus
1652 4397 1685 4435 ee
1710 4381 1742 4434 in
1766 4381 1840 4452 pedes

213 4464 303 4526 agant,
317 4457 556 4527 reprehenduntur,
570 4468 598 4513 et
611 4475 753 4513 censuram
763 4460 886 4515 subeunt.
921 4459 1005 4520 Quin·
1044 4458 1131 4530 erigit,
1155 4475 1173 4513 s
1196 4459 1300 4513 duobus
1323 4458 1439 4513 liliorum
1464 4476 1581 4523 suorum,
1607 4477 1679 4530 quos
1704 4460 1839 4531 delegerit,

213 4536 296 4589 etiarn
310 4535 382 4590 circa
390 4537 506 4606 nuptias,
516 4545 544 4591 et
557 4539 620 4593 vitm
628 4539 809 4593 conditionem
820 4537 901 4592 elicui
912 4555 1005 4593 eorum
1044 4544 1225 4607 supportatus.
1265 4537 1567 4607 Tumharaldussuper
1579 4539 1698 4608 gradum
1714 4539 1839 4600 escendit,

212 4615 333 4670 maxime
352 4616 563 4682 convenientem,
586 4616 728 4671 consilium
753 4626 815 4671 tnnc
834 4618 957 4686 capiturr
979 4626 1007 4672 et
1044 4625 1072 4671 et
1084 4617 1199 4670 Tirsano
1211 4617 1333 4671 chartam
1353 4617 1382 4670 in
1402 4634 1499 4670 manus
1519 4616 1616 4671 tradit:
1638 4635 1697 4688 quo
1716 4620 1794 4682 laem
1806 4617 1838 4670 ab

214 4694 270 4747 alia
283 4694 549 4760 similiatractantnr,
562 4702 589 4751 et
601 4697 787 4752 decernuntur.
827 4696 1006 4768 Magistratus
1044 4695 1176 4759 omnibus,
1197 4697 1244 4767 qui
1265 4695 1371 4760 absunt,
1391 4695 1550 4750 acclamatio
1570 4713 1674 4766 magna
1695 4699 1729 4752 fit
1750 4699 1839 4768 lingna

213 4773 276 4828 ideo
295 4774 404 4839 assidet,
420 4781 450 4829 ut
466 4775 574 4829 decreta
587 4783 616 4830 et
628 4776 757 4830 mandata
770 4776 885 4839 Tirsani,
900 4776 923 4829 si
944 4777 1005 4847 quis
1044 4791 1099 4838 sua
1115 4792 1175 4844 quae
1187 4774 1240 4829 hoc
1253 4775 1397 4846 significat,
1419 4775 1556 4829 “Felices
1575 4785 1639 4830 sunt
1657 4777 1756 4848 populi
1773 4777 1837 4830 Rea·

213 4851 282 4907 forte
296 4870 332 4908 ex
346 4853 519 4908 familianon
533 4861 635 4925 pareat,
652 4856 812 4911 auctoritate
825 4871 875 4909 sua
894 4857 1004 4920 muniat,
1044 4852 1156 4908 salem.’'
1197 4854 1303 4909 Deinde
1324 4852 1452 4908 haraldus
1472 4855 1508 4907 ab
1530 4855 1740 4910 adolescentulo
1759 4855 1838 4909 altero

213 4940 242 4985 et
263 4934 416 4988 executioni
438 4933 598 4988 demandet:
618 4932 684 4988 licet
707 4934 759 4989 boc
780 4951 841 4988 raro
861 4934 1004 4989 admodum
1043 4933 1150 4987 botrum
1164 4950 1277 4987 uvarum
1290 4934 1395 5002 recipit,
1411 4933 1457 5004 qui
1473 4937 1516 5002 (ut
1528 4933 1662 5002 diximus)
1678 4951 1780 4990 aurem
1792 4943 1836 4998 est,

213 5013 373 5083 requiratur,
389 5021 499 5075 tanmm,
513 5013 649 5075 nimiruum,
664 5013 751 5067 ordini
765 5022 866 5068 naturae
882 5013 1005 5067 obedien·
1043 5020 1100 5066 tam
1112 5012 1198 5076 caule,
1213 5028 1294 5084 quam
1307 5013 1367 5065 uris
1378 5012 1456 5082 ipsis,
1470 5013 1519 5066 aed
1535 5030 1595 5066 uvae
1608 5011 1753 5084 eleganter
1769 5013 1837 5067 eolo·

213 5090 281 5144 tiam
294 5099 431 5160 praestant.
472 5092 549 5145 Tunc
569 5092 651 5146 etiem
664 5091 794 5146 Tirsanue
808 5110 843 5147 ex
861 5091 926 5147 filiis
947 5092 1006 5148 suis
1044 5100 1153 5145 rantur:
1174 5099 1264 5163 atque,
1278 5091 1302 5144 si
1322 5090 1437 5145 masculi
1458 5109 1495 5145 ex
1510 5090 1617 5145 familia
1631 5109 1751 5148 numero
1762 5109 1836 5147 exce·

212 5185 296 5223 unum
311 5169 396 5240 eligit,
410 5171 532 5241 quicum
546 5171 617 5224 eoin
627 5171 707 5224 domo
717 5187 767 5224 sua
779 5180 910 5241 perpetuo
917 5171 1005 5236 rivam
1044 5170 1108 5224 dant
1121 5170 1326 5234 immineamus
1340 5186 1482 5240 purpureae
1496 5180 1566 5235 sunt,
1578 5187 1641 5225 cnm
1651 5171 1710 5225 sole
1720 5171 1835 5243 parreia

213 5249 260 5319 qui
275 5249 374 5304 exinde
386 5258 497 5303 vocatur
511 5248 583 5305 iilius
595 5250 666 5303 ritis.
689 5250 771 5303 Ratio
783 5251 899 5305 nominis
912 5258 1007 5320 postea
1043 5249 1143 5303 vertice
1157 5251 1262 5319 posito:
1283 5247 1326 5303 sin
1340 5249 1459 5304 toeminoe
1472 5267 1569 5313 mares,
1584 5266 1646 5304 urae
1655 5251 1758 5305 virides
1771 5259 1835 5314 anet,

212 5327 327 5395 patebit.
367 5327 420 5381 Die
435 5328 513 5391 t'esto,
528 5335 589 5397 post
600 5328 739 5398 liturgiam
756 5327 875 5382 divinam
889 5329 1006 5384 celebra·
1044 5345 1105 5382 cum
1119 5326 1184 5381 luna
1197 5336 1334 5383 crescente
1349 5329 1501 5383 invertice.
1542 5328 1613 5385 Uvae
1630 5337 1726 5385 antem
1745 5345 1833 5384 nume

213 5412 277 5467 tam,
299 5405 470 5475 progreditur
487 5406 618 5461 Tirsanus
636 5405 665 5459 in
685 5405 775 5460 aulam
794 5408 928 5477 quandam
948 5426 1007 5461 am·
1044 5424 1102 5461 rum
1117 5405 1263 5462 liberorum
1277 5406 1388 5462 familias
1402 5415 1555 5477 exaequant.
1599 5408 1655 5462 late
1669 5410 1752 5463 etiam
1767 5423 1834 5462 racc·

213 5480 297 5550 piem,
323 5483 369 5538 ubi
392 5482 515 5542 solennia
536 5484 599 5539 testi
621 5492 803 5554 peraguntur:
825 5503 886 5556 quta
907 5486 1008 5541 aulae
1045 5502 1105 5540 mus
1119 5502 1218 5541 aureus
1236 5486 1271 5540 ab
1288 5484 1402 5541 haraldo
1420 5487 1534 5542 traditur
1551 5485 1686 5554 'l'irsan05
1707 5490 1756 5561 qui
1774 5502 1833 5542 eno·
