3800 5875
64 288 132 347 urs.
147 291 185 346 ιι.
695 291 837 351 novun
856 293 1057 351 cacanum.
1075 282 1091 315 ⁹
1632 298 1690 360 457

65 449 165 519 possit)
194 452 244 505 aut
269 448 353 504 etiam
378 448 573 520 perfectionem
598 466 654 505 uon
680 452 862 510 attribuimus.
895 461 1014 525 possent.
1054 453 1105 509 Est
1118 454 1501 528 eniminterprctatr‘orerum
1519 465 1547 512 et
1564 459 1689 515 naturale

66 528 178 582 Etenim
191 529 223 582 in
235 546 270 584 ea
282 529 409 598 opinione
422 545 534 594 sumus3
554 531 579 584 si
595 530 698 598 justam
711 538 815 588 naturas
834 540 863 588 et
896 551 965 604 opus
977 533 1083 599 menda,
1102 533 1219 605 demptis
1237 534 1281 600 iis,
1302 553 1363 608 quae
1384 536 1510 592 obstant:
1531 537 1579 590 sed
1597 546 1691 593 tamen

65 608 246 677 experientis
273 608 415 662 historiam
440 616 541 678 praeno
565 610 698 664 haberent
728 610 861 677 homiues,
896 613 988 666 omnia
1001 620 1074 666 certe
1087 630 1137 683 per
1149 622 1240 667 nostra
1250 624 1385 685 praecepts
1394 624 1473 670 eruut
1486 617 1576 687 magis
1586 617 1615 670 iu
1628 634 1689 688 pro-

65 694 148 757 atqne
167 688 197 741 in
217 704 252 740 es
272 687 367 741 scdulo
385 696 573 753 versarentur3
601 689 709 760 sibique
730 690 798 745 duas
818 708 862 747 res
896 692 988 746 cinctu
1001 698 1029 744 et
1040 692 1126 746 multo
1138 692 1264 748 firmiora.

65 765 203 835 imperare
222 774 347 836 passsam
368 783 458 831 unam,
479 776 511 821 ut
530 775 652 838 receptas
673 769 814 838 opiniones
834 779 863 825 et
934 771 1035 841 Neque
1049 779 1138 826 tamen
1161 770 1217 825 illis
1234 772 1305 827 nihil
1322 773 1385 827 addi
1404 791 1485 844 posse
1504 775 1688 830 affirmamm:

64 845 190 900 notiones
210 846 394 916 deponerent;
415 847 536 911 alteram,
557 854 587 901 ut
605 855 724 903 mentem
744 865 761 902 a
781 866 861 920 gene·
896 850 944 903 sed
958 858 1059 914 contra,
1073 867 1131 916 nos,
1146 851 1193 922 qui
1206 859 1325 907 mentem
1337 854 1505 924 respicimus,
1519 861 1689 909 nonmntum

64 924 211 979 ulissimis
225 934 254 980 et
263 925 397 995 proximis
407 925 442 980 ab
455 925 679 997 illis,adtempus
689 927 860 993 cohiberent3
897 929 926 981 in
946 927 1074 983 facultate
1098 930 1216 1000 propris,
1238 932 1287 985 sed
1307 940 1439 1002 quatenus
1459 932 1602 1003 copulatur
1626 949 1689 988 curn

64 1003 123 1059 fore
136 1013 168 1059 ut
181 1005 266 1059 etiam
280 1006 308 1058 vi
322 1005 432 1075 propria
451 1013 479 1058 et
499 1005 618 1076 genuina
637 1007 744 1072 mentis,
759 1007 861 1078 absque
896 1007 992 1071 rebus;
1026 1016 1111 1062 artem
1133 1009 1288 1064 inveniendi
1310 1029 1373 1066 cum
1394 1012 1511 1068 inventis
1534 1012 1688 1068 adolescere

65 1082 121 1137 slis
133 1091 200 1151 arte,
210 1083 243 1139 in
256 1084 372 1139 formam
385 1091 506 1139 uostrm
526 1085 723 1157 interpretandi
742 1087 862 1142 incidere
896 1103 985 1157 posse,
999 1092 1115 1143 statuere
1128 1088 1266 1145 debemus.

678 1652 817 1717 LIBER
838 1652 1079 1719 SECUNDUS

499 1728 514 1755 t

474 1968 478 1973 ὃ
536 1857 1230 1956 insomniorum,

844 2083 894 2129 ID!

234 2229 665 2297 INTERPRETATIONE
688 2231 895 2314 NATURAE,
918 2234 1021 2301 SIVE
1045 2237 1108 2303 DE
1130 2237 1289 2304 REGNO
1313 2237 1522 2305 HOMINIS.

891 2494 960 2549 gem,
974 2477 1085 2550 ejusque
1096 2482 1291 2553 paragraphus,
1304 2482 1451 2537 formarum
1462 2482 1572 2536 nomine
1586 2480 1684 2538 intelli·

894 2556 996 2626 gimus3
1017 2562 1166 2628 prasertim
1182 2578 1243 2615 cum
1257 2561 1309 2616 hoc
1323 2562 1482 2616 vocabulum
1495 2561 1646 2627 invaluerit,
1657 2570 1684 2617 et

103 2639 201 2694 Suras
215 2638 310 2693 datum
324 2655 420 2710 corpus
440 2655 538 2693 noram
557 2645 690 2703 naturam,
704 2639 761 2693 sive
775 2656 859 2695 novas
893 2635 1062 2692 familiariter
1075 2647 1203 2693 occumat.

65 2727 176 2773 naturas
190 2735 324 2789 generare
339 2726 367 2773 et
386 2718 603 2789 superinducere,
618 2733 686 2787 opus
698 2725 726 2771 et
745 2719 860 2774 intentio
928 2712 934 2729 ’

66 2807 106 2850 est
116 2798 244 2852 humanas
255 2799 392 2868 potentia.
433 2797 512 2851 Data
522 2804 611 2851 sutem
619 2804 723 2851 naturae
736 2797 858 2865 formam,

65 2876 123 2930 rire
143 2878 325 2932 differentiam
347 2894 446 2942 reram,
467 2876 524 2930 sive
544 2885 668 2930 naturam
680 2884 858 2943 maturantem,
932 2873 985 2933 Qui
1002 2891 1111 2929 causam
1128 2875 1242 2944 alicujus
1255 2884 1358 2930 natura
1372 2875 1468 2948 (veluti
1482 2876 1615 2932 albedinis
1636 2885 1684 2933 aut

66 2958 123 3012 sire
138 2958 241 3012 iontem
255 2957 437 3012 emanationis
451 2956 518 3029 (ists
531 2956 606 3010 enim
625 2956 757 3011 vocabula
777 2956 859 3011 babe-
893 2952 1006 3025 caloris)
1020 2956 1048 3008 in
1059 2957 1139 3010 certis
1153 2965 1255 3010 tantum
1270 2957 1396 3025 subjectis
1410 2957 1500 3021 novit;
1523 2957 1581 3024 ejas
1595 2958 1684 3012 scien·

66 3052 133 3099 mus,
155 3055 217 3108 quae
238 3037 273 3091 sd
293 3037 486 3091 indicationem
508 3036 547 3090 rei
568 3035 692 3106 proxime
714 3035 858 3106 accedunt)
894 3033 932 3086 tia
953 3033 1111 3102 imperfecta
1128 3044 1178 3090 est.
1219 3036 1255 3089 Et
1279 3037 1325 3106 qui
1346 3036 1471 3090 effectum
1493 3053 1574 3105 super
1594 3045 1683 3091 certas

66 3116 197 3182 invenire,
212 3133 282 3187 opus
292 3125 320 3170 et
332 3115 448 3170 intentio
461 3123 504 3169 eat
517 3116 643 3169 humana
653 3114 781 3169 scientim.
810 3115 859 3169 At·
893 3119 996 3167 tantum
1010 3114 1136 3169 materias
1151 3115 1233 3182 (inter
1253 3131 1306 3178 eas,
1322 3133 1382 3186 quae
1402 3123 1463 3169 sunt
1482 3115 1682 3185 susceptibiles)

68 3212 119 3265 que
131 3195 177 3250 bis
191 3196 320 3266 operibus
333 3195 468 3265 primariis
482 3194 688 3248 subordinantur
702 3193 757 3247 alia
777 3210 859 3263 opera
892 3192 1019 3246 inducere
1032 3201 1137 3262 potest;
1153 3195 1212 3261 ejus
1224 3194 1345 3263 potentia
1352 3195 1452 3264 pariter
1462 3195 1620 3264 imperfecta
1633 3202 1682 3250 est.

67 3275 118 3328 duo
131 3275 294 3329 secundaria
313 3283 341 3329 et
359 3273 494 3328 inferioris
515 3281 604 3337 notae3
624 3273 716 3342 priori,
731 3273 859 3327 transfor·
892 3271 931 3324 At
953 3271 1000 3342 qui
1021 3272 1181 3327 efficientem
1202 3281 1229 3326 et
1249 3273 1418 3328 materialem
1438 3291 1546 3328 causam
1566 3281 1683 3328 tantum·

67 3354 149 3407 matio
161 3370 307 3424 corporum
320 3361 504 3409 concretorum
517 3353 551 3407 de
571 3352 626 3406 alio
646 3353 675 3406 in
695 3351 775 3417 aliud,
788 3354 859 3407 intra
892 3350 973 3404 modo
991 3351 1066 3404 norit
1088 3353 1162 3423 (quse
1183 3369 1272 3407 causae
1292 3353 1374 3418 fiuxae
1395 3360 1465 3417 sunt,
1480 3361 1506 3407 et
1519 3353 1588 3408 nibil
1601 3353 1682 3418 aliud,

67 3434 196 3487 terminos
213 3432 378 3505 possibilem
411 3432 561 3504 posteriori,
582 3432 709 3496 inventio,
733 3431 762 3485 in
785 3433 858 3486 omni
893 3447 975 3501 quam
988 3430 1113 3484 vehicula
1127 3440 1154 3484 et
1171 3448 1259 3485 csusae
1280 3432 1394 3486 formam
1413 3432 1564 3487 deferentes
1582 3433 1611 3486 in
1632 3432 1683 3487 ali-

67 3514 242 3580 generatione
252 3522 280 3567 et
293 3521 376 3576 motu,
386 3512 495 3566 &teritis
505 3529 646 3582 processus
663 3511 809 3566 continuati
823 3512 858 3565 ab
893 3503 1005 3583 quibus)
1019 3510 1043 3564 is
1062 3511 1097 3563 sd
1110 3527 1181 3564 nora
1201 3511 1318 3576 inventa,
1332 3511 1362 3565 in
1381 3511 1493 3565 materia
1513 3511 1684 3583 aliquatenus

68 3593 200 3646 efficiente
225 3593 378 3657 manifesto,
405 3601 434 3647 et
459 3590 573 3644 materia
593 3590 745 3656 manifesta,
772 3608 858 3661 usque
892 3589 975 3643 simili
996 3597 1024 3642 et
1045 3598 1204 3659 preparata,
1227 3590 1368 3659 pervenire
1388 3599 1493 3662 potest3
1522 3592 1569 3645 sed
1593 3608 1684 3645 rerum

70 3671 103 3723 ad
125 3672 243 3726 formam
262 3672 391 3734 inditam
420 3680 447 3725 et
468 3670 589 3724 inventio
607 3669 731 3724 similiter
749 3670 858 3725 lateatis
892 3669 1022 3722 terminos
1036 3666 1117 3723 altius
1130 3669 1200 3723 fixos
1213 3687 1268 3723 non
1282 3677 1380 3724 moret.
1420 3670 1456 3723 At
1469 3671 1514 3741 qui
1529 3670 1628 3725 formas
1638 3687 1685 3725 no·

68 3751 246 3806 scientiam·
257 3767 401 3822 corporum
411 3749 610 3821 quiescentium
624 3754 653 3803 et
666 3765 721 3803 uon
734 3748 763 3803 in
773 3755 857 3803 motu.
891 3748 937 3812 vit,
948 3748 973 3801 is
986 3756 1089 3802 naturae
1102 3748 1231 3802 unitatem
1246 3749 1275 3802 in
1289 3749 1409 3802 materiis
1416 3750 1604 3805 dissimillimis
1613 3767 1684 3804 com-

891 3827 1034 3896 plectitur;
1056 3828 1148 3897 itaque
1162 3844 1222 3899 quoe
1241 3827 1329 3882 adbuc
1343 3828 1415 3881 facta
1435 3844 1488 3882 uon
1505 3838 1576 3894 sunt,
1590 3829 1684 3900 qualia

338 2544 550 2586 APHORISMUS
573 2545 595 2585 1.
657 2540 667 2567 '

1269 2781 1318 2820 III.

443 3891 479 3930 ¹¹·
891 3922 941 3960 nec
961 3913 1065 3961 naturae
1078 3906 1284 3972 vicissitudines,
1297 3923 1385 3978 neque
1405 3908 1630 3977 experimentales
1644 3909 1683 3962 iu·

104 3985 192 4047 Quam
205 3985 352 4040 infeliciter
365 4002 394 4039 se
408 3984 511 4039 habeat
530 3985 643 4039 scientia
656 3984 782 4049 humana,
797 4001 858 4055 quae
892 3985 1008 4049 dustriae,
1029 4002 1116 4056 neque
1140 4003 1219 4040 casus
1238 3986 1306 4055 ipse,
1328 3986 1357 4040 in
1380 3993 1468 4044 sctum
1486 4004 1606 4057 uuquam
1624 4005 1684 4059 per-

68 4065 159 4120 inusu
172 4074 222 4130 cst,
236 4066 318 4120 etiam
333 4064 435 4119 axillis
448 4064 542 4135 liquet,
557 4082 617 4135 quas
634 4063 716 4135 strigo
735 4080 859 4117 asserun·
892 4066 1040 4129 duxissent,
1064 4081 1151 4135 neque
1176 4065 1368 4136 cogitationem
1390 4065 1537 4119 humanam
1562 4067 1684 4123 subitura
1756 4120 1758 4123 .

70 4153 118 4201 tur.
158 4145 245 4199 Recte
263 4145 386 4214 positure
408 4149 425 4174 ‘⁴
439 4144 510 4198 Vere
524 4144 601 4207 scire,
615 4160 674 4198 esse
693 4159 743 4212 per
763 4158 858 4195 causas
892 4144 1020 4208 fuissent3
1042 4143 1167 4214 detegere
1188 4152 1215 4198 et
1232 4143 1379 4214 producere
1400 4153 1495 4214 potest.
1537 4145 1625 4205 Quare
1646 4164 1683 4202 ex

70 4224 160 4279 scire.’'
203 4224 295 4278 Etiam
310 4240 365 4277 non
378 4222 449 4278 male
463 4223 662 4278 constituuntur
683 4238 771 4276 causa
794 4238 858 4292 qua·
892 4222 1037 4276 formarum
1052 4222 1205 4278 inventione
1225 4224 1347 4294 sequitur
1364 4223 1555 4296 contemplatio
1574 4242 1638 4281 rere
1655 4233 1688 4295 et

70 4311 140 4368 tu0r3
160 4305 284 4367 materia,
299 4303 392 4367 forma,
406 4302 533 4366 efficiens,
549 4309 576 4354 et
597 4302 665 4355 finis.
707 4300 745 4354 At
764 4317 800 4354 ex
814 4299 858 4354 his
892 4303 1014 4372 operatio
1027 4301 1121 4356 libera

70 4399 147 4437 mura
160 4382 251 4437 finalis
265 4391 371 4436 tautum
384 4382 461 4436 abest
473 4389 503 4436 ut
515 4380 609 4451 prosit,
623 4388 654 4434 ut
674 4381 757 4434 etiam
770 4380 858 4433 scien·

70 4463 119 4517 tias
131 4470 296 4531 corrumpat,
310 4459 364 4516 nisi
379 4462 407 4515 in
418 4460 538 4514 hominis
551 4459 711 4514 actionibus.
752 4459 858 4513 Formae

70 4541 186 4596 inventio
198 4542 315 4596 babetur
332 4557 383 4611 pro
401 4539 552 4609 desperata.
593 4538 721 4592 Efficiens
739 4555 811 4600 vero,
831 4546 858 4591 et
930 4534 1010 4589 Licet
1021 4534 1073 4590 rire
1087 4536 1121 4589 ad
1134 4535 1290 4606 potentiam,
1301 4542 1382 4608 atque
1393 4536 1427 4590 ad
1438 4535 1580 4591 scientiam
1589 4536 1684 4591 huma·

69 4623 180 4675 materia
199 4621 308 4693 (quales
325 4626 480 4691 quaeruntur
502 4624 530 4672 et
549 4617 724 4687 recipiuntur,
747 4624 858 4671 remotis
892 4631 963 4679 nam,
988 4616 1214 4682 conjunctissima
1237 4616 1293 4669 sint
1316 4623 1344 4669 et
1368 4616 1424 4670 fere
1444 4616 1560 4681 eaedem3
1591 4623 1683 4671 tamen

70 4700 176 4764 scilicet,
190 4700 293 4771 abqu
305 4700 401 4752 ἱαιοιιιί
411 4715 539 4769 processu
553 4696 588 4750 ad
601 4696 729 4766 formam)
742 4713 786 4750 res
799 4712 858 4766 per·
892 4703 1002 4765 propter
1020 4694 1199 4763 perniciosam
1217 4702 1246 4748 et
1265 4695 1442 4749 inveteratam
1462 4695 1682 4750 consuetudinem

70 4779 206 4835 imsctorias
223 4786 330 4833 suntet
348 4777 539 4848 superficiales,
554 4783 583 4829 et
593 4774 674 4829 nihili
687 4776 743 4830 fere
757 4776 791 4828 ad
805 4774 858 4828 sci·
892 4774 1016 4828 versandi
1038 4773 1067 4827 in
1088 4773 1238 4838 abstractis,
1258 4774 1344 4829 tutius
1363 4775 1473 4829 omuino
1491 4783 1532 4829 eat
1552 4774 1634 4828 ordiri
1654 4781 1683 4827 et

70 4860 167 4913 entiam
195 4876 289 4913 reram
313 4866 342 4912 et
366 4858 488 4912 activam
542 4856 651 4926 Neque·
666 4862 756 4925 tamen
778 4853 858 4908 obliti
890 4843 1011 4907 excitare
1025 4852 1154 4908 scientias
1168 4852 1203 4907 ab
1216 4852 1251 4907 iis
1264 4852 1453 4917 fundamentis,
1468 4871 1528 4924 quae
1541 4853 1570 4906 in
1589 4853 1682 4906 ordino

71 4954 167 5002 murus,
183 4955 232 4993 nos
251 4938 376 5007 superius
393 4942 500 4991 notame
522 4943 550 4989 et
569 4934 720 4988 correxisse
740 4950 858 4987 errorem
892 4940 955 4985 sunt
968 4932 1003 4985 ad
1016 4940 1121 5002 partem
1139 4933 1262 4996 aeduam,
1277 4941 1359 5005 atqua
1379 4941 1417 4987 ut·
1428 4932 1479 4987 illa
1500 4934 1560 5002 ipsa
1578 4938 1683 5000 partem

71 5012 857 5083 menbsbumanae,indeferendoformasprimasessentioe.
892 5011 1128 5080 contemplativam
1147 5012 1238 5082 signet
1260 5021 1288 5065 et
1309 5012 1478 5067 determinet.
1529 5009 1682 5065 Videndum

72 5094 145 5151 Licet
154 5099 229 5151 enim
239 5098 268 5151 in
276 5103 373 5149 namra
381 5094 452 5149 nibil
461 5111 522 5148 vere
531 5093 631 5148 existat
640 5100 738 5164 prester
744 5107 859 5162 corpora
892 5090 984 5161 itaque
999 5096 1039 5143 est
1058 5091 1093 5143 ad
1104 5090 1233 5161 'aliquam
1247 5098 1370 5145 naturam
1384 5108 1465 5161 super
1479 5106 1575 5159 corpus
1589 5089 1682 5145 datum

72 5175 214 5240 indiuidua,
225 5172 674 5244 edentiaactuspurosindiriduos
687 5169 807 5241 exlegee
829 5170 858 5223 in
892 5169 1075 5240 generandam
1097 5177 1125 5223 et
1144 5170 1412 5239 superinducendam,
1434 5168 1513 5239 quale
1535 5168 1596 5238 quia
1615 5185 1683 5238 prae-

72 5253 196 5310 doctrinis
209 5263 308 5318 tamen,
323 5254 373 5307 illa
388 5254 449 5323 ipsa
468 5252 523 5316 lex,
538 5252 650 5322 ejusque
669 5250 818 5321 inquisitio,
832 5257 859 5303 et
892 5256 1008 5318 ceptum,
1016 5254 1063 5302 aut
1072 5248 1180 5320 qualem
1188 5249 1249 5320 quis
1256 5248 1429 5303 directionem
1438 5256 1484 5301 aut
1494 5246 1683 5303 deductionem

73 5333 195 5397 inventio,
208 5343 289 5406 atque
307 5332 462 5404 explicatio,
477 5349 527 5402 pro
548 5331 725 5385 fundamento
741 5337 783 5384 est
803 5336 858 5383 tam
892 5328 1012 5382 maxime
1026 5333 1145 5399 optarem
1166 5328 1247 5399 idque
1262 5344 1385 5384 sermone
1399 5325 1517 5397 simplici
1529 5332 1557 5380 et
1570 5327 1682 5382 minime

73 5413 106 5468 sd
118 5414 254 5469 sciendum
268 5430 351 5486 quam
364 5413 399 5466 ad
412 5411 587 5483 operandum.
626 5410 696 5465 Eam
713 5416 805 5464 autem
824 5410 858 5462 le·
892 5406 1024 5463 abstruso.

1267 4442 1311 4482 lv.
