3800 5875
724 325 830 384 NOVA
850 325 1050 384 annuns.
1642 331 1700 394 73³

66 486 131 541 dem
145 485 239 541 statim
252 485 366 553 lilioilli,
376 502 459 558 quem
470 490 551 542 antea
563 486 684 558 elegerat
692 494 723 540 nt
736 503 829 542 secum
840 488 868 541 in
905 486 992 541 satori
1012 490 1105 539 nostro
1126 484 1257 539 attributa
1279 486 1398 556 plurima
1426 487 1552 544 sublimia
1579 491 1700 557 reddunt,

66 565 151 620 domo
163 573 295 632 maneret,
310 567 407 621 tradit:
429 566 454 620 is
468 573 561 621 autem
577 574 709 637 perpetuo
728 584 791 620 eum
804 575 867 621 ante
904 567 1043 619 nunonem
1070 571 1161 619 autem
1193 563 1339 620 Bensalem
1371 575 1464 621 amant
1489 569 1700 639 impensissime.

65 653 175 716 patrem
190 654 286 715 gestat,
302 647 408 716 quoties
421 646 449 699 in
463 643 604 716 publicum
618 645 796 716 progreditur,
811 653 867 699 tan·
906 644 977 699 Sane
991 643 1106 708 viriste,
1120 643 1153 697 de
1168 660 1222 715 quo
1240 642 1342 715 loquor,
1362 646 1483 700 confiteri
1503 664 1610 717 semper
1629 649 1700 704 sole·

67 741 152 796 quam
166 725 275 795 insigne
287 725 414 779 honoris:
435 735 517 796 atque
526 725 589 779 ihde
600 741 698 777 nornen
710 721 756 797 (ut
766 724 865 779 dictum
905 723 958 788 bat,
971 723 1111 777 Christum
1124 730 1218 776 natum
1231 722 1313 777 fuisse
1324 741 1361 777 ex
1370 725 1486 796 virgine,
1497 736 1578 797 atque
1588 727 1699 782 homine

66 799 125 876 est)
141 803 191 857 filii
206 805 270 858 vitis
283 805 391 874 accipit.
433 803 547 858 Peracta
559 803 612 858 hac
627 803 796 866 solennitate,
808 804 866 857 Tir·
903 819 979 856 mero
992 802 1124 870 majorem
1138 802 1278 855 extitisse:
1299 811 1355 856 tum
1373 821 1484 860 narrare
1499 805 1612 870 solebat,
1628 808 1700 877 qnod

67 899 151 936 sanus
165 899 195 938 se
210 884 314 953 recipit,
329 892 409 954 etque
424 890 486 952 post
501 899 604 936 moram
613 881 733 953 aliquam
744 882 865 951 interjec·
904 880 979 936 Deus
993 897 1055 934 eum
1069 880 1222 950 Seraphim,
1232 881 1278 951 qui
1290 880 1416 937 thronum
1426 900 1504 938 suum
1514 884 1623 955 stipant,
1632 903 1699 956 pra:-

67 970 124 1015 tarn
146 978 239 1017 rursus
261 962 296 1015 ad
319 962 462 1032 prandium
483 962 627 1032 egreditur,
649 962 697 1015 ubi
717 961 793 1015 sedet
816 963 866 1015 sub
903 958 983 1014 fecit:
1004 961 1117 1014 vocabat
1131 977 1193 1014 eum
1212 963 1296 1014 etiam
1314 962 1473 1033 quandoque
1488 964 1558 1018 viam
1572 964 1697 1031 lacteam,

66 1056 190 1110 conopeo
204 1041 285 1105 solus,
298 1057 387 1111 neque
404 1040 498 1095 cuivis·
511 1057 547 1095 ex
565 1039 668 1104 liberis,
682 1042 865 1111 cujuscunque
904 1039 1063 1110 quandoque
1077 1039 1168 1093 Eliam
1187 1038 1309 1105 Messias,
1324 1049 1352 1093 et
1370 1041 1433 1096 aliis
1450 1041 1633 1112 compluribus
1652 1060 1699 1097 no-
1730 1039 1739 1062 ⁸

66 1120 169 1191 gradus
190 1127 237 1173 aut
256 1120 404 1191 dignitatis,
425 1136 479 1174 urta
498 1121 592 1174 sedere
614 1119 783 1174 conceditur:
810 1121 865 1174 nisi
902 1117 1023 1172 minibus
1037 1118 1142 1188 magnis
1156 1135 1218 1173 eum
1232 1118 1405 1188 insigniebat.
1447 1121 1698 1187 Quaeomnialicet

67 1199 136 1252 forte
152 1199 237 1253 fuerit
250 1216 286 1253 ex
299 1199 379 1254 domo
397 1198 558 1254 Salomonis.
602 1198 747 1253 Servitium
762 1215 864 1253 mensae
902 1196 995 1251 divina
1010 1196 1111 1252 Christi
1124 1199 1265 1265 majestate
1279 1196 1360 1269 longe
1377 1199 1507 1254 inferiora
1521 1202 1581 1265 sint,
1595 1219 1612 1255 a
1626 1202 1698 1270 stylo

66 1285 200 1348 praestant
214 1278 326 1333 masculi
342 1296 377 1332 ex
391 1277 622 1349 familia,qnihoc
637 1277 864 1347 faciunt,quoties
902 1283 993 1330 tamen
1007 1275 1163 1330 Judaeorum
1177 1284 1336 1331 caeterorum
1350 1278 1462 1333 multum
1470 1280 1608 1335 differunt.
1644 1282 1698 1338 Re·

66 1357 93 1410 ei
117 1357 224 1428 aliquid
245 1357 457 1421 subministrant,
479 1359 509 1412 in
530 1374 621 1428 genua
643 1357 863 1426 procumbentes:
902 1353 1396 1424 gionisantemBensalemlsudaudae
1411 1358 1483 1413 idern
1496 1358 1601 1413 nullum
1615 1359 1697 1415 facie·

66 1436 188 1491 foeminee
202 1443 291 1490 autern
313 1445 416 1491 tannim
435 1437 516 1505 juxta
530 1437 662 1506 parietem
679 1437 862 1491 circumstant.
902 1433 949 1488 bat
972 1434 1068 1489 finem:
1098 1434 1162 1504 quin
1183 1441 1210 1490 et
1223 1435 1295 1488 credi
1309 1435 1401 1501 soluit,
1416 1453 1452 1492 ex
1471 1438 1613 1492 traditione
1628 1457 1694 1510 quo·

66 1514 135 1568 Pars
163 1514 242 1580 sulm
263 1533 324 1587 quae
350 1516 422 1569 infra
442 1517 555 1586 gradum
577 1523 625 1579 est,
648 1531 758 1570 mensas
782 1514 865 1568 habet
902 1514 1014 1567 rundam
1029 1513 1185 1568 Judaeorum
1201 1513 1258 1567 illic
1273 1513 1437 1586 degentium,
1451 1517 1580 1587 populum
1595 1517 1697 1573 Bensa-

65 1585 194 1664 utrinque
208 1595 273 1648 sitas
287 1612 337 1664 pro
350 1595 479 1660 convivis,
491 1596 588 1667 quibus
602 1595 698 1649 decore
712 1594 863 1659 admodum,
902 1591 957 1647 lem
976 1608 1012 1646 ex
1035 1593 1118 1661 stirpe
1130 1592 1299 1659 innabant,
1320 1611 1370 1664 per
1392 1593 1475 1649 alium
1498 1596 1591 1662 filium,
1614 1615 1696 1668 quem

64 1681 94 1728 et
109 1674 204 1727 ordine
219 1674 297 1738 bono,
312 1674 496 1728 ministratur:
517 1674 567 1729 sub
581 1675 663 1727 linem
676 1681 767 1727 autem
780 1690 863 1743 pran·
902 1671 929 1725 N
931 1670 1059 1725 achoram
1072 1680 1158 1737 vocat,
1174 1672 1272 1727 fuisse:
1294 1674 1360 1743 quin
1374 1682 1401 1726 et
1414 1673 1530 1739 Morem,
1545 1692 1594 1745 per
1607 1693 1696 1731 secre-

64 1753 104 1806 dii
119 1749 211 1826 (quod
223 1754 297 1823 apud
310 1753 373 1807 illos
385 1754 415 1807 in
429 1754 556 1808 maximis
573 1753 629 1807 suis
650 1752 863 1818 solennitatibus,
901 1758 957 1804 tam
971 1751 1105 1821 quandam
1120 1752 1251 1818 cabalam,
1261 1750 1336 1823 leges
1345 1752 1415 1818 illas,
1427 1753 1523 1824 quibus
1534 1754 1651 1825 populus
1661 1757 1695 1810 de

63 1848 121 1885 non
136 1831 207 1886 ultra
220 1832 423 1904 sesqui-horam
436 1828 531 1906 durat)
542 1840 664 1887 cantatur
677 1832 803 1902 hymnus,
811 1849 864 1902 pro
901 1828 1046 1884 Bensalem
1057 1829 1139 1883 hodie
1148 1831 1239 1895 utitur,
1250 1830 1418 1886 condidisse:
1439 1839 1520 1904 atque
1535 1835 1564 1887 in
1578 1835 1696 1890 adventu

63 1911 180 1982 ingenio
197 1912 383 1981 componentis
399 1913 525 1976 variatus,
541 1909 659 1985 (habent
677 1913 749 1966 eninr
769 1910 864 1981 poetas
901 1907 1020 1973 Messias,
1031 1926 1093 1963 cum
1107 1926 1280 1964 consessurus
1294 1911 1331 1964 sit
1345 1910 1542 1982 Hierosolymis
1552 1913 1581 1966 in
1596 1913 1696 1969 throno

63 1986 212 2062 optimos)
228 1991 380 2059 subjectum
394 2007 460 2046 vero
473 1993 533 2060 ejus
551 1999 683 2062 perpetuo
695 2000 756 2045 sunt
769 1990 863 2044 laudes
901 2004 957 2052 suo,
971 2004 1065 2059 regern
1078 1987 1223 2043 Bensalem
1233 1989 1267 2042 ad
1281 1990 1364 2059 pedes
1374 1991 1432 2058 ejus
1446 2006 1596 2055 sessurum:
1617 2002 1695 2047 crete-

62 2070 174 2134 Adarni,
196 2070 313 2133 Noachi‚
334 2078 362 2124 et
381 2069 550 2125 abrahami:
573 2087 687 2142 qnorum
710 2070 790 2139 primi
810 2069 864 2123 duo
901 2067 939 2121 ris
964 2069 1073 2138 regibus
1092 2066 1126 2121 ad
1142 2067 1297 2122 distantiam
1316 2068 1427 2139 longam
1445 2071 1551 2125 amotis.
1593 2071 1696 2127 Verun-

63 2149 187 2202 universi
201 2150 309 2219 generis
319 2148 431 2205 humani
442 2157 569 2220 parentes
579 2150 747 2212 exstiterunt,
760 2149 862 2212 tertius,
901 2152 998 2210 tamen,
1013 2147 1120 2201 somnia
1140 2147 1194 2201 ista
1213 2146 1231 2200 J
1233 2148 1328 2202 udaica
1343 2148 1367 2202 si
1381 2165 1504 2220 seponas,
1519 2150 1560 2204 rir
1575 2150 1627 2205 fuit
1647 2151 1695 2205 ad-

62 2236 146 2299 pater
173 2228 303 2283 fidelium.
346 2228 521 2284 concluditur
548 2238 639 2283 tamen
665 2245 773 2298 semper
801 2245 863 2282 cum
900 2226 1011 2280 modum
1025 2227 1151 2298 prudens,
1165 2236 1193 2280 et
1205 2226 1308 2293 doctus,
1316 2235 1344 2281 et
1352 2227 1458 2282 consilii
1471 2227 1616 2298 profundi,
1638 2231 1695 2302 qui·

62 2308 217 2377 gratiarum
243 2309 348 2363 actione
375 2315 486 2380 propter
512 2308 681 2362 nativitatem
711 2307 863 2361 Servatoris
901 2322 953 2376 qne
968 2305 1060 2376 legum
1073 2313 1101 2359 et
1115 2307 1338 2361 consuetudinum
1355 2307 1445 2378 gentis
1459 2306 1532 2362 illius
1548 2308 1694 2365 Bensalem

62 2386 165 2440 nostri:
187 2387 216 2440 in
232 2404 285 2459 qno
299 2388 431 2443 universa
445 2395 524 2443 terra
537 2387 726 2459 generationes
739 2386 862 2442 benedic·
901 2401 1032 2455 perquam
1055 2401 1155 2455 gnarus
1175 2385 1272 2440 extitit.
1315 2387 1389 2440 luter
1408 2403 1545 2442 sermones
1559 2386 1634 2451 alios,
1649 2389 1694 2444 die

62 2465 169 2519 tionem
184 2474 391 2536 consequuntur.
432 2468 525 2523 Finito
537 2466 660 2538 prandio,
671 2466 801 2520 Tirsanus
815 2466 863 2521 ite·
901 2465 1025 2533 quodam,
1036 2463 1103 2518 forte
1112 2464 1243 2530 dixeram,
1255 2482 1298 2519 me
1309 2465 1439 2520 relatione
1449 2465 1505 2531 illa,
1515 2484 1622 2537 quame
1637 2469 1694 2539 qui-

59 2560 127 2599 rum
150 2561 180 2597 se
205 2546 322 2615 recepit:
345 2553 427 2618 atque
448 2546 521 2602 solus
544 2546 700 2601 subducitur
721 2546 751 2599 in
773 2544 862 2599 locum
900 2540 1014 2598 busdam
1034 2545 1181 2598 exnostris
1201 2561 1369 2615 acceperam,
1382 2545 1455 2598 circa
1471 2547 1694 2602 consuetudinem

62 2623 233 2690 interiorem,
247 2625 293 2679 ubi
309 2641 403 2694 preces
416 2634 532 2680 secretas
549 2625 655 2680 fundit:
677 2625 740 2679 dein
753 2640 862 2695 pregre·
900 2620 1010 2676 illorum
1033 2623 1062 2676 in
1084 2622 1245 2677 celebrando
1269 2624 1346 2688 festo,
1359 2624 1432 2695 quod
1455 2635 1559 2689 vocant,
1574 2626 1693 2692 familia,

62 2701 140 2757 ditur
154 2705 242 2768 tertio,
253 2712 283 2758 ut
295 2704 509 2760 benedictionem
521 2721 596 2759 suam
610 2704 749 2775 impertiat
757 2704 862 2759 unirer-
900 2717 1065 2771 magnopere
1088 2701 1246 2757 delectatum
1270 2720 1347 2768 esse:
1378 2720 1467 2775 neque
1491 2705 1564 2758 enim
1583 2704 1695 2761 videbar

63 2781 105 2835 sis
117 2781 213 2836 liberis
229 2783 292 2848 suis,
305 2784 351 2854 qui
366 2802 428 2838 eum
442 2785 623 2848 circumstant,
634 2793 665 2838 ut
678 2785 761 2855 prius.
791 2782 863 2839 ‘rum
900 2780 969 2834 mihi
990 2798 1109 2852 unquam
1126 2781 1160 2835 de
1183 2783 1353 2837 solemnitate
1373 2782 1466 2854 aliqua
1478 2783 1649 2848 inaudivisse,
1664 2785 1695 2839 in

62 2877 114 2914 eos
127 2862 288 2916 nominatim
302 2863 336 2917 ad
350 2880 379 2919 se
394 2864 516 2934 singulos
529 2873 615 2928 vocat,
630 2872 710 2933 prout
729 2864 755 2917 ei
768 2861 861 2932 placu-
901 2876 955 2930 qua
976 2868 1073 2914 natura
1096 2869 1152 2914 tam
1175 2861 1318 2932 insigniter
1341 2863 1507 2932 presideret.
1559 2863 1694 2924 Quoniam

62 2941 125 3005 erit,
148 2941 215 2995 licet
236 2958 297 2996 raro
320 2944 408 2997 oetatis
429 2945 494 2998 ordo
516 2945 682 3000 immutetur.
734 2943 861 3008 Persona,
900 2957 965 2994 vero
984 2940 1148 2995 familiarum
1161 2943 1322 3012 propagatio
1334 2959 1371 2997 ex
1383 2942 1500 3014 nuptiali
1520 2943 1617 3014 copula
1631 2961 1694 3014 pro·

64 3038 129 3091 qua:
141 3030 253 3075 vocatur
264 3024 370 3091 (mensa
382 3024 458 3093 prius
469 3023 584 3090 semota)
595 3024 723 3077 continuo
733 3022 763 3076 in
773 3039 863 3093 genua
900 3020 978 3085 cedit,
992 3021 1135 3090 cupiebam
1145 3020 1248 3091 aliquid
1261 3039 1340 3076 exeo
1351 3023 1457 3087 rescire,
1470 3030 1525 3077 turn
1536 3024 1607 3075 circa
1617 3022 1694 3093 leges

63 3110 129 3153 ante
155 3101 314 3155 cathedram
341 3103 510 3172 procumbit:
545 3113 621 3172 pater
648 3110 739 3157 autem
766 3118 862 3157 marrus
900 3108 929 3152 et
941 3100 1140 3155 consuetudnes
1152 3100 1273 3170 ipsorum
1286 3102 1358 3155 circa
1375 3102 1500 3171 nuptiaa;
1531 3109 1587 3155 turn
1604 3109 1694 3156 utrum

62 3179 152 3248 capiti
166 3180 225 3248 ejus
239 3181 362 3250 imponit,
373 3190 454 3252 atque
466 3182 493 3235 ei
502 3182 638 3236 benedicit
650 3183 680 3236 in
693 3181 753 3237 haeo
763 3181 861 3236 verba:
900 3179 1075 3233 matrimonia
1092 3180 1253 3234 intemerata
1271 3188 1475 3244 conservarent;
1496 3189 1552 3235 tum
1576 3181 1694 3251 denique

64 3262 81 3288 “
95 3257 154 3313 Pili
176 3258 324 3314 Bensalem
350 3259 414 3333 (aut
436 3261 493 3314 filia
515 3257 676 3333 Bensalem)
700 3268 778 3331 pater
802 3269 863 3316 tuus
900 3266 990 3312 utrum
1012 3258 1171 3330 polygamia
1189 3259 1334 3314 interillos
1353 3260 1562 3314 interdiceretur.
1604 3259 1694 3320 Quan-

63 3336 152 3391 dicit:
173 3337 228 3403 ille,
249 3355 298 3408 per
316 3357 397 3410 quem
416 3357 510 3394 aurern
528 3340 639 3395 vitalem
658 3338 781 3404 hausisti,
801 3358 858 3395 rer·
900 3337 1045 3408 doquidem
1069 3340 1200 3403 nationes,
1226 3356 1287 3409 qum
1309 3339 1477 3393 subditorum
1504 3339 1694 3409 propagationi

62 3416 131 3469 bum
146 3414 282 3488 loquitur:
302 3418 510 3473 Benedictiones
527 3418 618 3474 Patris
639 3420 740 3484 aeterni,
754 3420 861 3474 Princi·
901 3424 1041 3489 tantopere
1062 3418 1206 3483 studerent,
1220 3417 1404 3490 polygamiam
1418 3419 1576 3489 plerumque
1596 3418 1694 3473 tolera·

62 3496 110 3566 pis
123 3497 210 3564 pacis,
224 3506 253 3550 et
266 3496 408 3553 Columba
426 3506 533 3562 sanctae,
549 3500 712 3554 descendant
731 3516 813 3570 super
827 3507 862 3564 te,
901 3505 969 3552 rent.
1010 3498 1053 3552 Ad
1077 3498 1135 3553 haec
1157 3497 1311 3568 respondit:
1342 3503 1425 3552 “uon
1440 3499 1498 3552 sine
1519 3515 1601 3551 causa
1622 3508 1693 3552 certe

63 3583 95 3627 et
109 3573 170 3628 dies
179 3578 403 3647 peregrinationis
417 3587 470 3632 tuse
484 3578 597 3632 reddant
607 3578 704 3633 multos
714 3587 741 3633 et
750 3579 861 3633 bonos.”
901 3577 1099 3632 institutionem
1112 3577 1188 3631 illam
1199 3577 1377 3632 excellentem
1392 3577 1453 3632 festi
1469 3577 1579 3631 familiae
1590 3576 1693 3632 landas.

65 3654 151 3707 Hauc
165 3655 380 3710 benedictionem
400 3656 560 3727 singillatim
579 3659 708 3728 impertit.
749 3658 862 3719 Quodsi
902 3655 972 3716 Quin
998 3664 1027 3710 et
1050 3656 1219 3727 experientia
1240 3657 1312 3727 apud
1337 3674 1387 3711 nos
1414 3656 1617 3726 comprobatum
1644 3666 1693 3720 est,

63 3732 156 3803 aliqui
171 3750 207 3787 ex
225 3733 318 3788 liberis
336 3736 463 3790 masculis
476 3737 575 3791 virtute
595 3746 622 3791 et
636 3737 741 3791 meritis
753 3737 863 3807 praecel.
901 3735 1020 3790 familias
1033 3736 1102 3800 illas,
1113 3755 1174 3807 quae
1190 3752 1225 3790 ex
1236 3737 1296 3790 festi
1306 3736 1380 3791 illius
1391 3737 1576 3790 benedictione
1587 3737 1695 3806 partici-

62 3812 175 3877 luerint,
200 3811 297 3888 (modo
320 3830 463 3870 numerum
487 3816 602 3871 duorum
627 3834 682 3871 nou
706 3813 862 3891 excedant)
901 3824 1006 3883 parunt,
1030 3816 1144 3869 mirifice
1167 3823 1263 3886 postea
1281 3832 1388 3886 semper
1412 3816 1542 3869 floruisse.
1592 3815 1694 3870 Verum

61 3898 130 3963 post
143 3892 358 3949 benedictionem
380 3895 543 3966 generalem,
563 3913 684 3951 seorsum
705 3912 752 3950 eos
765 3905 861 3953 vocat:
901 3895 990 3964 arrige
1004 3911 1083 3949 aures
1097 3895 1184 3959 modo,
1199 3903 1225 3947 et
1245 3895 1360 3948 narrabo
1379 3895 1428 3948 tibi
1450 3894 1521 3965 quod
1540 3893 1606 3948 scio.
1649 3895 1694 3948 ln·

60 3987 165 4027 manus
178 3980 269 4026 antem
282 3989 364 4042 super
382 3973 510 4030 humeros
529 3993 622 4031 eorum
637 3975 793 4038 extendens,
808 3975 863 4031 illis
902 3972 1016 4043 telliges.
1039 3974 1090 4027 sub
1111 3973 1168 4028 tole
1190 3974 1237 4027 vix
1260 3974 1372 4045 reperiri
1393 3983 1503 4045 gentem
1525 3973 1611 4027 ullam
1638 3981 1694 4028 tarn

61 4051 210 4114 stantibus,
228 4051 269 4106 sie
287 4051 366 4107 iniit:
392 4058 408 4085 ‘⁶
424 4053 486 4118 Fili,
505 4053 574 4110 bene
593 4055 676 4110 habet
693 4054 766 4125 quod
783 4064 863 4110 natus
901 4062 1011 4117 casnm,
1026 4070 1107 4123 quam
1120 4053 1179 4107 hoec
1193 4054 1226 4107 de
1240 4052 1401 4107 Bensalem:
1422 4070 1472 4107 nec
1486 4054 1521 4106 ab
1536 4053 1608 4106 omni
1624 4052 1693 4118 labe,

61 4146 103 4195 es,
119 4130 230 4184 daDeo
243 4130 366 4200 gloriam,
381 4140 409 4186 et
421 4133 450 4186 in
463 4134 545 4188 finern
563 4134 732 4204 persevera.”
774 4135 862 4203 Atque
901 4140 929 4185 et
942 4131 1091 4201 pollutione
1106 4132 1174 4186 adeo
1192 4149 1296 4201 puram.
1336 4132 1479 4203 Virginem
1500 4132 1593 4186 mundi
1614 4131 1694 4202 plane

61 4225 121 4264 una
134 4208 162 4262 ei
179 4208 280 4264 monile
294 4211 385 4275 tradit,
398 4212 427 4266 in
441 4213 556 4282 liguram
571 4213 653 4282 spicas
668 4213 795 4268 frumenti
809 4214 862 4266 for·
900 4211 1025 4266 dixerim.
1065 4211 1182 4266 Memini
1197 4229 1239 4265 me
1253 4211 1360 4283 legisse,
1375 4213 1404 4266 in
1423 4228 1477 4267 uno
1494 4228 1530 4266 ex
1543 4210 1619 4265 libris
1632 4229 1693 4266 res·

60 4294 185 4343 matum:
207 4289 313 4360 quodis
323 4305 430 4360 semper
439 4297 534 4361 postea
546 4291 575 4345 in
589 4291 675 4347 fronte
688 4292 802 4358 turbrmi,
817 4300 864 4347 aut
900 4291 949 4344 tris
969 4290 1118 4361 Europoeis,
1133 4290 1166 4344 de
1180 4299 1275 4345 sancto
1288 4292 1358 4345 inter
1376 4308 1423 4345 ros
1436 4291 1558 4355 eremita,
1573 4291 1619 4362 qui
1638 4292 1694 4361 spi-

60 4365 155 4439 galeri
168 4368 218 4432 sui,
233 4376 331 4439 portat.
373 4369 433 4423 Hoc
448 4376 565 4440 peracto,
576 4371 610 4424 ad
623 4372 756 4426 musicam
770 4380 798 4426 et
811 4374 863 4426 sal·
901 4370 981 4423 ritum
1010 4370 1196 4425 fornicationis
1225 4371 1316 4425 videre
1345 4370 1439 4441 cupiit,
1463 4378 1543 4441 atque
1571 4386 1693 4440 parvum,

60 4447 205 4511 tadonem,
219 4456 247 4500 et
260 4447 411 4503 hilaritates
424 4449 452 4503 id
470 4464 556 4520 genus
574 4449 649 4515 alias,
664 4450 736 4520 apud
750 4468 796 4506 eos
809 4452 862 4507 usi·
900 4449 1058 4515 deformem,
1073 4458 1100 4504 et
1114 4456 1219 4519 turpem
1232 4449 1389 4519 AEthioperu
1398 4449 1472 4503 illico
1486 4450 1513 4504 ei
1523 4446 1693 4520 apparuisse:

59 4532 145 4589 tatas
160 4542 210 4595 pro
223 4527 331 4581 residuo
343 4527 397 4581 diei
411 4544 440 4582 se
454 4529 607 4600 accingunt
647 4528 736 4600 Atque
749 4530 801 4585 iste
822 4541 864 4586 est
900 4528 971 4600 quod
986 4529 1009 4582 si
1023 4530 1148 4600 spiritum
1166 4529 1297 4582 castitatis
1310 4527 1455 4583 Bensalem
1469 4529 1560 4583 videre
1580 4529 1695 4598 expetis-

59 4605 162 4661 rnodrrs
175 4604 273 4660 festum
286 4606 354 4661 illud
367 4605 530 4663 celebrandi.
900 4615 948 4671 set,
969 4608 1146 4678 proculdubio
1167 4607 1195 4662 in
1216 4607 1303 4662 forma
1324 4606 1436 4662 Cherub
1452 4608 1567 4676 alicujus
1587 4607 1695 4679 pulchri

7 4718 25 4743 ι
103 4684 183 4739 Intra
196 4700 297 4754 paucos
310 4685 369 4740 dies
382 4694 534 4757 sequentes,
548 4685 695 4741 amicitiam
715 4695 744 4742 et
763 4689 862 4743 famili·
899 4697 925 4741 et
936 4687 1047 4758 gloriosi
1058 4689 1084 4742 ei
1095 4687 1273 4758 apparuisset.
1312 4686 1394 4742 Nihil
1403 4688 1477 4743 enim
1487 4689 1556 4743 inter
1566 4686 1695 4741 mortales

59 4763 191 4819 aritatem
211 4780 273 4818 cnm
293 4773 441 4819 mercatore
459 4765 576 4836 quodam
589 4765 707 4822 civitatis
720 4767 802 4833 illius,
817 4769 861 4823 cui
899 4766 1051 4837 pulchrum,
1066 4774 1112 4821 aut
1126 4767 1303 4822 admiratione
1318 4767 1438 4838 dignum,
1450 4784 1505 4837 prae
1515 4767 1604 4839 gentis
1618 4766 1695 4820 istius

59 4858 167 4898 nomen
194 4840 301 4908 Joabin,
330 4845 461 4899 contraxi.
501 4845 568 4900 Erat
589 4854 680 4900 autem
700 4845 811 4902 iudaeus
835 4856 862 4902 et
899 4846 998 4900 animis
1015 4846 1182 4901 castissimis.
1223 4846 1403 4908 Quamobrem
1424 4855 1518 4901 uotum
1541 4846 1590 4899 tibi
1604 4844 1694 4910 velim,

57 4921 249 4977 circumcisus.
289 4923 396 4977 Paucas
407 4924 478 4977 enirn
489 4924 621 4996 quasdam
630 4923 648 4977 J
651 4925 787 4980 odacrum
797 4927 860 4981 stir-
898 4924 975 4979 nulla
988 4926 1112 4981 intereos
1126 4943 1184 4981 esse
1194 4924 1344 4996 lupanaria,
1355 4926 1504 4997 prostibula
1514 4924 1597 4988 nulla,
1607 4923 1696 4979 nullas

57 5018 112 5072 pes
133 5001 205 5055 inter
224 5018 271 5056 eos
284 5018 355 5057 nunc
374 5003 505 5074 degentes
519 5003 628 5069 habeut,
644 5004 861 5077 quibuareligio-
898 5004 1600 5078 mretricesconductitias,nequealiquidhujusmcdi.
1636 5004 1695 5059 lmo

57 5098 125 5135 nem
140 5096 218 5135 suam
232 5082 409 5150 permittunt:
430 5099 512 5153 quam
525 5084 631 5137 veniam
650 5083 757 5139 facilius
774 5085 861 5140 indul·
897 5100 951 5137 non
960 5084 1019 5138 sine
1030 5084 1207 5139 detestatione
1216 5086 1332 5157 quadam
1340 5086 1479 5148 mirantur,
1487 5099 1535 5136 vos
1544 5084 1573 5136 in
1585 5082 1697 5153 Europa

57 5176 128 5232 gere
143 5170 263 5228 possunt,
279 5161 496 5232 quandoquidem
517 5162 604 5218 Judoei
623 5162 664 5217 illi
685 5162 818 5219 aJudaeis
831 5164 860 5218 in
898 5163 965 5216 talia
978 5165 1101 5219 tolerare.
1136 5164 1220 5219 Aiunt
1229 5182 1277 5218 vos
1287 5164 1397 5234 nuptias
1406 5164 1439 5217 de
1447 5163 1536 5217 officio
1546 5180 1596 5217 suo
1609 5161 1696 5216 detur-

56 5238 175 5310 reliquis
197 5240 269 5294 orbis
291 5241 416 5310 partibus
433 5242 552 5297 moribus
573 5242 655 5313 longe
680 5244 859 5299 diversisunt
897 5243 990 5296 basse:
1011 5245 1112 5314 nuptiae
1122 5244 1195 5297 enirn
1206 5244 1234 5297 iu
1249 5245 1395 5298 remedium
1405 5241 1631 5313 concupiscentis:
1642 5241 1696 5295 illi-

55 5321 135 5374 Nam
151 5335 213 5371 eum
227 5318 316 5374 Judaei
337 5319 386 5373 alii
405 5337 503 5374 nomen
524 5320 628 5376 Christi
649 5323 711 5376 odio
731 5324 859 5389 habeant,
897 5324 1176 5387 citaeinstitutresuntr
1198 5323 1413 5394 concupiscentia
1423 5330 1514 5376 autem
1522 5319 1652 5375 naturalis
1662 5321 1698 5374 ad

56 5405 143 5470 atque
158 5399 289 5452 adversus
303 5398 442 5469 populum,
463 5400 533 5454 inter
553 5417 634 5470 quem
648 5402 756 5474 degunt,
771 5421 858 5457 secre-
897 5404 1009 5471 nuptias
1022 5402 1108 5457 instar
1122 5401 1225 5456 stimuli
1242 5412 1292 5457 est.
1334 5402 1436 5455 Verum
1456 5418 1518 5455 eum
1540 5401 1697 5455 horninibus

56 5488 117 5533 tam
132 5485 161 5533 et
174 5477 354 5533 inveteratam
369 5477 502 5534 malitiam
517 5479 632 5547 foveant,
648 5481 677 5535 hi
692 5492 786 5538 contra
798 5484 859 5539 Ser·
898 5484 1059 5549 remedium,
1068 5482 1201 5552 corruptis
1214 5482 1272 5537 suis
1284 5480 1475 5553 cupiditatibus
1483 5482 1571 5552 magis
1581 5490 1696 5554 gratum,
