3800 5875
218 289 275 346 ΜΒ
818 284 1002 342 HISTORIA
1021 284 1246 341 VENTORUM.

216 466 277 520 quta
291 446 390 503 sistunt
407 445 538 516 impetum
551 450 700 511 ventorum,
713 460 814 515 eosque
834 443 966 514 paulatim
979 443 1008 496 in
1044 443 1113 498 mari
1132 442 1269 513 longiores
1287 448 1358 504 sunt,
1371 440 1523 496 sufficiente
1536 441 1616 511 copia
1636 458 1789 512 raporum
1809 443 1840 495 in

216 546 246 583 se
260 534 382 589 vertuntr
403 530 449 579 aut
461 541 511 595 per
523 524 626 596 frigora
638 523 797 591 intensiora,
808 524 879 578 unde
893 523 1009 577 conden·
1044 530 1115 578 terra
1128 522 1176 575 vix
1188 521 1260 575 ultra
1272 520 1344 574 diem
1358 527 1386 574 et
1398 521 1539 575 dimidium
1553 521 1745 575 extenduntur.

216 614 318 662 santur.
1088 601 1131 654 ll.
1153 601 1233 654 Venti
1248 598 1327 653 valde
1340 599 1416 653 lenes
1429 615 1480 654 nec
1493 601 1602 655 inmari
1612 617 1663 654 nec
1675 601 1706 653 in
1717 607 1790 653 terra
1802 599 1842 654 ul·

256 684 304 739 33.
326 683 420 738 Solent
438 681 598 753 plerumque
611 681 694 747 venti,
713 681 832 737 minores
845 688 872 736 et
885 680 1008 744 leviores,
1045 688 1086 735 tra
1101 679 1221 733 triduum
1234 687 1388 732 constanter
1400 679 1475 733 dant

216 780 296 819 mane
302 763 365 816 oriri
372 769 399 815 et
405 778 467 815 cum
473 760 703 826 soledecumbere,
710 761 857 815 sufficiente
863 759 1009 813 condensa·
1088 758 1133 813 12.
1153 759 1217 812 Non
1232 758 1319 812 solum
1327 774 1407 811 eurus
1418 757 1538 827 zephyro
1547 758 1638 828 magis
1647 765 1689 810 est
1700 756 1841 819 durabilis,

217 840 843 910 doneaiirisnocturnaadreceptionemeorum.
872 836 1009 893 Aiircnim
1047 837 1132 910 (quod
1153 835 1219 890 alibi
1244 838 1404 907 posuimus)
1431 837 1479 890 sed
1503 836 1586 890 etiam
1611 837 1769 907 quicunque
1795 837 1842 889 ille

216 920 374 976 nonnullam
387 919 615 988 compressionem
628 920 729 990 patitur
742 919 844 990 absque
858 916 983 972 tumultu.
1045 927 1142 972 ventus
1156 916 1199 981 sit,
1214 917 1260 986 qui
1270 931 1350 970 mane
1365 916 1468 985 spirare
1482 916 1588 985 incipit,
1603 917 1695 986 magis
1713 915 1842 969 durabilis

257 1001 305 1054 34.
325 998 433 1052 Sonitus
446 1014 640 1068 campanarum
660 999 831 1053 exishmatur
852 997 969 1049 tonitrua
982 1002 1010 1050 et
1045 996 1115 1051 solet
1127 1012 1187 1049 esse
1201 994 1249 1048 illo
1262 995 1308 1065 qui
1324 994 1411 1065 surgit
1424 996 1538 1064 vesperi.

218 1078 326 1149 fulgura
340 1077 487 1147 dissipare;
509 1078 542 1132 de
555 1077 644 1131 ventis
662 1094 718 1131 non
731 1077 805 1131 venit
818 1077 847 1130 in
861 1075 1009 1129 observati·
1088 1075 1132 1129 13.
1154 1074 1265 1129 Certum
1286 1081 1337 1137 est,
1351 1080 1446 1127 ventos
1462 1074 1603 1144 insurgere
1618 1080 1646 1127 et
1668 1072 1767 1143 augeri
1784 1090 1844 1144 gra·

217 1175 306 1212 onem.
1046 1156 1131 1209 datim
1151 1154 1217 1224 (nisi
1239 1153 1339 1206 luerint
1359 1169 1441 1207 merse
1466 1152 1608 1222 procellae)
1630 1163 1658 1207 at
1682 1152 1842 1207 decumbere

452 1233 569 1289 Consule
589 1236 680 1288 locum
693 1234 727 1289 de
748 1232 929 1304 prognosticis
942 1249 1008 1285 ven·
1046 1235 1168 1298 celerius,
1183 1233 1316 1286 interdum
1332 1231 1410 1301 quasi
1424 1232 1523 1286 subito.

411 1319 520 1378 torumr
556 1321 596 1367 eat
620 1314 694 1368 enim
720 1312 852 1367 nonnulla
874 1311 1009 1366 connexio

217 1410 359 1449 causamm
373 1400 400 1447 et
414 1393 562 1463 signorum.

257 1473 304 1527 35.
325 1474 428 1527 Narrat
445 1470 551 1526 Plinius
566 1471 682 1525 turbinis
695 1470 905 1534 vehementiam,
919 1486 1009 1539 asper·
1090 1466 1113 1519 Ι.
1135 1464 1164 1518 Si
1178 1470 1273 1518 ventus
1288 1479 1317 1517 se
1329 1471 1415 1517 mutet
1424 1463 1599 1517 conformiter
1609 1463 1646 1518 ad

218 1552 293 1608 sione
307 1552 375 1606 aceti
389 1552 419 1605 iu
432 1567 571 1606 occursum
586 1550 653 1620 ejus,
664 1550 812 1621 compesci.
1047 1553 1151 1598 motum
1165 1543 1238 1606 solis,
1247 1542 1275 1596 id
1288 1550 1336 1607 est,
1348 1542 1383 1595 ab
1392 1558 1458 1596 euro
1467 1542 1502 1596 ad
1512 1549 1645 1606 austrum,
1672 1527 1705 1568 Μ
1715 1530 1802 1617 Α’ξιω»
1811 1532 1842 1575 '²

1047 1624 1083 1676 ab
1102 1631 1194 1676 austro
1212 1622 1247 1675 ad
1265 1621 1422 1692 zephyrum,
1439 1638 1457 1674 a
1469 1621 1590 1691 zephyro
1609 1622 1647 1676 ad

1047 1702 1198 1764 boream,a
1218 1701 1301 1754 borea
1321 1701 1356 1753 ad
1371 1717 1474 1765 eurum,
1492 1716 1548 1754 non
1565 1702 1714 1756 revertitur
1729 1702 1841 1772 plerum

457 1782 481 1837 Ι.
497 1782 630 1836 ·Traditur
643 1782 676 1836 de
686 1793 778 1836 monte
787 1781 870 1846 Atho,
882 1788 909 1835 ct
917 1779 1011 1834 simili·
1048 1798 1114 1851 que;
1135 1781 1218 1834 autai
1233 1779 1284 1833 hoc
1299 1778 1371 1845 lacit,
1387 1779 1465 1833 titad
1477 1780 1560 1833 breve
1576 1787 1696 1850 tempus.
1739 1782 1767 1835 Si
1781 1800 1841 1835 sero

414 1868 455 1916 ter
464 1862 498 1915 de
506 1861 635 1930 Olympo;
651 1862 821 1915 consuevisse
829 1860 1011 1914 sacrificantes
1048 1862 1077 1914 in
1092 1860 1256 1913 contrarium
1278 1866 1367 1912 motus
1386 1858 1459 1923 solis,
1472 1857 1576 1912 scilicet
1593 1860 1630 1913 ab
1651 1877 1721 1913 euro
1740 1862 1775 1914 ad
1792 1861 1841 1913 bo=

414 1941 444 1994 iu
457 1940 520 2004 sris,
531 1957 611 2009 super
621 1939 730 2010 fastigia
740 1941 860 2010 ipsorum
872 1940 1010 2003 extructis,
1048 1956 1130 2001 rearn,
1145 1955 1162 1991 a
1175 1939 1258 1992 borea
1271 1939 1306 1992 ad
1319 1937 1475 2007 zephyrum,
1490 1954 1507 1990 a
1519 1938 1642 2009 zephyro
1659 1939 1696 1992 ad
1715 1950 1840 2001 anstrum,

218 2018 311 2074 literas
323 2035 436 2073 exarare
449 2019 479 2072 in
498 2019 633 2072 cineribus
651 2019 852 2081 sacrificiorum,
866 2027 895 2072 et
915 2025 1011 2087 postea
1048 2019 1083 2072 ab
1096 2026 1188 2072 austro
1201 2017 1344 2080 adeurum,
1356 2016 1513 2087 plerumque
1525 2019 1679 2072 restituitur
1689 2018 1725 2071 ad
1736 2019 1841 2090 plagam

218 2098 362 2153 redeuntes
376 2097 470 2167 elapso
487 2113 558 2151 anno
581 2101 656 2165 (nam
675 2098 859 2152 anniversaria
878 2108 954 2151 erant
970 2113 1011 2150 sa·
1049 2096 1174 2168 priorem,
1188 2095 1284 2151 saltem
1297 2104 1442 2167 autequam
1462 2097 1610 2152 coniecerit
1626 2097 1759 2152 circulum
1771 2099 1839 2152 inte·

219 2177 334 2243 crificia)
350 2178 459 2230 easdem
471 2176 563 2230 literm
576 2177 709 2245 reperisse
722 2177 880 2247 neutiquam
890 2177 1011 2230 turbatas
1048 2194 1138 2249 grum.

220 2264 268 2310 aut
280 2255 419 2320 contusam
440 2255 548 2309 etiamsi
566 2270 620 2308 arae
633 2255 689 2309 illia
709 2272 764 2309 non
777 2263 879 2309 starent
898 2256 927 2309 in
941 2262 1010 2309 tern-
1088 2257 1115 2309 2.
1137 2254 1167 2309 Si
1181 2253 1275 2324 pluvia
1287 2255 1403 2324 primum
1416 2254 1556 2325 inceperit,
1572 2262 1600 2308 et
1620 2262 1719 2324 postea
1732 2256 1841 2326 creperit

219 2332 267 2404 plo
280 2333 379 2403 aliquo,
393 2334 441 2388 sed
455 2334 506 2388 sub
519 2334 571 2387 dio.
612 2334 691 2388 Unde
710 2334 881 2388 manifestum
901 2341 968 2397 erat,
982 2335 1011 2387 in
1049 2336 1116 2389 dare
1139 2343 1256 2398 ventum
1294 2340 1390 2387 ventus
1415 2333 1463 2388 ille
1490 2333 1591 2403 pluviae
1618 2344 1759 2404 superstes
1786 2337 1841 2388 erit.

220 2419 297 2466 tanta
310 2411 452 2468 altitudine
464 2429 553 2484 neque
567 2413 696 2469 cecidisse
709 2413 831 2477 imbrem,
844 2429 933 2485 neque
954 2414 1010 2483 spi·
1049 2414 1125 2476 Quod
1138 2414 1162 2467 si
1176 2413 1264 2483 primo
1274 2412 1379 2466 flaverit
1391 2422 1496 2476 ventus,
1512 2419 1606 2482 postea
1622 2429 1640 2466 a
1659 2413 1752 2483 pluria
1773 2416 1841 2467 ocei-

221 2508 295 2546 rasse
308 2500 448 2547 ventum.⁴
1048 2493 1124 2557 derit,
1146 2508 1201 2546 nou
1223 2492 1338 2546 reoritur
1355 2490 1514 2563 plerumque
1536 2502 1649 2557 ventus;
1675 2499 1704 2545 et
1723 2495 1748 2546 si
1771 2494 1841 2555 iacit,

259 2570 286 2625 2.
308 2570 440 2626 Referunt
459 2571 488 2624 in
507 2570 617 2643 fastigio
635 2570 695 2626 Pici
716 2572 749 2625 de
769 2570 915 2641 Teneriph,
930 2578 1011 2642 atque
1049 2575 1171 2643 sequitur
1184 2571 1277 2641 pluvia
1290 2586 1368 2625 nova.

220 2649 304 2703 etiam
317 2650 347 2703 in
360 2649 482 2705 Andibus
501 2651 573 2705 inter
592 2651 735 2706 Perusiam
755 2658 783 2705 et
804 2650 920 2713 Chilem,
934 2652 1011 2704 nives
1088 2651 1115 2704 3.
1138 2650 1167 2705 Si
1179 2652 1254 2704 renti
1268 2651 1362 2721 paucis
1374 2649 1451 2704 boris
1470 2651 1583 2715 varient,
1598 2658 1626 2704 et
1646 2657 1776 2720 tanquam
1795 2666 1842 2702 ex·

221 2728 360 2797 subjacere
379 2746 429 2800 per
449 2728 532 2784 clivos
552 2737 580 2783 et
598 2728 683 2784 latera
703 2729 851 2795 montium;
873 2738 901 2783 at
918 2730 948 2782 in
968 2730 1011 2799 ip·
1049 2732 1195 2801 periautur,
1206 2737 1233 2783 et
1246 2729 1343 2784 deinde
1357 2731 1489 2800 coeperint
1498 2738 1653 2784 constanter
1661 2730 1736 2791 flare,
1750 2738 1842 2782 ventus

221 2808 261 2862 sis
275 2809 460 2864 cacuminibus
473 2807 513 2862 nil
526 2808 600 2862 aliud
614 2825 673 2863 esse
688 2827 769 2880 quam
779 2808 870 2864 adrem
881 2809 1011 2880 quietum,
1049 2809 1097 2863 ille
1111 2808 1218 2863 durabit
1231 2809 1260 2862 in
1270 2808 1329 2863 dies
1343 2808 1442 2877 plures.

220 2887 268 2942 vix
282 2887 439 2958 spirabilem
453 2894 563 2959 propter
583 2889 755 2954 tenuitatem
777 2889 823 2961 qui
843 2888 925 2943 etiam
945 2888 1012 2943 acri·
1089 2890 1116 2944 4.
1139 2888 1169 2944 Si
1183 2895 1275 2943 auster
1287 2888 1401 2959 coeperit
1415 2888 1481 2943 flare
1499 2886 1559 2941 dies
1572 2885 1641 2941 duos
1654 2885 1778 2950 veltres,
1798 2886 1841 2938 bo

220 2969 313 3022 monia
327 2968 451 3039 quadam,
466 2976 493 3023 et
507 2985 538 3022 os
550 2968 690 3033 stomachi,
703 2977 731 3023 et
745 2970 836 3023 oculos
849 2976 961 3038 pungat,
972 2968 1013 3021 in·
1050 2985 1111 3023 reas
1131 2968 1292 3039 quandoque
1312 2975 1375 3037 post
1388 2985 1451 3022 eum
1477 2967 1568 3021 subito
1590 2966 1707 3037 spirabit
1736 2966 1841 3037 quodsi

220 3046 344 3101 ducendo
356 3047 397 3102 illi
411 3063 550 3113 nauseam,
565 3047 609 3102 hia
623 3047 797 3103 suffusionem
811 3055 838 3101 et
851 3048 984 3101 ruborem.
1049 3049 1146 3103 boreas
1166 3048 1309 3116 spiraverit
1329 3047 1441 3101 totidem
1462 3046 1530 3111 dies,
1544 3062 1599 3098 non
1621 3046 1736 3115 spirabit
1756 3055 1842 3099 auster

261 3125 289 3181 3.
312 3127 393 3180 Venti
407 3127 542 3197 vaporarii
556 3143 611 3181 non
624 3127 748 3182 videntur
763 3128 790 3182 in
803 3126 897 3198 aliqua
910 3127 1012 3195 majore
1050 3126 1135 3182 donec
1148 3135 1244 3181 ventus
1258 3127 1397 3197 paulisper
1411 3126 1446 3179 ab
1460 3142 1525 3179 euro
1539 3125 1622 3179 tlarit.

221 3205 363 3260 altitudine
376 3206 450 3269 flare,
465 3223 526 3261 cum
541 3213 632 3260 tamen
645 3206 784 3276 probabile
795 3207 837 3270 sit,
852 3205 959 3276 aliquos
973 3205 1013 3275 ip
1090 3207 1118 3261 5.
1141 3205 1211 3261 Cum
1224 3222 1312 3261 annus
1322 3205 1465 3268 inclinarit,
1477 3212 1575 3273 etpost
1586 3211 1745 3257 autumnum
1757 3203 1843 3256 hierus

222 3301 311 3339 sorum
326 3283 407 3339 altius
420 3286 572 3348 ascendere,
588 3302 669 3356 quam
684 3285 817 3356 pleraeque
828 3285 920 3339 nubes.
1050 3286 1191 3355 inceperit,
1210 3285 1233 3339 si
1252 3285 1398 3354 incipiente
1419 3284 1509 3337 hieme
1530 3283 1675 3352 spiraverit
1696 3293 1797 3344 auster,
1818 3293 1843 3336 et

261 3364 303 3418 De
318 3363 459 3418 altitudine
473 3363 611 3429 hactenus,
626 3364 659 3418 de
673 3364 814 3419 latitudine
828 3364 982 3417 videndum.
1051 3373 1145 3435 postea
1165 3365 1269 3428 boreas,
1290 3364 1342 3417 erit
1359 3363 1460 3417 hiemis
1473 3361 1615 3434 glacialis;
1637 3361 1681 3415 sin
1696 3362 1747 3415 sub
1759 3364 1843 3416 initiis

261 3444 289 3497 4.
311 3442 423 3497 Certum
436 3450 485 3508 est,
499 3443 594 3513 spatia,
609 3461 670 3514 quae
682 3451 815 3514 occupant
827 3442 907 3507 venti,
922 3444 1014 3497 admo-
1051 3444 1150 3499 hiemis
1167 3443 1310 3513 spiraverit
1331 3444 1435 3508 borean
1455 3449 1551 3511 postea
1569 3449 1669 3505 auster,
1685 3442 1738 3495 erit
1759 3440 1844 3496 hiems

221 3521 285 3577 dum
298 3522 373 3576 varia
387 3539 454 3588 esse,
475 3522 610 3577 interdurn
622 3522 798 3593 amplissima,
818 3521 951 3576 interdum
966 3539 1014 3592 pu·
1050 3524 1170 3578 clemens
1184 3531 1211 3576 et
1226 3522 1341 3593 tepidus

221 3599 284 3655 silla
297 3609 324 3655 et
338 3610 461 3672 angusta.
501 3601 672 3671 Deprehensi
692 3609 755 3658 sunt
773 3602 847 3656 venti
867 3618 1013 3671 occupasse
1091 3602 1118 3657 6.
1138 3601 1244 3656 Plinius
1257 3601 1323 3656 citat
1343 3600 1495 3666 Eudoxum,
1511 3599 1584 3670 quod
1603 3600 1689 3654 series
1708 3608 1845 3655 ventorum

256 1278 374 1322 Montium.

1251 1369 1451 1409 SUCCBSSIONBS
1474 1369 1640 1407 VENTURUM.

460 1689 578 1730 auum
600 1689 772 1728 VENTORUH.

217 1846 253 1889 Ad
262 1846 349 1935 Arpaid,
360 1849 390 1894 17,

221 3681 339 3751 spatium
352 3688 528 3736 centenorum
542 3680 699 3735 milliarium
712 3698 774 3735 curn
793 3696 940 3752 paucarum
962 3679 1011 3734 ho·
1051 3682 1144 3736 redeat
1157 3688 1217 3751 post
1230 3680 1451 3752 quadrienniumr
1474 3679 1546 3750 quod
1565 3696 1661 3733 verum
1681 3679 1795 3734 minime
1809 3683 1846 3733 vi·

221 3775 311 3814 rarum
325 3759 487 3816 differentia.
1051 3762 1146 3826 detur;
1166 3777 1254 3831 neque
1277 3760 1350 3815 enim
1373 3766 1427 3813 tam
1449 3758 1550 3813 celeres
1572 3766 1637 3813 sunt
1657 3758 1844 3814 revolutiones

260 3838 288 3894 5.
310 3838 428 3908 Spatiosi
440 3840 513 3895 venti
524 3839 560 3908 (si
571 3839 623 3894 sint
637 3856 674 3896 ex
683 3839 789 3908 liberis)
800 3838 960 3911 plerumque
970 3856 1013 3892 ve·
1053 3840 1124 3895 lllud
1138 3858 1174 3894 ex
1187 3840 1340 3910 aliquorum
1362 3837 1505 3909 diligentia
1521 3845 1644 3892 notatum
1658 3846 1709 3900 est,
1728 3846 1844 3909 tempes-

221 3916 364 3972 bementes
382 3926 452 3984 sunt,
465 3935 520 3974 non
539 3918 630 3984 lenea;
651 3927 714 3974 sunt
729 3918 811 3973 etiam
825 3918 1012 3981 diuturniores,
1052 3927 1120 3974 tates
1144 3920 1299 3989 grandiores
1320 3927 1348 3971 et
1366 3918 1530 3989 insigniores
1551 3917 1712 3988 (terronam,
1735 3919 1844 3980 nivium,

222 4003 250 4049 et
260 3997 314 4051 iere
329 3997 584 4063 eunomiumne
605 4005 667 4052 sunt
680 3998 775 4052 itidem
789 3999 877 4053 minus
887 3996 1013 4067 pluviosi.
1051 3998 1277 4070 congelationum,
1292 3997 1413 4052 hiemum
1427 3997 1588 4066 tepidarum,
1603 4004 1729 4051 testatum
1743 3998 1845 4068 gelida·

222 4073 337 4145 Augusti
345 4085 447 4143 contra,
456 4085 504 4133 aut
513 4077 665 4142 lenessunt,
678 4084 724 4132 aut
733 4076 892 4147 procellosi3
906 4085 935 4129 at
945 4093 1015 4130 scm·
1052 4081 1124 4144 rum)
1135 4078 1220 4132 redire
1229 4078 1387 4148 plerumque
1396 4076 1431 4130 ad
1441 4075 1725 4131 circuitumannorum
1736 4077 1845 4148 triginta

222 4169 272 4222 per
286 4154 389 4210 breves.
1052 4157 1181 4228 quinque.

262 4232 289 4285 6.
313 4233 380 4287 Stati
395 4236 466 4289 venti
481 4243 544 4290 sunt
556 4233 697 4300 itinerarii,
711 4242 739 4289 et
750 4234 912 4305 longissima
926 4233 1014 4304 spatia

223 4321 362 4381 occupant.

263 4387 290 4449 7.
312 4390 396 4444 Venti
416 4392 558 4461 procellosi
580 4411 634 4448 non
662 4393 842 4448 extenduntur
865 4410 914 4463 per
936 4393 1014 4464 larga
1090 4391 1229 4448 Locuntur
1242 4392 1375 4454 homines,
1385 4408 1417 4445 ac
1432 4391 1454 4445 si
1470 4399 1565 4446 ventus
1579 4399 1653 4445 esset
1677 4427 1707 4466 ,d
1722 4429 1845 4472 mm

222 4469 317 4539 spatia,
326 4468 390 4523 licet
399 4487 507 4542 semper
519 4482 666 4544 evagentur
680 4473 751 4527 ultra
760 4472 848 4543 spatia
857 4473 943 4543 ipsius
955 4489 1014 4543 pro-
1052 4488 1152 4542 corpus
1172 4472 1281 4543 aliquod
1308 4489 1357 4546 per
1381 4487 1419 4535 se,
1440 4472 1521 4541 atque
1545 4471 1652 4540 impetu
1676 4477 1791 4534 wat.
1805 4479 1833 4515 ²²-

223 4547 308 4603 celloe.
1052 4567 1101 4605 suo
1115 4551 1206 4606 aerem
1220 4559 1283 4604 ante
1298 4567 1328 4604 se
1338 4558 1432 4620 ageret
1442 4556 1468 4603 et
1483 4548 1650 4619 impelleret:

261 4626 289 4681 8.
310 4625 411 4680 Marini
439 4629 511 4682 venti
535 4630 606 4684 intra
628 4630 716 4700 spatia
740 4631 895 4701 angustiora
920 4631 1013 4695 multo,
1052 4631 1135 4684 etiam
1146 4648 1207 4684 cum
1222 4639 1317 4684 ventus
1329 4629 1420 4683 locum
1429 4637 1521 4692 mutet,
1531 4628 1728 4700 loquuntur,ac
1741 4629 1845 4683 siideru

222 4722 304 4778 quam
324 4713 469 4772 terrestres,
484 4709 603 4777 spirantr
625 4710 773 4764 intantum
792 4716 823 4765 ut
836 4711 866 4763 in
879 4709 947 4762 mari
963 4711 1014 4764 ali·
1052 4719 1150 4764 ventus
1163 4711 1232 4763 sein
1246 4708 1434 4763 aliumlocum
1442 4708 1605 4763 transferret.
1637 4709 1844 4762 Hoecreroeuro

222 4785 330 4857 quando
348 4786 503 4855 conspicere
522 4787 606 4853 detur,
627 4805 720 4843 auram
744 4789 810 4843 satis
831 4789 949 4842 alacrem
967 4789 1014 4843 ali·
1052 4785 1846 4859 loquunturplebeii‚tamenphilosophiipsiremediumhn-

222 4882 304 4935 quarn
317 4873 422 4933 partem
435 4881 566 4935 aquarum
580 4883 711 4936 occupare
733 4865 778 4943 (id
800 4868 872 4938 quod
890 4884 925 4921 ex
945 4869 1011 4922 cria-
1050 4868 1167 4937 jusmodi
1181 4868 1354 4937 opinionibus
1368 4883 1423 4921 non
1445 4866 1582 4936 prebent3
1605 4867 1655 4920 sed
1673 4875 1699 4920 ct
1719 4865 1760 4920 illi
1781 4883 1844 4938 quo·

221 4945 331 5014 petione
352 4960 431 5015 aquae
451 4943 529 4998 facile
551 4943 684 5020 cernitur)
697 4963 758 5000 cum
772 4947 893 5018 undique
907 4946 942 5000 sit
956 4965 1013 5001 ma·
1053 4964 1106 5018 que
1120 4946 1283 5011 balbutiunt,
1298 4964 1385 5017 neque
1400 4946 1535 5000 erroribus
1548 4945 1609 5000 istis
1623 4955 1775 5000 occurrunt

221 5022 299 5087 lacia,
314 5031 341 5078 et
355 5040 426 5095 aqua
437 5023 523 5077 instar
537 5024 640 5096 speculi
654 5024 744 5094 plana.
1095 5026 1119 5080 l.
1134 5026 1335 5097 ‘Inquirendum
1347 5025 1432 5096 igitur
1445 5031 1473 5078 et
1492 5024 1525 5078 de
1539 5025 1703 5079 excitatione
1717 5034 1806 5078 motus
1819 5023 1845 5075 in

261 5100 288 5156 9.
309 5103 407 5158 Pusilli
428 5103 471 5172 (ut
492 5101 592 5156 dictum
610 5105 664 5171 est)
680 5104 801 5158 turbines
814 5104 910 5159 ludunt
929 5121 1015 5177 quan·
1052 5106 1147 5169 ventis,
1161 5104 1235 5159 etde
1251 5105 1399 5159 directione
1417 5105 1484 5171 ejus,
1498 5121 1561 5158 cnm
1582 5103 1615 5157 de
1637 5096 1787 5174 originibui
1805 5102 1843 5154 lo

221 5181 309 5252 doque
329 5198 420 5237 coram
440 5181 631 5253 equitantibus,
645 5182 729 5237 instar
748 5183 804 5237 fere
821 5192 963 5238 ventorum
980 5201 1016 5238 ex
1052 5184 1156 5238 salibus
1164 5184 1221 5252 jam
1236 5184 1395 5255 inquisitum
1409 5185 1452 5238 sit
1493 5184 1583 5254 Atque
1597 5184 1631 5237 de
1645 5184 1680 5237 iis
1694 5183 1788 5244 ventis,
1799 5181 1843 5251 qui

222 5260 339 5315 follibus.
1053 5262 1154 5316 habent
1167 5264 1332 5334 principium
1352 5271 1441 5316 motus
1456 5263 1484 5316 in
1499 5278 1548 5315 aua
1565 5264 1655 5331 prima
1675 5260 1843 5331 impulsione.

259 5338 302 5393 Dc
316 5339 457 5395 latitudine
470 5339 609 5404 hactenus,
623 5339 657 5393 de
670 5339 811 5394 duratione
825 5341 979 5396 videndum.
1053 5349 1082 5395 ut
1095 5342 1124 5395 in
1137 5342 1171 5396 iis
1186 5342 1232 5412 qui
1246 5342 1407 5409 dejiciuntur
1426 5359 1461 5395 ex
1474 5340 1537 5404 ulto,
1552 5349 1599 5396 aut
1621 5341 1711 5395 efflant
1731 5358 1746 5393 e
1765 5347 1842 5394 terra.

264 5417 307 5471 10.
329 5418 494 5475 Durationes
507 5427 650 5476 ventorum
671 5418 750 5473 valde
769 5419 969 5475 vehementium
987 5421 1016 5474 in
1053 5421 1182 5475 excitatio
1192 5427 1281 5475 motus
1295 5429 1335 5477 cst
1350 5420 1507 5475 manifesta:
1529 5420 1609 5475 alteri
1624 5421 1674 5476 sub
1687 5418 1773 5474 initiis
1786 5420 1842 5472 suis

1306 4298 1401 4337 noros
1422 4277 1593 4336 visurorum.
