3800 5875
618 298 800 355 HISTORIA
822 299 935 355 DENSI
957 300 1005 356 ΕΤ
1026 300 1127 356 ΒΑΜ.
1623 300 1676 352 551

299 455 479 526 Cogitandum
490 456 523 511 de
534 455 705 512 inveniendis
715 456 857 512 menstruis
895 474 945 530 pus
959 463 1022 514 ante
1039 456 1220 512 dilatationem
1238 462 1344 525 etpost,
1364 454 1536 525 omniumque
1555 456 1682 525 pernicis·

260 533 646 604 substantiarumspecialium:
656 534 857 592 videntnrenim
894 537 971 604 sima,
985 545 1014 591 et
1026 554 1086 608 quae
1099 535 1212 590 minima
1225 552 1300 588 mora
1311 544 1339 590 et
1346 533 1507 588 brevissimo
1515 541 1576 588 actu
1588 537 1682 590 transi·

60 627 144 681 posse
157 627 218 666 esse
231 611 351 683 liquores
364 622 391 668 et
407 614 505 683 pulpa,
521 620 603 668 tantm
621 632 683 670 cum
701 614 857 683 corporibus
893 617 974 688 gitur,
989 623 1030 670 est
1042 615 1163 670 dilatatio
1178 614 1330 668 oleosorum
1351 622 1379 666 et
1398 612 1631 667 inflammabiiium
1653 615 1681 668 in

60 690 249 746 determinatis
262 692 433 761 sympathiae,
442 700 480 757 ut,
491 691 547 747 illis
557 693 681 759 admotis,
692 700 784 762 partes
793 709 855 747 snas
894 696 1047 760 flammam
1069 693 1141 765 quod
1154 693 1184 746 fit
1199 692 1277 763 quasi
1295 692 1399 747 ailadm
1416 700 1444 745 et
1463 691 1520 746 sine
1541 692 1679 763 gradibus.

61 769 144 824 facile
165 768 268 834 laxent,
287 787 386 841 easque
403 770 519 826 libenter
536 772 684 837 imbibant;
705 787 788 841 seque
808 788 857 842 per
893 773 996 845 Estque
1025 772 1129 849 (quoad
1154 773 1291 827 flammam
1317 768 1511 845 successivam)
1539 770 1619 842 plane
1646 789 1682 826 ex

60 846 115 902 hoc
142 848 173 902 iu
199 848 288 903 succis
311 850 367 903 suis
391 849 544 905 intonarent
563 858 591 904 et
617 859 754 905 renovent.
794 850 855 904 Hoc
893 869 993 923 genere
1020 851 1261 918 assimilationnm;
1294 849 1490 920 multiplicante
1516 867 1546 905 se
1572 850 1683 904 flamma

60 928 136 982 enirn
162 928 281 997 pertinet
303 928 338 982 ad
365 945 448 983 unum
474 947 512 984 ex
537 929 707 999 magnalibus
733 935 854 994 natnne;
893 947 975 1002 super
988 931 1108 986 fomitem
1126 947 1212 985 suum.

59 1022 169 1074 nempe,
186 1013 218 1060 ut
235 1023 325 1061 rerum
344 1006 472 1063 humores
492 1008 612 1062 maxime
634 1005 766 1062 radicnlcs
784 1008 855 1062 reio·
932 1009 960 1064 8.
981 1010 1017 1065 rit
1031 1010 1102 1082 qnod
1115 1008 1329 1081 potentissimum
1343 1008 1373 1062 in
1387 1006 1439 1062 hoc
1452 1024 1551 1078 genere
1565 1015 1613 1073 est,
1627 1024 1682 1062 non

59 1083 158 1148 cillari,
172 1093 199 1138 et
209 1085 322 1141 nutritio
335 1087 370 1139 ab
383 1095 462 1141 extra
480 1087 538 1141 lieri
553 1087 665 1157 possint,
680 1086 752 1140 utin
767 1086 854 1140 corni-
892 1090 927 1144 ad
947 1089 1117 1144 velocitatem
1138 1089 1233 1159 primoe
1247 1087 1473 1152 inflammationis,
1495 1085 1574 1161 (nam
1592 1086 1681 1156 pulvis

59 1163 120 1228 bus,
134 1164 250 1228 ossibus,
264 1165 435 1230 membranis,
454 1166 546 1236 lignis,
560 1173 611 1220 etc.
650 1165 742 1219 Etiam
763 1165 791 1218 in
811 1165 854 1228 iia,
892 1170 987 1238 pyriua
1000 1183 1054 1222 nou
1068 1175 1123 1223 tam
1137 1168 1190 1221 cito
1204 1167 1393 1230 inflammatur,
1406 1183 1486 1236 quam
1500 1165 1620 1234 sulphur,
1635 1174 1682 1219 aut

59 1259 122 1313 qma
143 1250 291 1314 operantur
313 1260 363 1316 per
383 1244 561 1299 divulsionem
583 1251 610 1298 et
631 1243 854 1315 penetrationem,
893 1247 1021 1316 caphura,
1036 1255 1082 1301 aut
1093 1241 1241 1317 naphtha.)
1255 1245 1303 1299 sed
1314 1245 1349 1298 ad
1358 1244 1554 1299 successionem
1565 1244 1681 1300 flammae

58 1328 102 1376 eet
110 1321 270 1391 sympathia
280 1322 337 1379 sive
347 1324 534 1379 conformitas:
555 1322 855 1394 aquaiortissiquidem
893 1325 977 1380 semel
997 1335 1140 1396 conceptae,
1160 1333 1188 1379 ct
1207 1324 1242 1378 ad
1261 1322 1441 1394 superandum
1463 1340 1496 1377 ea
1518 1341 1579 1394 qnoe
1603 1323 1681 1377 resis-

57 1416 114 1455 non
128 1400 214 1455 solvit
226 1417 329 1468 aurum,
342 1410 372 1457 ut
389 1419 439 1457 nec
454 1418 525 1473 aqua
544 1402 622 1473 regia
642 1401 791 1458 communis
810 1418 854 1456 ar·
892 1412 959 1470 tunt,
974 1413 1015 1460 est
1028 1405 1178 1461 commistio
1191 1403 1240 1458 illa
1252 1403 1446 1474 expensionum
1456 1402 1484 1455 in
1495 1403 1585 1457 aerem
1599 1401 1681 1455 simul

56 1486 184 1551 genium·
892 1482 957 1538 etin
971 1485 1115 1550 dammam,
1128 1482 1176 1559 (de
1191 1499 1245 1554 qua
1258 1499 1340 1552 snpra
1353 1475 1497 1554 diximus)
1507 1499 1568 1552 qum
1576 1480 1681 1534 inveni-

298 1558 502 1616 Transeundum
515 1559 550 1613 ad
567 1558 738 1614 dilatationes
753 1575 801 1628 per
814 1576 855 1614 aa·
893 1562 977 1617 turin
991 1563 1101 1633 pulvera
1115 1563 1193 1634 pyrio
1204 1560 1250 1639 (ut
1261 1560 1347 1633 liquet
1360 1561 1388 1614 in
1401 1560 1554 1615 bombardis
1567 1568 1595 1614 et
1607 1559 1681 1613 cuni·

258 1637 447 1693 similationem
473 1645 519 1692 ant
545 1638 712 1703 versionem
747 1637 855 1707 quando
892 1636 995 1714 culis).·

58 1713 168 1768 scilicet
187 1731 286 1786 corpus
306 1717 444 1788 imperans
463 1725 490 1770 et
510 1717 598 1786 magis
618 1717 736 1771 activum
754 1717 856 1786 subigit
933 1718 961 1775 9.
982 1721 1087 1775 Notaut
1106 1728 1196 1774 antem
1218 1718 1367 1784 chemistae,
1392 1718 1475 1772 etiam
1498 1717 1603 1789 argenti
1625 1717 1679 1770 vivi

58 1809 162 1863 corpus
175 1796 379 1852 accommodum
394 1804 421 1851 et
433 1796 632 1866 obsequiosum,
653 1802 681 1849 et
693 1796 782 1866 magis
795 1812 855 1866 pas-
892 1799 1086 1867 expansionem
1100 1816 1149 1869 per
1166 1799 1258 1869 ignem
1276 1814 1335 1853 esse
1355 1797 1498 1851 admodum
1516 1795 1678 1859 violentam

59 1872 166 1935 sivum;
188 1872 226 1926 ita
239 1873 350 1929 utillud
363 1875 392 1929 in
411 1892 440 1929 ae
461 1874 541 1943 plane
556 1881 648 1940 vertat,
667 1890 750 1944 seque
767 1891 803 1928 ex
822 1891 856 1929 eo
893 1878 958 1948 quin
979 1885 1006 1932 et
1028 1894 1131 1943 aarum,
1155 1884 1281 1932 vexatum
1304 1884 1333 1931 et
1353 1874 1495 1940 occlusum,
1520 1874 1680 1946 quandoque

57 1950 223 2021 multiplicet
241 1959 269 2007 et
285 1960 404 2009 renovet.
445 1953 522 2014 Quod
542 1954 565 2007 si
585 1970 683 2024 corpus
703 1952 855 2008 assimilans
893 1963 1017 2026 potenter
1030 1973 1179 2027 erumpere,
1193 1973 1254 2010 cum
1268 1955 1389 2025 periculo
1401 1954 1579 2025 operantium.

58 2030 96 2083 sit
108 2030 220 2085 uanius
233 2040 263 2086 et
275 2033 363 2088 rarius
377 2049 458 2104 quam
475 2049 574 2103 corpus
592 2031 779 2097 assimilatum,
799 2049 855 2086 ma·
932 2035 1135 2090 Transeundum
1150 2035 1245 2089 adeas
1258 2034 1434 2096 dilatationes,
1444 2033 1489 2088 vel
1536 2076 1653 2118 emm

57 2109 192 2163 nitentum
208 2117 250 2166 eat
261 2110 484 2168 assimilationem
502 2113 562 2166 fieri
580 2128 634 2166 non
653 2127 733 2182 posse
753 2111 855 2183 absque
892 2115 1082 2170 distractiones
1101 2122 1129 2170 et
1145 2106 1316 2177 divulsiones,
1334 2130 1394 2183 quae
1411 2113 1486 2177 fiunt,
1653 2108 1658 2116 '

57 2187 227 2246 dilatatione.
892 2209 947 2248 non
960 2193 995 2246 ab
1005 2194 1131 2265 appetitu
1142 2192 1235 2265 aliquo
1248 2192 1277 2247 in
1290 2208 1401 2262 corpora
1415 2191 1482 2261 ipso,
1498 2188 1569 2258 qnod
1582 2187 1679 2243 dilata·

893 2280 943 2337 tur,
964 2274 1010 2328 sed
1024 2290 1074 2343 per
1086 2272 1242 2326 violentiam
1258 2287 1400 2341 corporum
1417 2277 1597 2332 externorum,
1612 2284 1680 2338 quae,

74 498 215 542 mustum

72 2332 294 2384 nruarsrsortns,
315 2335 381 2381 ona
401 2334 492 2375 rrnrvr
514 2333 567 2372 ann
587 2333 840 2385 sssrutnarronan,
892 2368 955 2406 eum
981 2352 1037 2407 suis
1060 2351 1178 2406 motibus
1197 2348 1367 2421 malm,
1387 2347 1575 2403 necessitatem
1596 2346 1681 2416 impsp

233 2414 298 2455 ⁸¹¹¹
317 2414 479 2454 'mmm
498 2413 531 2452 ¹⁸
552 2412 686 2452 mmm·
891 2439 959 2484 nunt
972 2431 1076 2500 corpori
1090 2429 1180 2495 alicui,
1194 2437 1224 2483 nt
1236 2428 1364 2483 dilatetur
1376 2434 1404 2482 et
1416 2427 1589 2482 distrahatur.
1629 2424 1681 2479 At-

300 2507 325 2560 1.
349 2506 416 2572 Ana,
435 2513 463 2561 et
482 2507 601 2562 maxime
623 2523 686 2561 eum
706 2514 855 2563 commotus
893 2526 944 2580 que
959 2509 1012 2563 ista
1025 2508 1163 2581 inquisitio
1176 2509 1293 2580 pertinet
1305 2508 1340 2561 ad
1354 2506 1460 2560 titulum
1475 2506 1507 2559 de
1518 2511 1592 2559 motu
1602 2504 1682 2559 liber·

257 2593 307 2652 est,
322 2583 369 2661 (ut
385 2586 414 2640 in
431 2581 544 2658 ventis.)
559 2583 655 2639 lambit
668 2585 855 2641 humiditatem
892 2588 973 2652 tatis3
995 2588 1043 2642 sed
1056 2585 1102 2662 (nt
1112 2588 1141 2642 in
1154 2581 1282 2658 reliquis)
1296 2584 1399 2656 aliquid
1413 2586 1446 2640 de
1460 2584 1520 2649 hoc,
1540 2583 1586 2637 sed
1600 2600 1681 2653 parce

56 2667 144 2727 terre,
160 2678 276 2733 nmque
290 2664 457 2735 deprendatur
470 2665 541 2719 etin
554 2681 584 2719 se
598 2664 686 2719 vertit.
807 2669 813 2680 '
892 2673 921 2720 et
938 2667 1042 2737 paucis,
1064 2667 1121 2734 jam
1142 2664 1317 2736 inquiremus.
1360 2664 1416 2718 Iste
1435 2672 1526 2718 autem
1537 2669 1627 2716 motus
1641 2669 1682 2717 est

97 2740 126 2793 2.
148 2738 297 2798 Processus
321 2743 508 2800 desiccationis
534 2743 563 2797 in
585 2743 676 2813 lignis,
699 2743 799 2808 herbis,
827 2753 855 2798 et
891 2744 1049 2816 plerumque
1064 2745 1198 2816 geminus.
1239 2744 1340 2808 Primo,
1360 2749 1449 2798 motus
1468 2741 1650 2797 distractionis
1664 2758 1683 2795 a

56 2817 216 2888 hujusmodi
238 2821 422 2894 tangibilibus,
436 2839 490 2876 non
505 2822 648 2876 admodum
663 2822 736 2876 duris
750 2831 796 2877 nut
810 2823 854 2876 ob
891 2824 919 2878 vi
932 2832 1061 2890 externa;
1082 2824 1178 2878 deinde
1197 2829 1284 2878 motus
1297 2821 1487 2877 contractionis
1500 2819 1544 2875 vel
1556 2820 1682 2874 restituti-

57 2898 174 2963 stinatia,
189 2899 221 2952 fit
234 2917 284 2971 per
297 2900 524 2974 depredationem
539 2901 618 2966 airis,
628 2901 674 2973 qui
689 2901 812 2972 spiritum
824 2902 853 2957 in
891 2903 951 2958 onis
969 2921 987 2959 a
1006 2912 1082 2959 motu
1101 2902 1221 2974 corporis
1237 2902 1363 2973 proprio:
1384 2900 1430 2972 qni
1448 2899 1579 2972 posterior
1595 2905 1681 2953 motus

57 2994 172 3048 corpore
184 2987 281 3033 evocat
294 2988 323 3034 et
341 2982 459 3054 exsugit,
473 2989 501 3035 et
518 2982 547 3035 in
565 2998 594 3036 se
614 2982 852 3036 transubstantiat:
891 2982 956 3037 licet
969 2983 1003 3037 ad
1017 2983 1238 3039 condensationes
1252 2987 1363 3052 spectet,
1374 2987 1465 3035 tamen
1474 2981 1514 3034 ita
1524 2980 1682 3047 conjunctus

57 3056 153 3128 itaque
173 3059 251 3112 tarde
271 3058 324 3113 hoc
343 3060 374 3114 fit
394 3061 424 3115 in
444 3059 543 3115 oleosis
566 3067 594 3114 et
615 3060 769 3131 pinguibus,
789 3060 854 3132 quia
891 3068 933 3117 est
945 3078 1008 3117 cum
1021 3062 1119 3132 priore,
1133 3069 1165 3117 nt
1177 3061 1222 3116 hic
1236 3059 1403 3116 commodius
1416 3058 1525 3115 tractari
1538 3058 1642 3112 debeat.

56 3136 171 3205 spiritns
185 3143 214 3190 et
226 3136 366 3194 humidum
379 3139 501 3212 ipsorum
518 3155 572 3194 uon
592 3146 655 3193 aunt
671 3149 725 3194 tam
739 3140 853 3195 consub-

58 3213 198 3269 stantialia
212 3217 278 3272 aeri.

97 3294 126 3349 3.
148 3294 266 3364 Spiritus
284 3298 313 3351 in
333 3296 509 3369 tangibilibtn
528 3295 635 3372 (qualia
656 3293 791 3371 diximus)
809 3298 853 3353 de·

57 3373 217 3443 prodantur
237 3385 327 3445 partes
346 3377 421 3448 ipsas
440 3377 587 3432 crassiores
608 3377 729 3446 corporis
749 3377 779 3431 in
800 3393 854 3449 quo
938 3369 964 3425 l.
983 3370 1099 3428 Bscnaa
1109 3371 1202 3443 lignea
1215 3379 1242 3426 et
1256 3369 1357 3426 similia
1366 3368 1511 3424 flexionem
1524 3366 1682 3422 nonnullam

59 3451 240 3509 includuntur.
280 3455 355 3510 Nam
374 3455 494 3526 spiritus,
507 3455 555 3527 qui
570 3454 689 3527 proximi
706 3463 769 3509 sunt
787 3457 852 3522 adri,
891 3443 1038 3525 patiuntur,
1053 3452 1100 3506 scd
1114 3467 1163 3522 per
1176 3451 1249 3515 vim3
1270 3450 1319 3504 illa
1332 3458 1423 3503 autem
1432 3448 1474 3502 vis
1484 3446 1610 3502 distrahit
1622 3462 1683 3516 pnr-

58 3530 113 3602 ipai
127 3531 186 3585 aeri
206 3532 341 3599 obediunt,
356 3543 384 3589 et
401 3543 502 3590 exeunt
521 3535 590 3589 cito:
612 3542 639 3587 at
653 3534 698 3605 qui
716 3535 745 3588 in
764 3535 853 3607 magis
892 3541 933 3588 tes
947 3530 1095 3586 exteriores
1108 3530 1177 3602 ligni
1196 3532 1224 3584 in
1238 3529 1298 3584 loco
1316 3529 1363 3583 ubi
1382 3535 1511 3592 arcuatur,
1529 3535 1557 3580 et
1570 3525 1682 3596 compri-

59 3611 195 3680 proinndo
208 3614 328 3683 corporis
341 3614 388 3668 siti
407 3622 477 3679 suut,
492 3613 533 3668 illi
553 3622 645 3685 partes
663 3614 804 3668 interiores
819 3615 853 3669 ad
891 3612 942 3666 mit
961 3617 1052 3680 partes
1072 3610 1229 3664 interiores:
1254 3608 1327 3680 quod
1346 3609 1371 3662 si
1390 3608 1431 3661 vis
1452 3605 1500 3659 illa
1520 3604 1602 3674 paulo
1622 3613 1683 3674 post

56 3690 181 3757 jacentes
200 3691 396 3762 depredantur,
410 3702 440 3748 et
456 3709 555 3748 novum
573 3692 776 3764 inde-spiritum
795 3694 854 3765 gig·
891 3690 1052 3755 remittatur,
1073 3689 1190 3744 restituit
1210 3705 1239 3743 se
1263 3687 1395 3752 baculum,
1417 3692 1444 3739 et
1467 3684 1568 3749 resilit,
1589 3683 1638 3739 sed
1657 3682 1682 3736 si

59 3776 127 3823 nunt
139 3781 169 3824 et
178 3787 271 3825 secum
280 3771 413 3842 copulant,
423 3779 454 3826 ut
467 3789 521 3826 nna
529 3772 635 3826 tandem
648 3779 761 3826 exeant:
782 3774 853 3827 unde
891 3770 992 3825 diutius
1005 3769 1034 3823 in
1055 3786 1088 3823 ea
1104 3768 1226 3839 positura
1243 3768 1401 3831 detineatur,
1420 3764 1511 3836 figitur
1527 3764 1556 3817 in
1576 3778 1616 3827 ea,
1631 3779 1681 3817 nec

60 3848 91 3900 fit
108 3850 137 3903 in
153 3850 215 3904 istis
227 3851 385 3923 corporibus
399 3868 448 3921 per
461 3859 569 3906 aetatem
583 3858 611 3904 et
623 3868 726 3905 moram
739 3851 853 3906 diminu·
892 3850 979 3905 resilit
991 3847 1114 3918 amplius.

60 3928 99 3981 tio
111 3929 240 4000 ponderis
251 3953 259 3995 t
281 3930 353 4002 qaod
366 3931 425 3985 fieri
438 3947 495 3984 non
508 3936 607 4002 posset,
617 3929 671 3983 nisi
684 3947 748 4000 pars
762 3930 854 4002 aliqua
931 3930 959 3984 2.
980 3926 1084 3981 Similis
1097 3933 1140 3981 est
1149 3924 1217 3980 ratio
1230 3922 1440 3995 horologiorum,
1456 3919 1564 3996 (eorum
1578 3919 1683 3976 scilicet

60 4022 113 4061 nnn
127 4010 302 4079 pneumatica
314 4010 343 4063 in
361 4010 564 4080 pneumaticum
583 4009 685 4063 sensim
698 4016 852 4065 verteretur.
893 4024 955 4078 qum
967 4013 1110 4060 moventur
1123 4022 1172 4075 per
1185 4011 1315 4058 torturam
1328 3996 1514 4076 laminarum)
1534 4002 1563 4055 in
1584 3999 1681 4071 quibua

61 4085 134 4140 Nam
153 4088 265 4159 spiritus
283 4088 341 4157 jam
359 4088 445 4143 factus
464 4090 493 4142 in
512 4104 622 4159 corpore
644 4103 699 4142 non
717 4089 853 4160 ponderat,
893 4086 983 4142 videre
995 4093 1035 4140 est
1049 4086 1205 4139 continuum
1213 4091 1241 4137 et
1248 4084 1407 4156 graduatum
1417 4081 1511 4136 nixum
1520 4080 1682 4135 laminarum

61 4165 109 4218 sed
121 4166 195 4220 levat
207 4167 312 4238 pondus
326 4167 425 4237 potius.
892 4165 927 4220 ad
942 4183 971 4220 se
984 4164 1186 4219 restinrendnnn

100 4245 129 4297 4.
150 4244 235 4300 Multi
257 4253 376 4301 tumores
395 4246 425 4300 in
446 4245 603 4316 corporibus
624 4245 782 4300 animalium
802 4245 857 4301 dis·
933 4245 962 4299 3.
982 4244 1103 4309 Pennus,
1117 4250 1145 4298 et
1158 4241 1260 4296 similia
1278 4240 1381 4304 filacea,
1397 4238 1578 4294 extenduntur
1595 4237 1681 4306 majo·

62 4324 198 4378 cuduntur
211 4324 314 4395 absque
328 4324 520 4394 suppuratione
539 4330 587 4378 aut
604 4324 689 4389 sanie,
703 4340 752 4394 per
768 4325 856 4379 insen·
892 4340 950 4378 rem
963 4323 993 4377 in
1008 4322 1124 4387 modum,
1138 4328 1167 4376 et
1183 4321 1309 4376 resiliunt
1322 4319 1401 4373 citius
1421 4318 1548 4383 dimisaa3
1570 4334 1626 4372 non
1642 4333 1683 4371 re·

62 4401 141 4457 silem
153 4403 401 4474 nanspirationem,
414 4403 487 4459 versi
502 4402 585 4475 plane
597 4403 627 4457 in
646 4403 855 4475 pneumaticum,
893 4402 987 4457 siliunt
999 4401 1108 4472 lougius
1121 4401 1238 4455 detenta.

61 4488 91 4534 et
103 4482 249 4537 evolantes.
932 4484 962 4536 4.
985 4480 1063 4545 Caro,
1072 4498 1132 4550 quan
1142 4478 1229 4549 surgit
1242 4479 1270 4532 in
1280 4476 1405 4542 ventosis,
1415 4491 1470 4530 non
1480 4481 1521 4530 est
1528 4481 1623 4539 tumor,
1635 4475 1683 4529 sed

102 4560 128 4614 t.
148 4561 298 4616 Baculenta
310 4561 424 4616 tiatuosa
442 4561 559 4633 gignunt
570 4561 754 4626 ventositates,
769 4562 856 4616 succis
893 4560 1013 4616 violenta
1026 4559 1149 4614 extensio
1161 4557 1249 4612 carnis
1263 4555 1406 4627 integralis
1419 4572 1468 4627 per
1478 4554 1672 4609 attractionem.

63 4639 214 4695 nieversis
228 4640 258 4695 in
275 4642 419 4704 detumet
436 4650 536 4695 exeunt
552 4657 602 4711 per
615 4650 707 4695 ructus
724 4647 751 4693 et
768 4640 856 4710 crepi·
934 4639 960 4693 5.
983 4637 1096 4700 Qualem
1114 4636 1319 4692 rarefactionem
1333 4635 1438 4689 tolleret
1455 4637 1510 4699 aer,
1529 4635 1591 4703 (pro
1603 4633 1683 4687 modo

62 4725 121 4784 tus3
141 4720 227 4775 etiam
246 4727 338 4790 partes
359 4720 479 4773 internas
499 4719 648 4774 extendunt
666 4726 695 4773 et
712 4726 855 4791 torquent:
894 4717 1000 4773 scilicet
1019 4716 1176 4784 violentiam)
1196 4715 1244 4769 tali
1264 4715 1452 4785 experimento
1468 4713 1566 4767 elicere
1585 4712 1682 4782 possis.

63 4799 133 4866 qaod
146 4799 251 4853 iscium
265 4798 347 4852 etiam
361 4798 489 4853 alimenta
502 4798 589 4868 proba
603 4806 633 4853 et
651 4797 761 4853 laudata
774 4815 856 4870 quan·
894 4798 996 4867 Accipe
1011 4812 1091 4850 ovum
1105 4796 1227 4858 vitreum,
1240 4795 1269 4848 in
1284 4810 1338 4865 quo
1351 4794 1388 4848 sit
1401 4792 1522 4849 foramen
1534 4791 1681 4845 minutum:

63 4876 150 4948 doque
162 4878 199 4932 ob
212 4876 382 4932 debilitatem
395 4877 572 4932 functionum.
894 4892 996 4946 exsuge
1010 4877 1101 4929 adrem
1115 4873 1237 4928 anhelitu
1251 4880 1379 4945 quantum
1392 4879 1487 4942 potes3
1508 4870 1605 4924 deinde
1618 4869 1683 4921 affa-

104 4957 129 5011 ti.
150 4958 183 5011 ln
201 4957 277 5011 omni
297 4955 462 5021 alimentato,
476 4973 539 5010 cum
558 4972 623 5027 pars
644 4953 802 5010 alimentate
816 4962 855 5010 te·
895 4956 944 5008 tim
958 4954 1053 5008 obtura
1065 4953 1187 5008 foramen
1200 4952 1294 5023 digito,
1305 4959 1333 5006 et
1345 4968 1437 5022 merge
1448 4967 1528 5004 ovum
1540 4948 1569 5002 in
1585 4964 1683 5017 aquam

61 5035 141 5090 naior
160 5044 203 5091 est
223 5035 359 5100 alimento,
374 5033 421 5111 (nt
441 5034 552 5105 spiritus
574 5041 655 5105 atque
676 5035 788 5106 sanguis
807 5051 857 5104 per
894 5034 934 5086 ita
947 5033 1107 5087 obturatum.
1147 5032 1213 5087 Post
1226 5031 1290 5087 tolle
1303 5030 1426 5103 digitum,
1441 5036 1468 5083 et
1486 5025 1589 5082 videbis
1603 5042 1684 5080 ovum

62 5114 177 5169 arterias
199 5116 228 5169 in
250 5113 412 5170 animalibus
435 5114 551 5187 leviores
572 5121 642 5178 sunt,
670 5130 752 5185 quam
778 5112 855 5168 cibus
895 5111 1031 5166 attrahere
1045 5127 1152 5183 aquarn,
1162 5118 1265 5166 tantum
1276 5109 1387 5175 scilicet,
1398 5113 1530 5180 quantum
1543 5110 1683 5159 exsuctum

63 5198 95 5244 et
110 5192 213 5267 potua)
233 5184 346 5248 neceam
365 5201 408 5248 est
426 5201 458 5248 ut
476 5192 646 5248 alimentatio
663 5192 774 5248 inducat
791 5191 857 5246 dila·
895 5190 977 5245 fuerit
991 5191 1076 5255 aerim
1097 5199 1128 5245 nt
1141 5193 1195 5254 air,
1211 5190 1257 5261 qui
1270 5188 1408 5251 remansit,
1422 5186 1508 5257 possit
1524 5199 1683 5254 recuperare

62 5271 201 5327 tationem
894 5269 1129 5340 exporrectionem
1143 5286 1220 5324 suam
1234 5278 1361 5331 veterem,
1375 5282 1393 5320 a
1410 5281 1465 5336 qua
1483 5264 1569 5317 inerat
1583 5264 1609 5316 vi
1627 5260 1682 5316 dis·

107 5349 132 5409 7.
152 5350 280 5406 Omnium
295 5357 488 5422 operturarum,
503 5349 698 5416 dilatationem,
712 5357 741 5405 ct
757 5365 857 5421 expan-
895 5356 997 5403 tractua
1010 5355 1037 5402 et
1048 5356 1184 5404 extensus
1225 5346 1342 5401 Memini
1352 5350 1442 5399 autem
1452 5342 1566 5397 intrasse
1577 5358 1683 5412 aquam,

64 5427 170 5484 tionum
187 5428 316 5495 maxima,
336 5436 469 5501 quatenns
488 5430 523 5485 ad
539 5429 692 5501 analogiam
714 5429 786 5484 inter
800 5446 857 5485 cor·
895 5428 973 5500 quasi
987 5428 1022 5483 ad
1035 5427 1169 5483 decimam
1181 5432 1286 5499 partem
1299 5421 1420 5480 contenti
1433 5421 1484 5478 ovi.
1524 5420 1617 5477 Etiam
1629 5437 1684 5477 me·

893 3197 1103 3239 DIUTATIORES
1140 3198 1204 3239 slva
1236 3196 1459 3237 Dld'l'RACl'thlli!
1485 3197 1504 3236 A
1532 3194 1681 3236 VlOLBN'i'ld

1217 3277 1357 3317 matta.
