3800 5875
209 319 267 375 666
888 317 1026 373 THEMA
1045 315 1158 375 COELl.

210 477 403 533 astronomiam
414 476 591 541 mamistaet
604 476 675 530 male
689 475 799 539 credita,
814 484 900 531 artem
914 493 1004 531 curru·
1041 494 1181 547 pressuras
1205 476 1331 548 partium
1373 478 1546 548 inopinabile
1559 486 1650 533 autem
1672 490 1844 550 prornm

209 566 315 628 perunt
357 555 482 626 Simplex
503 563 595 609 nutem
619 556 671 609 erit
691 553 805 629 rejectio
824 564 852 608 et
870 555 1004 623 iudicium
1041 556 1256 612 sitransferatur
1270 558 1305 611 ad
1321 556 1417 612 mollia
1430 558 1474 610 uel
1492 557 1605 628 liquida.
1648 559 1767 613 Sestum
1788 574 1843 625 est,

210 645 347 698 nostrumr
368 635 550 705 nequeenim
573 643 679 703 tempus
696 633 902 688 refutationibus
916 642 1003 689 terere
1041 636 1113 706 quod
1136 636 1217 690 stella
1240 637 1276 691 sit
1298 636 1407 690 densior
1430 654 1494 707 pars
1516 638 1590 691 orbis
1608 638 1664 701 sui;
1691 637 1750 692 illue
1774 654 1843 693 vero

209 716 342 770 convenit
385 714 490 768 Horum
512 713 630 782 primum
651 712 790 784 estquod
811 714 904 767 omnia
921 730 1003 783 supra
1041 732 1130 785 neque
1156 724 1247 784 partes
1276 726 1345 778 sunt,
1369 732 1458 786 neque
1480 717 1628 771 densiores.
1670 717 1738 770 Nou
1766 721 1843 772 enim

209 794 302 850 lunam
322 793 451 847 inclusive
476 794 531 847 sint
556 792 780 862 incorruptibilia,
806 808 895 863 neque
918 809 1003 846 novas
1040 793 1212 864 homogeuea
1226 804 1288 849 sunt
1304 812 1366 848 cunr
1383 795 1493 859 aethere,
1508 804 1536 850 et
1553 797 1640 866 gradu
1662 804 1778 859 tautum,
1791 799 1842 852 ned

209 874 398 944 generationes
411 881 458 926 aut
469 872 631 926 mutationes
645 870 791 925 ullomodo
802 872 954 940 patiantur:
969 872 1002 926 de
1041 873 1122 942 plane
1137 872 1326 944 heterogeuea,
1338 882 1366 928 et
1378 874 1529 928 substantia
1547 876 1692 937 differimt3
1707 884 1792 945 atque
1807 895 1842 930 ea

209 969 265 1023 quo
277 952 343 1006 alibi
357 951 458 1005 dictum
473 959 523 1014 est,
539 951 609 1020 quud
631 951 667 1004 sit
686 951 842 1020 superstitio
861 956 890 1004 et
903 950 1002 1005 sanilo
1042 969 1148 1025 quoque
1172 954 1323 1007 substantia
1342 954 1432 1024 quoad
1450 954 1613 1008 densitatem
1635 955 1724 1007 rarior
1744 964 1794 1017 est,
1814 967 1843 1010 et

209 1033 314 1103 quium.
356 1030 457 1084 Verum
470 1048 506 1084 ex
519 1029 572 1083 hoc
592 1029 665 1083 fonte
685 1029 753 1084 iilud
772 1029 871 1100 ingena
891 1030 1002 1094 malum
1040 1033 1128 1101 magis
1137 1031 1274 1101 explicata
1282 1033 1498 1102 quamoetherea.
1519 1033 1842 1103 Suntetaliacmnpiura

210 1112 282 1182 quod
310 1127 345 1163 ex
372 1110 446 1163 omni
471 1108 608 1162 anomalia
631 1125 715 1163 novas
736 1116 824 1179 atque,
843 1115 874 1163 ut
896 1117 1001 1179 putant,
1040 1109 1141 1179 placita
1151 1110 1274 1177 ejusdem
1283 1111 1423 1175 vanitatis3
1438 1113 1486 1167 sed
1496 1112 1555 1165 haec
1563 1113 1601 1165 ad
1609 1112 1646 1174 id,
1658 1112 1731 1182 quod
1740 1116 1841 1184 agitur,

207 1189 366 1244 emendatas
387 1188 541 1258 confingant
563 1188 709 1241 astronomi
732 1187 860 1249 meuriss,
875 1195 904 1241 et
921 1188 1002 1243 rebus
1040 1189 1182 1244 sufficient.
1224 1191 1313 1261 Atque
1324 1190 1383 1244 heac
1394 1192 1427 1245 de
1441 1190 1549 1260 placitis
1563 1190 1754 1261 philosophie
1767 1195 1841 1247 circa

208 1270 311 1340 sepius
323 1278 452 1339 tanquam
466 1267 583 1321 fortuitis
592 1267 731 1335 applicant
744 1283 840 1319 causas
849 1273 966 1321 internas
976 1275 1002 1321 et
1039 1268 1244 1323 coelestiadiete
1257 1269 1321 1324 sint.
1361 1270 1438 1330 Quod
1447 1287 1513 1324 vero
1522 1270 1556 1324 ad
1566 1270 1742 1340 hypotheses
1755 1281 1840 1326 auro

208 1347 392 1403 invariabiles.
434 1345 588 1401 Secundum
614 1355 662 1409 est,
684 1345 757 1415 quud
779 1345 849 1400 coslo
870 1349 944 1413 (eum
967 1347 1001 1400 ait
1038 1363 1180 1403 nemorum
1193 1349 1297 1411 attinet,
1311 1349 1416 1403 inutilis
1430 1350 1487 1403 iere
1508 1357 1549 1403 est
1562 1367 1658 1403 earum
1673 1351 1839 1420 redargutio,

207 1427 312 1481 scilicet
336 1444 372 1481 ex
395 1426 513 1480 essentia
533 1426 628 1496 quinta
648 1434 676 1478 et
696 1425 807 1478 minime
829 1424 1000 1492 elementari)
1039 1444 1100 1496 qum
1113 1444 1164 1481 nec
1177 1428 1245 1497 ipsae
1258 1445 1309 1498 pro
1329 1429 1401 1482 veris
1419 1437 1585 1495 murentur,
1600 1437 1629 1482 et
1653 1429 1761 1498 possint
1779 1447 1838 1484 esse

208 1522 263 1559 nou
284 1513 437 1576 competant
456 1507 575 1559 actiones
595 1503 651 1559 ilbs
670 1504 840 1567 turbulenta,
862 1521 1000 1574 compres·
1038 1506 1128 1570 mrim,
1143 1512 1172 1560 et
1184 1507 1256 1560 inter
1271 1524 1302 1561 se
1319 1507 1471 1571 mauron,
1490 1516 1522 1562 ut
1542 1515 1634 1561 tamen
1654 1507 1839 1577 phaenomena

207 1586 300 1651 aionis,
325 1584 507 1647 relaxationis,
528 1583 699 1653 repulsionis,
718 1583 856 1645 cessionis,
876 1591 905 1637 et
924 1583 1000 1637 simi·
1038 1602 1115 1656 neque
1129 1585 1241 1648 salvent,
1255 1593 1283 1640 et
1296 1587 1465 1641 concinnent.
1506 1587 1603 1658 ltaque
1623 1588 1661 1639 ait
1680 1592 1836 1652 cautumn

208 1664 283 1728 lium,
297 1683 359 1737 quar
372 1664 498 1719 videntur
510 1662 639 1734 progigni
653 1679 670 1715 a
683 1661 800 1717 mobiba
813 1662 929 1732 quadam
938 1679 1000 1716 eor-
1038 1662 1134 1731 placet,
1148 1665 1219 1719 inter
1229 1665 1421 1719 astronomiam
1435 1673 1463 1719 et
1477 1665 1694 1735 philosophiam,
1709 1676 1837 1738 tanquam

207 1760 303 1814 porum
330 1753 357 1798 et
382 1743 491 1806 duritia,
516 1759 577 1814 qum
597 1740 733 1796 habentur
752 1757 802 1811 pro
824 1741 1000 1812 qualitatibus
1038 1742 1138 1797 soedera
1159 1744 1331 1798 convenienti
1349 1750 1377 1797 et
1396 1744 1528 1814 legitimo,
1543 1755 1575 1798 ut
1592 1745 1701 1799 scilicet
1719 1756 1837 1800 urano

207 1823 427 1879 elementaribus.
470 1823 539 1876 Haec
560 1838 625 1875 vero
650 1821 763 1877 assertio
787 1828 828 1875 est
855 1820 1001 1891 abnegatio
1037 1822 1093 1876 mia
1106 1822 1264 1893 probabeat
1283 1822 1458 1892 hypotheses,
1477 1841 1539 1894 qua
1558 1826 1683 1878 maxime
1703 1825 1837 1894 expedias

207 1903 327 1957 insolens
341 1910 370 1957 et
383 1901 527 1956 licentiosa
547 1918 637 1955 rerum
651 1907 795 1953 etsensus.
837 1899 999 1970 Ubicunque
1037 1909 1100 1955 sunt
1109 1902 1145 1955 ad
1154 1902 1315 1972 compendia
1325 1904 1508 1972 computandi,
1520 1903 1699 1973 philosophia
1709 1921 1766 1966 eaa
1777 1923 1837 1975 qun

206 1982 279 2036 enim
299 1998 396 2052 corpus
415 1978 538 2034 naturale
558 1980 676 2049 positum
694 1978 738 2043 ait,
752 1978 790 2031 ibi
805 1987 846 2033 est
866 1979 1001 2048 antitypia
1037 1981 1160 2049 proxime
1184 1982 1316 2035 accedunt
1339 1982 1374 2035 ad
1394 1984 1539 2036 veritatem
1562 1990 1677 2046 naturae,
1699 1992 1784 2054 atque
1808 1994 1838 2037 ut

207 2079 322 2133 quoque,
338 2060 419 2130 idque
433 2076 484 2129 pro
496 2059 577 2113 modo
589 2057 718 2126 corporis.
759 2057 921 2127 Ubicunque
935 2075 1001 2113 vero
1037 2060 1209 2115 astronomiae
1222 2060 1389 2131 hypotheses
1402 2063 1442 2115 rei
1456 2062 1564 2116 venisti
1578 2078 1634 2115 uon
1649 2063 1836 2132 praejudicent,

206 2157 320 2211 corpora
333 2138 473 2204 naturalia,
488 2145 515 2192 et
535 2145 623 2191 motus
637 2136 739 2201 localia,
753 2136 792 2189 ibi
807 2136 850 2190 vel
871 2136 998 2206 repulsio,
1037 2146 1064 2191 et
1084 2138 1267 2210 philosophiae
1284 2140 1392 2195 decreta
1411 2139 1477 2194 talia
1501 2142 1565 2202 sint,
1590 2158 1653 2212 quae
1678 2142 1734 2195 sint
1754 2160 1836 2212 super

206 2219 249 2273 vel
271 2218 365 2282 cessio,
388 2217 432 2272 vel
451 2217 548 2282 sentior
572 2215 631 2271 haec
653 2216 734 2280 enim,
755 2233 816 2287 qum
836 2216 908 2270 dicta
927 2227 998 2281 suut,
1036 2217 1218 2287 phaenomena
1244 2219 1415 2274 astronomica
1442 2220 1627 2290 explicabilia.
1685 2222 1776 2291 Atque
1801 2223 1835 2275 de

205 2298 378 2369 compressio,
399 2296 541 2361 relaxatio,
563 2296 690 2365 repulsio,
709 2296 804 2358 cessio,
821 2312 883 2350 cum
904 2295 999 2351 multis
1036 2296 1235 2365 hypothesibus
1247 2297 1287 2351 ita
1301 2307 1366 2352 esto.
1407 2299 1443 2352 At
1457 2300 1491 2353 de
1502 2299 1741 2355 obseruationibus
1754 2309 1836 2355 asmo

207 2377 278 2442 aliia,
305 2385 370 2433 aunt
401 2377 542 2447 passiones
575 2374 697 2429 materiis
728 2373 871 2429 catholicas
897 2373 999 2446 ubique
1035 2376 1158 2442 numicis,
1173 2394 1235 2449 quae
1248 2377 1451 2432 accumulantur
1466 2380 1587 2445 assidue,
1603 2396 1719 2450 qunque
1731 2381 1838 2451 jugiter

205 2457 336 2511 locurum.
377 2456 504 2510 Attamen
515 2472 550 2509 ex
563 2454 615 2509 hoc
628 2454 704 2508 fonte
718 2454 797 2509 uobis
805 2453 940 2508 emanavit
950 2453 999 2508 illa
1036 2454 1135 2509 acoelo
1145 2464 1274 2527 tanquam
1286 2473 1364 2527 aquae
1375 2459 1530 2522 scaturiunt,
1541 2457 1610 2512 illud
1624 2459 1836 2513 omninohumi·

205 2534 398 2607 multiplicatio
422 2534 582 2589 circulorum
606 2532 799 2604 perplexorum
820 2533 855 2588 ad
881 2531 998 2599 libitum,
1035 2550 1085 2590 nes
1108 2537 1226 2590 monitos
1245 2534 1385 2599 volumus3
1408 2553 1442 2591 ue
1462 2537 1531 2591 forte
1549 2537 1583 2591 de
1602 2536 1660 2591 illis
1683 2554 1780 2592 rerum
1793 2541 1835 2604 eit,

205 2631 274 2686 quos
288 2624 379 2669 tamen
388 2613 481 2669 volunt
493 2615 534 2667 ita
547 2621 574 2668 et
584 2613 739 2683 consignari
751 2612 822 2667 inter
835 2629 873 2678 se,
887 2620 916 2665 et
928 2611 998 2666 alios
1035 2612 1109 2684 qnod
1118 2615 1258 2686 eleganter
1267 2614 1378 2685 tingitur
1391 2615 1425 2670 de
1439 2634 1533 2670 musca
1542 2617 1649 2686 AEsopi,
1662 2635 1724 2688 quse
1738 2619 1836 2674 sedens

204 2695 276 2750 intra
290 2693 358 2749 alios
370 2694 472 2749 moveri
486 2701 514 2747 et
526 2693 602 2757 verti,
621 2698 697 2746 tanto
716 2691 815 2746 loevure
835 2700 863 2746 et
884 2691 997 2746 lubrici-
1035 2709 1117 2762 super
1136 2703 1272 2748 temonem
1293 2711 1389 2750 currus
1402 2695 1559 2765 Olympici3
1581 2702 1597 2727 ‘⁸
1612 2696 1778 2761 Quantum·
1792 2699 1836 2750 in·

125 2830 127 2832 ,
203 2773 400 2841 tete,utnulls
418 2773 598 2828 nihilominus
611 2772 647 2827 ait
666 2771 816 2841 impeditio,
834 2770 912 2826 nulla
931 2770 998 2824 fluc-
1036 2772 1103 2842 quit,
1119 2779 1135 2805 “
1149 2772 1289 2844 pulverem
1310 2790 1364 2845 ego
1383 2775 1517 2830 excito!”
1560 2775 1602 2829 lta
1615 2776 1774 2830 observatio
1786 2777 1837 2830 ali·

203 2853 308 2918 tuatim
323 2871 385 2925 quae
399 2853 490 2907 omnia
504 2851 678 2921 phantastica
690 2849 771 2920 plane
789 2859 851 2905 sunt
869 2858 897 2905 et
916 2850 998 2904 rebus
1036 2867 1091 2921 qua
1104 2852 1213 2923 pusilla,
1227 2869 1313 2923 eaque
1327 2854 1490 2924 quandoque
1507 2854 1698 2918 instrumento,
1712 2856 1836 2927 quando-

203 2931 341 2989 insultant.
381 2933 504 2988 Tertium
527 2939 576 2996 est,
598 2929 670 3002 quod
696 2928 812 3001 singulis
838 2928 997 3000 corporibus
1035 2948 1088 3001 que
1102 2931 1188 2996 oculo,
1202 2932 1362 3004 quandoque
1375 2932 1480 2989 calculo
1494 2935 1625 2999 titubante
1640 2953 1759 3007 qunque
1778 2953 1838 3006 pus·

203 3013 372 3068 naturalibus
391 3012 492 3084 singuli
506 3019 659 3081 competant
676 3017 765 3065 motus
784 3010 903 3080 propriir
924 3016 954 3064 et
974 3010 998 3064 si
1035 3011 1070 3065 sit
1083 3028 1144 3067 ease
1157 3021 1269 3084 propter
1281 3028 1374 3068 veram
1388 3013 1508 3084 aliquam
1518 3015 1548 3068 in
1560 3014 1634 3069 coelo
1646 3017 1836 3076 mutationem.

202 3093 295 3163 plures
309 3093 480 3146 inveniantur
499 3098 595 3153 motus,
615 3105 718 3155 omnes,
732 3097 848 3160 exceptu
868 3104 930 3154 uno,
944 3088 999 3143 sint
1034 3106 1119 3145 novos
1139 3092 1231 3157 coeloe,
1253 3101 1282 3147 et
1300 3108 1385 3147 novas
1404 3093 1534 3164 spherus,
1549 3101 1578 3148 et
1590 3093 1711 3148 circulos
1723 3097 1836 3150 excitat.

203 3171 319 3236 aliunde,
331 3180 358 3226 et
371 3187 407 3225 ex
416 3177 539 3226 movente
553 3169 646 3240 aliquo
657 3176 790 3239 separato.
834 3168 998 3229 Quuialsius
1033 3168 1134 3241 Neque
1151 3170 1212 3226 heac
1230 3188 1264 3226 eo
1284 3171 1407 3239 dicimus,
1426 3173 1499 3244 quod
1513 3173 1616 3228 remitti
1629 3174 1731 3228 debeat
1745 3176 1837 3246 aliqua

203 3251 332 3322 quicquid
346 3267 395 3305 nec
405 3250 555 3320 excogitari
569 3256 733 3319 potestcum
743 3248 870 3303 universa
883 3264 998 3318 corpora
1034 3249 1169 3304 industria
1182 3252 1399 3306 observationum
1412 3260 1441 3306 et
1460 3252 1592 3318 historie,
1606 3269 1691 3324 quam
1711 3256 1836 3309 munibus

203 3347 240 3385 ex
248 3329 391 3400 multiplici
405 3346 494 3384 rerum
505 3345 637 3384 consensu
647 3328 764 3382 motibus
778 3328 861 3382 etiam
874 3327 998 3399 pluribus
1034 3329 1121 3383 modis
1135 3331 1285 3385 acuendam
1303 3339 1331 3385 et
1351 3331 1543 3387 intendendam
1564 3349 1626 3386 esse
1647 3333 1776 3398 humus,
1788 3335 1835 3388 sed

203 3411 315 3479 predita
331 3411 393 3472 sint,
407 3408 470 3463 aliis
491 3408 699 3472 dominantibus,
719 3406 782 3462 aliis
799 3406 997 3463 succumbenti·
1035 3410 1220 3464 tantummodo
1233 3418 1264 3465 ut
1277 3410 1440 3465 adhibeatur
1459 3411 1615 3481 pmdentia,
1631 3419 1659 3466 et
1678 3429 1794 3475 namma,
1807 3419 1835 3466 et

202 3488 261 3553 bus,
276 3488 338 3544 aliis
351 3490 434 3543 etiam
448 3487 595 3542 latentibus
608 3487 663 3542 nisi
676 3495 871 3557 provocenture
893 3487 997 3557 proprii
1035 3488 1129 3543 sedata
1138 3489 1234 3558 judicii
1248 3490 1395 3555 maturitas.
1409 3490 1440 3543 in
1452 3491 1617 3560 abjiciendis
1629 3500 1679 3547 aut
1698 3493 1834 3547 mutandis

203 3575 292 3623 autem
306 3585 396 3624 rerum
414 3576 502 3623 motus
515 3566 584 3622 nulli
597 3567 652 3621 sint
664 3567 720 3621 nisi
734 3582 870 3622 mensuras
883 3574 996 3633 exacte,
1034 3566 1240 3637 hypothesibus.
1279 3570 1376 3640 ltaque
1389 3571 1528 3640 patefacta
1538 3573 1597 3639 jam
1611 3572 1658 3624 via
1667 3571 1703 3625 de
1717 3573 1834 3626 moulins

203 3655 232 3702 et
244 3648 317 3703 modi
338 3656 461 3703 motuum
481 3648 675 3702 communium.
716 3646 806 3717 Atque
820 3646 885 3701 hinc
904 3662 998 3702 rursus
1034 3647 1103 3717 ipsis
1116 3648 1237 3703 dicemus
1258 3664 1346 3718 pauca
1363 3650 1431 3703 etin
1452 3667 1561 3722 genere.
1602 3650 1725 3711 Quatum
1746 3662 1834 3705 autem

201 3728 281 3783 nobis
304 3727 406 3797 prodiit
427 3726 544 3798 primum
567 3726 669 3781 mobile
692 3731 856 3797 separatum,
879 3733 909 3780 et
931 3726 996 3781 culi
1034 3743 1136 3795 genera
1148 3744 1209 3782 esee
1223 3728 1342 3782 diximus
1352 3736 1473 3784 motuum
1484 3731 1619 3796 maiorum
1629 3731 1660 3784 in
1671 3730 1833 3785 mle-uiua

203 3824 285 3876 super
298 3807 389 3872 coeloe,
405 3815 432 3861 et
449 3805 669 3861 inmdiiicatiunea
686 3822 764 3860 novas
777 3805 953 3869 continentur,
968 3813 998 3860 ut
1034 3805 1142 3862 Motum
1161 3823 1210 3877 per
1231 3808 1394 3877 profundum
1412 3808 1479 3863 eceli
1500 3808 1672 3864 attollentem
1694 3817 1722 3864 et
1742 3811 1834 3864 demit-

201 3894 323 3942 motnum
350 3893 406 3940 taur
433 3885 600 3940 diversorum
626 3884 844 3955 praestationibus
871 3885 997 3939 sufficere
1033 3893 1147 3952 tentem;
1168 3893 1271 3942 motum
1294 3903 1344 3958 per
1359 3887 1532 3944 latitudinem
1551 3888 1657 3943 aodiaei
1677 3892 1834 3959 exspatian-

201 3967 314 4036 possint
342 3965 471 4027 Quartum
486 3972 535 4029 est,
551 3964 623 4036 quod
636 3981 730 4021 omnes
744 3962 996 4019 motuacoelestium
1033 3971 1089 4019 mm
1102 3965 1137 4019 ad
1150 3974 1272 4023 austrum
1292 3974 1321 4021 et
1333 3967 1460 4033 boream
1481 3976 1586 4022 motum
1599 3985 1652 4038 per
1664 3985 1833 4039 consequen·

201 4044 391 4114 dispeuoentur
404 4061 454 4115 per
463 4043 580 4100 circulos
595 4044 745 4114 periectos;
767 4043 839 4114 quod
852 4060 997 4099 onerosum
1034 4044 1108 4098 tiam
1116 4045 1220 4100 zodiaci
1234 4045 1326 4111 eitum,
1340 4047 1454 4111 tardum,
1474 4048 1690 4119 progressuum,
1700 4055 1833 4118 retrogra-

201 4123 280 4178 relde
291 4133 339 4189 est,
350 4131 377 4178 et
390 4132 514 4194 portenta
526 4124 576 4178 iila
589 4124 802 4178 eecentricorum
815 4129 843 4177 et
856 4123 993 4193 epicyclo«
1033 4122 1105 4188 dum,
1133 4126 1295 4189 statarium3
1330 4133 1358 4179 et
1381 4134 1485 4181 motum
1512 4126 1697 4197 elongationis
1723 4144 1741 4182 a
1766 4126 1830 4182 sule.

201 4220 261 4258 rum
274 4204 354 4258 nobis
367 4205 491 4274 peperit3
512 4220 575 4258 cum
591 4211 691 4266 tamen,
706 4203 730 4257 si
749 4209 874 4257 naturam
894 4219 996 4257 eonsu-
1033 4203 1132 4274 Neque
1155 4205 1266 4273 objiciat
1290 4205 1434 4276 quispiam,
1458 4213 1562 4281 motum
1581 4204 1661 4261 illum
1686 4206 1831 4261 seeundum

201 4280 322 4347 luissent,
332 4291 420 4336 motus
431 4282 569 4337 ordinatus
582 4290 611 4336 et
623 4282 764 4337 uniformis
778 4282 814 4336 sit
826 4282 921 4335 circuli
936 4299 997 4352 per·
1034 4281 1191 4348 latitudinis,
1205 4285 1262 4338 sive
1274 4284 1429 4347 ducenum,
1440 4286 1560 4355 potuisse
1569 4285 1667 4340 referri
1682 4286 1719 4340 ad
1733 4295 1831 4340 motum

202 4361 283 4424 iecur
303 4369 393 4416 motus
405 4378 471 4417 vero
483 4362 631 4426 ordinatus,
646 4361 694 4416 sed
708 4359 891 4425 multiformis,
906 4361 996 4430 qualia
1033 4360 1111 4416 illum
1127 4379 1258 4434 magnum
1276 4364 1432 4428 carminum,
1456 4381 1518 4419 cum
1538 4365 1577 4420 sit
1592 4364 1739 4419 inclinatio
1757 4364 1831 4418 altm-

201 4440 337 4496 inrenitur
360 4441 389 4494 in
413 4440 568 4496 coelestibus
596 4440 789 4511 compluribus,
816 4441 852 4493 sit
879 4439 994 4494 aliarum
1032 4457 1102 4496 naua
1115 4458 1210 4498 uersus
1223 4450 1345 4498 courum
1359 4451 1387 4498 et
1404 4444 1522 4507 boream,
1535 4443 1609 4515 quod
1629 4453 1658 4498 et
1677 4445 1763 4515 spirae
1780 4443 1830 4498 ilisa

202 4519 352 4584 linearum
374 4521 525 4592 meritoque
551 4521 689 4575 Gilbertua
710 4519 770 4575 hnc
789 4519 901 4584 deridet,
923 4521 996 4590 quod
1033 4521 1068 4574 de
1081 4523 1185 4592 tropico
1198 4522 1227 4577 in
1242 4523 1375 4593 tropicum
1396 4523 1523 4577 similiter
1534 4530 1606 4585 sunt,
1620 4523 1675 4577 nisi
1698 4524 1771 4595 qnod
1786 4523 1829 4576 iiie

202 4616 257 4654 non
270 4598 418 4654 verisimile
441 4599 480 4653 ait
498 4607 623 4655 naturam
642 4599 805 4654 confinxisse
824 4607 906 4663 rotae,
926 4616 995 4670 qun,
1033 4608 1123 4655 motus
1137 4602 1174 4656 ait
1186 4608 1292 4656 tautum
1306 4602 1558 4673 spimliaisteveru
1568 4601 1654 4656 etium
1667 4603 1794 4657 sinuosus
1804 4610 1830 4655 et

202 4677 324 4748 exempli
337 4679 432 4749 gratia,
443 4679 472 4733 in
486 4680 600 4734 circuitu
612 4679 770 4733 contineant
783 4678 900 4733 milliare
911 4694 996 4733 unum
1033 4680 1182 4734 minoribus
1202 4681 1289 4735 multo
1307 4681 1469 4736 intervallis.
1509 4682 1609 4752 Neque
1627 4683 1704 4736 enim
1719 4683 1771 4737 hoc
1783 4697 1830 4735 uus

202 4766 251 4814 aut
263 4758 386 4823 alterum,
400 4758 436 4812 ad
450 4759 502 4813 hoc
517 4765 546 4812 ut
560 4759 663 4813 feratur
676 4758 733 4829 pilu
746 4756 883 4827 palmaria
925 4758 996 4812 Tan·
1033 4758 1113 4829 fugit.
1155 4759 1209 4814 Sed
1229 4760 1309 4830 plane
1329 4777 1384 4816 non
1404 4761 1469 4815 sinit
1488 4769 1615 4815 onustam
1636 4769 1666 4814 et
1684 4770 1828 4833 perpetum

202 4839 268 4894 tulra
280 4839 354 4893 enim
368 4838 562 4910 magnitudinis
575 4839 680 4892 videtur
693 4855 753 4892 esse
766 4853 865 4907 corpus
878 4835 997 4906 planetae
1034 4847 1123 4893 motus
1136 4838 1201 4894 solis
1215 4839 1245 4892 in
1258 4839 1385 4910 ecliptica
1398 4840 1500 4911 abeqffi
1511 4839 1656 4895 latitudine
1670 4850 1700 4895 et
1714 4840 1828 4895 duceni·

202 4918 236 4971 ad
250 4935 305 4982 eos,
320 4934 388 4990 quoa
406 4917 442 4971 ad
462 4917 636 4973 deferendum
656 4916 726 4971 illud
744 4917 857 4987 tingunt,
872 4915 996 4970 circulos
1034 4917 1092 4981 bus,
1107 4919 1154 4989 qui
1168 4925 1260 4973 tamen
1272 4918 1314 4974 sul
1328 4921 1509 4974 communicat
1521 4936 1584 4974 cum
1597 4920 1709 4975 crateris
1718 4918 1828 4991 maneus

202 4996 332 5058 Quintum
345 5005 394 5063 est,
408 4997 481 5068 quod
500 4996 585 5051 atellae
602 4997 658 5050 sint
677 5002 769 5066 partes
785 4995 858 5050 orbis
877 4996 920 5049 sui
939 5002 998 5049 tau·
1035 4997 1125 5068 quoad
1138 4998 1225 5068 spiras
1239 4998 1311 5053 inter
1324 4998 1449 5069 tropicus,
1463 5015 1513 5052 nos
1525 4999 1555 5052 iu
1567 4998 1621 5053 hac
1632 5000 1763 5069 opiuime
1777 5015 1828 5052 rer·

202 5093 285 5146 quam
299 5077 376 5130 clavo
389 5077 462 5130 fixis.
502 5075 563 5129 Hoc
577 5075 852 5130 vercevidentissimc
867 5083 911 5130 est
922 5091 997 5129 com·
1035 5076 1098 5131 sari.
1151 5078 1246 5147 ltaque
1268 5077 1316 5131 alii
1337 5078 1425 5132 funus
1448 5087 1477 5131 et
1500 5077 1583 5146 hujus
1610 5085 1639 5131 et
1666 5078 1827 5150 reliquom

201 5164 324 5210 mentum
332 5173 432 5220 eorum,
440 5156 487 5226 qui
498 5153 673 5219 mathemata,
680 5171 733 5208 non
741 5161 865 5209 naturam
872 5161 997 5218 tractant,
1035 5155 1117 5209 trium
1130 5164 1251 5211 motuum
1265 5156 1486 5229 quarendiaunt.
1528 5156 1618 5228 Atque
1628 5156 1692 5211 haee
1703 5167 1766 5213 suut
1776 5155 1826 5218 illa,

202 5243 284 5305 utque
308 5243 410 5288 motum
433 5249 577 5304 corporum
596 5240 700 5287 tantum
724 5234 832 5304 stupide
853 5234 997 5298 intuentes,
1036 5251 1097 5305 quse
1117 5234 1190 5288 circa
1210 5245 1299 5290 motus
1318 5236 1471 5290 coelestium
1491 5235 1570 5290 nobie
1591 5237 1723 5291 sidentur
1743 5237 1825 5291 minus

202 5313 412 5367 substantiarum
441 5313 552 5367 omnino
583 5311 783 5366 obliviscuntur.
839 5312 897 5368 lata
922 5314 998 5368 enim
1035 5312 1136 5368 habere
1157 5314 1328 5369 incommodi
1379 5314 1532 5370 Videndum
1550 5331 1616 5369 sero
1635 5315 1703 5387 quid
1723 5322 1825 5386 negent

201 5390 305 5457 finatis,
320 5391 492 5462 particularis
505 5399 548 5447 est
561 5390 673 5445 effeetus
686 5407 777 5445 rerum
796 5402 998 5463 compactarum
1035 5400 1063 5446 et
1077 5393 1141 5463 quid
1155 5394 1295 5449 affirment
1337 5395 1451 5465 Negant
1464 5402 1564 5449 terram
1577 5402 1680 5449 rotare.
1721 5396 1826 5464 Negant

202 5477 231 5522 et
241 5470 452 5537 emsistentium,
463 5487 525 5542 quau
539 5470 630 5526 firmas
644 5469 747 5525 habent
758 5469 954 5539 prehensiones
964 5471 999 5527 ob
1035 5489 1095 5526 esse
1110 5472 1139 5526 in
1151 5472 1309 5530 coelestibus
1321 5473 1390 5528 duos
1404 5480 1494 5528 motus
1506 5473 1542 5528 ab
1555 5475 1663 5530 oriente
1675 5473 1702 5530 in
1712 5475 1823 5530 ooeueu
