3800 5875
227 327 285 386 tto
736 329 787 386 DE
809 329 1034 387 AUGMENTIS
1056 329 1331 387 sctau‘rtaltuut.
1722 326 1781 384 Lm.
1800 329 1819 383 l.

225 487 329 558 scapha
347 505 437 542 rerum
457 504 567 543 suarum
587 493 711 557 receptus
731 489 810 544 detur
826 496 854 543 et
874 490 1016 560 effugium.
1055 488 1165 544 t'ateudo
1190 489 1301 555 scilicet,
1322 487 1393 559 quod
1412 487 1447 541 ad
1466 485 1541 557 vulgi
1560 489 1675 557 captum,
1695 491 1722 541 ct
1739 486 1827 541 ιιιιιιιι

225 568 263 621 At
289 574 389 630 contra,
418 568 464 637 qui
488 568 638 623 officiorum
662 568 792 635 pondera,
820 577 848 623 et
873 569 1015 639 philautiae
1054 568 1220 637 popularem,
1235 586 1291 639 prae
1305 584 1334 622 sc
1348 563 1657 629 serretnoonullaleria,
1667 565 1827 635 atqueetiam

225 646 327 701 limites
340 648 496 710 didicerunt,
507 648 600 702 munia
613 648 864 718 euastationesque,
876 648 940 702 licet
954 665 1015 702 cum
1055 647 1194 712 deformia,
1213 665 1275 701 cum
1297 654 1387 700 mmeu
1407 645 1492 699 animi
1511 645 1636 698 interiora
1653 644 1762 699 summis
1779 653 1827 699 tam

225 725 355 795 periculo,
370 735 485 780 tuentur.
526 726 641 787 Quodsi
660 727 727 781 sorte
749 727 898 781 incolumes
912 743 1015 796 perma·
1055 725 1235 791 facultatibus,
1251 743 1333 798 quam
1346 724 1489 780 virtutibus
1503 731 1592 777 essent
1605 722 1716 794 repleta.
1748 723 1826 794 Atque

225 812 308 858 neant
320 805 348 858 in
360 805 545 868 seditionibus,
560 814 589 859 et
603 823 692 860 rerum
706 806 906 872 mutationibus,
919 823 973 860 uou
987 807 1014 859 id
1054 805 1087 859 de
1102 806 1221 860 moribus
1234 805 1401 859 literatorum
1415 804 1475 858 hoe
1489 802 1628 857 hactenus.

225 884 328 938 artibus
349 892 396 938 aut
408 884 528 939 versatili
550 885 668 954 ingenio,
688 884 736 938 sed
756 887 914 940 reverentia
932 903 1014 957 quam
1095 885 1206 939 Interim
1232 901 1341 939 monere
1363 884 1460 954 placet,
1478 898 1528 937 uos
1549 882 1619 937 nihil
1642 881 1729 936 miuus
1747 898 1826 951 agere,

225 963 345 1032 probitas
367 963 448 1017 etiam
471 964 506 1016 ab
525 962 648 1018 hostibus
669 973 819 1035 extorquet,
835 966 1013 1020 tribuendum.
1054 980 1135 1033 quam
1150 971 1179 1016 ut
1192 965 1390 1034 patrocinemur
1401 961 1559 1034 quibusdam
1572 962 1750 1032 professorum
1762 961 1828 1015 iusti·

226 1041 369 1106 Craterum,
382 1041 453 1113 quod
466 1043 563 1097 attinet
582 1043 617 1097 ad
631 1043 694 1097 tidei
712 1044 899 1108 constantiam,
913 1052 941 1098 et
956 1045 1014 1098 otli·
1054 1044 1117 1096 tutis
1131 1043 1244 1111 abjectis
1259 1051 1287 1097 et
1299 1042 1420 1106 sordidis,
1432 1041 1530 1113 quibus
1541 1048 1567 1094 et
1580 1058 1609 1094 se
1619 1041 1735 1109 ipsoaet
1744 1039 1826 1094 literas

225 1121 330 1175 ciorum
344 1122 512 1192 religionem,
523 1139 591 1192 quas
605 1131 677 1177 certe
699 1124 797 1178 animis
819 1122 961 1177 hominum
975 1124 1015 1177 iu·
1053 1121 1281 1177 dehonestatum:
1302 1121 1397 1192 quales
1411 1128 1489 1175 erant
1503 1120 1575 1189 apud
1587 1120 1730 1181 Romanos,
1741 1118 1826 1172 seculis

225 1201 291 1254 serit
312 1201 434 1265 eruditio,
458 1210 594 1274 utcunque
617 1219 658 1256 cra
681 1203 841 1273 quandoque
862 1220 880 1256 a
906 1202 1015 1256 fortuna
1053 1201 1254 1271 posterioribus,
1268 1200 1426 1271 philosophi
1437 1199 1545 1270 quidam
1556 1198 1586 1252 iu
1595 1197 1706 1252 familiis
1718 1197 1825 1262 clintum,

224 1278 393 1345 mulctentur,
408 1287 455 1334 aut
468 1297 504 1335 cx
525 1281 670 1335 malesanis
684 1281 853 1353 politicorum
872 1281 1015 1351 principiis
1053 1297 1259 1351 mensarumque
1283 1296 1375 1334 eorum
1401 1277 1520 1340 assecla
1541 1294 1608 1349 quos
1630 1276 1704 1332 haud
1725 1277 1824 1331 absurde

225 1359 444 1424 condemnentur,
468 1367 558 1414 tamen
583 1359 673 1430 palam
697 1359 802 1414 scilicet
826 1361 898 1431 apud
921 1377 1015 1415 omnes
1053 1358 1128 1413 dicas
1147 1360 1273 1414 barbatos
1291 1362 1431 1429 parasitos.
1472 1358 1559 1425 Cujus
1575 1357 1686 1429 generis
1705 1355 1824 1428 quendam

223 1437 332 1492 laudem
345 1439 470 1504 referent,
485 1438 628 1505 utiuhsc
642 1456 679 1504 re,
694 1438 777 1510 longa
790 1439 947 1495 defensione
960 1457 1015 1494 non
1052 1437 1142 1508 lepide
1169 1439 1299 1492 describit
1325 1438 1469 1502 Luciauus,
1490 1453 1569 1507 quem
1597 1446 1719 1491 matrona
1740 1435 1825 1489 nobilis

224 1518 261 1571 sit
274 1535 350 1588 opus.
1053 1516 1172 1571 catulum
1191 1535 1270 1572 suum
1290 1516 1441 1571 Melitaenm
1460 1518 1489 1571 in
1510 1514 1594 1570 rheda
1614 1525 1721 1587 gestare
1737 1514 1823 1568 soluit:

264 1597 348 1651 Aliud
361 1595 459 1652 vitium
473 1597 589 1651 literatis
602 1597 743 1662 familiare,
758 1598 830 1669 quod
848 1597 955 1652 facilius
969 1613 1016 1652 ex·
1053 1598 1199 1667 quodcum
1213 1596 1260 1651 ille
1272 1597 1398 1660 officiose,
1413 1596 1461 1650 sed
1474 1595 1630 1649 indecenter
1642 1595 1747 1658 iaceret,
1758 1594 1824 1664 pusio

222 1677 311 1731 cusari
325 1684 422 1746 potest,
434 1693 514 1748 quam
525 1678 635 1749 uagari:
656 1677 723 1731 illud
733 1677 868 1741 nimirum,
879 1677 950 1747 quod
961 1693 1014 1730 non
1053 1675 1238 1731 subsannans:
1270 1681 1286 1707 “
1299 1676 1428 1740 Vereor,”
1456 1675 1551 1746 inquit,
1576 1680 1591 1706 ‘⁴
1605 1691 1641 1728 ue
1664 1672 1825 1744 philosophus

223 1754 304 1809 facile
318 1773 347 1810 se
362 1757 506 1826 applicent,
522 1765 549 1809 et
567 1756 776 1821 accommodent,
792 1774 857 1828 erga
876 1773 1014 1825 personas,
1053 1762 1175 1809 nosterc
1197 1755 1288 1810 Stoico
1310 1757 1358 1808 fiat
1379 1754 1525 1823 cynicus.”
1568 1752 1640 1808 Ante
1661 1753 1749 1807 omnia
1764 1768 1823 1814 sero,

224 1835 385 1904 quibuscum
399 1836 578 1906 negotianmr,
593 1837 755 1889 autrivunt.
796 1836 847 1896 Qui
862 1836 1013 1890 desectuse
1052 1833 1122 1888 nihil
1135 1841 1190 1888 tam
1204 1834 1295 1888 offecit
1308 1834 1447 1888 literarum
1461 1832 1596 1904 dignitati,
1612 1848 1694 1903 qoam
1710 1840 1825 1885 crassaet

224 1913 329 1968 duabus
343 1914 427 1968 oritur
440 1915 538 1968 causis.
581 1915 673 1969 Prima
687 1924 728 1969 est
742 1915 825 1969 animi
839 1915 925 1984 ipsius
939 1932 1014 1984 mag-
1051 1914 1138 1982 turpis
1152 1912 1279 1977 adulatio,
1293 1913 1327 1966 ad
1342 1930 1422 1984 quam
1436 1911 1521 1978 multi,
1535 1928 1625 1983 neque
1644 1913 1673 1966 hi
1692 1911 1825 1972 indocti,et

223 1992 327 2055 nitndo,
342 2001 548 2064 propterquam
563 2010 635 2062 segre
650 2010 679 2047 se
693 1994 833 2047 demittere
853 2002 966 2064 possunt
980 1994 1013 2047 ad
1051 1992 1171 2047 ιιιιιιιιοι
1183 2001 1213 2046 ct
1225 1993 1336 2063 ingenia
1355 1992 1511 2053 submisere,
1529 1990 1704 2046 “Hecubam
1716 1991 1743 2045 iu
1757 1987 1824 2042 iiele

223 2072 423 2125 observantiam
451 2072 530 2126 unius
557 2072 674 2141 alicujus
706 2071 834 2128 hominis.
889 2072 1014 2127 Amantia
1051 2087 1123 2135 uam,
1141 2072 1298 2127 Faustinam
1315 2072 1344 2125 in
1365 2071 1536 2126 Ιιιιιιιιιιιιιη
1555 2073 1599 2138 (ut
1620 2071 1659 2124 sit
1678 2065 1824 2136 Du-Bartas)

223 2150 305 2203 rerba
327 2158 396 2214 sunt,
416 2167 470 2204 non
495 2151 644 2221 sapientia:
673 2151 771 2205 “Satis
793 2168 923 2221 magnum
944 2152 1014 2206 alter
1051 2151 1279 2206 transformantes.
1321 2152 1420 2221 Neque
1441 2167 1506 2205 vero
1527 2150 1611 2204 nimis
1633 2149 1714 2204 laudo
1738 2163 1824 2202 morem

224 2228 302 2282 alteri
316 2229 452 2283 theatrum
466 2231 584 2285 sumus.”
625 2232 724 2302 Neque
735 2239 826 2285 tamen
839 2232 943 2285 inficias
958 2232 1011 2296 ibo,
1050 2229 1128 2284 illum
1154 2239 1293 2301 receptum
1320 2229 1403 2284 libros
1430 2230 1550 2299 patronis
1575 2228 1753 2299 nuncupandi,
1774 2243 1824 2279 cum

222 2307 310 2371 illum,
326 2308 372 2378 qui
387 2309 472 2363 aciem
488 2310 580 2374 animi,
590 2310 676 2365 instar
685 2310 765 2374 oculi,
776 2327 830 2364 non
841 2312 926 2381 possit
934 2329 1013 2382 reque
1051 2307 1120 2374 libri,
1135 2310 1285 2380 praesertim
1300 2310 1346 2381 qui
1360 2308 1412 2364 hoc
1427 2309 1535 2363 nomine
1553 2308 1692 2378 dignandi,
1704 2308 1732 2361 in
1744 2306 1825 2360 verita·

223 2386 391 2451 contrahere,
403 2405 434 2441 nc
443 2388 564 2454 dilatare,
572 2390 674 2459 insigni
685 2389 813 2444 facultate
824 2390 858 2444 ad
867 2407 910 2444 res
918 2407 1013 2461 geren·
1051 2388 1087 2441 tis
1100 2397 1203 2444 tanturm
1224 2397 1252 2442 et
1275 2389 1387 2443 rationis
1408 2387 1562 2443 clientelam
1580 2405 1611 2441 se
1633 2388 1697 2441 dare
1716 2386 1823 2440 debeant

223 2465 272 2520 das
286 2482 346 2519 esse
360 2467 492 2522 orbatum.
527 2468 650 2522 Secunda
663 2486 728 2523 vero
741 2485 822 2523 causa
836 2478 878 2524 est
891 2471 1012 2541 probitas
1050 2466 1151 2522 Melius
1174 2476 1284 2533 veteres,
1307 2468 1353 2539 qui
1374 2485 1428 2522 non
1452 2466 1520 2532 aliis,
1543 2484 1627 2539 quam
1649 2466 1740 2521 amicis
1757 2473 1825 2534 atquc

223 2560 327 2599 morum
342 2553 370 2599 et
383 2545 561 2618 simplicitas;
584 2565 644 2618 quar
657 2557 747 2603 tamen
761 2548 895 2603 delectum
906 2550 1011 2618 judicii,
1053 2547 1211 2617 equalibus,
1234 2548 1335 2616 scripta
1355 2564 1405 2600 soa
1424 2547 1514 2603 dicare
1537 2546 1671 2612 solebant,
1692 2544 1824 2599 autetiam

222 2640 277 2677 non
291 2624 433 2690 deiectum,
447 2626 475 2679 in
490 2627 546 2680 illis
560 2628 656 2698 arguit.
696 2629 762 2682 Veri
772 2629 844 2682 enim
856 2637 884 2681 et
896 2628 1011 2700 legitimi
1049 2628 1160 2681 uomina
1182 2627 1317 2694 ejusmodi
1337 2626 1484 2680 amicorum
1505 2626 1665 2681 tractatibus
1683 2625 1736 2679 suis
1752 2625 1825 2692 iupo

223 2703 405 2758 observantia
426 2722 492 2777 erga
514 2705 633 2776 aliquam
659 2724 803 2777 personam
830 2707 931 2763 limites
957 2725 1011 2762 non
1050 2722 1130 2761 nere:
1157 2706 1229 2777 quod
1250 2707 1273 2760 si
1294 2706 1364 2760 iorte
1383 2706 1499 2777 regibus,
1519 2714 1567 2760 aut
1585 2704 1754 2777 magnatibus
1769 2716 1824 2771 opus

223 2781 451 2854 ultrmporngunt
465 2802 501 2850 se,
517 2802 598 2856 quarn
620 2787 659 2840 ita
679 2804 759 2841 nosse
778 2786 852 2841 illius
872 2804 969 2851 mores,
984 2796 1013 2841 ut
1050 2793 1242 2855 nuncuparent,
1256 2794 1313 2839 tum
1327 2785 1436 2839 demum
1450 2784 1502 2839 hoc
1514 2781 1614 2839 sactum
1630 2794 1678 2849 est,
1689 2801 1747 2838 cum
1760 2798 1824 2852 argu

223 2861 326 2932 absque
341 2864 489 2918 offensione
503 2882 563 2919 cunr
584 2867 739 2931 coversari,
754 2883 870 2937 eumque
890 2866 1011 2931 consilio,
1050 2873 1169 2918 mentum
1184 2865 1246 2919 libri
1261 2881 1385 2934 persona
1400 2864 1448 2918 tali
1462 2865 1626 2919 conveniret
1662 2865 1727 2918 Hac
1740 2871 1822 2922 autem,

223 2943 246 2995 ιι
261 2960 329 3013 opus
343 2944 387 3009 sit,
409 2944 512 3012 jurare,
527 2946 659 3016 nobisque
680 2947 787 3001 interim
804 2947 873 3017 ipsis
886 2947 914 3000 in
928 2947 1012 3003 omni·
1051 2952 1079 2998 ct
1098 2945 1200 2999 similia
1218 2945 1456 3016 reprehensionem
1478 2945 1571 3016 potius
1593 2953 1736 3008 merentur,
1756 2956 1824 3014 quam

222 3021 273 3075 bus
287 3040 381 3077 carere
396 3024 547 3093 possimus·
568 3042 661 3079 verum
673 3026 777 3095 alienos
788 3027 901 3080 affectus
910 3027 1011 3091 ιιιιιιιί,
1050 3025 1243 3079 defensionem

222 3116 256 3155 eo
270 3103 331 3165 fine,
347 3112 377 3156 ut
390 3102 468 3157 illurn
482 3105 611 3169 inflectas,
629 3122 726 3170 verses,
741 3114 768 3159 et
787 3106 821 3159 ad
840 3105 986 3159 lihitum
963 3123 1013 3159 err
1090 3105 1188 3174 Neque
1203 3105 1255 3158 hoc
1268 3103 1337 3167 dico,
1347 3121 1426 3176 quasi
1417 3103 1562 3159 literatos
1573 3103 1690 3175 culpem,
1700 3120 1723 3158 ιι
1714 3100 1825 3155 '·adbea

222 3196 360 3251 oumagas,
384 3182 503 3236 hominis
526 3192 568 3236 est
591 3201 687 3254 parum
714 3184 829 3248 candidi,
853 3184 901 3239 sed
922 3186 1012 3255 potius
1051 3190 1092 3236 tos
1106 3192 1270 3253 etpotentes
1284 3184 1355 3238 viros
1369 3183 1725 3255 quaudoquesesppliceut
1753 3181 1823 3235 Recte

223 3261 306 3313 astuti
319 3269 347 3313 et
361 3261 452 3326 bifidi3
473 3262 501 3316 id
515 3263 607 3332 quod'
599 3279 627 3315 ιιι
645 3263 767 3318 amicitia
781 3264 907 3318 vitiosum
922 3265 1011 3329 fuerit,
1051 3263 1124 3316 enim
1138 3262 1280 3333 Diogenes
1293 3263 1401 3318 cuidam
1415 3263 1613 3317 cumirrisione
1629 3263 1749 3334 roganti.
1762 3258 1823 3318 “Qui

223 3354 288 3408 erga
302 3340 438 3410 principes
453 3341 536 3395 etiam
557 3342 744 3398 inofficiosum.
785 3342 849 3397 Mos
867 3344 939 3397 enim
963 3345 1014 3397 ori·
1052 3343 1134 3404 fieret,
1149 3343 1220 3412 qnod
1234 3341 1393 3412 philosophi
1407 3342 1504 3397 divites
1517 3350 1692 3406 sectarentur,
1705 3357 1756 3395 non
1767 3337 1823 3392 diri·

223 3418 302 3482 entis,
324 3436 379 3489 quo
398 3420 475 3474 nefas
495 3420 609 3475 habetur
628 3421 749 3478 oculos
740 3439 769 3476 ιιι
789 3439 868 3493 reges
886 3422 1012 3494 defigere,
1051 3428 1091 3475 tes
1106 3422 1320 3492 philosophosi”
1342 3421 1556 3493 responditnon
1570 3422 1630 3477 sine
1645 3439 1740 3485 morsu,
1753 3417 1823 3471 “noc

222 3498 275 3551 ritu
290 3499 399 3568 quidem
412 3500 542 3554 barbarus
562 3508 611 3565 est,
625 3501 673 3554 sed
693 3501 889 3572 significatione
908 3502 1012 3557 bonus:
1051 3501 1112 3555 ideo
1126 3501 1192 3565 fieri,
1208 3502 1279 3571 quod
1296 3500 1462 3572 philosophi,
1482 3501 1579 3572 quibus
1597 3502 1680 3556 rebus
1696 3500 1823 3570 indigeant

222 3579 404 3647 nequeenim
427 3579 548 3633 subditos
568 3579 653 3643 decet,
673 3582 755 3635 corda
775 3598 871 3651 regum
896 3598 1012 3645 suorum,
1051 3580 1135 3651 probe
1149 3579 1319 3651 intelligant;
1341 3581 1438 3635 divites
1460 3598 1514 3635 non
1532 3581 1628 3635 item.”
1671 3581 1740 3634 Huic
1757 3577 1823 3631 affine

224 3672 284 3724 quae
297 3674 381 3712 sacrae
399 3658 545 3729 Scripturas
558 3659 746 3715 inscrutabilia
763 3660 866 3724 docent,
881 3661 1013 3715 curiosius
1052 3667 1092 3713 est
1106 3659 1171 3715 illud
1185 3659 1329 3731 Aristippi,
1341 3662 1392 3726 cui,
1405 3660 1498 3715 nescio
1512 3660 1576 3732 quid
1589 3660 1699 3729 petenti,
1713 3675 1768 3713 cum
1780 3670 1824 3708 uon

222 3736 324 3790 rimari.
1052 3741 1201 3794 attenderet
1214 3739 1373 3809 Dionysius,
1387 3740 1435 3794 ille
1451 3739 1587 3794 adorantis
1606 3756 1683 3794 more
1701 3736 1790 3806 abjecit
1800 3750 1824 3786 sc

263 3816 392 3885 Superest
411 3817 559 3872 etiamnum
580 3817 654 3872 aliud
670 3817 766 3873 vitium
789 3821 918 3889 (quocum
942 3818 1013 3872 hanc
1052 3818 1086 3871 ad
1101 3819 1183 3888 pedes
1197 3820 1272 3887 ejus;
1295 3820 1341 3888 qui
1356 3828 1414 3873 tum
1424 3819 1533 3873 demum
1546 3819 1704 3873 auscultans
1717 3811 1824 3888 petitioni

222 3902 328 3963 partem
340 3895 512 3963 concludam)
526 3896 641 3951 literatis
651 3897 750 3968 saepius
760 3898 1014 3969 imputatumvide-
1052 3900 1163 3953 annuit:
1185 3899 1233 3952 sed
1247 3898 1330 3968 paulo
1349 3907 1420 3968 post,
1437 3898 1548 3970 quidam
1566 3898 1706 3969 dignitatis
1723 3894 1824 3967 philoso

222 3972 287 4027 licet
300 3975 372 4043 quod
385 3976 414 4028 in
428 3976 508 4030 rebus
519 3975 628 4047 exiguis
638 3983 666 4031 et
676 3978 802 4040 externis,
815 3977 911 4046 (vultu,
927 3988 1013 4047 gestu,
1052 3977 1125 4046 phire
1135 3986 1252 4031 assertor
1265 3978 1401 4047 increpuit
1408 3978 1584 4047 Aristippum,
1594 3979 1667 4048 quod
1680 3971 1824 4031 demittendo

222 4052 338 4116 incessu,
354 4055 522 4109 sermonibus
536 4056 709 4126 quotidianis,
729 4066 756 4111 et
776 4056 955 4124 hujusmodi)
970 4057 1014 4111 de·
1052 4073 1081 4110 se
1103 4056 1136 4110 ad
1161 4057 1242 4126 pedes
1263 4059 1369 4125 tyranni
1394 4074 1443 4126 pro
1463 4057 1568 4111 tantilla
1589 4074 1619 4111 rc
1642 4052 1824 4128 philosophiam

223 4131 315 4184 ficiunt
328 4132 357 4185 in
370 4134 538 4189 observando
559 4134 671 4189 decoro:
696 4136 766 4190 unde
786 4135 911 4199 luminas
930 4137 1015 4205 impe·
1052 4136 1140 4204 ipsam
1154 4135 1318 4190 contumelia
1331 4136 1481 4191 affecisset:
1504 4138 1548 4190 cui
1562 4135 1617 4202 ille,
1631 4144 1647 4168 ‘⁶
1658 4153 1730 4190 suam
1743 4132 1768 4187 id
1779 4128 1824 4184 cul

223 4210 276 4274 riti,
291 4228 327 4265 ex
343 4211 403 4265 istis
417 4214 529 4267 minutis
552 4212 730 4285 leviculisque
754 4215 897 4281 erroribus,
919 4217 1013 4286 quanti
1053 4232 1115 4284 paru
1129 4232 1182 4269 non
1197 4215 1307 4279 fuisse,''
1319 4215 1464 4286 respondit,
1480 4220 1496 4247 ‘⁴
1504 4216 1551 4269 sed
1565 4216 1698 4286 Dionysii,
1707 4214 1749 4285 qui
1759 4223 1825 4265 aum

224 4289 277 4342 sint
290 4289 320 4342 in
334 4291 413 4344 rebus
432 4293 581 4358 majoribus
601 4294 746 4348 tractandis
767 4295 949 4362 conjecturam
972 4312 1014 4348 ca·
1053 4302 1174 4364 gestaret
1186 4296 1215 4348 in
1230 4294 1369 4365 pedibus.”
1410 4295 1482 4355 Quin
1495 4296 1613 4365 prudens
1626 4296 1679 4359 ille,
1693 4286 1825 4362 uoupusil·

223 4369 308 4437 piunt.
349 4370 450 4425 Verum
464 4370 535 4425 fallit
547 4388 594 4426 eos
607 4372 754 4444 plerunque
768 4372 923 4442 hujusmodi
944 4374 1014 4441 judi·
1053 4373 1163 4428 lanimis
1176 4374 1286 4428 habitus
1296 4383 1345 4440 est,
1361 4376 1407 4445 qui
1421 4375 1449 4428 in
1457 4374 1640 4444 disputatione
1655 4374 1764 4445 quadam
1773 4384 1825 4422 cum

223 4448 311 4512 cium·
332 4448 388 4502 imo
402 4450 495 4515 sciant,
509 4467 667 4521 responsum
681 4453 733 4506 sibi
755 4469 814 4506 esse
828 4470 846 4506 a
863 4452 1014 4508 Themisto
1055 4453 1197 4508 Hadriano
1210 4454 1319 4507 Caesare
1333 4455 1405 4508 vinci
1419 4471 1554 4525 sepassus
1563 4464 1622 4519 est·
1643 4467 1769 4508 excusans
1780 4448 1825 4501 tsc-

223 4526 280 4580 cle
302 4527 349 4597 qui
363 4545 424 4582 cum
439 4537 548 4600 rogatus
562 4539 642 4593 esset,
656 4539 685 4585 ιιι
700 4532 796 4586 fidibus
811 4540 927 4594 caneret,
942 4549 1015 4586 arro-
1053 4539 1146 4597 mm,‘
1148 4533 1245 4593 ‘Quod
1270 4550 1378 4603 coquum
1399 4544 1471 4588 esset
1492 4534 1518 4587 ci
1537 4533 1640 4597 cedere,
1662 4533 1706 4602 qui
1729 4528 1825 4599 triginta

223 4607 419 4677 gantersatia
411 4625 472 4678 ipsc
490 4609 523 4663 de
543 4626 580 4673 se,
602 4611 650 4665 sed
669 4611 704 4664 ad
724 4627 842 4681 praeseus
862 4612 1013 4666 institutum
1051 4612 1197 4682 imperaret
1215 4611 1395 4682 legionibus”
1437 4613 1526 4684 Atque
1545 4621 1688 4683 propterea
1704 4625 1754 4664 uon
1770 4608 1824 4665 sunt

223 4702 354 4756 perquam
375 4688 499 4758 apposite
520 4690 710 4759 respondite·
712 4690 769 4745 ‘Se
790 4690 900 4761 quidem
920 4690 1013 4744 fidium
1052 4690 1196 4745 damnandi
1216 4692 1268 4745 viri
1287 4691 1368 4756 docti,
1383 4692 1437 4756 ubi,
1452 4709 1513 4746 cum
1533 4709 1576 4746 res
1594 4689 1720 4762 postulat,
1735 4682 1824 4755 aliquid

222 4765 316 4819 rudem
332 4782 399 4831 esse,
414 4767 461 4820 sed
476 4784 530 4838 quo
544 4776 624 4838 pacto
638 4770 767 4839 oppidum
781 4785 894 4838 parvum
907 4770 936 4822 in
950 4771 1014 4823 civi
1052 4770 1085 4825 de
1100 4771 1235 4842 gravitate
1249 4787 1298 4825 sua
1317 4772 1462 4834 remittant,
1477 4771 1535 4824 sive
1553 4772 1704 4841 imperante
1722 4762 1824 4822 necessi·

223 4852 306 4898 tatem
333 4862 460 4914 magnam
487 4848 602 4901 evadere
621 4857 721 4918 posset,
743 4849 810 4903 satis
829 4849 935 4903 nosse.’'
978 4849 1014 4903 Et
1052 4857 1115 4913 tate,
1142 4850 1199 4903 sire
1225 4850 1389 4921 impetrante
1415 4850 1572 4913 occasione,
1614 4849 1686 4921 quod
1717 4841 1823 4917 quamsit

222 4933 285 4978 sunt
298 4925 475 4995 proculdubio
488 4925 568 4979 multi
582 4927 752 4997 politicarum
772 4928 870 4983 artium
890 4928 1013 4998 apprime
1051 4927 1154 4984 humile
1168 4929 1298 4993 videatur,
1313 4938 1393 5000 atque
1412 4929 1509 4983 servile
1527 4929 1616 5000 primo
1631 4929 1733 4989 intuitu,
1746 4935 1823 4979 mnes

222 5005 308 5073 gnari,
324 5005 422 5073 quibus
436 5006 548 5059 tamen
540 5023 568 5059 rn
582 5008 719 5060 communi
732 5007 788 5061 ritu
801 5016 829 5062 et
849 5008 1013 5078 quotidianis
1052 5009 1140 5062 serius
1155 5025 1211 5063 rem
1225 5010 1379 5073 aestimati,
1390 5009 1571 5063 censebuntur
1583 5025 1638 5063 uon
1651 5023 1772 5079 persona,
1785 4997 1823 5055 sed

221 5082 319 5137 reculis
346 5083 417 5138 nihil
444 5083 606 5153 imperitius.
648 5085 719 5145 Quin
746 5086 830 5140 etiam
857 5087 1012 5154 hujusmodi
1053 5088 1191 5158 tempori
1183 5089 1235 5158 ipsi
1250 5089 1362 5142 seruire

222 5162 395 5232 sugillatores
408 5162 570 5215 amandandi
584 5165 696 5217 suntad
711 5163 832 5220 Platonis
846 5165 966 5236 elogium
980 5168 1013 5220 de

222 5250 386 5312 praeceptore
402 5258 452 5295 suo
466 5240 584 5306 Socrate,
597 5259 676 5310 quern
691 5242 764 5298 haud
778 5244 930 5299 absimilem
944 5245 1014 5300 dixit
1090 5246 1247 5300 Parnassus
1261 5262 1332 5301 nunc
1346 5246 1381 5300 ad
1394 5262 1505 5310 emotas,
1520 5253 1602 5318 atque
1622 5244 1721 5309 inania,
1736 5256 1789 5334 qua
1799 5236 1821 5289 in

221 5317 494 5412 pharmacopolarum
516 5320 669 5389 pyxidibus,
685 5339 745 5393 qum
765 5325 884 5377 exterius
904 5325 1012 5379 induce
1052 5325 1170 5379 studiis
1162 5325 1230 5395 ipsis
1244 5326 1362 5380 virorum
1383 5326 1520 5379 doctorum
1542 5325 1728 5386 interveniunt,
1747 5321 1820 5386 iisque

221 5398 354 5453 bantur
332 5396 427 5462 simiis,
442 5398 525 5452 ululis
526 5400 701 5471 ,satyrisque
715 5402 787 5456 intus
801 5419 866 5456 vero
880 5405 1012 5472 pretiosos
1051 5421 1080 5456 se
1097 5404 1266 5469 immiscent,
1287 5406 1316 5459 id
1330 5406 1400 5476 quod
1419 5406 1553 5475 praecipue
1571 5412 1602 5459 et
1615 5403 1719 5476 proprie
1732 5401 1820 5469 special

221 5476 346 5547 liquores,
356 5486 383 5533 et
393 5477 495 5532 nobilia
505 5478 703 5539 medicamenta
713 5482 849 5536 recondita
858 5481 1010 5537 habebant:
1050 5484 1086 5538 ad
1100 5499 1220 5554 praeseus
1233 5493 1431 5556 argumentum
1473 5483 1558 5544 (ὶιιιιΙ
1551 5502 1579 5539 ιιι
1596 5502 1626 5539 re
1645 5499 1697 5539 non
1710 5474 1820 5536 estiusti·
