3800 5875
592 317 776 375 HISTORIA
801 321 900 376 vltra
921 321 970 376 ΕΤ
991 319 1143 377 uotiuis.
1619 320 1679 378 589

46 474 101 528 bus
115 491 180 529 oum
194 475 255 529 oleo
274 482 301 530 et
319 483 404 540 aceto,
421 475 518 540 laudor
539 475 623 531 etiam
640 494 771 548 gemmas,
789 478 846 532 sive
923 480 970 537 33.
991 481 1089 551 Neque
1103 496 1168 534 vero
1180 478 1260 533 matri
1275 476 1364 533 telluri
1378 476 1465 532 libare
1475 494 1525 533 nos
1536 477 1678 550 quiscxis-

45 553 143 607 mules
156 556 292 625 asparagi,
301 555 400 626 pulpas
410 555 548 625 artiplieis,
560 563 588 609 et
598 556 702 611 radices
712 557 845 622 bardanes,
884 558 968 625 timet,
986 561 1010 614 si
1030 559 1221 630 praecipiamus
1239 558 1311 612 inter
1329 557 1492 623 fodiendum,
1512 565 1558 612 aut
1578 568 1677 614 renam

44 633 150 687 debitis
163 634 251 688 modia
265 634 353 689 elixas
362 635 535 689 etconditas:
556 642 585 688 et
594 635 701 702 jusenla
711 637 846 705 (tempore
883 639 1046 703 vertendam,
1061 639 1152 692 vinum
1166 653 1327 707 genmmum
1340 635 1537 706 superinfundi.

44 714 134 778 reris)
151 730 188 767 ex
200 712 276 767 foliis
287 714 498 784 pubescentibus
510 713 608 767 vitium
620 722 651 768 et
666 714 752 768 herba
765 716 845 770 vin'di
923 715 970 772 34.
991 717 1098 787 Aquam
1116 734 1132 771 e
1152 715 1264 770 floribus
1284 716 1468 770 aurantiorum
1487 716 1594 779 bonam,
1614 732 1677 770 cum

44 792 143 846 tritici.
186 794 276 863 Atque
289 792 324 847 de
335 794 426 862 jecore
438 793 587 848 muniendo
600 792 740 849 hacteuus.
883 797 990 850 modica
1004 804 1079 867 parte
1092 812 1171 866 aqum
1184 811 1302 849 rosaceae
1315 801 1343 849 et
1355 793 1412 848 vini
1426 795 1580 864 fragrantis,
1594 795 1677 848 etiam

883 890 932 944 per
949 892 1029 930 nares
1051 874 1160 938 attrahi,
1182 881 1230 928 aut
1246 890 1296 943 per
1312 872 1451 944 syringem
1471 873 1574 927 arrhini
1599 890 1676 928 more

86 949 137 1004 26.
168 948 223 1005 Cor
255 950 440 1019 juvamentum
467 949 581 1021 ancipit
607 950 734 1016 maxime,
763 957 844 1021 atque
882 953 1001 1019 immitti,
1016 952 1310 1027 (sedrarina)bonum
1324 960 1375 1007 est.

42 1037 252 1094 nocumentum,
269 1047 307 1085 ex
325 1033 396 1092 aere,
415 1046 495 1100 quem
514 1029 667 1099 spiramas3
687 1047 723 1085 ex
736 1031 843 1100 vapori-
921 1032 969 1087 35.
989 1033 1028 1086 At
1041 1032 1193 1087 masticatio
1204 1029 1410 1106 (quamvisnon
1423 1029 1573 1085 habeamus
1585 1027 1675 1104 betel)

45 1108 115 1169 bna;
148 1117 232 1179 atque
249 1126 286 1163 ex
304 1108 461 1163 affectibus:
488 1114 570 1179 atque
586 1109 728 1179 complura
744 1126 780 1163 ex
800 1110 843 1174 iis,
881 1118 909 1165 ct
923 1111 1041 1166 detentio
1054 1112 1083 1165 in
1097 1128 1143 1166 ore
1157 1128 1250 1166 eorum
1271 1127 1333 1181 quae
1350 1110 1462 1179 spiritus
1483 1110 1576 1164 fovent
1596 1107 1676 1184 (licet

46 1204 110 1257 que
128 1187 165 1240 de
184 1188 324 1258 spiritibus
341 1203 425 1258 supra
444 1187 516 1242 dicta
536 1194 608 1254 sunt,
629 1189 683 1243 huc
704 1188 843 1242 transferri
881 1188 1004 1258 assidua)
1020 1190 1095 1245 utilis
1113 1189 1258 1245 admodum
1277 1196 1328 1243 est.
1369 1189 1452 1244 Fiant
1471 1189 1562 1260 itaque
1580 1206 1674 1259 grana,

45 1274 177 1335 posadum
212 1267 349 1337 indigesta
368 1274 458 1321 autem
482 1265 568 1321 moles
592 1267 750 1322 cordialium
771 1267 843 1337 apud
881 1275 929 1323 aut
941 1269 1034 1341 pusilli
1047 1269 1151 1340 pastilli
1161 1285 1197 1324 ex
1206 1269 1306 1331 ambra,
1318 1274 1347 1323 et
1355 1284 1455 1332 musco,
1467 1276 1495 1322 et
1503 1267 1581 1339 ligno
1590 1267 1673 1333 aloes,

44 1345 171 1400 medicos
183 1346 219 1400 ad
231 1346 409 1400 intentionem
422 1352 542 1400 normam
554 1362 650 1415 parum
663 1345 753 1400 valet:
774 1355 843 1400 atta·
880 1356 908 1402 et
921 1346 996 1419 ligno
1011 1348 1128 1413 Rhodio,
1142 1354 1171 1403 et
1185 1348 1275 1402 radice
1288 1347 1372 1411 iridis,
1387 1354 1415 1400 et
1427 1363 1506 1401 rosa:
1527 1356 1608 1417 atque
1622 1349 1675 1402 for-

44 1441 119 1486 men,
141 1442 205 1495 qum
222 1441 388 1480 venenorum
405 1424 570 1495 malignitati
589 1442 729 1480 occurrere
749 1424 843 1495 depre·
880 1435 987 1482 mentiar
998 1427 1047 1482 illa
1060 1444 1154 1499 grana,
1168 1434 1214 1481 sut
1226 1426 1339 1498 pastilli,
1350 1442 1399 1495 per
1412 1442 1512 1497 aquam
1525 1443 1673 1492 rosaceum,

44 1503 212 1568 henduutur,
235 1504 398 1560 eudemum
422 1505 457 1559 ad
477 1504 637 1559 muniendas
660 1504 749 1559 cordis
771 1505 842 1559 vires
881 1523 941 1577 quae
951 1523 1001 1577 per
1015 1505 1153 1578 paullulum
1166 1505 1282 1560 balaami
1297 1504 1357 1559 Indi
1371 1504 1515 1561 transierit.

43 1599 116 1637 rano
137 1600 201 1637 cum
219 1584 324 1652 judicio
344 1583 469 1638 adhiberi
489 1589 619 1653 posmnt3
645 1583 796 1654 prasertim
819 1584 842 1638 si
919 1585 969 1640 36.
992 1583 1116 1656 Vapores
1129 1585 1259 1656 vero,qui
1273 1601 1308 1639 ea
1321 1584 1401 1638 rebus
1414 1584 1485 1637 intro
1499 1583 1612 1654 sumptis
1626 1600 1674 1637 cor

43 1663 100 1716 sint
113 1679 151 1717 ex
170 1679 205 1716 eo
224 1679 331 1733 genere,
351 1664 423 1734 quod
442 1679 498 1717 non
517 1668 573 1716 tam
593 1664 731 1733 propriam
746 1663 842 1717 veneni
879 1665 1005 1720 muniunt
1018 1675 1045 1720 et
1058 1666 1155 1730 fovent,
1169 1664 1230 1719 haec
1246 1663 1298 1718 tria
1318 1663 1419 1717 habere
1438 1662 1554 1726 debeam
1576 1669 1607 1716 ut
1619 1663 1673 1716 sint

42 1749 173 1796 naturam
187 1741 303 1813 frangat,
320 1759 403 1814 qnam
422 1757 469 1796 oor
488 1748 516 1795 et
534 1743 645 1812 spiritns
665 1743 694 1796 in
708 1757 843 1798 venenum
880 1744 970 1809 amici,
984 1744 1060 1811 olari,
1079 1750 1106 1798 et
1121 1745 1321 1815 refrigerantes.
1361 1741 1493 1796 caliditas
1507 1742 1674 1811 enimvapo-

42 1821 189 1891 insurgere
217 1822 308 1876 faeiat
348 1821 438 1893 Atque
471 1820 506 1876 dc
537 1821 702 1877 cordialibus
731 1820 842 1877 consule
880 1840 948 1888 rum,
958 1823 1047 1888 maiar
1068 1830 1150 1893 atque
1160 1822 1251 1893 ipsum
1260 1822 1361 1885 vinum,
1371 1821 1443 1892 quod
1452 1828 1561 1891 putatur
1570 1820 1672 1875 habero

41 1899 168 1954 tabulam
182 1901 306 1970 superius
322 1901 450 1971 positam.
879 1917 1010 1973 vaporem
1025 1901 1194 1957 solummodo
1209 1901 1422 1965 calefacientem,
1441 1917 1496 1954 non
1517 1916 1614 1970 expers
1632 1909 1673 1954 eat

84 1979 134 2039 27.
157 1978 238 2035 A'e'ris
250 1980 358 2035 bonitas
371 1980 400 2035 iu
413 1979 481 2035 locis
494 1979 665 2050 experientia
679 1979 767 2050 potius
780 1978 841 2050 dig·
879 1996 990 2050 prorsus
1014 1981 1153 2053 qualitatis
1176 1982 1284 2050 apiatas.
1324 1979 1421 2034 Claros
1446 1990 1536 2033 autem
1559 1995 1673 2048 vapores

42 2059 180 2124 noscitur,
194 2076 277 2129 quum
291 2059 386 2130 signis.
426 2056 566 2129 Optimum
583 2059 736 2128 judicamus
750 2056 842 2113 aerem
879 2077 1006 2116 vocamus
1025 2077 1079 2126 eoa,
1100 2061 1148 2132 qui
1166 2060 1228 2131 plus
1246 2059 1349 2113 habent
1367 2076 1403 2113 ex
1416 2074 1525 2127 vapore,
1542 2075 1624 2128 quam
1637 2075 1673 2114 ex

42 2139 150 2208 spirare
165 2138 195 2191 iu
209 2137 276 2192 locis
290 2139 376 2210 aquis
389 2146 416 2193 et
429 2137 527 2210 plania,
540 2146 622 2209 atque
633 2155 670 2192 ex
680 2138 755 2192 omni
764 2144 841 2208 parte
879 2138 1061 2204 exhalatione,
1073 2156 1161 2210 neque
1173 2146 1237 2193 sunt
1247 2139 1357 2193 omnino
1366 2137 1457 2204 fumei,
1468 2145 1515 2192 aut
1523 2136 1671 2208 fuliginosi,

42 2216 241 2288 perflatilibus;
262 2218 286 2271 si
297 2216 377 2273 fuerit
389 2225 461 2272 terra
473 2218 554 2282 sicca,
565 2234 652 2289 neque
666 2224 757 2272 tamen
768 2233 841 2287 pror·
878 2225 926 2273 aut
938 2218 1071 2284 unctuosi,
1086 2218 1134 2273 sed
1146 2217 1252 2273 humidi
1266 2224 1295 2271 et
1307 2216 1435 2289 aequales.

42 2313 90 2350 sua
103 2296 191 2361 arida,
205 2304 252 2351 aut
265 2313 392 2361 arenosae
414 2313 527 2369 quaeque
541 2297 647 2351 emittat
660 2294 801 2367 serpillum
814 2303 842 2351 et
917 2296 964 2358 37.
987 2297 1061 2353 Inter
1081 2298 1187 2353 turbam
1206 2296 1331 2351 inutilem
1350 2294 1511 2351 cordialium
1529 2312 1617 2366 pauca
1637 2296 1673 2350 sd

41 2376 166 2430 amaraci
179 2392 275 2447 genus,
289 2382 318 2430 et
330 2376 397 2430 hino
413 2376 475 2432 inde
493 2375 585 2431 caules
602 2383 701 2431 mentm
718 2391 840 2446 campes-
878 2375 988 2432 dietam
1007 2378 1036 2431 in
1055 2394 1106 2432 usu
1126 2392 1186 2431 ease
1205 2375 1321 2440 debean
1345 2375 1406 2430 loco
1426 2375 1546 2429 omnium
1565 2375 1672 2429 ambra·

41 2455 108 2517 tria;
144 2472 260 2526 quaeque
281 2455 392 2509 sitnon
412 2471 521 2525 prorsus
541 2472 610 2520 rasa,
633 2455 681 2509 sed
701 2455 841 2510 arboribus
878 2456 974 2525 gusia,
986 2463 1013 2512 et
1026 2473 1129 2520 crocus,
1140 2464 1168 2510 et
1180 2471 1298 2527 granum
1308 2454 1423 2518 hermes,
1435 2471 1471 2509 ex
1482 2453 1670 2517 calidioribusr

40 2532 187 2589 nonnullis
200 2534 249 2604 (ad
265 2534 401 2601 umbram)
422 2535 538 2605 sparsim
553 2535 671 2599 consita;
693 2543 776 2605 atque
793 2534 840 2588 ubi
878 2541 960 2606 atque
986 2535 1092 2590 radices
1118 2533 1241 2605 buglossi
1268 2541 1296 2588 et
1321 2533 1467 2604 boraginis,
1491 2541 1572 2604 atque
1598 2535 1672 2588 mala

39 2630 107 2667 rosa
120 2613 184 2667 rubi
197 2614 283 2683 spiret
295 2614 399 2684 aliquid
411 2612 599 2670 marcatellum
613 2613 839 2668 etaromaticumz
878 2614 964 2679 citris,
978 2623 1006 2670 et
1022 2614 1137 2670 limones
1150 2612 1251 2677 dulces,
1265 2619 1295 2667 et
1311 2628 1394 2682 pomo
1407 2613 1563 2683 fragrantia,
1577 2629 1613 2666 ex
1627 2612 1672 2667 iri·

39 2692 160 2746 flumina
187 2692 211 2746 si
239 2693 335 2758 adsint,
359 2709 457 2747 nocere
480 2693 571 2764 potins
595 2693 763 2757 arbitramur,
786 2692 839 2747 nisi
878 2692 1037 2764 gidioribua
1077 2693 1168 2747 Etiam
1182 2708 1215 2746 eo
1227 2695 1294 2763 (quo
1303 2691 1435 2758 diximus)
1447 2692 1527 2745 modo
1536 2696 1564 2744 et
1576 2708 1672 2746 aurum

39 2770 147 2825 fuerint
162 2771 264 2843 exigna
275 2771 427 2837 admodum,
441 2779 470 2827 et
481 2772 603 2842 limpida,
618 2779 647 2826 et
660 2771 792 2843 glareosa.
877 2779 907 2826 et
918 2773 1080 2844 margaritae,
1095 2788 1149 2827 non
1163 2779 1267 2825 tantum
1286 2771 1358 2825 intra
1374 2787 1466 2836 venas,
1480 2770 1528 2825 sed
1547 2770 1630 2824 etiam
1642 2771 1672 2824 in

81 2851 132 2905 28.
155 2848 256 2905 Aerem
270 2851 430 2906 matutinum
443 2858 547 2907 certum
561 2859 603 2906 est
613 2851 767 2921 vespertino
780 2867 839 2906 ease
877 2852 993 2907 hansitu
1018 2858 1046 2906 et
1071 2852 1145 2906 cirea
1166 2850 1316 2920 precordia
1337 2847 1441 2921 aliquid
1462 2857 1587 2919 possant;
1621 2865 1671 2920 per

39 2929 133 3000 magis
147 2930 267 2995 vitalem,
281 2930 347 2986 lieet
359 2932 395 2987 ad
413 2930 524 2986 delicias
538 2931 606 2987 alter
623 2929 712 3003 magis
725 2938 839 2987 ametur.
877 2930 1048 3003 refrigerium
1062 2930 1175 2996 scilicet,
1189 2929 1291 3002 absque
1305 2930 1397 3002 aliqua
1410 2928 1494 2983 noxia
1511 2927 1650 2998 qualitate.

81 3008 130 3064 29.
148 3009 249 3065 Aerem
257 3018 362 3065 aveuto
370 3011 500 3082 agitatum
508 3010 705 3081 pauloleniore,
714 3009 777 3066 adra
785 3028 839 3065 coe·
916 3011 965 3066 38.
986 3010 1029 3065 De
1042 3011 1133 3082 lapide
1146 3011 1251 3074 bernar,
1263 3009 1298 3063 ob
1311 3009 1411 3063 multas
1424 3008 1604 3079 probationes,
1619 3008 1672 3061 vir-

39 3089 60 3143 li
74 3090 169 3144 serem
183 3089 331 3145 feliciorem
345 3106 405 3145 esse
419 3091 594 3145 arbitramur:
615 3091 732 3162 optimus
749 3097 840 3146 antem
877 3091 928 3144 tuti
941 3091 1000 3160 ejus
1013 3091 1095 3144 tidem
1112 3106 1168 3144 non
1180 3105 1289 3160 prorsus
1300 3089 1476 3159 derogamusa
1497 3087 1545 3142 sed
1561 3087 1671 3141 omuino

39 3176 84 3223 cst
99 3169 239 3238 zephyrus
252 3170 406 3236 matutinus,
420 3177 449 3224 ct
461 3170 557 3224 boreas
570 3170 806 3241 postmeridianus.
877 3168 973 3224 modus
986 3170 1044 3238 ejus
1058 3169 1221 3241 sumptionis
1235 3167 1298 3222 talis
1312 3185 1371 3222 ease
1390 3167 1478 3231 debet,
1493 3173 1523 3220 ut
1540 3165 1670 3220 facillimo

81 3248 131 3301 30.
153 3246 260 3302 Odores
283 3249 318 3302 ad
340 3248 566 3303 confortationem
587 3249 677 3303 cordis
703 3249 839 3319 praecipue
876 3249 962 3303 virtus
975 3250 1034 3317 ejus
1047 3248 1259 3303 communicetur
1278 3247 1427 3318 spiritibus.
1470 3245 1564 3316 ltaque
1577 3261 1627 3299 aec
1641 3245 1671 3298 in

38 3326 124 3380 utiles
146 3334 224 3392 sunt,
258 3343 346 3398 neque
366 3335 456 3383 tamen
477 3344 509 3381 ac
529 3329 553 3382 si
574 3327 641 3382 odor
659 3328 747 3382 Mnus
767 3338 839 3382 esset
874 3327 998 3395 jusculia,
1021 3328 1120 3382 necin
1141 3328 1257 3398 sympia,
1277 3343 1329 3381 nec
1342 3326 1370 3380 in
1393 3340 1464 3397 aqua
1483 3341 1601 3390 rosacea,
1622 3332 1671 3379 aut

39 3406 115 3459 airis
136 3406 202 3459 boni
223 3408 410 3477 prerogativa
451 3406 562 3462 Certum
583 3408 657 3461 enim
678 3418 726 3470 est,
749 3424 839 3479 quem·
877 3405 1041 3474 hujusmodi,
1049 3424 1128 3462 usum
1137 3407 1197 3476 ejus
1206 3406 1368 3478 probamus3
1389 3406 1437 3460 sed
1448 3413 1552 3459 tantum
1561 3406 1589 3459 in
1598 3406 1670 3469 vino,

38 3484 190 3539 admodm
203 3484 376 3541 inveniuntur
389 3484 467 3541 adres
485 3503 595 3557 prorsus
613 3485 777 3557 pestilentes,
792 3487 838 3558 qui
877 3494 923 3540 aut
936 3503 1008 3558 aqua
1026 3487 1199 3551 cinnamomi,
1221 3492 1268 3540 ant
1287 3484 1443 3554 hujusmodi
1463 3482 1600 3550 distillato,
1623 3485 1671 3539 sed

38 3580 96 3618 non
111 3572 219 3618 tantum
238 3564 339 3628 foetent,
361 3574 492 3637 qnantum
511 3565 559 3620 alii
581 3566 670 3619 minus
694 3566 783 3631 noxii3
805 3566 839 3620 si·
877 3566 959 3630 teum,
973 3583 1028 3621 non
1041 3566 1130 3621 calido
1143 3572 1190 3620 aut
1202 3566 1272 3620 forti.

38 3644 147 3697 militer
161 3643 278 3697 inveniri
291 3660 306 3697 e
320 3653 414 3698 eontra
430 3642 508 3699 aerea
526 3644 717 3700 saluberrimos
736 3653 764 3699 et
781 3646 838 3716 spi·
918 3642 967 3699 39.
988 3646 1031 3700 De
1049 3644 1191 3700 affectibus
1211 3644 1270 3713 jam
1289 3642 1413 3714 superius
1433 3641 1592 3713 inquisitum
1612 3648 1669 3697 est:

38 3723 139 3777 ritibus
155 3722 342 3788 amicissimos,
356 3724 403 3794 qui
418 3732 465 3778 aut
477 3740 587 3795 prorsus
600 3723 654 3779 siut
666 3724 778 3789 inodori,
793 3732 840 3779 aut
877 3723 945 3779 illud
965 3733 1071 3780 tantum
1091 3724 1243 3793 adjicimus,
1257 3739 1337 3777 omne
1357 3722 1520 3777 desiderium
1540 3737 1670 3793 magnum

37 3802 73 3855 ad
86 3818 204 3856 sensum
217 3802 306 3857 nunus
323 3803 393 3873 grati
407 3810 435 3857 et
453 3803 612 3875 fragrantes.
652 3803 741 3875 Atque
755 3803 839 3857 omni·
877 3812 905 3857 et
923 3812 1058 3868 constans,
1072 3811 1100 3858 et
1113 3805 1157 3874 (ut
1173 3801 1332 3873 loquuntur)
1346 3802 1493 3865 heroicum,
1507 3801 1595 3855 cordia
1616 3802 1670 3854 vir-

38 3897 83 3945 no,
95 3881 146 3934 ubi
158 3880 266 3951 degitur
275 3882 303 3935 in
314 3880 379 3936 a'e're
393 3882 472 3947 bono,
484 3883 580 3937 odores
590 3899 640 3953 per
648 3883 722 3936 vices
735 3891 840 3937 tantum
878 3889 948 3937 tutes
962 3884 1090 3937 roborare
1101 3890 1129 3937 et
1138 3881 1286 3952 ampliare:
1300 3890 1381 3953 atque
1394 3881 1428 3935 de
1438 3879 1518 3934 corde
1529 3880 1669 3935 hactenus.

38 3962 130 4030 repeti
145 3959 260 4013 debent:
282 3960 347 4014 odor
360 3961 434 4017 enim
450 3963 593 4017 continuus
615 3961 693 4034 (licet
705 3962 838 4033 optimus)

39 4039 158 4109 spiritus
171 4037 298 4093 nonnihil
311 4049 413 4096 onerat.
917 4040 966 4095 40.
987 4038 1030 4094 Ad
1051 4039 1192 4094 cerebrum
1212 4038 1283 4111 quod
1305 4038 1400 4092 attinet
1415 4035 1477 4112 (ubi
1498 4037 1627 4092 cathedra
1644 4045 1672 4093 et

79 4116 129 4173 st.
152 4116 310 4172 Laudamus
323 4128 386 4173 ante
400 4134 494 4174 omnes
512 4119 581 4175 alios
606 4120 649 4186 (ut
661 4118 744 4173 etiam
761 4134 839 4188 supe-
878 4119 1042 4174 universitas
1056 4119 1197 4189 spirituum
1211 4117 1369 4172 animalium
1384 4114 1498 4190 residet)
1513 4136 1573 4189 quae
1589 4134 1670 4187 supe-

39 4197 98 4251 rius
111 4197 266 4264 innuimus)
277 4197 372 4253 odores
385 4215 420 4253 ex
434 4197 535 4269 plantis
545 4198 735 4270 vegetantibus
744 4206 772 4252 et
785 4214 840 4252 non
877 4199 934 4254 rius
948 4197 1082 4269 inquisita
1095 4205 1165 4261 suut,
1179 4196 1212 4251 de
1226 4197 1297 4267 opio,
1312 4204 1339 4251 et
1351 4196 1431 4260 nitro,
1446 4206 1473 4250 et
1491 4197 1671 4252 subordinatis

38 4277 154 4340 avulsis,
169 4276 198 4329 in
213 4275 275 4331 adro
289 4284 383 4346 aperto
394 4279 533 4348 exceptisr
554 4277 649 4350 quales
662 4284 724 4332 sunt
737 4294 773 4331 ex
786 4277 839 4330 vio
877 4277 912 4331 ad
926 4279 995 4348 ipsa,
1010 4285 1038 4331 et
1051 4277 1084 4331 de
1098 4276 1285 4330 conciliatione
1299 4274 1388 4329 somni
1402 4275 1509 4346 placidi,
1521 4275 1604 4331 etiam
1617 4276 1671 4331 huc

39 4354 83 4417 lia,
96 4355 213 4408 floribus
224 4355 403 4426 caryophylli,
415 4356 482 4427 (tam
490 4357 602 4426 majoris
613 4373 693 4427 quam
704 4354 838 4422 minoris)
878 4356 1050 4429 aliquatenus
1071 4362 1201 4426 spectant.
1243 4354 1314 4409 lllud
1335 4371 1442 4425 quoque
1463 4363 1573 4420 certum,
1596 4372 1671 4410 cere·

38 4434 159 4488 floribus
180 4434 312 4498 fabarum,
336 4435 446 4490 floribus
467 4435 544 4501 tilia,
565 4436 675 4489 floribus
702 4436 759 4490 sive
782 4434 840 4504 pul·
877 4436 957 4490 bruna
971 4444 1101 4506 tanquam
1114 4436 1143 4489 in
1158 4433 1241 4489 tutela
1251 4432 1384 4488 stomachi
1394 4451 1471 4497 esse:
1486 4434 1601 4506 ideoque
1611 4453 1672 4506 quae

38 4512 149 4567 risculo
172 4513 275 4577 viuum,
296 4514 407 4568 floribus
429 4513 614 4578 madreselve,
636 4515 748 4569 floribus
769 4515 840 4584 pari·
878 4514 1049 4571 stomachum
1070 4514 1223 4568 confortant
1248 4521 1276 4567 et
1303 4513 1433 4576 muniunt,
1457 4514 1596 4569 cerebrum
1622 4531 1673 4584 per

38 4592 138 4647 etariae
159 4591 259 4656 luteae;
283 4609 346 4646 rosa
364 4593 532 4658 muscatella,
553 4596 628 4663 (narn
649 4601 754 4649 caeterm
770 4609 840 4648 rosae
878 4610 1040 4649 consensum
1052 4594 1156 4662 juvant,
1171 4599 1252 4663 atque
1265 4592 1321 4646 huc
1334 4591 1459 4646 similiter
1473 4592 1616 4647 imnaferri
1628 4594 1672 4647 de·

38 4672 232 4741 germinantes
245 4688 326 4741 parce
340 4673 467 4727 emittunt
484 4673 601 4740 odores)
621 4671 740 4743 fragaria
761 4674 840 4743 (praa-
878 4673 951 4728 bent.
974 4672 1141 4739 adjiciemus
1149 4671 1671 4741 pauentriaextemainternumunum.

38 4750 137 4804 sertim
146 4750 291 4818 moriente)
302 4751 370 4806 rubo
379 4751 463 4814 suavi,
475 4753 623 4823 (praecipue
634 4752 744 4805 ineunte
754 4753 838 4819 vere,)
918 4752 965 4806 41.
986 4750 1191 4805 Balneationem
1205 4750 1305 4820 pedum
1318 4750 1429 4805 omnino
1447 4751 1476 4804 in
1489 4768 1539 4805 usu
1553 4768 1612 4805 esse
1625 4768 1673 4804 vo·

37 4828 157 4883 mentha
170 4830 324 4899 campestri,
338 4828 480 4885 lavendula
497 4831 617 4895 florenta
632 4840 714 4900 atque
728 4831 757 4884 in
771 4830 840 4900 regi·
878 4830 976 4896 lumus,
990 4831 1025 4885 ad
1037 4830 1134 4894 minus,
1148 4829 1234 4884 semel
1253 4830 1282 4883 in
1302 4830 1470 4900 septimana3
1491 4829 1672 4900 balneumqne

38 4908 143 4962 onibus
169 4907 352 4972 calidioribus,
375 4909 448 4962 malo
474 4911 605 4974 aurantio,
629 4910 717 4973 citrio,
741 4918 840 4977 myrto,
879 4910 938 4964 fieri
956 4926 992 4964 ex
1013 4908 1117 4974 lixivio,
1131 4925 1193 4962 curn
1214 4908 1271 4963 sale
1293 4910 1380 4979 nigro,
1394 4916 1423 4963 et
1443 4910 1535 4973 salvia,
1558 4908 1674 4964 chamae-

37 4988 138 5041 lauro:
159 4987 252 5058 itaqua
266 4987 414 5042 ambulatio
432 4995 478 5044 aut
495 4990 582 5044 sesdo
597 4989 668 5043 iuter
685 4988 840 5058 hujusmodi
878 4988 959 5053 melo,
973 4986 1108 5052 smniculo,
1123 4987 1294 5058 sampsucho,
1308 4996 1336 5042 et
1350 4996 1432 5054 costo,
1446 5005 1509 5043 cum
1528 4987 1603 5042 foliis
1623 5004 1672 5041 au·

37 5082 124 5120 auras
137 5066 167 5119 in
180 5083 232 5120 nau
246 5082 308 5120 esse
321 5066 412 5122 debet.
879 5067 977 5139 gelicm
989 5065 1092 5120 viridis.

81 5144 132 5198 32.
154 5144 198 5200 lo
218 5144 308 5199 cordia
324 5146 519 5215 juramentum,
534 5144 630 5202 odores
650 5145 841 5218 refrigerantes
918 5147 966 5201 42.
988 5145 1112 5200 Suffitum
1124 5143 1267 5200 laudamus
1285 5146 1369 5201 etiam
1387 5144 1573 5216 quotidianum
1594 5160 1674 5201 mane

38 5223 219 5279 calidioribus
238 5228 443 5295 anteponimus3
464 5226 568 5281 suffitus
581 5226 672 5296 itaque
685 5226 840 5290 matutinus,
879 5241 915 5280 ex
935 5223 1113 5279 rore-marino
1131 5225 1215 5288 arido,
1236 5225 1350 5280 ramulis
1365 5225 1434 5278 lauri
1448 5223 1537 5288 siccis,
1552 5232 1579 5278 et
1598 5223 1677 5296 ligno

39 5310 90 5357 ant
110 5304 161 5358 aab
180 5303 289 5357 calores
307 5305 439 5371 meridiei,
458 5305 578 5374 optimus
596 5304 683 5368 fuerit,
701 5321 738 5359 ex
755 5305 841 5377 aequis
879 5303 970 5367 aloem
991 5319 1055 5357 nam
1069 5303 1172 5372 gummi
1188 5304 1282 5358 suavis
1295 5312 1378 5373 caput
1392 5311 1515 5372 gravant

40 5383 213 5451 poru'onibur
234 5384 316 5447 aceti,
335 5400 413 5455 aqum
433 5400 561 5449 rosacea,
580 5391 607 5438 ct
627 5383 685 5437 vini
707 5383 841 5455 generosi,
918 5383 965 5437 43.
987 5381 1145 5436 Cavendum
1159 5399 1277 5453 prorsus,
1291 5400 1326 5435 ne
1340 5381 1423 5450 capiti
1437 5397 1486 5450 per
1499 5380 1618 5436 caterius
1632 5382 1677 5435 ad-

42 5478 123 5533 super
135 5462 270 5517 laminam
285 5461 348 5517 ferri
360 5464 437 5534 quasi
452 5464 611 5518 candentem
626 5462 754 5517 fusurum.
879 5470 1038 5517 moveantur
1051 5460 1156 5528 calida,
1171 5461 1262 5532 qualia
1276 5468 1338 5515 sunt
1353 5468 1482 5528 ammata,
1492 5476 1547 5515 non
1562 5470 1678 5532 excepta
