3800 5875
230 330 288 385 648
777 329 812 386 D.
833 328 920 385 ΤΗΟ.
942 328 1082 385 BODLEl
1104 326 1297 384 semrom.

228 489 350 560 praeferri
363 489 407 552 iis,
427 505 488 560 qua
502 505 518 542 a
532 495 558 542 ts
572 487 714 558 designata
734 494 807 542 sunt.
848 487 902 542 Sed
915 488 1017 552 demus,
1052 486 1193 542 literatura
1210 483 1351 539 artificiosi
1369 483 1455 539 instar
1471 483 1658 554 syntagmatia
1697 483 1796 552 Neque
1809 499 1845 537 ex

228 575 356 638 sequatur
368 584 496 622 assensus
510 583 589 637 posse
600 583 617 619 a
630 576 656 620 te
669 567 785 621 couierri
799 567 870 637 quod
882 566 918 619 ad
931 568 1018 620 scien·
1053 573 1109 619 tam
1117 564 1209 635 ampla
1221 564 1347 634 congerie
1361 562 1406 616 rel
1426 562 1595 633 pulvisculus
1613 570 1741 632 superest,
1753 563 1782 615 si
1799 579 1844 616 ex·

227 647 325 700 tiarum
346 647 428 700 iaciat
446 652 629 717 augmentum,
648 653 676 698 et
696 645 856 700 universalis
874 645 947 715 apud
967 662 1017 701 nos
1053 645 1140 715 cipias
1154 643 1278 715 quadam
1291 642 1361 696 sacri
1373 642 1480 705 codicis,
1494 641 1645 712 posteritati
1663 639 1767 695 relicta
1809 640 1845 693 Et

227 724 339 779 theoriis
365 727 487 780 notiones
513 733 543 779 et
566 724 704 779 axiomata
727 724 861 795 tingamus
887 725 1015 790 extincta,
1053 739 1123 777 anne
1144 731 1208 777 tuuc
1230 722 1340 793 quidem
1360 736 1410 790 per
1431 729 1473 774 tot
1492 722 1657 790 scriptorum
1678 719 1774 782 millia,
1798 719 1842 790 qui

227 805 348 858 suffectis
360 805 466 858 noviter
478 803 609 873 repertia3
631 805 695 874 quid
713 803 838 857 beneficii
856 803 1017 858 redundabit
1053 801 1206 856 Salomonis
1227 817 1315 855 aevum
1332 808 1510 864 antecessere,
1530 800 1645 868 reperiri
1666 799 1753 867 potuit
1769 799 1843 868 qnid-

227 899 263 936 ex
276 882 327 935 hac
340 883 486 937 mutatione
500 884 528 937 in
537 882 715 937 eruditionem
728 890 755 936 et
764 882 914 937 scientias?
934 882 1015 937 Nihil
1053 897 1134 951 quam
1154 879 1281 934 novitatis
1301 879 1380 933 titulo
1400 879 1575 934 donandum?
1598 877 1733 931 Habenda
1753 886 1843 931 nmen

227 962 333 1026 certius,
348 978 429 1031 quam
443 977 512 1015 nova
526 961 594 1024 hare,
609 969 636 1014 et
649 977 710 1032 qua
728 963 757 1015 in
776 977 869 1014 eorum
887 962 1014 1030 appendi·
1052 962 1077 1013 ci
1101 960 1169 1014 fides
1189 967 1238 1021 est,
1252 975 1314 1012 cnm
1335 957 1381 1021 ait,
1395 973 1449 1011 nou
1468 958 1638 1011 obstantibus
1658 955 1843 1027 querelans

227 1056 286 1093 cern
307 1042 426 1105 veniunt,
449 1041 497 1095 ubi
520 1038 605 1093 semel
626 1047 735 1109 recepta
755 1039 862 1103 fuerint,
880 1056 1015 1094 commen·
1052 1038 1183 1099 ferebant,
1197 1036 1241 1091 vel
1255 1038 1346 1107 priora
1365 1036 1483 1091 tuleram
1501 1045 1634 1106 tempora,
1649 1052 1705 1088 nou
1723 1037 1842 1105 potuisse

226 1118 351 1174 dantibus
374 1119 565 1183 inventoribus,
585 1126 612 1173 et
635 1118 742 1173 illorum
764 1117 876 1172 asseclis
898 1119 1014 1189 gratiam
1051 1117 1116 1182 dici,
1131 1124 1147 1149 ‘⁴
1160 1116 1232 1170 Ecce
1245 1116 1310 1170 uori
1324 1115 1414 1187 quid”
1458 1115 1536 1169 Unde
1550 1116 1579 1168 id
1596 1114 1706 1184 colligo,
1720 1132 1782 1168 cum
1796 1130 1843 1184 per

226 1198 342 1267 priscam
360 1199 462 1253 aenaim
476 1198 617 1261 amissura,
632 1206 661 1252 et
680 1196 809 1251 oblivioni
821 1197 957 1262 medenda,
977 1214 1013 1251 ex
1051 1197 1143 1250 omnis
1152 1195 1244 1251 secula
1253 1202 1282 1249 et
1291 1195 1321 1249 in
1331 1195 1456 1248 omnibus
1463 1195 1567 1248 artibus
1576 1202 1603 1248 et
1613 1194 1736 1248 amentiis
1749 1194 1841 1247 eadem

225 1284 328 1331 naturae
354 1277 423 1331 scito
445 1277 534 1331 fluxura
559 1276 622 1330 illos
649 1284 677 1331 et
702 1276 822 1331 refluxus
845 1276 1012 1341 alternantia,
1050 1276 1151 1330 inerint
1169 1276 1198 1329 iu
1211 1274 1366 1329 hominibus
1385 1273 1469 1338 labor,
1483 1273 1653 1338 exercitatio,
1668 1281 1695 1327 et
1715 1273 1840 1344 cognitio,

225 1363 306 1426 atque
325 1355 365 1409 ita
391 1374 426 1411 ex
450 1364 599 1426 temporum
620 1356 734 1410 demean
757 1356 865 1426 penitus
888 1354 1013 1410 habitura
1050 1371 1111 1410 cnm
1133 1355 1177 1419 iis,
1201 1371 1262 1425 quaa
1283 1361 1376 1406 nostro
1389 1353 1511 1407 ridemus
1532 1360 1664 1423 tempore,
1685 1352 1738 1406 etsi
1756 1360 1839 1406 muta-

224 1434 379 1499 interitum;
400 1436 514 1490 tortasse
535 1434 619 1490 etiarn
631 1435 693 1490 aliia
705 1435 786 1500 idem,
801 1433 872 1504 quod
891 1441 922 1488 tu
939 1451 1013 1488 nunc
1050 1434 1154 1488 tionum
1166 1442 1234 1488 aestu
1247 1432 1412 1496 flmmeum,
1423 1441 1503 1501 prout
1515 1441 1669 1502 temporum
1681 1438 1711 1485 et
1723 1431 1840 1485 locurum

224 1514 354 1577 venditas,
378 1514 551 1584 agitantibus,
573 1514 701 1569 nimirum
724 1514 869 1584 propositis
895 1513 1012 1568 admini-
1050 1513 1253 1583 occasionisque
1269 1511 1356 1566 variat
1376 1512 1453 1574 ratio,
1472 1519 1500 1567 et
1519 1510 1662 1565 incalescit
1680 1511 1839 1580 scriptorum

224 1591 300 1657 culis,
324 1592 422 1663 quibua
442 1594 565 1648 exactius
583 1592 709 1648 limentur
728 1593 860 1665 augendae
882 1593 1011 1647 scientim
1049 1591 1190 1655 industria,
1204 1589 1308 1645 intendi
1322 1598 1351 1644 et
1363 1590 1464 1645 remitti
1478 1590 1559 1644 solita
1573 1590 1673 1643 tamin
1686 1587 1840 1643 theoreticis

225 1672 338 1742 Semper
365 1671 438 1726 enim
460 1690 521 1743 quae
548 1673 695 1741 majoribus
718 1671 826 1727 fuerunt
848 1672 954 1742 probro,
983 1672 1012 1726 iu
1049 1672 1105 1725 suis
1127 1687 1210 1742 quam
1231 1670 1366 1740 practicis,
1386 1670 1411 1724 si
1435 1670 1599 1724 amentimur
1617 1669 1676 1732 tibi,
1696 1669 1794 1739 primo,
1813 1676 1840 1722 ut

224 1750 372 1805 minoribus
392 1752 497 1805 maraci
517 1751 611 1807 solent
651 1751 740 1812 Quare
760 1750 859 1806 frustm
878 1759 926 1817 est,
940 1751 1012 1823 quis
1049 1751 1162 1804 amenus
1179 1758 1270 1804 nostra
1289 1748 1429 1817 rejiciatur
1448 1756 1578 1819 tanquam
1592 1748 1675 1801 dubia
1689 1754 1718 1801 et
1732 1748 1838 1809 incerta,

224 1830 284 1900 quis
298 1830 333 1883 ab
342 1829 450 1884 illoram
461 1830 698 1885 exercitationibus
706 1838 734 1883 et
744 1838 801 1884 tota
810 1831 1011 1884 commentandi
1050 1828 1135 1899 (quod
1155 1828 1274 1884 affirmas
1288 1828 1420 1883 duntaxat
1438 1843 1493 1881 nou
1513 1828 1604 1881 miuus
1624 1834 1839 1897 argumentorum

223 1908 439 1964 industriaaliud
452 1911 608 1978 speraverit,
622 1926 705 1979 quam
723 1909 795 1981 qaod
812 1909 908 1980 priscae
922 1909 1012 1963 obser·
1049 1908 1165 1976 robore)
1189 1906 1286 1961 deinde
1305 1916 1336 1961 ut
1360 1906 1518 1961 abdicentur
1541 1907 1680 1960 axiomata
1702 1914 1796 1960 nonna
1814 1914 1839 1959 et

222 1988 338 2043 rationis
352 1990 395 2050 sit,
404 1996 435 2043 ut
448 1988 502 2043 fido
510 1988 589 2043 nobis
602 1996 630 2043 et
642 2005 692 2059 per
704 1988 804 2059 scripta
816 1989 916 2043 tradito
923 1988 1012 2043 relatu
1048 1987 1184 2051 maxima,
1195 1985 1390 2057 generaleaqne
1400 1985 1571 2049 assertiones,
1582 2001 1599 2039 a
1609 1985 1840 2056 maioribuaqaaai

207 2073 337 2139 *constat
378 2067 432 2121 Hic
458 2068 488 2121 in
510 2076 629 2122 mentem
652 2067 721 2122 mihi
743 2069 817 2122 venit
839 2069 912 2139 qnod
935 2076 1012 2122 notat
1048 2083 1098 2135 per
1119 2083 1215 2120 manus
1241 2066 1352 2130 tradita,
1376 2081 1438 2135 quta
1460 2072 1552 2118 tamen
1574 2064 1668 2132 (aliter
1687 2065 1763 2117 enim
1785 2064 1838 2118 hac

222 2144 387 2209 Patercnlua,
412 2147 459 2201 ubi
485 2147 519 2199 de
545 2146 782 2201 excellentissimis
808 2146 963 2202 Graecorum
984 2154 1012 2200 et
1048 2144 1166 2216 intelligi
1180 2144 1331 2216 nequeunt)
1349 2143 1535 2198 subtilissimis
1554 2144 1643 2198 omnis
1663 2142 1715 2197 teri
1733 2142 1838 2210 judiciis

223 2224 406 2279 Romanorum
420 2225 537 2296 ingeniis
550 2228 615 2296 agit,
629 2243 692 2280 eum
711 2226 908 2280 florentissima
921 2234 1011 2280 esseut
1048 2224 1224 2294 comprobata
1236 2232 1314 2278 sunt:
1334 2222 1440 2286 ultimo,
1455 2231 1484 2277 ut
1497 2225 1668 2293 excogitatur
1681 2221 1761 2283 ratio,
1782 2239 1838 2292 que

222 2303 342 2373 ipsorum
369 2319 420 2368 res,
444 2304 515 2359 hanc
542 2305 601 2359 dari
627 2321 706 2374 posse
729 2321 783 2358 non
802 2304 1010 2376 improbabilem
1048 2320 1106 2369 nos,
1122 2304 1181 2372 jam
1195 2304 1280 2358 laetos
1293 2302 1474 2365 abecedarios,
1489 2318 1538 2372 per
1551 2310 1686 2356 tortuosas
1699 2300 1837 2371 particula

222 2397 409 2453 causam,qnae
422 2400 455 2437 ea
469 2400 577 2454 pessum
588 2384 668 2448 dedit,
679 2393 708 2438 ut
721 2392 815 2453 postea
827 2383 919 2438 docuit
932 2401 1011 2438 even·
1048 2383 1117 2436 ιιιιιιι
1131 2383 1376 2453 experimentorum
1395 2381 1525 2452 ambages
1545 2380 1679 2451 provehat
1696 2380 1734 2434 ad
1755 2380 1839 2449 cogni

222 2471 273 2527 tus,
292 2470 389 2516 natura
408 2467 424 2494 ‘⁶
438 2463 508 2532 quod
529 2480 634 2518 summo
655 2462 744 2518 studio
764 2464 877 2533 petitum
895 2470 944 2528 eat,
965 2463 1011 2517 ad·
1048 2462 1148 2516 tionem
1173 2479 1209 2517 ex
1230 2461 1314 2516 solide
1335 2459 1457 2515 collectis
1480 2459 1663 2530 generalibus,
1681 2460 1754 2514 unde
1775 2475 1839 2512 uova

222 2542 325 2595 scandit
344 2541 378 2594 ad
396 2558 538 2607 summum,
557 2542 727 2613 difficilisque
746 2544 776 2597 in
797 2543 917 2612 perfecto
933 2559 1011 2598 mota
1048 2541 1240 2611 exsculpuntur
1259 2541 1357 2595 artium
1387 2539 1529 2610 principia,
1549 2540 1613 2594 tinia
1632 2540 1685 2593 erit
1705 2547 1740 2593 ut
1761 2539 1837 2600 exuti,

222 2621 289 2673 est.”
330 2620 406 2675 Adeo
430 2629 459 2676 ut
479 2622 613 2687 homines,
631 2623 656 2676 si
676 2623 810 2677 senserint
830 2622 956 2678 ulteriore
980 2638 1010 2676 se
1048 2637 1116 2691 quas
1128 2637 1200 2675 nuuc
1214 2621 1355 2681 habemus,
1368 2618 1528 2689 disciplinis,
1542 2627 1572 2672 et
1585 2618 1696 2687 fatigati
1709 2618 1837 2672 redemti·

221 2699 358 2767 prohiberi
386 2701 525 2766 adscensu,
553 2702 582 2756 in
614 2702 675 2771 ipso
699 2701 858 2755 consututoa
891 2700 1009 2772 fastigio,
1047 2700 1099 2754 bus
1112 2700 1154 2760 {in
1181 2699 1312 2755 circulum
1337 2698 1483 2762 laboribus,
1506 2697 1573 2752 illuc
1597 2698 1750 2761 tendamus,
1773 2696 1837 2751 unde

221 2787 317 2849 sponte
353 2781 523 2845 descendant,
555 2780 740 2851 abdicatisque
773 2781 1011 2836 exercitationibus
1048 2779 1207 2849 incepimus,
1221 2795 1308 2851 eoque
1328 2777 1493 2831 deducamur
1513 2776 1652 2830 felicitatis
1671 2793 1734 2847 quta
1747 2792 1795 2829 nos
1812 2775 1838 2829 in

221 2858 320 2929 quibua
345 2860 492 2929 plurimum
519 2859 591 2915 inest
616 2859 755 2922 momenti,
779 2876 850 2914 nova
873 2859 1009 2924 affectent,
1048 2858 1185 2929 integrum
1198 2858 1330 2913 restituat
1371 2856 1428 2910 Res
1442 2872 1475 2910 ea
1489 2864 1530 2910 est
1544 2864 1584 2909 tot
1602 2855 1767 2920 seculorum,
1781 2863 1839 2926 quot

221 2945 350 3010 tanquam
376 2947 507 3008 occupata
526 2940 561 2994 ab
584 2938 646 2995 aliis
665 2940 786 3002 materia,
807 2940 837 2995 in
861 2956 915 3011 qua
935 2940 1010 3010 prius
1048 2945 1109 2993 aute
1130 2954 1180 2993 nos
1203 2945 1339 2993 transacta
1357 2937 1502 2999 fluxerunt,
1517 2942 1547 2990 ut
1568 2935 1677 2990 taudem
1696 2935 1727 2989 in
1745 2934 1838 3006 peries·

221 3016 390 3074 laborabant.
431 3018 468 3072 Et
480 3020 630 3090 prasertim
642 3019 671 3072 id
684 3019 845 3090 eloquentiae
858 3019 941 3073 iatum
960 3019 1012 3072 tuit
1048 3017 1131 3072 tionis
1157 3027 1232 3072 meta
1253 3017 1439 3071 consistamus.
1481 3015 1579 3085 Neque
1604 3016 1644 3068 ita
1670 3015 1718 3068 hic
1747 3031 1838 3068 censor

221 3096 276 3150 illis
303 3098 476 3168 temporibus,
503 3105 534 3152 ut
560 3115 622 3153 cum
647 3098 810 3168 posteriores
836 3099 1011 3168 desperarent
1048 3097 1137 3161 sedeo,
1151 3098 1229 3168 quasi
1242 3096 1380 3150 fastidiose
1395 3093 1540 3164 explodam
1559 3094 1692 3166 quicquid
1711 3093 1838 3166 augendis

220 3192 301 3245 posse
314 3193 333 3229 a
345 3194 374 3231 se
389 3177 521 3247 praeteriri
533 3178 645 3247 priores,
656 3185 703 3231 aut
712 3194 759 3232 eos
769 3178 878 3247 aquari,
887 3193 1011 3248 sequere·
1047 3192 1097 3245 per
1116 3192 1186 3231 nova
1205 3176 1315 3230 inventa
1332 3174 1497 3245 impenditur
1510 3174 1642 3238 scientiis,
1656 3190 1721 3227 cum
1735 3183 1837 3226 ematur

221 3264 264 3308 tur
276 3254 414 3326 neglectus
428 3264 457 3310 et
469 3263 638 3327 contemptus
652 3257 748 3327 priscus
762 3257 972 3320 exercitationis,
983 3264 1011 3311 et
1047 3255 1099 3310 iate
1113 3255 1214 3310 nobilis
1226 3255 1270 3319 sit,
1284 3271 1373 3325 neque
1392 3270 1498 3307 summa
1517 3253 1597 3308 laude
1618 3252 1795 3312 fraudandus,
1806 3251 1837 3302 ob

221 3349 270 3403 per
280 3333 383 3404 aliquot
395 3335 487 3390 secula
496 3352 585 3391 sermo
594 3343 622 3390 et
635 3335 722 3406 stylus
733 3336 904 3389 contraheret
917 3335 1011 3390 sordes
1047 3333 1208 3390 beneficium
1219 3350 1273 3405 qno
1284 3335 1314 3389 in
1328 3349 1447 3404 praeseus
1460 3332 1563 3403 perfrui
1575 3330 1651 3386 licet.
1694 3333 1835 3402 Nunquam

221 3419 248 3466 et
261 3414 421 3484 rubiginem,
435 3415 521 3470 donee
536 3415 630 3469 ultima
642 3415 768 3484 periodus
785 3431 884 3469 novam
900 3414 1011 3469 reduxit
1048 3413 1133 3467 defuit
1153 3414 1253 3469 mundo
1273 3415 1370 3485 ingens
1390 3411 1499 3467 illorum
1518 3428 1618 3483 agmen
1636 3412 1687 3482 qui
1707 3412 1786 3465 novis
1797 3426 1836 3463 ex·

222 3492 326 3557 taciem,
348 3494 548 3564 emergentibus
568 3502 596 3548 et
613 3510 644 3548 se
666 3493 840 3549 incitantibus
860 3493 1010 3549 illustribus
1048 3493 1198 3563 cogitandis
1212 3508 1322 3563 operam
1342 3492 1480 3556 dederunt,
1492 3508 1581 3563 neque
1602 3491 1696 3545 futura
1715 3489 1837 3544 carebunt

220 3571 338 3642 ingeniis
359 3572 394 3626 ad
413 3573 586 3627 resumendos
605 3589 699 3627 recena
719 3574 846 3629 animatia
863 3572 1011 3643 diligentia
1048 3571 1147 3637 meula,
1161 3573 1191 3626 iu
1203 3572 1301 3644 quibus
1315 3572 1447 3626 industria
1456 3572 1582 3642 pertinax
1595 3578 1624 3624 et
1637 3569 1779 3624 excellens
1790 3568 1836 3622 bac

219 3651 344 3721 impetus,
366 3651 607 3723 propellendoaque
631 3652 661 3706 iu
681 3668 815 3707 summum
838 3652 1011 3723 perfectionis
1047 3651 1077 3705 in
1103 3659 1180 3721 parte
1206 3652 1312 3721 peperit
1337 3651 1416 3706 nobis
1436 3668 1478 3715 ea,
1501 3668 1562 3721 quar
1584 3650 1614 3703 iu
1635 3650 1836 3705 admirationem

219 3729 360 3801 fastigium
374 3730 479 3785 labores
492 3747 546 3785 non
559 3732 589 3785 in
598 3731 759 3803 eloquentiae
771 3731 902 3786 duntaxat
912 3733 1010 3797 studio,
1048 3731 1164 3800 rapiunt,
1187 3739 1297 3801 captum
1324 3729 1482 3801 popularem
1505 3737 1532 3782 et
1558 3746 1637 3800 spem
1664 3739 1835 3801 transgressa.

220 3810 269 3863 aed
283 3817 311 3863 et
329 3827 469 3881 quousque
487 3826 517 3866 se
537 3810 679 3880 porrigunt
697 3810 870 3865 scientiarum
890 3812 1010 3866 omnium
1048 3810 1157 3864 Nostrae
1170 3819 1260 3864 tamen
1272 3811 1395 3865 notiones
1406 3818 1434 3862 et
1444 3808 1581 3863 axiomata
1593 3817 1650 3862 tam
1660 3810 1698 3863 ab
1711 3810 1836 3878 iisqusa

220 3890 360 3958 pomoeria.
402 3886 500 3961 Neque
520 3890 594 3944 enim
616 3889 675 3944 falli
698 3889 775 3944 illum
795 3897 867 3960 puto,
888 3890 1011 3961 quisquis
1048 3889 1083 3942 ab
1106 3889 1271 3945 eruditorum
1291 3889 1520 3952 eminentissimis,
1536 3904 1647 3958 semper
1667 3906 1732 3944 cum
1751 3886 1837 3960 gratiis

220 3968 424 4034 existimaverit,
439 3977 511 4024 artes
532 3985 634 4032 omnes,
648 3976 729 4039 prout
749 3967 857 4040 publice
875 3986 947 4024 nunc
961 3970 1010 4023 do·
1048 3975 1157 4037 recepta
1170 3977 1240 4023 sunt.

220 4055 321 4111 centur,
335 4048 411 4103 nullo
424 4065 478 4102 non
496 4065 555 4102 arvo
575 4049 704 4113 extitisse,
717 4064 772 4102 non
791 4056 881 4103 tamen
901 4049 961 4120 pari
981 4050 1010 4102 iu
1087 4047 1172 4102 Vides
1182 4064 1263 4119 quam
1272 4046 1303 4099 in
1312 4062 1355 4100 ure
1364 4046 1491 4101 fiduciam
1501 4052 1548 4100 tna
1557 4049 1659 4101 crearit
1672 4046 1835 4108 humanitem

220 4126 345 4181 omnibus
363 4128 430 4181 locis
450 4144 583 4191 mensura,
604 4144 692 4198 neque
714 4127 810 4182 eodem
824 4126 885 4182 loco
903 4144 1011 4197 semper
1048 4126 1112 4181 siin
1126 4126 1179 4181 ista
1191 4127 1231 4182 tui
1245 4126 1423 4195 impugnandi
1437 4125 1547 4180 licentia
1563 4123 1727 4181 lasciviente
1745 4134 1836 4196 proter·

220 4204 281 4274 pari
304 4222 422 4270 numero,
438 4208 484 4260 aed
499 4217 701 4277 extemporum
715 4207 798 4276 genio
816 4206 1011 4262 mutationibus
1048 4206 1092 4259 via
1101 4206 1207 4270 efferor,
1217 4222 1298 4276 quarn
1311 4204 1345 4259 de
1355 4213 1445 4259 erecta
1456 4213 1502 4259 tua
1512 4204 1601 4259 indole
1612 4207 1731 4278 coueepi
1745 4204 1835 4274 opinio,

220 4282 422 4348 obnoxio,nunc
431 4286 565 4340 auctiores
574 4286 880 4357 florentioresque,nuuc
889 4286 1011 4340 inexsua·
1049 4294 1076 4339 et
1087 4285 1221 4347 libertate,
1231 4301 1312 4354 quam
1326 4283 1373 4337 hic
1388 4285 1536 4338 amicornm
1548 4284 1698 4354 praecipuis
1712 4283 1834 4352 inddgea

220 4362 308 4417 citata
322 4371 423 4418 etcum
433 4366 609 4420 tenebricosa
615 4364 791 4420 institutionis
799 4364 928 4419 methodo
940 4364 1009 4419 rudi.
1049 4381 1082 4418 eo
1094 4380 1138 4418 me
1151 4362 1260 4434 impulit
1273 4363 1395 4432 alioquin
1408 4363 1585 4418 restitantem.
1628 4363 1665 4418 Et
1679 4378 1834 4434 quanquam,

261 4441 344 4495 Ratio
354 4460 390 4499 ex
403 4460 447 4497 me
464 4445 488 4499 si
510 4451 653 4515 quaeratur,
668 4444 733 4498 lacit
755 4460 805 4513 pro
824 4461 869 4498 me
887 4444 1012 4502 doctrina
1049 4443 1112 4514 equi
1125 4443 1212 4497 instar
1225 4442 1275 4497 sub
1288 4444 1384 4512 auriga
1397 4450 1573 4504 rectornnon
1587 4443 1718 4498 recedam
1733 4437 1834 4496 aveteri

220 4519 373 4576 Aristotelis
383 4522 533 4578 etaliorum
546 4522 751 4577 elaboratissimi
766 4523 870 4594 ingenii
884 4523 1010 4586 virorum,
1049 4530 1076 4576 et
1089 4522 1154 4575 trita
1165 4522 1218 4586 via,
1229 4538 1310 4593 quam
1323 4520 1417 4576 sedulo
1426 4520 1538 4584 calcavi,
1549 4521 1589 4574 ita
1602 4531 1699 4576 tamen
1713 4518 1835 4576 oenfiode

219 4616 237 4653 a
251 4600 348 4670 quibus
362 4609 507 4671 supersunt
519 4602 598 4656 nobis
612 4603 730 4672 plurima
743 4602 924 4664 adminiculae
939 4600 1011 4657 unde
1049 4601 1103 4656 tuis
1122 4601 1256 4671 cogitatis,
1275 4609 1303 4653 et
1323 4599 1401 4654 fateri
1419 4616 1463 4654 me
1477 4616 1520 4654 rea
1533 4601 1595 4670 ipsa
1607 4601 1692 4672 cogit,
1709 4610 1794 4654 tecum
1812 4605 1835 4649 et

219 4679 248 4733 id
262 4681 389 4748 probetur
403 4681 478 4734 etad
497 4680 631 4752 liquidum
644 4682 799 4745 deducatur,
813 4682 885 4751 quod
905 4681 968 4735 aliia
982 4681 1011 4734 in
1049 4697 1111 4735 curu
1133 4679 1234 4735 mundo
1255 4679 1375 4750 iniquius
1396 4687 1423 4733 te
1446 4679 1544 4749 egisse,
1568 4696 1632 4734 cum
1659 4687 1753 4734 ιαιιιιι
1778 4692 1835 4747 opta

219 4758 300 4813 rebus
313 4759 385 4815 idem
405 4760 435 4813 in
450 4760 553 4814 artibus
571 4762 737 4831 contingere,
752 4759 863 4831 darique
878 4767 966 4815 ortum
985 4768 1013 4814 et
1049 4759 1196 4814 domestico
1216 4775 1323 4813 carcere
1342 4758 1482 4812 damnatas
1498 4758 1619 4813 invidisti
1641 4758 1755 4828 publico
1772 4756 1834 4811 usui

220 4838 374 4904 interitum
395 4855 516 4909 congrua
536 4855 653 4908 prorsus,
669 4840 693 4893 si
711 4855 754 4893 me
768 4840 945 4908 interpretem
964 4856 1012 4893 au·
1050 4838 1129 4892 Licet
1152 4839 1226 4892 enim
1250 4853 1409 4907 persuasum
1427 4835 1544 4891 habeam
1565 4837 1656 4908 quoad
1674 4847 1794 4892 tenorem
1813 4843 1835 4886 et

219 4917 285 4981 dias,
300 4919 435 4972 sententia
453 4919 487 4983 ei,
509 4918 580 4989 qnod
598 4919 652 4974 dici
673 4919 759 4973 solet:
782 4917 892 4973 “Nihil
912 4934 1012 4972 novum
1050 4918 1199 4985 subjecturus
1213 4917 1356 4987 precipuae
1366 4914 1834 4980 dissertationinnullainscademia

219 4997 271 5050 sub
291 4995 373 5062 aule,”
395 5005 504 5069 etqua
524 5014 579 5051 non
598 4998 627 5051 in
645 4998 718 5051 facta
737 4997 825 5068 magis
846 5015 927 5069 quarn
940 4997 1012 5050 dicta
1050 5003 1077 5051 te
1097 5003 1265 5068 reperturum
1288 4994 1415 5059 tribunal,
1440 4996 1512 5067 quod
1530 4996 1630 5050 erroris
1652 5005 1680 5051 te
1706 4995 1833 5050 absolvere

220 5077 341 5145 quadrat,
356 5082 371 5108 ‘¹
385 5077 423 5131 Ut
435 5077 506 5131 nihil
525 5093 614 5148 neque
627 5076 729 5130 dietum
747 5092 836 5148 neque
850 5076 952 5131 iactum
966 5076 1011 5140 sit,
1050 5077 1197 5137 suadueat3
1212 5083 1302 5129 tamen
1315 5075 1412 5144 negari
1425 5091 1479 5128 non
1492 5082 1590 5145 potest,
1605 5083 1754 5130 tractatum
1768 5083 1833 5127 tuum

220 5155 291 5225 quod
304 5172 358 5209 non
374 5166 401 5209 et
414 5156 516 5211 dictum
531 5162 558 5208 et
573 5156 673 5208 iactum
687 5156 789 5223 prius.”
1051 5154 1149 5226 ubique
1177 5163 1280 5208 scatere
1306 5154 1482 5224 conceptibus
1509 5155 1619 5209 selectae
1647 5155 1736 5226 frugis
1761 5167 1834 5220 supet

259 5233 448 5289 Patrocinatur
461 5235 499 5288 2⁰.
515 5235 598 5287 etiam
613 5231 727 5287 celebris
740 5232 789 5286 illa
803 5232 958 5287 Salomonis
978 5233 1013 5287 ad
1050 5234 1175 5302 prasenti
1191 5240 1263 5287 statu
1282 5233 1465 5295 scientiarum,
1479 5239 1506 5287 et
1525 5233 1758 5303 ingeniosissimis
1771 5247 1833 5283 com·

219 5311 305 5364 tilium
320 5312 431 5382 querela
448 5315 476 5366 in
496 5312 650 5381 prurientes
671 5327 722 5365 suo
740 5311 832 5365 seculo
845 5312 1012 5367 voluminum
1050 5313 1260 5366 mentatiouibus
1274 5327 1355 5382 super
1368 5310 1531 5379 adjumentis
1550 5329 1598 5366 eas
1612 5310 1795 5383 promovendi,
1807 5315 1832 5360 ut

220 5388 317 5454 iabroa,
332 5406 384 5443 non
399 5391 454 5444 alio
467 5408 548 5444 sensu
562 5389 818 5460 accipiends,qusm
831 5390 902 5459 quod
913 5408 1014 5461 magua
1050 5390 1234 5446 efficacissime
1257 5407 1319 5444 eum
1340 5389 1438 5454 trahat,
1461 5390 1613 5462 quicunque
1637 5409 1731 5447 earum
1752 5403 1832 5443 retum

219 5481 312 5522 eorum
332 5484 395 5537 para
415 5478 444 5524 et
463 5469 563 5524 luerint
582 5468 785 5523 obaemationes
798 5477 825 5523 et
845 5469 875 5523 in
889 5470 1012 5540 qualibet
1050 5470 1139 5525 studio
1157 5471 1270 5540 capitur,
1292 5470 1453 5540 penitusque
1473 5469 1633 5540 explorandi
1651 5472 1748 5544 gignet
1765 5463 1831 5523 haud
