3800 5875
57 310 132 367 Car.
148 311 173 364 Ι.
585 310 636 364 DE
656 310 881 367 AUGMENTIS
903 312 1177 370 sctnuutattunt.
1579 356 1582 363 ·
1630 312 1689 377 367

56 470 233 523 summitates
248 469 345 522 florum
354 467 561 522 eminentiorum
573 476 704 537 carperet,
713 470 748 522 ad
757 470 859 525 cadem
895 470 1008 525 minime
1037 472 1183 541 probamus
1211 471 1345 526 curiosam
1372 469 1448 526 illam
1475 470 1688 542 inquisitionem,

55 549 345 619 proceruminnuens3
359 547 857 619 uonminusususesthieroglyphico,
896 567 978 620 quam
1002 557 1093 605 tamen
1117 551 1196 607 Plato
1215 551 1257 605 vir
1280 551 1398 606 eximius
1425 566 1480 604 non
1508 553 1687 621 contempnite

55 644 141 698 quarn
163 628 187 682 si
212 627 242 681 id
265 627 295 679 iu
318 625 415 680 charta
438 626 613 696 depinxisset
654 626 726 681 Illud
748 628 858 683 interim
895 629 1025 684 nimirum
1035 630 1069 684 de
1082 631 1254 701 impositione
1269 638 1297 685 et
1310 629 1437 702 originali
1456 628 1620 701 etymologia
1638 647 1688 685 no·

54 713 144 777 patet,
157 704 370 777 hieroglyphice
383 713 410 757 et
424 714 516 772 gestus
530 721 637 774 semper
656 723 719 760 cum
732 723 762 760 rc
775 708 858 778 signi·
895 709 1018 773 minum;
1040 709 1216 779 supponendo
1229 725 1261 763 ao
1274 710 1299 763 si
1312 708 1361 763 illa
1378 710 1438 777 jam
1456 725 1474 761 a
1497 708 1634 779 principio
1653 710 1688 764 ad

54 787 138 840 licata
162 786 270 857 aliquid
292 783 478 838 similitudinis
500 783 617 849 habere3
645 791 674 839 et
696 785 858 840 emblemata
894 785 1026 856 placitum
1041 787 1128 841 indita
1138 788 1249 842 minime
1261 787 1382 852 luissent,
1393 787 1441 842 sed
1454 787 1558 842 ratiom
1570 788 1687 859 quadam

55 867 185 935 quedam
206 881 284 929 eme3
305 863 377 917 unde
399 878 446 916 eas
465 871 546 917 notas
568 880 658 917 rerum
681 880 717 918 ex
737 882 857 934 congruo
895 872 922 918 et
936 866 1122 936 significanter
1133 867 1254 921 derivata
1267 873 1295 920 et
1307 867 1438 922 deducta:
1459 867 1601 921 materiam
1613 878 1688 921 certe

53 945 270 998 nominavimus.
311 941 350 996 At
367 941 538 997 characteres
558 941 645 996 reales
663 943 734 996 nihil
755 943 857 997 habeut
895 943 1056 1014 elegantem,
1071 954 1099 999 ct
1112 946 1189 1016 quasi
1210 962 1326 1010 ceream,
1341 964 1401 1017 qum
1415 952 1477 1016 apte
1492 945 1559 1016 fingi
1573 953 1601 1000 et
1613 947 1687 1001 flecti

54 1041 90 1078 ex
114 1023 294 1087 emblemate,
315 1022 363 1075 sed
386 1021 467 1091 plane
491 1021 565 1075 surdi
590 1030 667 1085 sunt;
688 1039 743 1076 non
767 1024 856 1077 miuus
894 1024 996 1093 possin
1018 1024 1222 1095 quoniamvero
1242 1026 1431 1096 antiquitatum
1451 1024 1604 1094 penetralia
1623 1042 1686 1095 per·

54 1120 139 1173 quam
149 1104 215 1172 ipsa
224 1101 359 1157 elementa
368 1101 522 1164 literarum
537 1101 607 1154 etad
616 1098 743 1177 placitum
751 1109 856 1156 tautum
894 1104 1007 1157 scrutari
1027 1103 1141 1168 ridetur,
1160 1105 1242 1158 etiam
1266 1104 1464 1174 quodammodo
1486 1104 1685 1169 venerabilemr

52 1182 146 1245 efficti,
160 1181 361 1236 consuetudine
376 1189 466 1234 autem
485 1188 613 1250 tanquam
627 1188 706 1249 pacto
721 1181 803 1234 tacito
816 1199 855 1234 re·
894 1180 941 1234 sed
954 1181 1131 1237 nihilominus
1145 1199 1227 1253 parce
1240 1199 1340 1248 veram,
1355 1189 1382 1237 et
1395 1182 1482 1238 fructu
1496 1199 1611 1237 cossam.
1633 1183 1686 1238 Illa

53 1261 140 1331 cepti,
186 1261 261 1315 lllud
274 1260 383 1313 interim
394 1259 488 1329 liquet,
499 1268 576 1312 vasta
595 1259 717 1327 ipsorum
736 1258 856 1314 multitu·
893 1260 1010 1325 demum,
1020 1269 1051 1315 ut
1060 1261 1230 1326 arbitramur,
1242 1262 1311 1316 soret
1320 1261 1489 1316 nobilissima
1499 1264 1685 1332 grammaticas

52 1341 117 1394 dine
132 1341 169 1395 ad
180 1339 355 1394 scribendum
364 1356 433 1408 opus
443 1354 520 1392 esse:
541 1344 579 1391 tot
590 1338 661 1390 enim
676 1355 735 1392 esse
750 1339 854 1403 debent,
893 1340 1007 1409 species,
1018 1341 1042 1395 si
1054 1341 1114 1412 quis
1124 1342 1153 1394 in
1163 1341 1265 1412 linguis
1278 1341 1404 1411 plurimis
1413 1349 1469 1396 tam
1480 1340 1591 1395 eruditis
1602 1359 1684 1412 quam

51 1427 121 1489 quot
142 1426 210 1473 scrut
233 1417 365 1473 vocabula
387 1415 525 1471 radicalia
572 1417 640 1469 Haec
663 1417 745 1487 igitur
764 1418 855 1488 portio
892 1418 1051 1489 vulgaribus
1064 1420 1164 1474 eximie
1178 1421 1281 1485 doctus,
1295 1421 1329 1474 de
1342 1421 1426 1475 variis
1446 1420 1600 1491 linguarum
1622 1437 1684 1490 pro-

51 1499 189 1553 doetrinae
198 1499 233 1553 de
244 1495 498 1568 organosermouis‚
510 1513 571 1567 quae
580 1503 621 1549 est
631 1495 665 1550 de
675 1496 746 1551 notis
756 1513 853 1562 rerum,
892 1499 1052 1567 prietatibus
1065 1506 1207 1564 macunen
1227 1499 1256 1553 in
1274 1501 1372 1571 quibua
1385 1516 1499 1571 quaeque
1513 1499 1639 1566 excellat,
1653 1501 1683 1556 in

50 1579 135 1633 uobis
159 1578 272 1649 ponitur
293 1594 344 1647 pro
366 1576 525 1630 desiderato.
570 1575 630 1628 Etsi
654 1583 745 1630 autem
766 1577 854 1630 tenuis
892 1577 991 1646 quibus
1014 1577 1130 1641 deficiat,
1154 1580 1305 1633 ostendens.
1356 1579 1400 1632 lta
1426 1580 1500 1632 enim
1527 1586 1555 1631 et
1581 1578 1682 1650 linguae

51 1659 144 1727 possit
159 1657 247 1711 rideri
262 1673 321 1712 esse
342 1655 401 1723 ejus
422 1671 496 1718 usus,
509 1671 571 1708 cum
591 1654 674 1708 rerba
694 1661 722 1709 et
743 1656 854 1725 scriptio
891 1663 986 1710 mutuo
998 1657 1158 1711 commercio
1173 1653 1332 1728 locupletari
1347 1658 1466 1728 possintr
1488 1666 1516 1711 et
1529 1658 1577 1711 liet
1590 1674 1625 1711 ex
1638 1659 1681 1724 iis,

50 1754 101 1806 per
109 1737 210 1790 literas
218 1737 382 1805 sintorgana
390 1734 521 1788 traditirce
528 1733 609 1803 longe
620 1734 852 1798 commodissima3
892 1752 953 1805 quae
962 1735 992 1788 iu
1001 1735 1115 1806 singulis
1124 1735 1227 1806 linguis
1237 1735 1424 1806 pulchrmsuut
1435 1736 1577 1809 (tanquam
1587 1737 1682 1793 Venus

50 1816 143 1870 rimam
157 1824 203 1870 est
224 1826 314 1868 tamen
333 1813 421 1877 uobis,
434 1812 517 1866 veluti
532 1813 640 1866 reiuou
653 1812 790 1883 ignobilis,
805 1813 852 1867 ali-
891 1813 1010 1884 Apellis)
1018 1815 1149 1869 orationis
1157 1816 1243 1885 ipsius
1249 1815 1573 1886 quoedsmiormosissima
1579 1815 1680 1887 imago,

51 1912 137 1964 quam
151 1894 284 1948 hocloco
303 1893 468 1947 mentionem
483 1891 653 1959 ejuslaoere.
693 1892 852 1946 Tractamus
891 1900 919 1947 et
931 1892 1072 1964 exemplar
1086 1894 1219 1966 quoddam
1232 1895 1348 1966 insigne,
1361 1894 1396 1948 sd
1416 1911 1511 1949 senatu
1533 1895 1616 1948 animi
1629 1896 1681 1950 rite

49 1975 129 2029 enim
143 1974 202 2037 hic,
218 1972 300 2027 relati
318 1971 485 2026 numismata
498 1988 588 2026 rerum
608 1969 851 2026 intellectualium:
890 1973 1090 2042 exprimendos.
1115 1972 1202 2045 Atque
1215 1990 1270 2028 una
1282 1974 1366 2028 etiam
1379 1972 1432 2027 hoc
1446 1980 1528 2044 pacto
1540 1974 1682 2045 capientur

49 2069 101 2107 nec
116 2053 169 2107 abs
193 2070 223 2106 re
245 2053 325 2106 inerit
338 2068 427 2115 nosse,
441 2050 513 2121 quod
534 2050 604 2105 naut
622 2050 727 2104 nummi
748 2050 853 2120 possint
890 2051 1055 2121 signahsud
1070 2052 1208 2118 leriased
1221 2053 1364 2107 observatu
1377 2053 1680 2124 digna(quodiortasse

50 2133 150 2186 cmfici
164 2149 205 2186 ex
218 2131 274 2185 alia
286 2131 408 2194 materia,
422 2137 521 2200 praeter
539 2145 634 2183 aarum
655 2136 684 2183 et
702 2138 851 2199 argentum,
890 2131 1026 2202 quispiam
1040 2148 1093 2185 nou
1108 2131 1228 2202 putaret)
1242 2132 1276 2187 de
1289 2132 1410 2203 ingeniis
1423 2140 1452 2186 et
1464 2132 1583 2186 muribus
1597 2149 1681 2203 popu-

50 2213 90 2265 ita
103 2219 225 2266 etnotae
235 2228 326 2265 rerum
339 2209 401 2264 alie
414 2209 521 2281 possint
533 2208 604 2275 cudi,
619 2216 716 2278 praeter
728 2209 813 2263 verba
825 2216 853 2263 et
890 2208 977 2264 lorum
996 2218 1025 2265 et
1042 2211 1179 2266 sanonum
1200 2229 1236 2267 ex
1255 2211 1357 2283 linguis
1377 2211 1505 2282 ipsorum.
1545 2211 1680 2280 Equidem

50 2290 156 2345 literas.
889 2287 1006 2344 libenter
1019 2290 1099 2344 audio
1113 2290 1273 2345 Ciceronem
1282 2298 1429 2355 notantem,
1441 2290 1512 2361 quod
1522 2289 1593 2360 apud
1603 2287 1680 2347 Grae·

89 2370 249 2440 Pergamus
261 2366 613 2441 igituradgrammaticem.
641 2365 684 2420 Ea
694 2382 759 2421 vero
769 2366 851 2421 reluti
889 2384 936 2422 cos
959 2368 1029 2423 desit
1050 2370 1170 2435 verbum,
1185 2369 1256 2441 quod
1278 2368 1406 2424 Latinum
1430 2368 1496 2424 illud
1516 2368 1678 2444 (saeptum)

49 2450 166 2503 maturis
188 2448 281 2502 locum
295 2464 361 2518 erga
378 2454 489 2501 caeteras
511 2445 637 2501 scientias
657 2445 776 2509 obtinet;
796 2462 851 2500 uon
889 2447 1000 2513 reddat;
1039 2448 1234 2519 ‘'Propterea''
1259 2449 1354 2520 inquit,
1379 2450 1474 2519 “quod
1499 2447 1603 2504 Graecis
1626 2449 1679 2505 hoc

49 2528 173 2583 nobilem
194 2526 274 2582 illum
294 2527 411 2598 quidem,
425 2526 475 2580 sed
493 2524 627 2595 imprimis
649 2530 747 2579 tamen
760 2541 851 2579 neces·
888 2526 984 2581 vitium
998 2534 1054 2582 tam
1069 2528 1203 2583 familiare
1218 2528 1276 2592 tuit,
1292 2537 1321 2582 ut
1333 2528 1401 2583 illud
1413 2529 1443 2582 in
1459 2544 1488 2583 se
1502 2545 1536 2582 ne
1551 2545 1679 2600 agnosce·

50 2609 171 2671 samum
195 2607 350 2676 prasertim
364 2622 426 2659 cum
440 2605 568 2668 scientim
581 2605 681 2658 nostris
702 2604 809 2667 seculis,
823 2612 851 2659 et
888 2615 948 2659 rent
956 2607 1101 2678 quidem:”
1117 2607 1275 2678 dignacerte
1283 2608 1414 2678 gravitate
1424 2607 1548 2662 Romana
1556 2624 1678 2664 censura.

49 2686 156 2758 linguis
177 2686 300 2749 eruditis,
314 2701 371 2740 nou
393 2682 551 2747 remaculis,
566 2683 736 2753 potissimum
756 2682 850 2737 bauri-
888 2684 959 2745 Quid
972 2685 1046 2750 illud,
1059 2686 1129 2757 quod
1145 2685 1233 2741 Gracci
1247 2687 1275 2740 in
1288 2686 1527 2757 compositionibus
1536 2687 1679 2744 verborum

50 2777 140 2820 antur.
182 2765 284 2836 Neque
298 2772 391 2819 tamen
405 2763 523 2834 dignitas
537 2763 596 2830 ejus
614 2778 698 2831 parva
716 2762 851 2817 censenda
888 2770 963 2817 tauta
976 2765 1143 2820 licentiausi
1162 2773 1233 2831 sunt,
1248 2765 1366 2819 Romani
1387 2775 1480 2820 conus
1501 2782 1629 2839 maguam
1648 2768 1679 2822 iu

50 2843 600 2916 estquandoquidemantidoticujusdam
609 2841 850 2912 vicibusiungatur
887 2841 939 2896 hac
962 2860 992 2898 re
1016 2845 1188 2899 severitatem
1209 2844 1412 2899 adhibuerunt?
1460 2843 1544 2900 Plane
1568 2846 1679 2916 colligat

50 2933 145 2979 contn
160 2923 381 2979 maledictionem
403 2921 479 2978 illam
500 2920 666 2977 confusionis
685 2920 849 2992 linguarum.
888 2922 956 2992 quia,
969 2922 1079 2979 Graecos
1092 2924 1175 2980 lause
1186 2925 1295 2989 artibus,
1307 2924 1445 2979 Romanos
1454 2924 1535 2981 rebus
1542 2925 1677 2997 gerendis,

50 3004 123 3059 Saue
138 3004 194 3058 hoc
208 3004 268 3074 agit
279 3002 413 3058 industria
433 3002 560 3064 humana,
573 3009 604 3055 ut
626 3018 656 3055 se
677 3002 800 3055 restituat
822 3010 849 3055 et
887 3003 974 3072 magis
988 3003 1107 3060 idoneos.
1128 3004 1235 3060 Artium
1250 3005 1322 3059 enim
1337 3004 1522 3059 distinctiones
1535 3006 1678 3061 verborum

50 3084 222 3154 redintegret
235 3084 266 3137 iu
279 3081 511 3137 benedictionibus
520 3079 583 3145 illis,
595 3079 692 3151 quibus
706 3079 786 3150 culpa
799 3098 850 3135 sua
886 3083 1111 3152 compositionem
1138 3084 1194 3139 iere
1221 3085 1358 3155 exigunt:
1389 3090 1417 3137 at
1438 3100 1489 3148 ras,
1513 3092 1540 3138 et
1559 3085 1676 3155 negotia,

50 3163 163 3216 excidit
203 3162 293 3233 Atque
308 3169 402 3217 contra
412 3160 630 3215 maledictionem
642 3160 756 3229 primam
768 3176 849 3230 geue·
886 3160 1054 3230 simpliciora
1071 3162 1154 3217 rerba
1173 3162 1318 3234 postulant.
1359 3162 1431 3225 Quin
1445 3163 1556 3219 Hebraei
1572 3171 1677 3220 tautum

50 3241 136 3296 ralem
151 3240 187 3295 de
198 3241 343 3296 sterilitate
354 3249 439 3305 terrae,
450 3247 478 3294 et
487 3238 651 3294 comedendo
660 3255 759 3309 panem
770 3256 848 3294 suum
886 3242 1097 3310 compositiones
1110 3242 1172 3297 illas
1193 3243 1338 3313 refugiunt,
1352 3250 1383 3297 ut
1400 3242 1498 3298 malint
1517 3242 1678 3313 metaphora

50 3321 78 3375 in
102 3321 206 3375 sudore
228 3321 320 3374 vultus
343 3320 394 3384 sui,
408 3319 521 3390 reliquia
544 3318 647 3373 artibus
670 3318 794 3373 omnibus
818 3335 847 3374 se
886 3319 969 3385 abuti,
984 3338 1066 3392 quam
1079 3322 1301 3393 compositionem
1315 3322 1493 3378 introducere.
1522 3322 1677 3383 Quinetiam

50 3401 139 3454 munit
162 3407 193 3454 et
214 3400 331 3454 instruit
373 3399 411 3453 At
433 3406 526 3454 contm
549 3397 695 3453 secundam
714 3396 790 3451 illam
814 3399 847 3453 de
886 3399 975 3454 verbis
988 3409 1045 3453 tam
1058 3402 1153 3470 paucis
1166 3409 1194 3456 et
1210 3401 1321 3456 minime
1335 3401 1492 3456 commixtis
1512 3408 1632 3467 utuntur,
1646 3409 1677 3458 ut

49 3480 213 3534 emindoue
226 3479 383 3550 linguarum
396 3478 509 3532 advocat
523 3478 552 3531 in
568 3476 700 3531 auxilium
714 3493 848 3547 gramma·
885 3476 966 3549 plane
981 3495 1017 3534 ex
1029 3480 1126 3552 lingua
1138 3481 1199 3551 ipsa
1219 3480 1280 3551 quia
1300 3480 1454 3551 perspiciat,
1468 3487 1578 3551 gentem
1593 3481 1677 3538 fuisse

50 3559 141 3613 ticam
162 3558 233 3626 Ejus
247 3558 277 3612 in
290 3557 393 3628 linguis
407 3557 559 3629 quibusque
569 3555 722 3611 remaculis
732 3557 847 3628 exiguus
885 3557 961 3612 illam
974 3559 1144 3625 Nazaraeam,
1158 3567 1186 3615 et
1199 3577 1216 3614 a
1229 3559 1343 3631 reliquia
1365 3561 1491 3629 gentibus
1512 3568 1675 3630 separatam.

51 3643 123 3691 certe
138 3654 206 3692 mers
220 3644 277 3701 est3
299 3637 328 3689 iu
342 3637 462 3691 externis
475 3635 660 3707 perdiscendis
674 3634 768 3701 latiorr
791 3653 847 3690 am·
885 3637 985 3692 Annon
999 3644 1027 3693 et
1039 3638 1109 3693 illud
1122 3639 1309 3694 observatione
1318 3638 1432 3710 dignum
1443 3638 1606 3706 (licetnobis
1619 3657 1676 3695 mo

51 3717 193 3786 piissimus
203 3732 270 3770 vero
282 3716 311 3770 in
325 3714 380 3770 illis
394 3715 503 3787 linguis,
512 3734 573 3787 quae
586 3715 712 3785 vulgares
726 3733 786 3771 esse
800 3715 846 3771 de·
884 3715 976 3771 demis
999 3718 1109 3787 spiritua
1128 3717 1255 3773 nonnihil
1268 3717 1405 3785 retundat)
1419 3718 1545 3790 antiquas
1565 3718 1676 3790 linguas

52 3795 164 3859 derunt,
180 3803 210 3849 et
223 3796 253 3850 iu
266 3795 344 3849 libris
359 3802 460 3849 tantum
472 3801 672 3865 perpetuantur.
884 3794 979 3865 plenas
1000 3797 1217 3863 declinationum,
1231 3813 1350 3863 casuum,
1364 3797 1594 3867 conjugationum,
1609 3806 1676 3853 tem·

90 3875 307 3930 Grammaticam
326 3874 407 3928 etiam
426 3874 583 3944 bipartitam
596 3888 736 3945 ponemus,
750 3879 780 3927 ut
792 3873 847 3927 alis
884 3891 987 3944 porum,
1002 3883 1031 3930 et
1040 3876 1172 3931 similium
1186 3876 1287 3941 fuisse3
1309 3876 1450 3930 modernas
1464 3876 1510 3931 hia
1523 3878 1580 3933 iere
1595 3878 1676 3933 desti·

53 3955 86 4006 sit
98 3954 231 4014 literaria.
242 3953 299 4007 alia
309 3953 516 4026 philosophica:
537 3952 623 4008 altera
630 3952 775 4007 adhibetur
784 3952 846 4006 sim·
884 3962 962 4019 tutas,
977 3955 1093 4025 plurima
1106 3973 1156 4026 per
1168 3955 1374 4026 prepositiones
1388 3962 1416 4009 ct
1428 3955 1512 4010 rerba
1529 3956 1676 4013 auxiliaria

54 4032 160 4102 pliciter
174 4034 210 4086 ad
223 4032 342 4103 linguan
356 4049 453 4102 nempe
466 4040 497 4087 ut
516 4049 563 4086 eas
582 4033 644 4103 quis
665 4039 711 4086 sut
731 4031 846 4086 celerius
884 4034 1006 4104 segniter
1019 4035 1156 4104 expedire.
1178 4033 1249 4088 Saue
1261 4033 1342 4089 facile
1356 4034 1417 4105 quis
1427 4035 1555 4103 conjiciat
1569 4038 1676 4104 (amnu-

53 4112 197 4181 perdiscat,
208 4120 259 4166 aut
272 4112 442 4166 emendatius
455 4121 484 4166 et
496 4112 591 4182 purius
601 4113 741 4183 loquetur:
762 4109 847 4164 altera
884 4130 936 4183 que
946 4114 1025 4168 uobis
1035 4114 1089 4183 ipsi
1100 4114 1266 4184 placeamus)
1275 4113 1386 4184 ingenia
1394 4113 1515 4182 priorum
1522 4114 1676 4171 seculorum

54 4207 116 4245 vero
125 4192 302 4262 aliquatenus
312 4189 492 4262 philosophiae
502 4191 651 4254 ministram
667 4189 758 4262 quain
768 4197 845 4260 parte
883 4193 985 4247 uostris
997 4192 1081 4247 irrisae
1095 4192 1180 4247 multo
1193 4192 1314 4247 acutiora
1323 4199 1349 4246 et
1359 4191 1507 4247 subtiliora
1531 4193 1677 4250 Innumero

53 4274 169 4325 occurrit
185 4271 272 4335 nobis,
288 4269 425 4324 Curarem
439 4270 521 4324 libros
535 4275 551 4300 ‘¹
562 4269 604 4324 De
615 4269 741 4339 analoga
750 4269 766 4295 ”
782 4286 846 4323 con·
883 4280 946 4325 sunt
957 4272 1097 4340 ejusmodi,
1104 4290 1164 4344 quae
1171 4272 1273 4340 justum
1283 4269 1408 4326 volumen
1416 4272 1552 4343 complere
1563 4274 1675 4344 possint.

53 4352 213 4420 scripsisae3
235 4359 320 4420 atque
333 4350 466 4403 dubitatio
487 4349 577 4413 subiit,
592 4355 681 4403 utrum
703 4348 746 4402 illi
765 4347 845 4413 hano,
883 4350 949 4405 Non
963 4352 1011 4406 abs
1027 4369 1054 4406 re
1068 4352 1152 4423 igitur
1165 4351 1246 4405 luerit
1260 4350 1464 4421 grammaticam
1477 4351 1675 4423 philosophen-

54 4446 135 4498 quam
149 4429 274 4492 dicimus,
289 4429 496 4499 grammaticam
515 4427 732 4499 philosophicam
745 4434 845 4482 tracta-
883 4431 1091 4501 temesimplici
1102 4440 1130 4485 et
1140 4430 1261 4486 literaria
1270 4429 1444 4501 distinguere,
1454 4439 1483 4485 et
1493 4431 1676 4489 desideratam

54 4509 130 4561 rint?
159 4509 339 4579 suspicamur
353 4516 444 4560 tamen
453 4507 494 4561 nil
503 4507 647 4562 admodum
656 4507 686 4562 iu
695 4506 751 4561 illis
762 4507 845 4562 fuisse
884 4527 995 4580 ponere.

53 4587 178 4641 eubulius
201 4596 250 4641 aut
273 4587 426 4650 sublimius,
450 4587 498 4641 sed
521 4594 625 4641 tantum
651 4587 846 4656 preceptiones
923 4587 966 4642 Ad
985 4588 1190 4660 grammaticam
1208 4586 1292 4642 etium
1305 4587 1441 4659 pertinere
1450 4588 1605 4666 judicamus
1620 4607 1676 4644 om·

53 4666 197 4722 tradidisse
220 4667 255 4721 de
284 4666 407 4720 oratione
434 4673 510 4720 casta
533 4674 561 4720 et
584 4666 807 4736 integramque
829 4682 847 4719 a
883 4666 1000 4732 niailla,
1014 4685 1075 4738 qum
1096 4667 1185 4722 verbis
1207 4682 1317 4738 quoquo
1338 4667 1418 4722 modo
1438 4668 1676 4740 acciduntqualia

53 4746 247 4799 consuetudine
269 4745 399 4817 loquendi
420 4761 511 4815 prava,
524 4762 613 4817 neque
628 4745 663 4799 ab
674 4744 846 4799 affectatione
884 4754 946 4801 sunt
962 4764 1053 4812 sonus,
1067 4763 1201 4810 mensura,
1216 4753 1353 4802 accentus.
1394 4747 1431 4801 At
1449 4748 1538 4818 prima
1555 4748 1605 4802 illa
1617 4748 1676 4802 lite·

53 4822 204 4894 aliquornm
214 4824 312 4879 vitiata
324 4832 352 4878 et
365 4823 484 4894 pollutar
504 4824 533 4878 iu
548 4841 602 4896 quo
616 4841 714 4895 genere
728 4825 787 4894 ipse
800 4840 846 4878 ex·
884 4842 975 4879 ramm
988 4826 1153 4897 simplicium
1166 4825 1301 4880 cunabula
1312 4829 1422 4897 (nempe
1436 4844 1491 4898 qua
1502 4826 1675 4897 percussione

54 4902 152 4958 cellaic
183 4905 371 4959 Veruntamen
385 4902 438 4956 hac
451 4904 512 4975 ipsa
526 4921 554 4959 re
568 4903 671 4967 moniti,
682 4903 846 4973 cogitatione
883 4904 994 4976 liuguae,
1009 4922 1063 4976 qua
1076 4912 1201 4975 apertura
1214 4905 1276 4969 oris,
1292 4922 1346 4977 qua
1359 4905 1519 4961 adductione
1532 4906 1674 4970 labiorum,

53 4983 186 5053 complexi
209 5000 305 5038 numus
327 4984 531 5053 grammaticam
553 4981 696 5055 quandam,
711 4999 773 5052 quta
790 4998 847 5036 non
884 5000 938 5053 quo
951 4985 1014 5039 nisu
1027 4984 1149 5055 gutturis,
1164 4982 1330 5054 siugulamm
1342 4984 1483 5041 literarum
1496 5001 1577 5040 sonus
1590 5001 1674 5056 gene-

54 5062 208 5134 nmlogiam
218 5062 364 5117 verborum
376 5061 543 5126 adinvicem,
555 5061 603 5117 sed
613 5060 766 5133 analogiam
776 5062 847 5116 inter
884 5061 971 5134 retur)
982 5063 1016 5117 ad
1026 5062 1231 5134 grammaticam
1240 5079 1295 5118 uon
1306 5064 1449 5135 pertinent,
1460 5064 1508 5118 aed
1518 5064 1604 5134 portio
1613 5071 1676 5118 suut

55 5140 135 5194 verba
153 5149 182 5195 et
202 5159 256 5205 res,
276 5141 334 5194 sire
355 5141 496 5205 rationem,
510 5140 603 5195 sedulo
621 5141 759 5212 inquirat:
779 5141 847 5194 citra
884 5142 1014 5196 doctrinae
1027 5141 1060 5195 de
1075 5142 1156 5206 souis,
1170 5141 1221 5196 sub
1234 5159 1316 5198 sensu
1337 5150 1365 5196 et
1387 5142 1509 5198 sensibili
1528 5141 1674 5197 bacanda.

56 5226 144 5275 umen
156 5237 228 5284 eam,
243 5238 306 5291 quae
318 5218 416 5291 logica
430 5220 569 5284 subservit,
582 5220 760 5275 hermeniam
781 5219 847 5274 Vcs-
885 5221 980 5285 Sonus,
995 5221 1028 5275 de
1043 5238 1097 5291 quo
1109 5220 1253 5292 loquimur,
1264 5222 1462 5293 grammaticus,
1477 5221 1511 5274 ad
1525 5220 1676 5291 euphoniae

55 5298 119 5367 ligia
129 5309 202 5354 certe
214 5299 331 5354 rationis
342 5298 425 5354 verba
437 5307 516 5365 aunt;
537 5300 629 5370 itaque
640 5299 755 5370 vestigia
764 5299 846 5353 etiam
884 5308 988 5354 tantum
1009 5302 1127 5371 pertinet
1147 5307 1175 5354 et
1194 5301 1370 5372 dysphonias.
1417 5300 1529 5354 illarum
1551 5300 1676 5370 quaedam

56 5377 155 5448 aliquid
168 5379 204 5432 de
218 5395 334 5448 corpore
349 5377 488 5433 iudicant:
508 5378 590 5449 hujus
604 5379 688 5450 igitur
701 5380 741 5433 rei
756 5378 848 5433 adum·
884 5396 1040 5434 communes
1048 5387 1125 5435 sunt:
1139 5379 1296 5436 nudaenim
1307 5379 1456 5451 autlingua,
1465 5377 1531 5449 quin
1540 5378 1676 5434 vocalium

55 5455 201 5512 brumen
215 5456 354 5528 quandam
367 5465 475 5512 tenuem
488 5458 620 5514 dabimus.
648 5458 742 5514 ano
755 5465 847 5514 autem
883 5458 1099 5514 concurrentium
1112 5458 1211 5525 hiatus,
1222 5465 1269 5515 aut
1287 5457 1491 5516 consonantium
1512 5473 1675 5515 concurren-
