3800 5875
233 323 291 378 646
857 319 1049 377 conluta
1068 319 1117 375 ΕΤ
1136 317 1234 376 viss.

231 498 250 536 a
269 480 481 553 particularibus
500 482 536 537 ad
556 479 812 551 comprehensiones
831 481 985 551 superiores
1003 487 1031 534 et
1066 479 1148 533 valde
1166 480 1313 549 imperitus
1330 483 1411 542 esset,
1432 483 1460 531 et
1474 492 1586 547 morsus
1598 474 1764 546 inexplorstc
1776 474 1835 530 rian

231 562 323 632 magis
336 562 479 633 generales
493 560 599 633 (qualia
618 568 681 615 sunt
699 560 833 630 principie
851 577 913 631 qum
931 568 1030 614 vocant
1065 559 1135 613 inire
1148 559 1243 627 vellet)
1258 559 1366 613 atratis
1389 557 1548 621 meminerit,
1569 557 1728 610 ὶιιιιιιιιιι
1748 570 1836 626 sempe

232 642 333 695 artium
354 649 383 695 et
402 639 505 710 rerum)
525 640 648 705 saliendi,
670 647 698 694 et
718 639 824 710 reliqua
843 639 1031 695 descendendo
1065 655 1179 704 errores,
1199 646 1329 709 tanquam
1352 635 1574 708 phreneticorum
1596 635 1770 699 deliramema,
1791 643 1835 690 ute

232 736 283 790 per
309 721 400 775 media
423 720 595 792 expediendi,
615 720 727 774 omnino
750 719 948 775 cohibendum:
982 718 1031 774 sed
1065 725 1093 772 et
1105 718 1218 788 ingenio
1231 718 1359 781 subverti,
1379 718 1407 770 ri
1424 725 1453 769 et
1464 714 1637 769 contentione
1650 715 1758 768 efferam
1792 714 1835 767 lta·

233 801 488 869 comprehensiones
503 800 642 871 proximas
660 799 756 870 primo,
777 816 809 852 ac
828 799 957 869 deinceps
975 816 1030 853 me·
1066 815 1118 868 que
1142 797 1286 868 prudentia
1308 814 1341 850 ac
1362 795 1573 867 morigeratione
1595 793 1710 865 quadam
1731 793 1835 848 utmdun

232 878 292 933 dias
306 878 453 934 eliciendas
464 889 492 934 et
502 878 688 943 inveniendas,
700 889 782 950 atque
797 895 845 950 per
859 880 959 951 gradus
969 895 1031 932 con·
1066 881 1182 948 (quanta
1201 895 1263 932 cum
1284 875 1459 946 simplicitate
1479 882 1509 929 et
1525 874 1644 928 candore
1662 873 1782 942 conjungi
1798 889 1835 942 po·

232 958 332 1022 tinuos,
346 970 375 1014 et
393 960 495 1014 scalam
513 976 606 1014 reram
626 958 858 1013 adscendendum:
880 960 936 1013 fere
957 959 1029 1013 enim
1066 957 1130 1025 test)
1145 965 1175 1011 ut
1187 956 1413 1011 contradictiones
1426 961 1488 1009 ante
1502 955 1708 1024 exstinguantur
1720 968 1792 1023 quan
1802 970 1836 1008 cx·

232 1038 490 1109 contemplationum
507 1048 536 1093 et
547 1037 700 1093 intellectus
713 1038 771 1092 aias
789 1039 818 1091 in
838 1038 942 1095 bivium
962 1037 1030 1091 illud
1065 1037 1192 1092 citentur.
1227 1034 1271 1090 Ad
1283 1035 1357 1110 hunc
1370 1035 1453 1089 finem
1465 1050 1563 1105 parare
1577 1050 1608 1087 se
1622 1033 1656 1087 de
1675 1040 1766 1087 natura
1776 1049 1834 1101 opas,

232 1117 384 1184 moralium,
398 1119 517 1190 antiquis
530 1118 710 1182 decantatum,
725 1117 895 1173 coincidere:
916 1116 1031 1172 alteram
1066 1117 1137 1188 quod
1157 1132 1262 1171 encres
1275 1116 1390 1170 minima
1402 1114 1547 1185 asperitate
1560 1113 1710 1176 destruere,
1722 1119 1748 1165 et
1759 1111 1788 1163 ad
1798 1111 1835 1165 ho

233 1197 307 1252 enim
320 1198 401 1264 riam,
415 1200 505 1270 primo
517 1198 642 1270 ingressu
662 1198 781 1269 planam,
796 1199 830 1252 ad
848 1198 911 1252 avia
922 1198 1030 1262 ducere,
1064 1195 1169 1251 minum
1182 1212 1279 1251 ιιιιιι
1292 1212 1347 1250 non
1360 1194 1466 1249 turbide
1480 1193 1611 1248 accedere
1628 1193 1727 1263 possitc
1747 1192 1835 1262 qncdet

232 1276 356 1343 alteram,
370 1294 388 1331 a
408 1278 544 1350 principio
558 1279 669 1333 arduam
682 1284 711 1332 et
723 1293 889 1347 suspensam,
904 1278 934 1331 in
947 1277 1030 1347 plana
1066 1275 1174 1331 facilins
1188 1276 1254 1340 fore,
1269 1275 1341 1346 quod
1353 1290 1384 1329 ιι
1399 1290 1455 1329 non
1467 1289 1519 1345 pro
1531 1273 1601 1328 duee
1615 1279 1746 1344 gesturos,
1758 1271 1797 1325 sed
1808 1288 1834 1323 ex

232 1355 365 1413 desinere.
406 1358 503 1414 Visum
524 1365 566 1413 est
583 1358 617 1422 ei,
636 1357 719 1411 talem
738 1357 901 1412 inductionis
915 1357 1029 1411 formam
1064 1363 1163 1409 natura
1185 1354 1247 1425 ipsa
1264 1354 1354 1410 lucem
1373 1354 1535 1425 praebiturus
1554 1360 1584 1407 et
1606 1367 1746 1422 sparsurus
1762 1351 1834 1412 ιιι

232 1435 374 1503 introduci,
396 1455 457 1509 ques
477 1455 513 1493 ex
533 1437 669 1509 aliquibus
689 1436 852 1507 generaliter
871 1437 1029 1501 concludat,
1065 1435 1133 1489 duce
1147 1442 1243 1504 postea
1260 1451 1315 1490 non
1328 1435 1454 1504 sitopua
1495 1433 1627 1488 Sedcum
1641 1430 1834 1501 temwrintena

232 1516 273 1569 ita
285 1525 315 1571 ut
327 1517 486 1572 instantiam
500 1517 738 1572 contradictoriam
748 1516 865 1572 inveniri
880 1532 935 1570 non
949 1533 1030 1587 posse
1065 1514 1160 1586 fugiat,
1175 1514 1276 1585 etipse
1289 1515 1370 1570 rebus
1383 1512 1510 1567 civilibus
1522 1512 1596 1582 plus,
1611 1528 1694 1582 qnam
1708 1507 1786 1571 vellet
1796 1509 1834 1562 ira·

233 1595 445 1652 demonstretur:
472 1614 509 1652 ne
530 1597 600 1652 forte
621 1596 769 1651 secundum
789 1596 925 1666 pauciora,
947 1613 1030 1668 quam
1065 1594 1162 1649 mistus
1175 1602 1256 1659 esset,
1270 1595 1299 1648 id
1316 1594 1430 1665 longum
1448 1592 1553 1646 rideri:
1575 1591 1726 1661 praserdm
1737 1606 1788 1643 enm
1802 1589 1833 1641 in·

233 1690 285 1745 par
305 1683 355 1741 est,
370 1684 399 1731 et
415 1694 451 1731 ex
467 1677 510 1743 iis,
527 1694 589 1748 qua
608 1685 710 1747 praesto
726 1684 796 1741 suut,
817 1676 1030 1747 pronuntiemus,
1065 1682 1140 1728 certa
1152 1675 1215 1729 vitre
1227 1676 1368 1746 cogitaret,
1383 1682 1412 1727 et
1424 1671 1530 1744 aliquid
1543 1672 1574 1726 in
1588 1679 1649 1726 tuto
1661 1669 1781 1724 collocare
1795 1667 1833 1722 lct-

235 1762 263 1809 et
275 1754 360 1827 (quod
373 1773 490 1812 unusen
501 1756 620 1828 antiquis
633 1756 715 1824 dixit)
724 1756 867 1810 scientiam
879 1756 908 1810 in
922 1754 1031 1810 mundis
1068 1754 1176 1809 tinaret
1217 1754 1302 1809 Venit
1314 1752 1340 1808 ei
1361 1753 1453 1823 itaque
1467 1754 1497 1806 in
1516 1759 1648 1814 mentem,
1662 1766 1739 1822 posse
1755 1747 1833 1819 aliquid

232 1835 339 1906 propris
353 1843 381 1890 ιι
394 1852 449 1890 non
462 1837 491 1891 in
504 1837 606 1891 mundo
619 1835 755 1891 communi
771 1852 932 1906 queramus.
984 1835 1031 1890 Vi·
1065 1832 1217 1904 simplicius
1231 1834 1354 1904 proponi,
1369 1832 1442 1904 quod
1455 1834 1484 1886 in
1500 1831 1603 1902 uulgus
1617 1847 1673 1885 non
1687 1829 1784 1891 editum,
1795 1827 1833 1881 ul

233 1931 294 1969 sum
313 1923 355 1969 est
368 1916 401 1979 ei,
421 1933 482 1970 eam
503 1923 609 1971 tantum
630 1914 900 1986 comprehensionem
920 1915 1030 1985 probari
1066 1921 1121 1967 tem
1135 1919 1228 1968 tamen
1246 1913 1282 1967 ad
1298 1913 1339 1967 rei
1359 1921 1415 1966 tam
1429 1911 1558 1966 salutaris
1571 1910 1698 1966 abortum
1718 1907 1833 1962 ucmdm

233 2000 262 2048 et
276 1994 370 2065 recipi,
384 2011 445 2065 qua
458 2011 513 2050 non
527 1995 561 2049 ad
575 2012 730 2050 mensuram
744 1994 816 2048 iacta
834 1996 878 2058 sit,
897 2004 925 2050 et
938 2003 1031 2066 aptata
1066 1993 1133 2047 satis
1144 1993 1259 2048 fortem
1274 2009 1333 2047 esse
1347 1992 1443 2063 possit.
1483 1990 1578 2063 Atque
1590 1990 1639 2045 diu
1652 1998 1681 2045 et
1693 1989 1779 2043 acriter
1791 2004 1833 2040 ren

233 2073 448 2143 particularium,
468 2075 621 2146 exquibus
641 2073 764 2130 elicitur:
785 2075 834 2128 sed
855 2073 972 2144 amplior
986 2083 1032 2129 aut
1065 2072 1194 2143 cogitanti
1217 2081 1246 2127 et
1266 2071 1454 2144 perpendenti,
1472 2077 1538 2125 ante
1555 2071 1653 2124 omnia
1671 2070 1752 2123 sinim
1764 2067 1833 2126 ectri,

233 2151 315 2208 latior
335 2154 381 2218 sit,
402 2171 517 2226 eamque
541 2154 749 2224 amplitudinem
776 2154 833 2208 sire
859 2154 1031 2208 latitudinem
1066 2151 1172 2206 tabulas
1189 2152 1353 2216 inveniendi,
1372 2152 1430 2205 sive
1448 2150 1584 2221 legitimae
1606 2146 1779 2222 inquisitionis
1795 2145 1831 2198 lor·

233 2248 311 2287 suam
326 2249 362 2288 ex
380 2250 511 2288 novorum
523 2233 727 2303 particularium
742 2233 937 2306 designatione,
953 2235 1030 2306 quasi
1065 2230 1160 2297 mulas,
1174 2231 1226 2285 hoc
1241 2238 1291 2296 est,
1309 2232 1450 2286 materiem
1463 2229 1676 2300 particularium
1693 2229 1725 2282 ad
1738 2243 1793 2296 opat
1803 2227 1832 2277 it·

234 2310 408 2379 fidejussione
428 2314 552 2384 quadam,
573 2315 669 2368 firmet.
710 2314 755 2368 Ne
776 2312 820 2366 vel
836 2315 866 2367 in
881 2314 938 2382 jam
959 2315 1031 2368 notis
1066 2310 1190 2367 tellectna
1209 2312 1370 2375 ordinatam,
1383 2311 1414 2364 iu
1434 2309 1575 2381 aliquibus
1595 2309 1723 2378 subjectis
1738 2305 1833 2378 propoli.

234 2398 339 2444 tantum
367 2391 526 2458 haereamus,
551 2394 595 2447 rel
617 2393 722 2448 laxiore
745 2392 859 2449 tortasse
886 2394 1032 2464 complexu
1066 2398 1196 2462 tanquam
1209 2390 1245 2444 ad
1258 2390 1421 2462 exemplum,
1436 2398 1464 2443 et
1476 2389 1570 2459 operis
1585 2386 1833 2459 descriptionenierr

235 2470 345 2526 umbras
359 2479 387 2526 et
398 2471 498 2527 formas
509 2474 658 2528 abstractas
671 2488 838 2544 prensemus
880 2474 977 2528 Visum
990 2482 1033 2528 est
1065 2469 1210 2526 visibilem.
1235 2472 1335 2543 Neque
1345 2470 1418 2524 enim
1423 2468 1498 2523 aliud
1506 2469 1659 2540 quicquam
1668 2462 1833 2538 reperlrlqood

235 2549 269 2613 ei.
284 2550 370 2606 multa
383 2560 482 2623 praeter
495 2552 555 2608 hnc
568 2553 693 2618 inveniri,
708 2570 769 2623 quae
782 2570 836 2608 non
852 2559 907 2607 tam
922 2553 957 2607 ad
973 2569 1032 2624 per·
1066 2557 1115 2605 aut
1128 2567 1193 2605 vera
1206 2551 1265 2616 riae,
1280 2558 1328 2604 ant
1340 2566 1461 2604 erromm
1473 2549 1554 2604 deria
1569 2550 1601 2603 in
1616 2548 1727 2603 clariore
1739 2546 1788 2600 lnce
1798 2560 1832 2614 pt-

235 2629 382 2686 iectionem
392 2633 441 2696 rei,
456 2650 539 2705 qnam
552 2633 586 2687 ad
596 2633 686 2702 operis
694 2633 891 2702 compendium,
901 2650 933 2685 ac
947 2633 1031 2686 etiam
1065 2647 1146 2695 nater
1167 2638 1215 2684 aut
1227 2647 1262 2684 ea
1275 2647 1336 2702 quas
1349 2630 1498 2684 afferuntur
1510 2628 1586 2683 nihil
1601 2629 1701 2692 minus,
1714 2642 1782 2698 quant
1792 2639 1834 2675 ttr-

235 2708 270 2763 ad
283 2727 400 2767 messem
420 2712 569 2767 humanam
584 2713 648 2768 inde
663 2710 868 2767 accelerandam
887 2712 1033 2783 insigniter
1066 2711 1102 2764 ba
1115 2727 1184 2774 esse,
1194 2709 1346 2764 evidentius
1359 2709 1545 2764 demonstrare
1557 2709 1665 2779 possit:
1686 2723 1764 2778 neque
1773 2703 1833 2757 ιιίιι

159 2821 161 2825 1
234 2788 344 2846 iaciant.
386 2792 452 2853 Quae
465 2794 555 2848 omnia
565 2800 655 2847 utrum
665 2799 738 2847 recte
749 2793 868 2863 cogitata
878 2793 977 2846 sintan
989 2809 1032 2845 se·
1067 2791 1140 2861 quod
1152 2790 1241 2862 magis
1255 2789 1412 2861 fugiendum
1426 2796 1506 2854 esset,
1519 2788 1556 2848 ab
1566 2787 1690 2853 homine,
1707 2788 1748 2857 qni
1760 2782 1833 2838 antrei

234 2886 290 2934 cus,
305 2871 341 2925 ab
354 2873 527 2943 opinionibus
544 2873 581 2944 (si
595 2889 664 2945 opus
678 2874 725 2942 sit)
740 2873 939 2944 provocandum
954 2879 981 2926 et
992 2872 1032 2927 ei·
1067 2869 1207 2934 diffideret,
1221 2877 1269 2925 sut
1281 2887 1343 2924 eam
1355 2870 1385 2924 in
1398 2870 1487 2942 magis
1500 2868 1592 2939 accipi
1606 2875 1656 2922 aut
1669 2865 1785 2921 celebrari
1800 2879 1834 2914 eu·

235 2949 314 3005 lectis
329 2953 462 3008 standum.
1066 2958 1152 3021 peret.
1192 2950 1269 3005 Fieri
1288 2960 1378 3005 autem
1393 2966 1474 3021 posse
1495 2956 1525 3002 nt
1546 2950 1572 3003 si
1592 2944 1833 3017 desumnpertcre

275 3029 413 3102 Cogitavit
426 3041 453 3087 et
462 3031 544 3097 illnd;
558 3049 617 3088 rem
631 3049 714 3105 quam
727 3033 791 3103 agit,
801 3047 857 3086 non
867 3031 1031 3103 opinionem,
1067 3047 1121 3084 uon
1136 3031 1220 3096 detur,
1233 3037 1264 3085 ut
1277 3038 1339 3085 suut
1351 3029 1473 3084 humana
1481 3036 1575 3083 tamen
1585 3029 1698 3100 ingenia
1711 3025 1834 3081 liminati

236 3110 285 3165 sed
299 3128 367 3181 opus
381 3128 449 3177 esse,
464 3129 579 3185 eamque
591 3130 646 3167 non
669 3121 751 3167 secta
770 3111 894 3181 abucina,
907 3120 956 3166 aut
973 3113 1032 3183 pla·
1067 3109 1233 3175 sublimiora,
1244 3109 1326 3165 etiam
1334 3110 1437 3181 absque
1450 3108 1605 3178 majoribus
1619 3107 1734 3169 auxiliis,
1743 3104 1773 3158 ab
1783 3101 1835 3156 oble

235 3189 291 3254 citi,
306 3190 354 3245 sed
372 3192 497 3247 utilitatis
518 3201 548 3247 ct
568 3192 755 3264 amplitudinis
773 3192 915 3246 immensae
935 3191 1032 3245 funda·
1067 3190 1104 3244 tis
1114 3191 1224 3255 monita,
1235 3189 1341 3262 reliqua
1354 3207 1391 3244 ex
1404 3206 1434 3244 se
1447 3196 1475 3243 et
1488 3204 1604 3260 sperare
1618 3196 1648 3242 et
1660 3184 1833 3258 potiripost'nt

235 3278 328 3323 menta
337 3270 439 3339 jacere.
482 3273 579 3344 ltaque
593 3273 626 3327 de
640 3289 670 3327 re
690 3288 746 3327 non
764 3272 846 3327 modo
858 3270 1031 3342 perficienda,
1067 3270 1137 3325 Fere
1148 3270 1222 3324 enim
1235 3286 1265 3324 se
1273 3269 1303 3323 in
1314 3286 1348 3324 ea
1361 3286 1421 3324 esse
1433 3268 1571 3339 opinione,
1584 3284 1685 3338 nempe
1698 3264 1774 3336 (qnod
1783 3260 1833 3333 quit

235 3349 323 3403 sedet
336 3351 561 3407 communicanda
574 3359 603 3406 et
617 3352 826 3423 tradenda(qua
837 3368 887 3421 par
900 3353 1032 3420 estcura)
1067 3348 1141 3419 piam
1154 3345 1241 3422 dixit)
1256 3349 1432 3420 prudentibus
1449 3349 1510 3403 brec
1525 3347 1595 3402 satis
1610 3347 1677 3411 iore,
1690 3342 1833 3416 inpendent

234 3428 426 3499 cogitationem
450 3432 652 3503 suscipiendam
675 3448 743 3487 esse.
794 3431 909 3502 Repetit
931 3440 1032 3497 autem,
1067 3429 1118 3483 bns
1131 3436 1222 3483 autem
1238 3446 1273 3484 ne
1287 3427 1367 3501 plura
1384 3428 1505 3499 quidem.
1548 3426 1650 3482 Virum
1662 3435 1703 3481 est
1714 3419 1834 3481 animai

234 3506 361 3565 homiues
373 3511 404 3564 in
417 3528 508 3567 rernm
522 3512 643 3576 scientia,
655 3528 736 3585 quam
745 3511 797 3566 sibi
811 3512 936 3566 videntur
949 3511 1033 3582 adep·
1068 3510 1120 3563 mis
1134 3508 1280 3580 abruptum
1293 3525 1362 3572 esse,
1370 3516 1401 3562 ut
1410 3525 1428 3561 a
1441 3506 1541 3562 tabulis
1553 3507 1626 3578 ipsis
1640 3504 1747 3561 docendi
1755 3501 1834 3557 initiam

234 3588 264 3653 ti,
278 3588 414 3645 interdum
434 3591 603 3662 proterenda,
616 3592 751 3647 interdum
770 3590 937 3655 occultanda,
953 3591 1033 3646 fama
1067 3598 1197 3643 sumatur.
1230 3588 1326 3661 ltaque
1337 3589 1436 3642 idonea
1447 3586 1572 3659 quadam
1586 3587 1697 3658 praefari
1707 3581 1834 3656 oportuit&

234 3676 263 3723 et
275 3670 450 3725 ostentationi
463 3672 581 3727 semire:
603 3673 670 3744 quin
683 3679 711 3727 ιι
724 3687 771 3726 eos
791 3670 971 3742 potissimum,
987 3671 1033 3742 qni
1068 3668 1140 3740 qaod
1157 3675 1187 3722 et
1208 3668 1267 3737 jam
1288 3685 1318 3722 se
1342 3668 1439 3723 iecisse
1462 3666 1632 3730 arbitratum
1661 3682 1710 3720 nec
1732 3663 1834 3718 naim,

233 3748 324 3805 minus
337 3749 697 3822 solidaproponunt,solere
712 3769 825 3822 eaquae
838 3749 973 3817 adierunt,
988 3750 1034 3804 ob
1068 3765 1129 3820 qum
1146 3747 1201 3802 huc
1215 3765 1301 3820 usque
1315 3747 1387 3801 dicta
1405 3753 1475 3809 sunt,
1490 3746 1546 3800 alio
1563 3747 1686 3801 tendere.
1724 3744 1835 3798 Poshemt

233 3845 313 3883 scura
326 3836 353 3883 et
370 3830 499 3903 ambigua
516 3832 577 3886 luce
589 3831 738 3897 venditare,
752 3840 783 3885 ut
797 3829 904 3885 facilius
917 3831 1034 3884 vanitati
1068 3828 1155 3882 risum
1168 3834 1212 3881 est
1224 3828 1259 3891 ei,
1273 3828 1298 3882 si
1312 3827 1378 3898 quid
1398 3829 1427 3882 iu
1443 3827 1496 3890 liis,
1512 3844 1573 3898 quoe
1596 3827 1669 3880 dicta
1682 3832 1747 3887 sunt,
1758 3827 1795 3874 ant
1806 3817 1834 3869 di

234 3924 291 3962 sum
310 3909 448 3965 velificare
468 3910 582 3981 possint.
622 3911 723 3966 Potare
742 3920 843 3976 sutem,
865 3927 895 3965 ιι
917 3909 945 3964 id
966 3918 1034 3964 trac-
1068 3915 1169 3971 centur,
1181 3906 1246 3961 boni
1260 3907 1420 3972 inveniatur,
1431 3907 1459 3960 id
1473 3915 1605 3977 tanquam
1619 3905 1725 3976 adipem
1737 3895 1833 3956 menidi

234 3994 301 4053 tare,
326 3991 397 4061 quod
419 3991 567 4046 ambitione
591 3991 684 4063 aliqua
707 3998 755 4045 aut
778 3991 921 4044 affectione
944 3989 1034 4060 polln-
1068 3988 1130 4042 Deo
1142 3987 1233 4051 dicari,
1244 3994 1272 4042 et
1284 3986 1442 4042 hominibus
1455 3985 1491 4040 ad
1505 3986 1557 4040 Dei
1572 3985 1775 4044 similitudinem,
1786 3992 1835 4031 ιω

233 4084 280 4122 ιιι
300 4069 414 4125 minime
436 4071 549 4142 dignum
570 4070 621 4127 sit:
649 4072 698 4126 sed
718 4077 809 4125 tamen
828 4070 1034 4124 necessariora
1069 4067 1168 4123 affectu
1180 4073 1209 4121 et
1220 4067 1354 4123 charitate
1367 4067 1509 4123 hominum
1521 4059 1824 4139 bonnmprocuruubu

233 4146 434 4206 decurrendum
457 4167 517 4206 esse
539 4151 606 4221 (nisi
629 4151 699 4207 forte
719 4167 809 4205 rerum
830 4158 858 4205 et
880 4090 1055 4221 animorumi

843 4591 881 4673 E
902 4589 936 4673 Ρ
958 4591 979 4672 Ι
1001 4590 1029 4673 S
1051 4589 1142 4672 TO
1161 4589 1199 4671 L
1218 4593 1255 4673 A

469 4810 669 4887 THOMAE
698 4806 890 4887 BODLEl
917 4814 987 4887 AD
1016 4813 1348 4889 FRANCISCUM
1375 4806 1644 4903 BACONUM,

658 5009 661 5017 '
702 5013 752 5051 otta
767 5012 879 5046 canotus
892 5012 1013 5047 Bxi’ssiilil'l'
1025 5012 1081 5047 uus
1094 5008 1107 5028 ¹⁴
1117 5014 1241 5049 ΟΜῙΤΑΤΑ
1255 5016 1285 5050 8¹1¹
1298 5012 1390 5050 slew

548 5164 692 5222 LATINE
713 5166 838 5222 VERSA
857 5166 912 5223 EX
932 5166 1112 5235 ANGLICO,
1133 5169 1182 5224 AB
1204 5168 1341 5225 Isaaco
1362 5168 1554 5225 GRUTERO.

274 5367 392 5434 Firmo,
400 5371 472 5440 quod
483 5369 552 5425 mihi
562 5376 716 5436 statueram,
727 5380 857 5443 tempore,
869 5391 931 5430 cum
939 5374 1030 5431 laxius
1070 5383 1144 5431 ratus
1157 5392 1257 5440 coram,
1271 5392 1353 5447 quam
1366 5393 1416 5447 per
1429 5374 1533 5431 literas.
1577 5373 1630 5431 Sed
1641 5367 1767 5444 propedit
1778 5376 1830 5448 W,

234 5453 262 5500 te
284 5448 376 5501 feriari
397 5449 532 5519 opinarer,
555 5449 597 5503 bis
613 5457 687 5505 terve
706 5451 735 5504 in
755 5452 894 5520 procinctu
916 5457 985 5519 steti,
1001 5463 1030 5510 ut
1069 5471 1119 5524 per
1141 5455 1241 5523 injecta
1262 5455 1371 5510 inerunt
1391 5454 1537 5521 obstacula,
1551 5462 1584 5509 ut
1601 5462 1630 5508 ιι
1642 5468 1710 5506 nunc
1726 5444 1828 5503 rutham!

235 5525 337 5595 gratias
350 5533 459 5581 acturus
473 5536 500 5582 te
510 5528 622 5596 adirem,
635 5529 725 5600 potius
738 5530 767 5585 id
779 5546 848 5587 ame
858 5533 918 5587 lieri
928 5533 1027 5590 debere
1067 5551 1112 5589 me
1126 5534 1229 5591 detinet
1241 5535 1374 5607 marionis
1395 5535 1526 5591 momenti
1546 5532 1691 5607 negotium,
1704 5524 1765 5601 qnod
1778 5535 1827 5575 ’ω’
