3800 5875
744 303 850 361 Nova
871 304 1069 364 adunans.
1667 301 1725 368 7³5

91 459 138 516 titi
151 459 239 516 buteo
252 460 323 527 albo,
336 477 422 533 usque
437 461 472 516 ad
485 463 555 518 talos
568 462 695 531 demisso,
710 471 738 519 et
751 464 891 530 succincti,
928 464 1025 529 tiones,
1046 481 1108 535 quae
1131 462 1213 518 sociis
1235 462 1337 519 nostris
1361 462 1549 533 assigmturr
1581 470 1726 534 postremo,

91 541 196 596 calceis
205 541 302 596 itidem
313 557 349 596 ex
360 541 512 597 holoserico
522 543 657 598 eoernleo:
680 544 726 616 qni
738 544 890 616 gestabant,
928 544 1120 608 ordinationes,
1134 551 1163 597 et
1175 542 1253 608 ritus,
1267 544 1366 613 quibus
1376 544 1488 598 utimur.

91 621 166 675 alter
185 637 301 685 crucem,
321 619 390 675 alter
410 621 509 693 pedum
530 622 684 692 pastorale:
709 632 835 678 neutrum
854 640 891 678 ax
969 629 986 654 “
1000 623 1078 678 Finis
1091 622 1257 677 fundationis
1267 632 1367 678 nostra
1381 631 1424 677 est
1436 621 1558 692 cognitio
1571 637 1725 689 causarum,

91 699 214 766 metallo,
238 700 286 754 sed
312 717 421 755 crucem
448 718 485 756 ex
510 703 707 771 xylobalsamo,
731 702 833 774 pedum
855 719 891 756 ex
929 709 956 756 et
969 710 1100 766 motuum,
1116 718 1147 756 ac
1161 702 1292 755 virtutum
1306 702 1467 758 interiorum
1480 702 1509 755 in
1523 708 1627 766 natura,
1642 712 1724 774 atque

92 779 185 835 cedro.
225 780 340 852 Equites
359 782 559 837 comitabantur
576 781 652 848 nulli,
673 800 724 837 nec
746 792 817 846 ante,
838 798 890 835 uec
928 782 1103 836 terminorum
1123 782 1233 852 imperii
1250 780 1363 836 humani
1380 780 1497 852 prolatio
1513 779 1548 833 ad
1566 796 1646 835 omne
1664 799 1726 854 pos·

91 875 166 929 poue
192 860 358 924 cathedram,
382 876 416 914 ea
440 861 546 930 (credo)
570 862 682 926 ratione,
706 869 736 918 ut
758 861 889 916 turnultus
927 862 1017 915 sibile.

91 939 192 1003 omnis,
214 948 242 993 et
265 940 402 1011 strepitus,
424 941 597 996 evitarentur.
646 941 712 996 Post
732 941 890 996 cathedram
969 946 984 972 ‘⁴
998 940 1156 1011 Apparatus
1175 945 1274 1004 auteur,
1296 946 1323 994 et
1343 939 1522 994 iustrumenta
1541 946 1643 1005 nostra,
1663 940 1725 996 nuc

90 1019 278 1089 sequebantur
291 1020 466 1091 magistratus
479 1020 799 1076 etfraternitatesurbis.
840 1020 889 1074 Se·
928 1027 998 1084 sunt,
1011 1020 1152 1074 Habemus
1166 1036 1296 1073 cavernas
1310 1018 1416 1088 amplas
1430 1027 1458 1072 et
1472 1018 1628 1088 profundas,
1639 1020 1725 1074 diver·

90 1097 177 1152 debat
191 1098 274 1163 solus,
288 1115 371 1169 super
389 1099 522 1169 pulvinar,
542 1116 578 1152 cx
598 1100 751 1155 holoserico
772 1101 889 1171 quodmn
928 1116 1017 1153 aarum
1041 1098 1223 1153 altitudinum
1264 1098 1489 1152 Profundissimae
1517 1114 1609 1152 earum
1634 1098 1724 1169 depri-

89 1174 250 1243 hirsutiore,
263 1178 363 1233 coloris
376 1179 504 1233 coerulei:
526 1179 578 1233 snb
592 1179 705 1249 pedibus
721 1188 812 1235 autem
826 1197 889 1234 ves·
926 1187 1035 1233 muntur
1044 1195 1130 1249 usque
1141 1178 1176 1231 ad
1187 1185 1331 1232 sexcentas
1340 1193 1449 1249 orgyas.
1489 1176 1579 1249 Atque
1587 1178 1725 1234 nonnullas

89 1263 152 1311 tem
179 1258 330 1329 stragulam
357 1258 476 1312 habebat
501 1274 537 1311 ex
561 1259 648 1312 serico
674 1259 741 1314 item
768 1260 889 1314 colorum
927 1274 962 1311 ex
976 1258 1011 1312 iis
1025 1259 1207 1312 effmwsuut
1220 1258 1312 1311 subter
1325 1273 1440 1328 magnos
1451 1265 1566 1320 montes,
1580 1258 1724 1312 adeoutsi

88 1335 271 1402 diversorum,
291 1337 409 1392 similem
428 1337 547 1392 Persicae
569 1338 687 1408 quidem,
710 1339 758 1394 sed
778 1339 889 1409 elegen·
927 1335 1098 1392 altitudinem
1112 1337 1306 1408 montisatque
1320 1335 1491 1391 altitudinem
1504 1352 1628 1392 caverna
1641 1337 1725 1392 simul

87 1416 200 1470 tionem.
241 1416 382 1483 Dextram,
398 1435 452 1488 qua
465 1417 530 1481 ibat,
544 1417 654 1472 sustulit
666 1420 774 1482 nudam,
788 1417 889 1490 populo
926 1418 1057 1481 conferas,
1072 1416 1284 1487 profunditatem
1305 1416 1409 1471 habent
1422 1415 1522 1486 aliquas
1536 1432 1629 1470 earum
1642 1418 1724 1472 trium

89 1494 268 1561 benedicens,
296 1498 345 1550 sed
373 1514 434 1551 curn
462 1496 581 1550 silentiu.
622 1497 724 1553 Platea
749 1499 788 1552 ita
812 1506 889 1552 crant
926 1496 1092 1551 milliarium.
1139 1495 1303 1565 Reperimus
1324 1496 1397 1550 enim
1419 1495 1589 1549 altitudinem
1615 1497 1723 1562 montis,

89 1573 236 1640 ordinatu,
255 1576 348 1630 utria
366 1575 458 1648 ampla
476 1583 591 1646 pateret,
609 1576 706 1631 nullibi
724 1577 886 1633 interclusa:
927 1592 1012 1646 usque
1025 1576 1060 1629 ad
1077 1575 1198 1646 plausu,
1217 1583 1246 1630 et
1261 1574 1432 1630 altitudinem
1452 1591 1576 1629 cavernas
1594 1591 1612 1629 a
1631 1576 1722 1646 plano,

87 1669 184 1725 neque
207 1656 314 1724 (credo)
336 1656 410 1711 acics
431 1671 552 1726 unquam
572 1655 601 1709 iu
623 1655 744 1712 exercitu
764 1658 888 1712 ordinata
925 1655 999 1709 idem
1012 1671 1107 1710 revera
1119 1670 1196 1719 esaar
1217 1663 1362 1726 utrumque
1381 1670 1459 1725 aque
1478 1671 1495 1708 a
1512 1653 1578 1719 sole,
1592 1662 1620 1709 et
1638 1655 1724 1710 radiis

87 1734 195 1788 melius
208 1733 267 1799 tuit,
287 1751 368 1805 quam
387 1735 512 1806 populus,
527 1751 560 1789 eo
579 1743 709 1806 tempore,
729 1737 760 1792 in
778 1736 887 1807 plateis.
926 1734 1089 1800 uoehsnbus,
1103 1742 1130 1789 et
1143 1733 1206 1789 aare
1220 1743 1323 1805 aperto,
1336 1744 1477 1789 remotum.
1519 1733 1579 1788 Has
1591 1750 1723 1790 cavernas

88 1812 166 1874 Quin
181 1820 208 1867 et
220 1813 292 1868 intra
305 1814 437 1869 ienesuas
456 1816 529 1885 ipsas
545 1829 599 1869 non
612 1815 769 1871 indecenter
782 1817 889 1871 stabant
926 1814 1067 1885 regium
1080 1814 1203 1869 intimam
1215 1830 1353 1869 vocamus.
1396 1813 1498 1868 lisdem
1512 1822 1603 1868 autern
1620 1814 1724 1870 utimur

88 1898 270 1962 spectatores,
291 1895 340 1948 sed
361 1895 475 1965 quisque
495 1892 570 1948 velut
587 1893 680 1951 ordine
700 1911 751 1950 suo
770 1896 886 1951 locatus.
926 1893 1062 1947 adorunes
1072 1893 1282 1964 coagulationes,
1292 1894 1484 1958 indurationes,
1492 1893 1722 1964 refrigerationem

88 1970 261 2027 Celebritate
274 1973 361 2041 linita,
372 1973 483 2029 Judoeus
492 1973 562 2028 mihi
576 1972 665 2028 dixitr
687 1979 706 2006 ‘⁴
717 1974 771 2030 Per
783 1976 888 2047 aliquot
926 1980 954 2027 et
972 1974 1190 2027 conservationes
1208 1989 1360 2043 corporum.
1401 1972 1513 2027 Utimur
1531 1974 1614 2026 etiam
1632 1972 1668 2028 iis
1687 1974 1723 2028 ad

84 2050 151 2119 jam
165 2050 224 2105 dics
238 2051 385 2117 detinebor,
400 2069 454 2125 quo
467 2054 556 2107 minus
568 2053 707 2108 uobiscum
728 2071 780 2126 pru
799 2055 886 2120 solito,
925 2052 1046 2106 mineras
1055 2053 1194 2107 naturales
1201 2052 1362 2118 imitandasr
1382 2051 1723 2123 atqueadpaoductionem

88 2137 121 2184 et
140 2139 172 2185 ut
192 2131 281 2200 cupio,
305 2132 406 2187 versari
426 2133 545 2203 possim:
576 2149 610 2187 eo
630 2133 702 2204 quod
722 2149 741 2188 a
759 2134 888 2205 protecto
924 2148 1054 2186 novorum
1080 2132 1251 2187 metallorum
1276 2130 1457 2186 artificialium
1483 2147 1520 2187 ex
1545 2132 1668 2187 materiis
1695 2140 1724 2188 ct

87 2209 172 2264 urbia
199 2225 297 2265 munus
323 2211 393 2266 mihi
416 2212 608 2267 demandatum
631 2222 673 2267 est
690 2220 722 2267 ut
741 2214 800 2268 viro
822 2213 886 2269 huic
925 2213 1073 2277 caementis,
1089 2230 1149 2283 quar
1163 2213 1202 2266 ibi
1215 2228 1400 2283 praeparamus
1412 2219 1442 2266 et
1462 2211 1492 2265 in
1515 2210 1616 2266 multos
1635 2227 1723 2268 annos

88 2305 202 2343 summo
215 2290 403 2346 inservirem.”
443 2291 546 2346 Triduo
563 2297 632 2361 post,
654 2291 767 2347 ludaeos
787 2295 822 2348 ad
842 2310 887 2348 me
925 2291 1081 2361 sepelimus
1123 2292 1233 2347 Utimur
1252 2292 1309 2346 illis
1330 2292 1492 2362 quandoque
1516 2290 1601 2361 (quod
1622 2292 1723 2346 mirum

88 2385 219 2424 reversus
229 2377 279 2435 est,
293 2381 321 2424 et
333 2370 421 2426 dixit:
450 2370 564 2424 “Bonis
584 2370 679 2425 aribus
699 2371 753 2427 bac
766 2373 888 2428 advenis·
925 2371 1012 2425 rideri
1026 2370 1125 2440 possit)
1144 2372 1361 2426 adcurationem
1375 2371 1542 2442 quorumdam
1556 2371 1722 2437 morborum,

87 2448 148 2503 tiae
169 2456 249 2519 pater
261 2450 335 2504 enim
347 2450 443 2505 domus
457 2449 611 2505 Salomonis
631 2450 665 2504 de
677 2460 766 2507 restra
785 2453 813 2506 in
834 2452 887 2508 hac
925 2458 955 2504 et
974 2449 1207 2521 prolongationem
1228 2451 1299 2514 rita,
1318 2451 1349 2505 iu
1369 2450 1505 2522 aliquibus
1524 2451 1654 2514 eremitis,
1675 2451 1722 2522 qui

87 2527 161 2582 urbe
174 2543 251 2582 mora
265 2530 363 2584 cernor
376 2529 462 2584 lactus
476 2537 533 2585 este
554 2528 678 2600 mihique
698 2531 844 2598 mandavit,
858 2541 889 2587 ut
925 2529 982 2583 illic
996 2529 1087 2584 rivere
1100 2537 1259 2600 praeoptant,
1274 2530 1343 2584 bene
1361 2529 1486 2583 instructi
1500 2530 1626 2584 omnibus
1640 2530 1722 2586 rebus

88 2609 252 2662 renunciem
268 2609 353 2674 rubia,
371 2625 401 2663 se
422 2608 575 2664 nniversam
593 2610 750 2665 societatem
770 2620 886 2667 vestram
924 2609 1100 2674 necessariis;
1132 2610 1179 2680 qui
1201 2618 1274 2663 certe
1295 2609 1459 2663 nradsaimi
1480 2616 1557 2675 sunt,
1585 2610 1723 2680 aquibus

88 2686 129 2740 ad
144 2696 320 2758 conspectum
344 2705 422 2743 auum
445 2688 634 2754 admissurum,
656 2706 778 2745 seorsum
797 2692 886 2756 etiam,
926 2689 1010 2743 etiarn
1023 2688 1109 2744 multa
1122 2689 1295 2744 addiscimus.

89 2782 157 2820 cum
178 2784 235 2821 uuo
255 2766 348 2838 aliquo
368 2775 496 2831 restrum,
517 2786 598 2840 quem
622 2767 656 2822 ad
676 2768 729 2823 boc
751 2770 886 2842 deligatis,
967 2775 983 2800 ‘⁴
998 2768 1139 2823 Habemus
1148 2769 1230 2822 etiam
1240 2768 1309 2823 alias
1319 2766 1473 2838 sepulturas
1486 2782 1630 2837 corporum
1644 2775 1723 2823 natu-

88 2844 301 2901 collocuturum.
342 2845 395 2902 cui
408 2847 448 2902 rei
458 2848 530 2902 diem
541 2848 718 2917 perendinum
727 2849 887 2919 designavit.
926 2847 1033 2911 ratium,
1047 2856 1075 2902 et
1093 2849 1276 2913 materiarum,
1290 2864 1344 2902 non
1363 2848 1393 2901 iu
1413 2862 1533 2902 concavo
1554 2845 1654 2917 aliquo,
1674 2848 1723 2903 sed

88 2923 228 2986 Quoniam
248 2934 339 2981 autem
351 2944 400 2982 ros
420 2927 608 2983 benedictione
629 2945 680 2984 sna
700 2930 838 3001 impertire
858 2931 888 2985 in
926 2928 955 2982 in
969 2928 1030 2998 ipsa
1043 2937 1115 2982 terra
1128 2929 1264 2999 configas,
1278 2928 1324 2984 ubi
1339 2925 1480 2998 complura
1493 2933 1617 2981 cementa
1628 2926 1723 2981 condi·

89 3005 189 3059 animo
208 3005 299 3071 habet,
317 3014 424 3079 tempus
445 3008 698 3063 ante-meridianum
717 3011 886 3079 praestituit?
926 3024 996 3073 mus,
1011 3015 1041 3062 ut
1054 3007 1207 3063 Chinenses
1220 3010 1336 3062 condunt
1349 3007 1532 3078 porcellanam
1547 3021 1633 3061 suam.
1668 3006 1723 3062 Sed

89 3083 148 3137 Die
163 3091 191 3138 et
209 3084 278 3139 hora
295 3087 415 3157 praefixis
428 3088 569 3142 venimus:
591 3105 644 3158 ego
661 3097 752 3143 autem
771 3106 788 3141 a
806 3090 888 3144 sociis
926 3104 977 3141 nus
990 3104 1025 3141 ea
1038 3087 1170 3143 habemas
1184 3088 1280 3156 majori
1293 3089 1433 3152 venerate,
1447 3094 1475 3142 et
1491 3085 1623 3141 nonnulla
1636 3102 1672 3140 ex
1685 3087 1723 3142 iis

89 3163 214 3218 meiuod
231 3166 367 3235 privatum
384 3166 453 3222 illud
471 3167 639 3239 colloquium
657 3167 801 3240 deputatus
819 3186 887 3223 sum.
928 3167 1104 3237 elegantiora,
1125 3184 1207 3238 quam
1234 3166 1388 3239 porcellana
1409 3165 1563 3221 Chiuenais.
1604 3166 1676 3227 Quin
1695 3173 1724 3221 et

89 3242 255 3298 Invenimus
267 3258 328 3299 eum
342 3246 468 3302 cubiculo
488 3247 619 3317 specioso,
633 3248 729 3305 aulicis
743 3248 887 3318 splendeo·
927 3245 1060 3300 habemus
1091 3247 1322 3311 stercorationnm,
1353 3254 1381 3300 et
1412 3246 1537 3300 fimorum
1563 3247 1723 3301 venustem

88 3321 168 3376 tibus
180 3323 319 3389 iuatnrcto,
328 3334 355 3379 et
368 3327 505 3396 tapetibus
519 3334 608 3392 strato,
620 3328 722 3398 absque
732 3327 790 3382 ullo
803 3329 888 3400 gradu
927 3342 1063 3396 magnam,
1076 3327 1143 3381 item
1156 3327 1364 3399 congestiouum
1383 3336 1410 3380 et
1426 3341 1578 3380 massarum
1598 3324 1723 3391 abarum,

89 3403 271 3456 mmmm
285 3404 442 3460 cathedram
456 3405 503 3460 ubi
516 3406 637 3461 sedebat.
677 3407 795 3461 Sedebat
808 3425 890 3479 super
928 3423 989 3476 qna
1003 3412 1102 3460 terram
1115 3406 1295 3477 impinguant,
1309 3414 1338 3460 et
1351 3404 1468 3460 fertilem
1482 3405 1603 3460 reddunt

89 3479 195 3535 sollum
221 3480 332 3549 humile,
359 3485 502 3556 magnifice
529 3494 660 3551 ornatum,
694 3503 777 3558 supra
807 3495 890 3558 caput
968 3485 1140 3540 “Habemus
1168 3494 1254 3540 turres
1279 3484 1413 3555 praealtas,
1441 3501 1554 3556 quarum
1582 3482 1723 3538 altissima

90 3568 186 3614 autern
206 3559 324 3616 babebat
343 3580 494 3635 conopeum
514 3580 549 3619 ex
569 3566 656 3620 scrico
677 3566 802 3629 coernlso,
824 3584 889 3621 auro
926 3581 1013 3636 usque
1027 3564 1061 3618 ad
1075 3565 1248 3620 altitudinem
1261 3563 1473 3628 semi-milliaris,
1487 3564 1561 3618 liuea
1575 3563 1722 3634 perpendi·

89 3638 237 3710 eleganter
252 3640 407 3698 intertexto.
449 3644 584 3699 (lonclare
601 3644 758 3700 hominibus
776 3663 889 3701 vacuum
927 3645 1021 3709 calari,
1048 3644 1199 3714 insurgunt.
1251 3642 1399 3699 Nonnulla
1423 3659 1488 3698 rero
1521 3658 1614 3697 earum
1641 3658 1724 3713 supra

89 3729 161 3782 erat,
175 3719 229 3772 uisi
243 3720 315 3791 quod
328 3722 363 3775 ab
377 3730 490 3796 auoque
504 3723 588 3780 latere
606 3724 675 3789 solii,
689 3724 801 3780 honoris
815 3742 888 3796 ergo,
928 3731 1033 3777 montes
1043 3723 1166 3778 excelsos
1179 3724 1246 3788 sitae,
1261 3724 1299 3777 ita
1309 3732 1348 3790 ut,
1363 3724 1385 3777 si
1401 3722 1570 3777 altitudinem
1583 3721 1682 3776 montis
1694 3728 1723 3775 et

89 3798 186 3853 nnbat
205 3814 307 3865 servus,
327 3800 397 3856 albis
416 3803 536 3858 vestibus
555 3804 675 3859 indutus.
717 3805 810 3859 Vestis
830 3806 889 3873 ejus
928 3802 1098 3857 altitudinem
1106 3804 1187 3857 turris
1195 3801 1277 3858 simul
1286 3818 1441 3872 componas,
1449 3799 1724 3856 extendituraltitudo

88 3877 208 3932 interior
224 3879 322 3934 cimilia
341 3881 392 3935 luit
408 3882 458 3947 illi,
474 3899 528 3953 qua
549 3884 678 3938 amictum
697 3900 760 3939 eum
773 3885 890 3940 vidimus
927 3881 956 3935 in
971 3881 1107 3953 aliquibus
1126 3900 1219 3936 earum
1232 3882 1366 3953 usquead
1387 3882 1440 3936 tria
1448 3880 1580 3936 milliaria
1593 3879 1628 3933 ad
1641 3880 1724 3934 mini·

88 3958 123 4011 iu
136 3957 238 4028 platea.
279 3959 333 4014 Sed
345 3959 407 4014 loco
420 3970 499 4032 togrc,
513 3963 622 4018 indutus
642 3969 701 4017 erat
720 3964 813 4033 pallio,
825 3981 889 4018 euru
927 3978 1012 4016 mum.
1056 3962 1124 4015 Hac
1138 3970 1229 4016 autem
1242 3961 1302 4015 loca
1310 3962 1450 4032 regionem
1464 3976 1618 4030 supremam
1631 3959 1724 4030 appel·

88 4053 217 4108 capara
231 4054 322 4109 panno
334 4041 422 4110 nigro,
433 4042 577 4097 admodum
589 4043 703 4108 sincero,
714 4044 787 4097 circa
797 4043 890 4098 hume·
928 4040 1023 4105 lamus,
1045 4041 1211 4096 aestimantes
1232 4039 1304 4096 airis
1327 4048 1443 4095 tractum
1464 4041 1628 4103 uuiversum,
1651 4040 1724 4094 inter

87 4133 139 4171 ros
152 4118 282 4173 revincto.
322 4118 550 4191 subingressum
563 4131 693 4185 nostrum,
708 4138 788 4192 prout
800 4123 889 4178 edocti
928 4137 1082 4191 supremam
1105 4128 1133 4174 et
1159 4120 1290 4187 infimam,
1311 4137 1361 4190 pro
1387 4120 1499 4191 regione
1524 4118 1595 4173 airis
1623 4119 1722 4175 media.

88 4197 240 4261 fueramus,
250 4198 441 4254 inclinavimus
450 4216 500 4254 uos
511 4200 659 4256 submisse:
680 4219 795 4274 cumque
803 4220 889 4273 prope
928 4200 1037 4254 Utimur
1057 4200 1101 4253 bis
1121 4200 1247 4264 turribus,
1269 4208 1349 4271 prout
1369 4198 1558 4254 altitudinibus
1579 4204 1608 4252 et
1626 4199 1724 4255 sitibus

88 4275 194 4331 eolinm
214 4279 429 4344 accessissemus,
450 4281 537 4334 erexit
557 4296 586 4333 se
606 4280 635 4335 in
656 4281 748 4352 pedes,
762 4281 889 4336 dextram
928 4296 1021 4334 earum
1034 4279 1148 4333 dirersis
1161 4280 1297 4344 convenit,
1311 4279 1345 4332 ad
1359 4278 1542 4343 insolatioues,
1556 4278 1724 4350 refrigerati·

88 4353 163 4424 ejus,
183 4364 267 4410 exuta
286 4357 452 4423 chirotheca,
473 4359 607 4424 attollens,
628 4361 656 4413 in
677 4360 786 4415 modurn
806 4362 888 4416 bene·
928 4375 1002 4423 oues,
1022 4359 1250 4423 conservationes,
1269 4367 1297 4412 at
1319 4358 1353 4413 ad
1375 4367 1496 4413 meteora
1518 4357 1625 4412 diversa
1644 4374 1724 4429 spec·

88 4436 228 4490 dicentis:
249 4452 299 4490 nos
317 4446 409 4492 autem
427 4437 529 4510 singull
550 4439 686 4494 fimbriam
705 4440 819 4511 liripipii
838 4441 887 4504 sui,
927 4439 1017 4502 tanda,
1039 4436 1124 4492 veluti
1148 4447 1250 4503 ventos,
1275 4437 1388 4508 pluvias,
1410 4439 1496 4502 uires,
1518 4438 1672 4509 grandines,
1696 4444 1725 4492 et

88 4514 175 4587 proni
186 4516 335 4570 exosculati
345 4534 447 4573 sumna
489 4517 551 4572 Hoc
562 4518 642 4584 iacto,
652 4519 751 4590 reliqui
762 4537 798 4575 ex
808 4520 889 4574 sociis
927 4518 1021 4590 aliqua
1035 4534 1072 4572 ex
1085 4518 1213 4572 meteoris
1226 4518 1330 4589 ignitis.
1371 4517 1460 4589 Atque
1474 4517 1557 4572 etiam
1571 4534 1654 4587 supra
1667 4533 1722 4581 eas,

88 4595 164 4649 meir
188 4603 364 4661 recesserunt,
386 4613 439 4668 ego
461 4606 553 4652 antem
576 4597 651 4653 solus
675 4599 772 4653 mansi.
813 4599 889 4654 'lbruc
927 4598 957 4650 in
970 4596 1106 4668 aliquibus
1119 4596 1195 4662 locis,
1209 4598 1262 4652 sita
1280 4605 1342 4651 sunt
1360 4596 1519 4652 habitacula
1539 4597 1722 4660 eremitarum,

86 4672 185 4729 innuit
198 4674 416 4740 adolescentulis,
430 4684 460 4732 ut
479 4678 522 4731 illi
536 4695 644 4749 quoque
658 4694 687 4732 se
701 4678 888 4744 subducerent,
928 4694 996 4748 qnos
1029 4677 1190 4748 quandoque
1218 4677 1366 4742 visitamus,
1397 4685 1478 4748 atque
1509 4676 1628 4746 iusuper,
1657 4676 1723 4746 quid

87 4770 194 4825 rneque
205 4754 286 4822 Juxta
296 4756 416 4811 assidere
426 4756 519 4821 voluit,
531 4766 611 4829 atque
622 4757 717 4829 lingua
728 4758 888 4829 Hispanica,
928 4757 1072 4811 observare
1086 4757 1208 4820 debeant,
1222 4756 1374 4811 edocemus.

87 4834 128 4888 ad
142 4834 219 4887 huuc
232 4834 350 4898 modum,
365 4851 479 4890 exorsus
494 4845 542 4892 est.
969 4842 984 4867 ‘⁶
1000 4835 1141 4890 Habemus
1154 4836 1229 4891 lacus
1243 4852 1365 4906 magnos,
1380 4842 1438 4890 tam
1454 4833 1549 4900 salsos,
1563 4849 1645 4904 quam
1663 4833 1723 4887 dul·

132 4918 150 4946 ⁰‘
165 4912 314 4967 Benedicat
327 4914 376 4969 tibi
397 4914 481 4982 Deus,
495 4915 533 4969 fili
548 4916 602 4971 mir
624 4932 733 4988 gemma
751 4915 890 4986 praecipua
927 4932 988 4970 ces:
1010 4915 1110 4970 utimur
1123 4924 1214 4969 autem
1232 4915 1267 4970 iis
1281 4915 1315 4969 ad
1335 4914 1517 4986 suppetendos
1530 4913 1609 4968 nohis
1625 4912 1723 4983 pisces,

87 5008 129 5047 ex
142 4991 186 5058 iis,
198 5008 266 5064 quas
275 4993 371 5058 habeo,
383 5003 410 5048 te
420 4995 577 5065 impertiar:
598 4996 697 5051 etsuirn
709 4995 783 5050 baud
796 5012 890 5065 grara-
928 5010 993 5049 aves
1016 4995 1083 5048 item
1106 4994 1240 5064 palustres
1264 5004 1292 5050 et
1315 4995 1465 5065 aquaticas,
1489 4993 1578 5047 omnis
1605 4993 1722 5063 generis.
1775 5056 1778 5069 ,

87 5073 149 5137 bor,
162 5079 273 5143 propter
286 5073 339 5128 Dei
354 5082 381 5128 et
394 5073 890 5143 hominumamorcm,statumrerum
928 5073 1038 5128 Ulimur
1064 5075 1147 5128 etiam
1174 5073 1209 5128 iis
1235 5074 1270 5128 sd
1297 5073 1449 5144 sepulturas
1480 5088 1622 5143 corporum
1654 5088 1724 5127 non·

87 5154 190 5207 ᾶοιιιιιε
208 5150 361 5207 Salomonis
381 5153 431 5207 tibi
448 5154 577 5210 revelare.
618 5155 679 5220 Fili,
694 5162 725 5209 ut
745 5155 889 5225 perspicue
926 5153 1063 5208 nullorum
1077 5152 1250 5209 naturalium.
1270 5152 1459 5208 Differentiam
1473 5151 1546 5205 euim
1559 5151 1723 5222 operationis

87 5248 243 5304 cognomen
264 5240 364 5288 statum
377 5250 471 5287 rerum
488 5234 585 5289 domus
606 5233 768 5301 Salomonis,
782 5234 835 5290 hoc
849 5250 890 5288 or·
927 5234 1081 5288 invenimus
1091 5234 1120 5286 in
1134 5233 1221 5297 rebus,
1235 5251 1297 5304 quta
1309 5233 1339 5286 in
1353 5241 1426 5286 terra
1439 5229 1614 5301 sepeliuntur,
1628 5239 1675 5285 aut
1694 5232 1724 5285 in

87 5311 157 5366 dine
171 5311 327 5382 procedam.
368 5311 462 5366 Primo
472 5312 617 5368 declarabo
626 5314 709 5368 finem
723 5313 890 5369 fundationis
928 5312 992 5368 aare
1007 5313 1190 5376 subterraneo,
1205 5322 1233 5367 et
1246 5313 1288 5377 iis,
1304 5328 1366 5382 quar
1379 5311 1407 5364 iu
1421 5326 1493 5381 aqua
1505 5311 1722 5381 submerguntur.

87 5400 208 5446 nostrae:
230 5392 349 5446 secundo
363 5399 524 5462 apparatum
543 5400 570 5446 et
589 5393 776 5459 instrumenta,
792 5394 891 5464 quibus
929 5393 1071 5447 Habemus
1088 5401 1193 5463 stagna,
1207 5394 1235 5446 in
1257 5408 1370 5462 qnorum
1389 5389 1528 5444 nonnullis
1546 5406 1618 5462 aqua
1638 5389 1724 5444 dulcis

88 5473 125 5526 ad
139 5487 226 5543 opera
235 5472 406 5527 instruimur:
428 5472 515 5536 tertio,
526 5472 761 5538 officiadiatiucta‚
775 5482 802 5528 et
816 5473 891 5528 lunc·
928 5471 1082 5545 percolatur
1102 5489 1138 5526 ex
1157 5472 1245 5527 salsa:
1266 5473 1295 5525 in
1309 5469 1371 5525 aliis
1383 5479 1476 5525 antem
1488 5486 1538 5541 per
1551 5479 1638 5525 artent
1652 5487 1724 5542 aqua
