3800 5875
226 303 282 357 5411
785 300 966 357 HISTORIA
986 301 1101 358 DENSl
1123 302 1171 358 ΕΤ
1193 302 1295 359 111111.

225 461 323 526 calore,
337 478 367 516 se
381 460 495 532 recipiat
508 460 639 531 paulatim
653 465 681 514 et
695 460 856 525 contrahat,
871 461 1019 516 attrahitur
1055 475 1154 530 corpus
1170 461 1307 534 integrum
1327 469 1420 528 tumet,
1441 463 1660 535 necquicquam
1673 464 1728 519 tere
1747 464 1853 522 balitus

225 558 275 611 per
296 547 398 596 motum
421 556 509 594 nexus
528 556 598 594 caro.
639 538 761 600 Quodsi
782 541 1018 595 ventosasiortiua
1055 539 1152 595 evolat.
1193 541 1419 613 Atpcstmoram
1429 542 1789 609 nonnullam,tumdemum
1801 562 1855 601 cor·

225 619 362 674 attrahere
384 620 485 689 cupias,
509 620 601 689 accipe
628 619 771 690 spongiam
798 618 899 690 frigida
925 620 1017 674 made·
1055 635 1106 689 pus
1119 620 1255 690 integrum
1268 620 1392 693 insurgit,
1406 627 1435 675 et
1450 621 1579 676 dilatatur
1591 624 1762 692 expansione
1777 635 1855 679 nota·

226 699 332 763 iactam
348 705 375 751 et
384 714 455 769 pone
469 714 530 753 eam
543 715 626 768 super
639 707 760 753 ventrem
774 705 906 761 rentosaer
922 707 959 764 ut,
969 715 1018 769 per
1055 696 1111 763 bili,
1126 705 1256 770 tanquam
1269 699 1305 754 ad
1322 699 1451 771 duplum,
1472 708 1500 755 et
1518 701 1722 770 copiosissimus
1742 709 1774 757 et
1787 706 1854 774 spir·

226 778 459 849 refrigerationem
486 777 604 849 amplius
638 786 776 833 contracto
803 776 875 842 aere,
903 787 1017 833 ventosa
1055 794 1101 832 sus
1116 776 1260 833 admodum
1275 778 1365 833 erolnt
1379 778 1488 834 halitus
1524 779 1854 845 lshalitumiflammarn

226 857 322 911 lortius
334 856 460 911 attrahat.
1054 856 1158 910 interea
1169 873 1224 911 non
1238 859 1400 929 conceperit,
1415 860 1512 913 miscet
1524 876 1553 912 se
1568 860 1679 915 tandem
1695 877 1761 915 eum
1782 862 1852 928 aere,

265 936 292 990 3.
313 935 413 1005 Accipe
427 937 533 1000 vitrum,
548 943 575 990 et
589 935 733 990 calefacies
752 934 835 990 illude
857 937 933 991 mitte
947 936 1016 992 illud
1055 935 1279 1006 quemadmodum
1303 946 1331 991 et
1353 954 1437 1007 vapor
1460 954 1549 1009 aquae.
1601 938 1738 1008 Maiorem
1764 950 1853 996 autem

225 1022 287 1085 post
304 1015 458 1085 inaquam:
479 1014 598 1071 attrahet
610 1031 709 1086 aquam
723 1032 774 1085 pro
787 1015 900 1070 minimo
913 1017 948 1070 ad
962 1023 1015 1071 ter·
1054 1014 1172 1069 calorem
1191 1015 1334 1080 desiderat,
1352 1015 1387 1070 ad
1405 1016 1458 1071 hoc
1476 1025 1505 1072 ut
1525 1015 1630 1084 bulliat,
1650 1018 1749 1086 oleum,
1772 1037 1852 1091 quam

225 1095 276 1148 tias
290 1095 425 1158 contenti,
446 1094 516 1147 unde
529 1094 623 1165 liquet,
642 1093 734 1149 aiirem
752 1110 769 1147 a
787 1093 877 1148 calore
895 1096 1015 1150 rarefac-
1054 1109 1132 1165 equa,
1147 1101 1174 1147 et
1187 1094 1290 1150 tardius
1303 1094 1386 1149 multo
1399 1095 1496 1151 bullire
1508 1096 1614 1166 incipit

225 1179 283 1227 tum
306 1174 388 1227 fnisse
412 1173 515 1244 pariter
534 1173 570 1227 ad
590 1175 685 1228 tertias
705 1174 832 1228 contenti.
884 1173 937 1229 Sed
961 1174 1014 1229 hoc
1097 1173 1141 1227 10.
1163 1173 1297 1244 Apertura
1309 1174 1422 1245 spiritua
1433 1176 1490 1229 vini
1500 1192 1534 1230 ea
1543 1183 1593 1239 eat,
1605 1182 1638 1230 ut
1647 1193 1749 1248 squam
1761 1181 1851 1249 potius

223 1268 320 1322 parum
334 1259 383 1306 est.
423 1253 498 1307 Nam
511 1270 572 1307 cum
582 1254 689 1318 vitrum,
703 1252 919 1324 quousisumus,
934 1263 1014 1309 tenue
1054 1251 1160 1316 referat,
1181 1269 1263 1323 quern
1281 1253 1379 1309 oleum.
1419 1256 1494 1310 Nam
1512 1253 1616 1320 ebullit,
1631 1257 1742 1327 magnis
1759 1260 1850 1330 utique

223 1339 303 1397 esset,
317 1329 448 1406 majorem
466 1330 678 1396 calefactionem,
693 1332 794 1402 absque
808 1332 930 1401 periculo
953 1351 1015 1404 rup-
1053 1330 1143 1396 bullis,
1157 1332 1259 1403 absque
1274 1349 1371 1403 spuma
1385 1342 1432 1388 aut
1444 1334 1527 1389 totius
1540 1335 1666 1404 corporis
1679 1335 1848 1404 atentiam

223 1418 297 1475 turre,
315 1428 370 1465 nou
383 1410 463 1466 facile
481 1412 640 1481 patiebatur.
682 1411 759 1472 Quod
773 1412 796 1464 si
810 1410 906 1466 fuisset
919 1411 1014 1482 phiala
1052 1410 1134 1481 longe
1148 1419 1238 1466 antem
1252 1413 1356 1467 minore
1370 1412 1467 1478 calore,
1478 1422 1506 1467 et
1518 1412 1604 1468 multo
1617 1413 1735 1471 celerius
1750 1433 1849 1487 expau-

223 1488 310 1544 l'errea
323 1497 369 1545 aut
388 1508 471 1556 renea,
491 1499 518 1545 et
539 1491 669 1558 majorem
691 1492 720 1545 iu
741 1491 852 1546 modum
872 1491 1013 1558 calefacta,
1053 1489 1125 1545 ditur
1138 1498 1166 1544 et
1179 1490 1276 1555 evolat,
1287 1508 1369 1563 quam
1383 1509 1462 1563 aqua
1504 1492 1849 1564 Utuusquereronature

222 1569 338 1624 arbitror
352 1569 442 1625 adrem
456 1570 651 1641 possedilatari
662 1570 696 1624 ad
706 1570 820 1642 duplum
829 1577 875 1625 aut
885 1570 1012 1641 triplum:
1052 1570 1190 1640 particeps
1204 1573 1272 1638 (tam
1286 1587 1365 1642 aquea
1378 1571 1490 1635 scilicet,
1504 1588 1586 1643 quarn
1599 1571 1714 1644 cleosa)
1727 1575 1847 1630 esurite

222 1648 294 1719 quod
303 1650 491 1719 experimento
501 1649 689 1719 dignissimum
700 1657 759 1715 eat;
778 1650 905 1704 etiamad
916 1667 1014 1721 quous·
1052 1665 1081 1703 se
1094 1649 1228 1705 immiscet
1240 1649 1306 1715 sliri,
1321 1658 1348 1704 ct
1361 1651 1416 1705 cito
1429 1651 1549 1722 concipit
1561 1652 1711 1707 flammam.

221 1744 281 1798 que,
295 1734 326 1783 ut
344 1729 406 1783 inde
421 1729 517 1784 melius
529 1730 563 1783 de
576 1731 686 1783 raritate
700 1728 772 1784 adria
784 1745 908 1799 superne,
930 1738 1012 1802 atque
1094 1727 1138 1784 li.
1161 1729 1275 1784 Acetum
1289 1737 1317 1784 et
1330 1737 1441 1800 agresta
1453 1738 1481 1785 et
1493 1731 1587 1785 vinum
1599 1731 1631 1785 in
1650 1731 1704 1786 hoc
1722 1732 1846 1788 1111111111

220 1806 289 1862 adeo
302 1807 412 1862 retheris
426 1809 520 1879 ipsius,
532 1809 664 1876 judicium
678 1809 767 1863 iacere
781 1810 923 1879 possimus.
1051 1806 1080 1862 iu
1093 1823 1290 1878 processurum
1303 1817 1454 1880 aperturus
1475 1810 1547 1880 quod
1560 1817 1670 1866 acetum
1683 1811 1845 1884 insurgatis

259 1888 286 1941 4.
309 1887 341 1941 ln
354 1887 425 1941 vitro
439 1888 510 1958 quod
518 1886 688 1959 appellamus
697 1887 1018 1964 11111(1111(111111111-1
1050 1887 1199 1944 minoribus
1211 1887 1302 1954 bullis,
1314 1896 1341 1942 et
1353 1890 1442 1960 magis
1451 1889 1523 1943 circa
1532 1887 1618 1943 latera
1627 1890 1719 1955 rasis,
1740 1901 1845 1963 agresta

218 1973 360 2035 pertatem,
375 1977 506 2037 quatenus
519 1967 554 2021 ad
567 1966 685 2022 calorem
704 1976 732 2022 et
752 1968 847 2038 frigus,
863 1975 916 2021 tam
932 1986 1014 2024 arcu·
1050 1975 1079 2021 et
1091 1968 1183 2022 vinum
1193 1968 1222 2022 in
1232 1968 1379 2036 maioribus
1388 1967 1479 2033 bullis,
1489 1977 1518 2023 et
1526 1969 1843 2039 magisinurediorau'a

219 2052 276 2100 rate
288 2046 456 2100 demonstret
468 2046 612 2101 varietates
626 2055 654 2101 11
673 2046 786 2118 gradus)
810 2047 1011 2105 evidentissime
1093 2044 1137 2102 12.
1159 2047 1330 2102 Generaliter
1352 2048 1381 2101 in
1403 2046 1515 2119 liquidis
1538 2047 1592 2101 hoc
1612 2050 1650 2114 tit,
1673 2056 1706 2105 ut
1725 2051 1843 2122 pinguis,

218 2131 301 2195 patet,
315 2141 398 2196 quam
410 2142 494 2195 parra
507 2126 628 2181 accessio
646 2125 744 2181 caloris
764 2127 901 2196 expandat
919 2128 1012 2184 aerem
1049 2125 1120 2181 sicut
1133 2126 1231 2192 oleum,
1246 2127 1297 2192 lac,
1316 2127 1410 2198 adeps,
1428 2134 1456 2182 et
1474 2127 1640 2196 hujusmodi,
1658 2128 1804 2202 insurgant
1819 2141 1845 2185 ct

216 2203 391 2257 notabiliter:
412 2204 481 2259 adeo
498 2211 527 2259 ut
544 2221 641 2261 manus
654 2207 724 2260 vitro
742 2207 920 2277 superposita,
940 2209 1011 2263 radii
1050 2211 1173 2261 tumeant
1187 2205 1268 2261 simul
1281 2211 1339 2261 toto
1351 2222 1478 2278 corpore3
1499 2207 1574 2261 succi
1587 2209 1689 2263 maturi
1705 2209 1747 2279 (et
1758 2211 1844 2281 111111

216 2283 302 2353 aliqui
315 2282 388 2346 solis,
402 2284 461 2353 ipse
475 2283 613 2339 anhelitus
623 2286 768 2341 astantium
782 2294 924 2356 operetur:
945 2289 1010 2359 quin
1050 2283 1139 2340 adhuc
1158 2285 1309 2352 immaturi)
1328 2285 1411 2341 bullis
1429 2286 1595 2355 majoribus3
1621 2288 1699 2343 succi
1718 2289 1802 2343 enoeti
1819 2296 1845 2344 et

216 2369 245 2415 et
257 2361 344 2431 ipsius
363 2360 435 2417 ae'ris
456 2367 563 2418 externi
584 2364 828 2420 inclinariouecad
848 2365 967 2420 calorem
982 2376 1011 2422 et
1049 2365 1141 2436 vapidi
1158 2364 1240 2419 bullis
1256 2366 1413 2420 minombus.

217 2440 304 2512 frigus
319 2443 414 2510 (tactui
428 2442 482 2513 ipsi
496 2443 740 2515 imperceptibiles)
761 2444 853 2500 aerem
873 2444 1011 2502 nihilomi·
1092 2444 1136 2500 13.
1157 2443 1455 2516 0111111111111111111
1468 2460 1612 2499 commune
1624 2453 1676 2510 est,
1691 2447 1775 2502 etiam
1787 2447 1845 2502 oleo

216 2535 268 2574 nus
282 2521 311 2574 in
325 2521 395 2576 vitro
410 2522 511 2577 sensim
528 2532 555 2577 et
572 2533 705 2595 perpetuo
726 2523 840 2579 dilatent
860 2532 888 2579 et
906 2534 1011 2581 contra·
1048 2522 1109 2594 ipsi,
1119 2532 1150 2578 ut
1160 2523 1439 2596 autequambulliant,
1449 2539 1552 2595 paucas
1562 2529 1590 2578 et
1601 2540 1678 2579 rarus
1689 2526 1843 2582 semibullss

216 2597 293 2654 haut.
1048 2603 1122 2657 circa
1134 2603 1220 2658 latera
1233 2605 1306 2658 11111
1316 2604 1429 2672 jaciant.

257 2678 286 2733 b.
309 2679 385 2734 Hero
398 2680 526 2735 describit
540 2680 635 2737 altaria
646 2679 775 2737 fabricam
789 2700 823 2738 eo
835 2684 958 2748 artificio,
972 2693 1009 2750 ut,
1091 2682 1137 2737 14.
1159 2682 1291 2737 Omnibus
1300 2682 1452 2754 liquoribus
1464 2697 1607 2737 commune
1616 2689 1668 2748 est,
1679 2685 1753 2739 utin
1762 2701 1843 2756 parra

217 2758 426 2829 superimposito
448 2759 607 2816 holocausto
628 2770 656 2816 et
678 2763 799 2829 incenso,
825 2763 916 2817 subito
939 2780 1010 2834 aqua
1048 2762 1199 2833 quantitate
1219 2762 1299 2816 citius
1317 2762 1482 2833 aperiantur,
1502 2759 1627 2828 buthmt,
1649 2770 1734 2835 atque
1752 2781 1842 2820 comu-

216 2837 397 2903 descenderet,
412 2857 473 2910 quae
486 2839 578 2911 ignem
593 2841 772 2913 extingueret.
815 2842 846 2896 ld
859 2858 913 2896 uon
927 2841 1009 2897 aliam
1047 2849 1163 2906 mantur,
1177 2858 1259 2912 quam
1272 2841 1302 2896 iu
1314 2857 1423 2912 magna.

215 2918 346 2989 poscebat
359 2919 525 2985 iudustriam,
540 2938 621 2991 quam
635 2928 665 2976 ut
685 2921 736 2977 sub
749 2919 835 2978 altare
849 2929 920 2977 esset
933 2921 1009 2978 locus
1125 2920 1350 2991 Experimentum
1365 2922 1399 2977 de
1413 2920 1549 2992 aperturis
1562 2918 1650 2992 liquo-

216 3014 349 3053 concavus
372 3011 400 3053 et
420 2999 569 3075 conclusus,
592 3004 655 3055 aiire
676 3001 811 3073 repletus,
837 3003 884 3073 qui
905 3002 954 3056 aiir
974 3003 1009 3057 ab
1087 3017 1146 3055 rum
1160 3001 1314 3056 faciendum
1327 3009 1369 3056 est
1381 3000 1606 3064 iurasisritreis,
1616 3007 1651 3056 ut

216 3077 280 3149 igne
294 3077 448 3144 calefactus,
462 3087 491 3133 et
502 3088 646 3150 propterea
659 3081 794 3145 dilatatus,
808 3082 914 3137 nullum
928 3099 1008 3152 repe·
1086 3089 1174 3136 motus
1192 3081 1222 3134 in
1240 3097 1352 3152 corpore
1371 3079 1508 3152 liquorum
1526 3078 1626 3134 melius
1645 3079 1766 3152 conspici
1785 3097 1841 3153 pos

215 3157 281 3211 riret
295 3158 408 3223 exitum,
418 3159 473 3214 nisi
487 3158 515 3212 in
529 3160 617 3213 canali
629 3160 663 3214 ad
673 3161 806 3231 parietem
816 3160 908 3216 altaris
919 3169 1009 3216 erecto
1087 3159 1158 3225 sint3
1180 3168 1261 3232 atque
1275 3177 1359 3231 super
1376 3159 1479 3214 foculos
1498 3176 1560 3213 cum
1579 3158 1671 3214 calore
1690 3158 1797 3230 aequali,
1813 3169 1841 3214 rt

216 3243 244 3289 et
270 3244 398 3301 curvato?
411 3255 458 3292 ore
482 3254 564 3308 super
590 3237 675 3294 altare
702 3240 819 3294 inverso.
860 3241 892 3294 In
919 3240 1008 3295 canali
1087 3238 1240 3293 differentia
1258 3240 1348 3294 verius
1367 3239 1538 3309 exciplstnr;
1572 3248 1654 3310 atque
1677 3238 1741 3310 igne
1762 3236 1840 3303 leuto,

217 3322 308 3369 erecto
320 3316 410 3370 infusa
422 3325 481 3371 erat
494 3334 564 3387 aqua
576 3318 661 3385 (iacto
670 3319 753 3373 etiam
763 3328 857 3374 ventre
867 3321 896 3374 in
909 3321 1007 3385 canali,
1087 3319 1151 3388 quia
1177 3318 1250 3390 ignis
1278 3317 1426 3373 vehemens
1457 3317 1612 3389 precipitat
1644 3324 1675 3373 et
1705 3317 1841 3374 1111111111

216 3401 248 3448 11
260 3394 361 3466 largior
378 3396 458 3466 copia
475 3413 553 3466 aqna
571 3398 768 3468 reciperetur);
790 3415 823 3453 ea
841 3416 913 3470 aqua
930 3399 1008 3453 obice
1085 3397 1215 3452 actiones.

217 3474 421 3544 impediebatur,
436 3492 470 3530 ue
483 3475 667 3542 descenderet,
682 3477 857 3542 foraminat03
879 3479 926 3550 qui
936 3478 1009 3534 obex
1089 3473 1135 3531 lb.
1157 3476 1226 3531 Sunt
1236 3493 1301 3531 vero
1307 3476 1447 3547 complura
1454 3491 1575 3546 corpora,
1586 3492 1650 3547 quse

215 3560 359 3625 postquam
374 3561 432 3608 erat
445 3571 546 3618 versus,
560 3555 641 3611 dabat
658 3556 747 3611 locum
767 3556 825 3612 aeri
843 3556 963 3623 dilatato,
977 3565 1009 3612 nt
1046 3570 1100 3608 non
1121 3564 1184 3610 sunt
1204 3556 1315 3628 liquida,
1343 3556 1391 3610 sed
1417 3554 1596 3609 consistentia
1618 3562 1649 3609 et

215 3649 314 3704 aquam
328 3633 457 3688 eveheret
469 3642 497 3688 et
511 3634 630 3702 ejiceret.
1046 3633 1241 3699 determinata,
1262 3643 1382 3689 attamen
1392 3650 1441 3705 per
1451 3633 1569 3689 calorem
1580 3634 1839 3688 nanciscuntuream

255 3711 282 3767 6.
305 3713 446 3767 Inventum
460 3713 512 3768 fuit
525 3714 688 3769 lhacsstorii
711 3713 746 3768 ad
767 3714 924 3770 excitandos
945 3732 1008 3787 apo
1046 3720 1207 3783 aperturam,
1235 3720 1266 3768 ut
1290 3713 1442 3785 liquescant
1469 3713 1527 3769 sire
1554 3713 1704 3768 deveniant
1731 3712 1838 3783 liquida.
1882 3726 1883 3729 ’

215 3791 351 3862 plecticos‚
365 3799 395 3846 ut
415 3800 559 3862 poneretur
577 3802 686 3865 sartago
705 3794 812 3848 fervens
833 3794 905 3848 circa
926 3805 1009 3865 caput
1047 3792 1175 3864 quamdiu
1188 3792 1262 3847 calor
1275 3810 1309 3848 11
1322 3793 1432 3847 vellicet
1445 3799 1473 3846 et
1491 3793 1648 3863 expandat,
1671 3791 1762 3864 qualia
1781 3801 1839 3845 aunt

215 3870 250 3924 ad
271 3871 429 3926 nonnullam
450 3871 621 3936 distantiam
650 3872 720 3927 unde
743 3873 854 3943 spiritus
876 3872 906 3927 in
930 3873 1008 3930 cellis
1046 3887 1116 3937 cera,
1125 3871 1217 3942 adeps,
1225 3872 1362 3943 butyrum,
1373 3873 1431 3942 pix,
1443 3872 1542 3935 resina,
1553 3871 1837 3943 gummisacehuom,

215 3951 318 4005 cerebri
336 3951 459 4006 1111111111
478 3960 506 4006 11
524 3952 666 4022 congelati,
685 3959 713 4006 et
730 3953 766 4006 ab
786 3951 944 4007 humoribus
963 3955 1008 4008 ob
1045 3950 1116 4016 mel;
1129 3959 1158 4006 et
1174 3951 1292 4023 plurima
1302 3968 1338 4006 ex
1347 3950 1474 4016 metallis,
1485 3949 1571 4006 veluti
1581 3951 1838 4021 plumbumaumm,

215 4030 293 4094 sessi,
309 4028 493 4095 dilatarentur,
506 4032 695 4096 excitarentur,
710 4038 738 4085 et
749 4032 957 4086 vivificarentur.
1046 4037 1195 4101 argentum,
1209 4047 1390 4101 aas,cuprum.
1432 4030 1476 4084 111
1489 4031 1677 4096 tamenutad
1690 4038 1837 4101 apertmam

256 4105 281 4167 7.
303 4108 394 4162 Etiam
409 4109 568 4179 papiliones,
582 4128 643 4181 quse
657 4109 749 4164 hieme
762 4111 856 4179 jacent
869 4120 1006 4177 emortum,
1046 4109 1216 4181 requirantur
1228 4126 1283 4163 non
1296 4110 1384 4164 solum
1399 4108 1500 4180 gradus
1520 4108 1619 4164 caloris
1640 4108 1722 4179 longe
1735 4109 1836 4171 diremi,

215 4185 332 4241 admota
345 4188 380 4242 ad
393 4189 484 4258 ignem
499 4197 545 4243 aut
562 4190 652 4244 radios
671 4190 744 4253 solis,
760 4199 864 4244 motum
884 4198 912 4245 11
923 4191 1008 4245 vitam
1045 4190 1093 4244 sed
1117 4197 1146 4243 et
1166 4189 1378 4244 modificationes
1400 4189 1475 4259 ignis
1496 4195 1526 4243 et
1546 4190 1666 4243 dammae
1686 4188 1835 4243 1111111ιί111.

214 4267 357 4335 recipiunt.
400 4268 506 4338 AEgroti
525 4285 632 4339 quoque
650 4269 679 4322 in
697 4268 832 4340 deliquiis,
852 4278 908 4323 tam
928 4271 1008 4341 aquis
1046 4268 1118 4322 Nam
1133 4268 1188 4322 alia
1200 4267 1313 4323 metalla
1331 4267 1515 4339 colliqnsntnr
1533 4284 1584 4339 per
1602 4269 1696 4339 ignem
1715 4266 1835 4339 simplici·

214 4344 328 4399 fortibus
341 4350 371 4399 et
383 4346 479 4401 calidis
497 4347 568 4401 intro
585 4348 708 4418 sumptis,
723 4365 805 4419 quem
821 4348 911 4404 calore
929 4358 1006 4404 exte·
1046 4353 1094 4411 ter,
1109 4355 1139 4402 ut
1156 4346 1313 4418 plumbum
1334 4348 1389 4401 alia
1403 4362 1455 4417 per
1471 4349 1562 4418 ignem
1575 4354 1681 4402 motum
1692 4353 1721 4402 et
1734 4346 1835 4401 follibus

214 4424 293 4488 riore,
307 4431 335 4478 et
348 4424 542 4490 imcafionibus,
556 4434 583 4479 et
596 4435 669 4481 motu
685 4428 845 4482 excitantur.
1045 4426 1199 4490 excitatum,
1220 4435 1250 4481 ut
1269 4444 1366 4481 aurum
1390 4432 1419 4480 et
1440 4436 1598 4498 argeutumr
1629 4425 1686 4480 alia
1707 4442 1761 4480 nou
1780 4426 1833 4480 sine

254 4501 282 4558 8.
305 4502 438 4574 Apertum
457 4521 535 4576 aquae
557 4505 621 4560 11111
640 4513 691 4561 est.
732 4506 789 4560 Sub
809 4506 897 4575 primo
918 4504 1006 4561 calore
1045 4506 1213 4570 admistione,
1222 4513 1253 4560 ut
1263 4504 1384 4576 chalybs,
1396 4505 1441 4575 qui
1452 4521 1515 4570 non,
1523 4506 1576 4559 nisi
1584 4505 1703 4560 admisto
1711 4504 1834 4577 sulphure

214 4582 313 4636 emittit
326 4599 454 4652 vaporem
468 4601 584 4654 paucum
598 4593 625 4639 et
638 4601 744 4640 rarumr
765 4601 854 4656 neque
867 4585 940 4638 intra
951 4602 1007 4639 cor·
1045 4592 1092 4638 sut
1105 4584 1188 4639 simili
1201 4584 1338 4656 quopiam,
1352 4583 1524 4655 colliquatur.

214 4679 266 4732 pus
293 4660 347 4715 1111
369 4661 533 4733 conspicitur
559 4664 682 4719 mutatio.
724 4664 886 4719 Continuato
908 4663 1006 4729 calore,
1088 4664 1130 4717 16.
1152 4664 1188 4717 At
1201 4664 1256 4717 ista
1269 4664 1368 4729 omnia,
1382 4664 1406 4718 si
1420 4664 1593 4718 continuetur
1605 4662 1681 4734 ignis
1694 4670 1831 4735 etnrgest,

213 4757 325 4811 corpore
339 4743 444 4812 integro
457 4759 511 4796 non
527 4742 651 4814 insurgit,
665 4760 715 4798 nec
729 4744 813 4797 etiarn
826 4743 908 4797 bullis
920 4744 1007 4797 minu·
1044 4759 1099 4796 non
1119 4743 1206 4797 solum
1218 4744 1364 4798 sortiuntur
1384 4752 1541 4814 aperturam
1560 4741 1771 4812 colliqnatiouis,
1790 4739 1832 4795 sed

214 4820 249 4875 111
269 4820 298 4874 11
318 4821 427 4875 modum
449 4838 570 4892 spumoe3
592 4823 640 4876 sed
661 4840 712 4893 per
731 4821 820 4876 bullas
843 4822 960 4890 maiores
981 4830 1008 4875 et
1045 4830 1238 4891 pertranseunt,
1260 4831 1289 4876 et
1306 4822 1490 4892 adipiscuntur
1509 4821 1658 4877 secundam
1678 4830 1831 4891 apertmam,

213 4900 329 4955 rariores
342 4901 471 4966 ascendit,
486 4908 513 4955 11
528 4902 556 4954 in
570 4901 709 4972 copiosum
723 4918 849 4971 vaporem
868 4917 897 4954 se
916 4900 1005 4955 solvit.
1046 4900 1176 4967 (volatilis
1189 4900 1302 4966 scilicet,
1317 4902 1374 4956 sire
1387 4902 1562 4972 pneumatici,
1582 4900 1640 4955 sive
1660 4899 1832 4971 consumptio·

215 4979 370 5050 lttempor,
389 4982 413 5034 si
426 4997 480 5034 non
493 4981 656 5050 impediatur
675 4989 722 5036 aut
735 4982 934 5051 repercutiatur,
949 4981 1006 5033 uiri
1044 4978 1109 5047 nia)
1123 4981 1220 5043 omnia,
1240 4979 1360 5051 inquam,
1375 4988 1473 5053 praeter
1490 4997 1604 5034 aurum:
1624 4996 1690 5034 nam
1707 4988 1830 5051 quatenus

214 5075 243 5112 se
258 5059 406 5124 immiscet;
427 5061 516 5132 primo
528 5060 701 5130 conspicuus,
716 5060 779 5115 dein
798 5059 965 5115 insensibilia
980 5066 1007 5112 et
1044 5058 1079 5112 ad
1092 5068 1234 5130 argentum
1247 5060 1346 5126 rivum,
1360 5077 1422 5114 cum
1436 5060 1464 5113 ln
1478 5067 1574 5114 natura
1587 5074 1638 5113 sua
1651 5059 1688 5114 sit
1700 5056 1829 5130 liquidum.

214 5154 243 5192 se
256 5137 413 5208 deperdens.
1044 5137 1140 5210 incipit
1154 5136 1221 5192 illud
1231 5138 1267 5192 ab
1277 5146 1403 5209 apertius
1417 5138 1543 5203 secunda,
1557 5147 1585 5192 et
1597 5136 1679 5192 facile
1689 5137 1828 5191 vertiturin

254 5215 282 5271 9.
305 5217 438 5288 Apertum
457 5216 511 5271 olei
529 5216 592 5271 talis
611 5224 663 5272 est.
706 5216 838 5286 Aprimo
856 5216 945 5272 calore
966 5233 1006 5271 as·
1044 5216 1161 5271 volatile.
1201 5216 1245 5271 De
1258 5235 1324 5271 auro
1337 5217 1425 5273 adhuc
1443 5216 1557 5271 dubium
1575 5226 1625 5281 est,
1644 5225 1735 5270 utrum
1751 5214 1830 5285 possit

213 5295 331 5350 cendunt
351 5296 462 5368 guttulis
484 5296 607 5366 quaedam
630 5303 676 5350 aut
698 5295 812 5366 grands
838 5313 1006 5366 percorpus
1045 5297 1103 5350 deri
1117 5295 1226 5351 volatile
1240 5304 1287 5351 aut
1306 5296 1508 5367 pneumaticum
1529 5296 1691 5368 (autetiam
1709 5291 1827 5364 potabile,

214 5373 266 5427 olei
280 5392 391 5444 sparsa;
412 5376 495 5445 idque
508 5392 568 5429 cum
584 5375 758 5445 crepitatione
770 5376 893 5445 quadam.
936 5377 1007 5429 lnte·
1044 5382 1074 5430 ut
1093 5376 1251 5446 loquuntur)
1271 5375 1323 5430 hoc
1345 5382 1392 5440 est,
1412 5392 1465 5430 non
1484 5373 1643 5429 dissolubile
1664 5374 1776 5445 quidem,
1789 5371 1827 5439 (id

214 5453 265 5504 rim
279 5469 329 5506 nec
341 5453 422 5507 bulla·
437 5455 464 5508 in
479 5455 621 5524 superficie
634 5453 736 5517 ludunt,
751 5454 794 5524 (ut
807 5455 834 5507 in
849 5454 941 5525 aqua)
955 5470 1005 5509 nec
1044 5455 1117 5509 enim
1130 5454 1209 5509 facile
1223 5462 1302 5510 estet
1315 5455 1406 5511 tritum
1417 5471 1467 5527 per
1480 5472 1566 5527 aquea
1579 5454 1686 5521 fortes)
1695 5451 1826 5522 1111111111-

1697 2966 1813 3011 ltouitu

1704 3519 1809 3567 lim
