3800 5875
213 288 272 344 362
727 291 778 347 DE
799 291 1025 347 AUGMENTIS
1046 289 1322 346 SOIENTIARUM.
1723 288 1788 344 Lm.
1801 289 1833 344 V.

252 446 279 503 9.
303 449 458 520 lnquiratur
470 449 504 504 de
518 465 560 515 eo,
574 450 639 523 quid
652 449 740 520 possit
753 456 782 504 et
792 456 918 518 operetur
930 450 1006 505 diffa·
1084 446 1128 504 19.
1151 450 1307 519 inquiratur
1319 447 1354 502 de
1364 454 1440 503 motu
1453 447 1483 501 in
1496 463 1602 501 mrsum
1614 446 1704 516 ipsius
1715 446 1836 501 activita-

211 529 588 600 sentiacorporum,perquae
597 539 687 584 motus
696 530 838 600 gravitatis
848 530 1007 585 difftmditur
1043 529 1077 583 tis
1090 527 1190 592 calidi3
1212 528 1295 582 veluti
1316 545 1380 582 cum
1395 527 1470 581 calor
1483 527 1512 580 iu
1527 526 1599 580 ferro
1611 527 1745 580 candente
1758 527 1837 581 cium

212 615 241 662 et
252 609 484 665 communicatur:
505 617 586 680 atque
600 618 689 664 utrum
702 624 781 679 reque
791 610 1006 664 communicetur
1043 608 1134 678 gliscit
1143 609 1172 662 in
1182 624 1297 672 nircum,
1308 624 1390 678 quem
1404 607 1433 660 in
1447 606 1581 660 deorsum.

211 703 262 757 per
274 703 388 758 corpora
401 687 495 744 mollin
509 695 536 742 et
547 705 654 759 porosa,
669 705 701 742 ac
714 704 765 757 per
777 687 845 742 durs
857 696 885 742 et
898 688 1003 743 mbds:
1081 686 1245 757 Exemplum
1272 687 1356 758 igitur
1383 687 1480 755 topicm
1504 683 1677 754 particularis
1700 683 1754 739 tale
1782 686 1836 741 sit:

211 765 296 821 veluti
319 769 343 821 si
365 768 439 822 trabs
462 767 547 821 lancis
568 769 604 823 sit
625 785 662 822 ex
684 766 770 821 altera
793 774 870 837 purte
892 767 1005 839 liugnlre
1042 766 1238 830 illudinterim,
1253 766 1325 837 quod
1335 782 1444 820 mouere
1459 764 1623 835 occepimus,
1637 764 1736 817 iterum
1746 781 1837 818 mone-

211 843 311 915 ligneu,
326 864 361 900 ex
374 847 459 902 altera
471 856 601 918 argentea
615 847 692 917 (licet
712 845 813 902 fuerint
832 846 948 901 reductis
970 848 1005 901 ad
1042 863 1110 911 mus,
1120 862 1218 916 nempe
1233 856 1263 900 ut
1275 845 1401 900 homines
1411 844 1528 898 debeant
1541 844 1647 913 topicae
1661 843 1837 913 particulsres

212 924 285 978 idem
307 926 425 996 pondus)
440 935 530 981 utrum
544 944 599 981 uon
615 927 760 998 progignat
772 927 951 981 variationem
974 928 1004 980 in
1042 942 1106 980 sues
1116 925 1258 989 alternare,
1268 926 1308 980 its
1317 932 1354 990 ut,
1363 933 1426 994 post
1436 923 1553 991 majores
1562 938 1724 992 progressus
1732 923 1837 994 sliquos

211 1002 358 1060 lancibus?
407 1004 545 1070 Similiter,
570 1015 659 1061 unum
683 1005 831 1069 metullum,
855 1004 934 1070 lenae,
955 1014 1003 1061 aut
1041 1005 1071 1059 in
1084 1005 1259 1075 inquisitione
1273 1005 1366 1067 iactos,
1380 1002 1463 1058 aliam
1483 1010 1512 1056 et
1532 1002 1648 1056 subinde
1662 1000 1746 1056 aliam
1762 1004 1836 1057 insti

211 1084 310 1137 vesicas
323 1085 432 1148 infletis,
443 1085 689 1156 superimpositum,
701 1085 774 1140 idem
783 1084 922 1155 ponderet,
932 1086 1004 1157 quod
1042 1093 1120 1138 mant
1133 1084 1259 1154 topicam,
1272 1084 1388 1138 simodo
1401 1082 1577 1136 scientiarum
1585 1080 1701 1149 fastigia
1713 1098 1836 1135 consom-

211 1163 241 1216 iu
254 1163 339 1218 fundo
351 1164 461 1220 lancisi
1042 1163 1106 1217 dere
1129 1162 1249 1232 cupient.
1300 1162 1361 1217 Nos
1388 1169 1480 1216 autem
1508 1159 1608 1231 topicis
1627 1160 1835 1230 particulanius

255 1241 299 1296 10.
321 1242 475 1315 Inquiratur
487 1243 522 1298 de
535 1260 576 1308 eo,
591 1244 657 1314 quid
672 1244 761 1315 possit
780 1250 809 1298 et
826 1248 955 1313 operetur
973 1244 1003 1298 in
1042 1250 1146 1297 tantum
1157 1242 1308 1306 tribuimus,
1322 1250 1353 1297 ut
1359 1240 1499 1312 proprium
1513 1256 1583 1310 opus
1596 1239 1630 1294 de
1644 1239 1724 1309 ipsis,
1736 1241 1765 1294 in
1779 1241 1836 1295 sib

213 1323 453 1377 communicatione
466 1331 555 1380 motus
577 1323 718 1393 gravitatis
740 1323 869 1377 dictanda
881 1323 1003 1392 eorporis
1038 1322 1121 1390 jectis
1141 1321 1311 1376 namnetibus
1330 1320 1498 1391 dignioribus
1512 1328 1539 1372 et
1552 1319 1765 1384 obscurioribus,
1779 1337 1837 1373 con-

211 1399 400 1457 alibrumiue:
420 1402 473 1457 hoc
487 1411 536 1467 est,
550 1403 603 1455 cita
620 1411 647 1456 et
665 1419 727 1457 sera
747 1402 887 1473 perceptio
900 1402 1003 1458 incubi·
1041 1402 1160 1455 licerein
1170 1402 1263 1455 animo
1273 1400 1430 1455 habeamus.
1451 1398 1564 1453 Domini
1572 1401 1650 1453 enim
1660 1401 1835 1469 questionum

211 1486 254 1533 tus
268 1481 324 1534 sive
338 1481 535 1551 depressionis:
556 1482 640 1536 veluti
654 1482 683 1536 in
696 1482 837 1545 lancibns;
858 1481 905 1535 ubi
917 1481 1003 1536 alters
1041 1497 1143 1546 sumne,
1159 1497 1250 1536 rerum
1271 1496 1326 1535 non
1345 1480 1422 1534 item.
1462 1478 1553 1549 Atque
1567 1478 1601 1532 de
1615 1478 1759 1533 invention
1777 1479 1836 1534 bac·

210 1574 274 1628 pare
288 1561 371 1615 trabis
381 1570 423 1615 est
432 1561 539 1632 longior
549 1560 626 1630 (licet
636 1561 873 1618 reductaadidcm
883 1561 1001 1631 pondus)
1041 1568 1128 1615 teum.

209 1654 246 1691 au
256 1637 369 1694 inclinet
378 1640 431 1696 hoc
441 1640 530 1710 ipsum
539 1641 666 1694 lancem?
687 1641 744 1695 Aut
752 1641 781 1694 in
792 1640 865 1695 tubis
875 1641 1002 1705 arcuatis,

210 1717 257 1771 nbi
271 1717 378 1790 longior
384 1736 449 1790 para
456 1728 528 1774 certe
537 1719 628 1774 trehet
636 1736 743 1791 aquam,
750 1719 930 1774 licetbrevior
939 1737 1003 1790 para

211 1796 298 1865 (iacta
305 1798 392 1853 silicet
400 1800 537 1869 capacior)
547 1800 634 1868 majus
642 1799 780 1854 contineat
793 1800 900 1870 pondua
913 1817 1001 1871 aquas.

253 1876 297 1932 ll.
321 1878 476 1949 luquiratur
489 1879 523 1933 de
536 1895 577 1941 eo,
589 1879 654 1950 quid
668 1879 753 1949 possit
766 1879 934 1933 intermistio
943 1880 1002 1934 sive

210 1955 347 2025 copulatio
360 1958 480 2027 corporis
498 1956 566 2011 levia
585 1974 647 2012 cum
665 1974 778 2027 corpme
799 1958 886 2028 gravi,
897 1958 931 2012 ad
950 1959 1003 2012 ele-
1042 1956 1166 2011 Portitio
1174 1959 1245 2012 ortis
1251 1955 1401 2025 judicandi
1408 1956 1439 2008 in
1444 1955 1583 2023 judicium
1587 1971 1642 2026 per
1650 1954 1836 2020 induerim,

210 2035 326 2089 vendam
340 2037 460 2106 corporis
473 2036 641 2107 gravitatem,
657 2044 687 2091 ut
708 2034 737 2091 in
760 2037 879 2108 pondere
900 2039 1003 2092 enima-
1082 2046 1107 2090 et
1125 2054 1177 2109 per
1198 2039 1388 2108 syllogismum.
1430 2032 1550 2095 Quorum
1565 2036 1652 2105 prius
1668 2046 1837 2107 aggregetur

1266 1795 1391 1852 CAPUT
1412 1794 1611 1857 QUARTUM.

209 2111 277 2168 lium
291 2115 413 2170 vivorum
425 2122 453 2170 et
465 2117 655 2172 mortuorum?

253 2193 297 2248 12.
320 2194 473 2265 Inquiratur
486 2196 520 2248 de
534 2197 644 2249 secretis
657 2196 813 2251 ascensibus
828 2202 856 2250 et
868 2196 1004 2252 descensi-

209 2270 261 2327 bus
274 2274 390 2343 pertium
410 2272 541 2328 leviorum
555 2282 583 2328 et
595 2275 751 2346 gmviovnm
770 2275 799 2329 in
817 2292 871 2330 uno
890 2293 1002 2347 corpore

209 2350 335 2422 integro:
356 2352 427 2408 unde
441 2354 507 2407 fiant
521 2370 595 2425 sepe
606 2362 739 2409 accuratas
752 2357 953 2424 separationem
974 2365 1004 2411 nt

209 2429 239 2482 in
260 2432 430 2501 separatione
452 2432 509 2487 vini
530 2442 559 2488 et
578 2449 673 2505 aquare
693 2434 724 2489 in
747 2436 905 2490 escensione
928 2436 1003 2490 floris

209 2506 295 2574 lectis,
309 2518 337 2565 et
350 2511 491 2567 similibus

253 2587 298 2643 13.
322 2590 564 2662 loquimurque
584 2592 620 2647 sit
640 2592 715 2646 linea
734 2600 762 2647 et
782 2593 895 2648 directio
915 2602 1004 2650 motus

1082 2134 1182 2187 organo
1202 2134 1277 2172 nouo.
1318 2114 1442 2169 Partitis
1457 2115 1549 2184 priora
1567 2114 1678 2182 judicii
1689 2132 1743 2184 per
1765 2116 1838 2184 sylis·

1079 2198 1196 2267 gismsns
1210 2198 1240 2248 is
1253 2196 1433 2249 reductionem
1445 2201 1544 2247 rectum
1557 2203 1582 2246 st
1598 2195 1741 2248 inversum.
1772 2193 1837 2247 Por·

1082 2278 1145 2329 titio
1157 2276 1276 2330 secunde
1290 2278 1352 2345 ejus
1366 2276 1396 2327 iu
1410 2275 1581 2343 analyticum,
1597 2282 1623 2326 st
1642 2273 1796 2328 doctrinan
1808 2274 1838 2327 ds

1082 2356 1209 2410 elenchis.
1251 2355 1376 2408 Partitis
1396 2354 1526 2407 doctrine
1541 2354 1574 2407 dr
1593 2352 1715 2408 classicis
1728 2355 1762 2407 isv
1775 2354 1839 2407 oles·

1082 2435 1143 2489 clos
1156 2435 1354 2506 sophismatum,
1369 2432 1489 2488 elenchos
1502 2433 1654 2497 hermenia,
1674 2441 1700 2486 et
1719 2433 1838 2487 emese

1082 2516 1237 2586 r'mngs‘nsss,
1252 2516 1310 2571 sius
1332 2514 1470 2568 idum.
1511 2511 1637 2567 Partitis
1658 2512 1793 2567 idolorusr
1811 2515 1838 2565 is

1082 2595 1154 2648 idcio
1168 2595 1264 2659 tribuo,
1279 2595 1352 2648 idolo
1365 2601 1503 2664 specusst
1514 2593 1588 2646 idola
1594 2594 1669 2666 sori.
1690 2593 1840 2665 Appendis

209 2668 360 2738 gravitatis,
381 2678 409 2724 ει
423 2679 556 2741 quatenus
573 2679 701 2743 sequetur
714 2671 758 2727 vel
772 2681 895 2728 centrum
915 2682 1002 2740 terrm,

210 2746 239 2800 id
252 2758 303 2812 est,
316 2765 435 2804 massam
455 2759 548 2815 terram
563 2751 606 2805 vel
623 2759 746 2806 centrum
763 2753 883 2822 corporis
903 2753 999 2823 ipsius,

209 2825 238 2880 id
262 2836 311 2892 est,
331 2829 427 2883 nixum
448 2831 567 2900 partium
586 2830 655 2899 ejus.
698 2830 799 2886 Centrs
813 2832 886 2886 enim
905 2832 1003 2888 illaad

208 2906 452 2964 demonstrationes
460 2917 524 2981 apta
537 2917 606 2975 suut,
620 2911 650 2965 in
662 2918 760 2966 natura
772 2910 842 2966 nihil
855 2910 957 2968 velent.
1081 2911 1274 2968 Turannius
1292 2928 1363 2966 nunc
1382 2910 1417 2965 ad
1436 2909 1577 2981 judicium,
1592 2909 1651 2964 sive
1666 2916 1757 2965 artem
1772 2909 1839 2980 jndi-

252 2987 295 3042 14.
319 2987 476 3059 inquiratur
492 2991 526 3045 de
540 2991 742 3062 comparatione
756 3000 845 3047 motus
864 2993 1004 3063 gravitatis
1041 2992 1129 3056 candi,
1149 2993 1178 3045 in
1202 3009 1257 3062 qua
1281 2993 1370 3063 agitur
1392 2990 1425 3046 de
1447 2999 1546 3045 nature
1569 2989 1765 3060 probationum
1786 2991 1838 3044 sive

1081 2675 1151 2728 artis
1163 2674 1320 2743 judicandi,
1334 2674 1459 2727 videlieet
1477 2672 1511 2725 ds
1529 2673 1660 2744 menisgin
1681 2672 1840 2727 amatura-

1082 2755 1183 2807 iiovtuna
1192 2771 1246 2824 pro
1259 2762 1358 2807 natura
1372 2753 1499 2822 subjecti.

210 3083 271 3120 cum
280 3069 397 3123 motibus
405 3068 483 3135 aliis;
499 3086 567 3141 quos
576 3071 785 3136 scilicetvincat,
794 3072 892 3141 quibus
903 3073 1002 3127 sedati
1041 3071 1308 3126 demonstrationum.
1354 3071 1388 3125 In
1402 3078 1459 3125 arte
1473 3077 1563 3125 nutem
1578 3071 1632 3123 ista
1639 3069 1784 3137 indicendi
1798 3073 1839 3138 (ut

209 3144 301 3200 Veluti
324 3147 354 3202 in
374 3156 452 3204 motu
474 3150 569 3221 (quem
590 3149 742 3221 appellant)
767 3150 897 3218 violento,
916 3162 1003 3206 motus
1042 3152 1125 3206 etiam
1136 3150 1219 3222 vulgo
1229 3158 1369 3222 receptum
1383 3152 1436 3217 est)
1451 3157 1500 3204 aut
1513 3166 1563 3219 per
1582 3149 1782 3213 inductionem,
1795 3159 1839 3204 ant

209 3227 350 3295 gravitatis
363 3230 547 3300 compescitur
562 3229 597 3283 ed
611 3239 735 3301 tempus:
756 3231 849 3295 etiam,
863 3248 925 3286 cum
938 3248 1002 3301 pon·
1042 3247 1091 3300 per
1104 3230 1293 3302 syllogismum
1306 3229 1491 3285 concluditur:
1511 3245 1576 3283 nam
1590 3228 1802 3298 enthymemata
1813 3237 1839 3283 et

209 3304 260 3358 dus
273 3304 354 3378 longe
369 3308 457 3376 majus
471 3308 535 3363 ferri
555 3309 591 3363 eb
605 3310 704 3379 exiguo
721 3317 848 3380 magnete
862 3311 1002 3378 attollitur,
1042 3309 1176 3380 exemplu,
1190 3309 1301 3365 illorum
1322 3309 1436 3364 duorum
1456 3308 1620 3378 compendia
1642 3316 1751 3363 tantum
1771 3316 1837 3364 sunt.

207 3384 282 3437 cedit
295 3395 385 3440 motus
396 3388 539 3457 gravitatis
553 3389 638 3442 motui
653 3390 826 3459 sympathire.
1041 3390 1079 3443 At
1090 3397 1223 3460 quotenus
1240 3389 1277 3443 ad
1295 3388 1437 3458 judicium,
1451 3389 1523 3460 quod
1537 3388 1567 3441 fit
1580 3403 1632 3457 per
1645 3387 1837 3453 inductionem,

251 3463 295 3518 15.
318 3465 474 3537 inquiratur
492 3467 526 3522 de
540 3475 617 3522 motu
633 3469 713 3533 airis,
728 3476 818 3523 utrum
834 3469 935 3523 feratur
947 3486 1004 3524 sur·
1041 3469 1113 3523 nihil
1131 3477 1181 3534 est,
1196 3469 1268 3538 quod
1288 3485 1338 3523 uos
1356 3468 1478 3522 detinere
1495 3467 1610 3521 debeat:
1629 3483 1689 3521 uno
1708 3468 1838 3539 siquidem

209 3559 277 3607 sum,
292 3560 327 3598 an
341 3546 378 3599 sit
391 3553 520 3617 tanuam
537 3547 727 3617 adiaphoros?
748 3548 824 3609 Quod
838 3549 948 3603 difficile
963 3557 1003 3604 est
1042 3550 1189 3620 eodemque
1203 3550 1302 3604 mentis
1317 3564 1399 3619 opere
1412 3546 1488 3611 illud,
1499 3545 1571 3618 quod
1581 3546 1839 3616 quoeritnr,etinve·

207 3621 327 3688 inventu,
337 3624 391 3679 nisi
406 3642 455 3696 per
469 3627 657 3697 experimenta
667 3627 760 3698 aliqua
773 3628 924 3698 exquisite:
939 3645 1004 3683 nam
1041 3629 1115 3683 uitur
1126 3637 1153 3683 ει
1162 3629 1308 3697 judicatur.
1337 3628 1436 3697 Neque
1447 3627 1520 3681 enim
1531 3643 1581 3697 per
1593 3625 1719 3681 medium
1733 3627 1840 3699 aliquod

209 3703 336 3757 emicatio
348 3705 420 3759 uiris
433 3706 463 3759 in
476 3706 561 3761 fundo
574 3723 652 3778 aqum
666 3707 698 3761 fit
718 3707 808 3778 potius
828 3724 879 3778 per
892 3707 1002 3779 plagam
1041 3725 1085 3762 res
1097 3709 1261 3780 transigitur,
1269 3708 1318 3762 sed
1328 3706 1491 3771 immediate,
1502 3706 1599 3760 eodem
1614 3706 1674 3760 sere
1688 3708 1779 3770 modo,
1788 3725 1839 3779 qno

208 3797 295 3852 aquus,
312 3800 393 3853 quam
407 3802 456 3855 per
476 3794 579 3840 mottmr
592 3785 671 3852 airis,
685 3804 747 3841 cum
767 3787 840 3841 idem
853 3788 937 3842 etiam
957 3789 1004 3843 fist
1042 3788 1115 3842 litin
1129 3805 1218 3842 sensu.
1259 3787 1366 3857 Quippe
1380 3802 1484 3851 sensus,
1497 3786 1527 3839 in
1540 3785 1658 3853 obiectis
1669 3786 1729 3840 suis
1743 3788 1840 3858 prima·

208 3859 238 3914 in
259 3860 343 3931 ligno.
384 3861 544 3919 Aerautem
557 3866 615 3919 siri
636 3867 799 3921 commixtus
813 3866 883 3921 nihil
904 3867 1002 3937 prodit,
1042 3867 1096 3931 riis,
1110 3866 1192 3922 simii
1205 3874 1233 3922 et
1246 3866 1343 3934 objecti
1358 3866 1477 3936 speciem
1491 3865 1595 3935 arripit,
1610 3873 1639 3918 et
1654 3863 1718 3940 ejus
1732 3865 1837 3921 veritati

208 3956 269 3994 cnm
283 3957 337 3996 non
352 3943 442 3998 minus
453 3944 592 3999 levitatem
600 3946 729 4000 exhibeat
742 3949 789 4000 air
798 3946 827 4000 in
838 3949 909 4010 nire,
921 3964 1002 4017 quam
1041 3947 1183 4002 consentit.
1226 3946 1313 4000 Aliter
1338 3952 1430 3999 summ
1456 3944 1488 3998 fit
1512 3944 1543 3998 in
1566 3944 1743 4015 syllogism03
1764 3947 1840 4014 cujus

208 4020 372 4089 gravitatem
394 4040 466 4094 aqna
492 4024 521 4078 in
544 4040 635 4094 aqua:
656 4026 685 4079 in
712 4025 787 4080 bulis
814 4033 913 4090 sutem,
935 4026 1003 4081 exili
1042 4026 1165 4095 probatio
1185 4025 1342 4081 immediata
1364 4041 1419 4079 non
1440 4031 1489 4087 est,
1506 4024 1555 4078 sed
1572 4041 1622 4094 per
1640 4024 1765 4079 medinm
1781 4042 1840 4095 per·

208 4098 323 4154 0bductu
337 4101 473 4171 pellicula,
486 4104 522 4158 ad
535 4111 642 4174 tempus
653 4112 717 4160 stat.
1042 4105 1136 4160 ficitur.
1186 4106 1281 4176 ltaque
1309 4104 1365 4159 ulis
1391 4119 1435 4158 res
1457 4111 1498 4158 est
1524 4095 1646 4158 inventio
1668 4104 1762 4169 medii,
1786 4103 1840 4158 elia

252 4179 295 4233 16.
318 4180 481 4251 Inquiratur,
493 4185 554 4253 quis
566 4184 602 4237 sit
611 4184 742 4239 terminus
749 4183 889 4238 levitatis?
904 4184 1002 4255 Neque
1038 4184 1171 4252 judicium
1185 4186 1219 4239 de
1236 4183 1431 4255 consequentia
1450 4184 1611 4254 argumenti.
1652 4182 1730 4237 Nam
1751 4185 1841 4255 primo

208 4257 281 4313 enim
295 4262 520 4330 quemadmodum
538 4270 660 4318 centrum
677 4271 756 4318 terrie
777 4272 924 4334 posuerunt
942 4281 1003 4317 cen·
1041 4264 1167 4319 discurrit
1189 4281 1275 4327 meus,
1300 4272 1397 4333 postes
1417 4262 1571 4333 acquiescit.
1612 4262 1651 4316 At
1675 4263 1840 4318 inductionis

209 4344 280 4391 trum
291 4341 442 4408 gravitatis,
456 4341 549 4396 volunt
564 4341 672 4412 (credo)
685 4350 716 4397 ut
736 4342 831 4397 ultima
844 4344 1003 4398 convexitas
1041 4342 1154 4397 formem
1165 4344 1290 4398 vitiosam
1303 4358 1413 4413 prorsus
1427 4342 1516 4396 valere
1522 4343 1669 4410 J'ubemus;
1684 4342 1840 4414 legitimam

207 4416 271 4470 coeli
287 4418 322 4471 sit
336 4421 465 4475 terminus
478 4422 607 4476 levitatis.
643 4422 686 4476 Au
699 4423 797 4492 potius,
811 4422 893 4476 veluti
907 4424 1003 4492 gravia
1041 4422 1076 4475 ad
1094 4439 1195 4478 novum
1215 4440 1347 4493 organum
1364 4421 1536 4476 remittimus
1579 4422 1723 4493 ltaquede
1735 4424 1841 4492 jndicio

207 4496 332 4552 videntur
346 4515 465 4570 eousque
480 4501 551 4567 ferri,
564 4510 596 4555 nt
609 4502 779 4565 decumbant,
790 4509 819 4555 et
829 4509 957 4572 tanquam
968 4503 1003 4556 ad
1041 4518 1091 4571 per
1104 4502 1286 4557 inductionem
1301 4501 1353 4555 hoc
1366 4500 1427 4554 loco
1437 4501 1512 4555 antis.

207 4576 346 4632 immobile
357 4599 364 4642 ς
378 4579 418 4632 ita
431 4579 504 4634 levis
517 4598 637 4651 eousque
656 4582 783 4646 ferantur,
798 4587 827 4635 ut
840 4581 923 4634 rotari
936 4581 1003 4635 inci·
1080 4581 1123 4635 De
1136 4580 1185 4636 illo
1198 4581 1284 4636 altero
1297 4598 1346 4651 per
1356 4580 1545 4650 syllogismum
1556 4579 1622 4650 quid
1631 4581 1732 4636 attinet
1739 4581 1839 4646 dicere,

207 4656 292 4726 piant,
306 4663 335 4709 et
349 4667 477 4730 tanquam
491 4660 527 4714 sd
540 4670 643 4714 motum
657 4661 717 4716 siue
730 4660 870 4714 termino?
1041 4677 1103 4715 cnm
1130 4661 1314 4716 subtilissimis
1340 4660 1511 4732 ingeniorum
1537 4658 1611 4713 limis
1631 4660 1692 4715 haec
1717 4678 1763 4716 res
1785 4663 1841 4716 iere

249 4734 295 4795 17.
320 4737 475 4808 inquiratur
488 4740 554 4810 qnid
572 4740 603 4793 in
623 4757 706 4795 censa
727 4739 770 4804 sit,
785 4757 833 4793 cur
847 4754 961 4808 vapores
975 4746 1004 4793 et
1041 4740 1133 4793 attrita
1143 4737 1366 4804 citetinmultas
1375 4739 1503 4793 minuties
1511 4739 1642 4793 redacta?
1656 4740 1721 4795 Nec
1731 4741 1840 4807 mirum,

207 4813 309 4870 halitus
328 4833 448 4889 eousque
469 4820 497 4873 iu
519 4819 613 4884 altum,
633 4836 665 4873 ao
683 4819 736 4874 sita
756 4826 797 4873 est
816 4819 894 4888 regio
907 4819 1003 4890 (quem
1041 4836 1103 4873 cum
1127 4819 1163 4873 sit
1182 4836 1233 4883 res,
1249 4837 1310 4891 quie
1330 4835 1392 4873 cum
1409 4817 1548 4873 intellectu
1569 4818 1692 4873 humano
1709 4837 1840 4893 magnam

206 4897 314 4965 vocant)
329 4898 419 4952 media
433 4898 512 4960 seris,
528 4899 664 4964 ferantur3
686 4915 749 4953 cum
768 4907 797 4952 et
817 4897 1003 4952 crassiuscnlae
1042 4898 1143 4952 hebeat
1156 4898 1351 4969 sympathiam.
1393 4899 1468 4952 Nam
1482 4898 1588 4951 animus
1608 4898 1749 4955 humanus
1762 4900 1839 4955 miris

206 4974 260 5027 sint
273 4977 402 5041 materie,
416 4986 444 5033 et
458 4978 528 5031 radii
542 4977 608 5031 solis
621 4994 671 5047 per
684 4979 758 5033 vices
772 4980 867 5049 (noctu
883 4977 1001 5045 scilicet)
1041 4977 1128 5032 modis
1147 4978 1183 5031 ad
1206 4978 1258 5033 hoc
1279 4977 1417 5033 contendit
1434 4987 1461 5031 et
1476 4976 1595 5041 anhelat,
1609 4985 1710 5032 utnon
1724 4980 1839 5049 pensilis

206 5056 333 5109 cessent?
1041 5058 1083 5121 sit,
1102 5057 1150 5112 sed
1171 5057 1343 5112 nanciscatur
1361 5056 1465 5127 aliquid
1484 5056 1569 5111 fixum
1584 5064 1612 5110 et
1631 5057 1781 5123 immobile,
1795 5060 1839 5113 cui

249 5132 292 5188 18.
317 5135 472 5206 Inquiratur
498 5135 532 5189 de
558 5135 693 5206 regimine
720 5144 809 5191 motus
834 5136 953 5191 flamme
973 5136 1003 5190 in
1041 5144 1172 5207 tanquam
1196 5138 1374 5201 firmamento,
1393 5138 1422 5190 in
1445 5136 1644 5190 transcursibus
1665 5146 1693 5191 et
1710 5137 1839 5209 disquisi-

207 5227 331 5279 sursum
352 5215 425 5285 quod
439 5230 472 5267 eo
485 5214 636 5268 abstmsins
657 5221 706 5280 est,
726 5214 791 5285 quia
812 5215 927 5285 singulis
945 5233 1003 5270 mo-
1040 5215 1159 5270 tionibus
1173 5217 1237 5281 suis,
1252 5216 1390 5271 innitatur.
1431 5215 1502 5269 Sane
1522 5217 1749 5286 quemadmodum
1764 5216 1838 5271 Aria·

206 5293 306 5347 mentis
323 5293 434 5348 flamma
447 5293 526 5362 perit,
540 5293 594 5348 uisi
607 5295 676 5348 sorte
688 5294 818 5349 inmedio
832 5295 1002 5350 flammarum
1041 5294 1136 5348 toteles
1150 5297 1265 5365 probare
1279 5303 1391 5350 conetur
1404 5295 1519 5349 inveniri
1538 5296 1566 5349 in
1588 5297 1663 5349 omni
1683 5303 1761 5350 motu
1780 5314 1837 5350 cor-

205 5371 356 5440 msjorum3
377 5373 479 5427 etenim
503 5373 621 5429 flemmoe
641 5374 763 5445 abrupte
785 5391 802 5428 a
825 5374 1001 5430 continuitate
1040 5389 1136 5443 porum
1152 5374 1263 5446 aliquid,
1279 5375 1351 5445 quod
1369 5374 1499 5444 quiescit;
1517 5382 1546 5428 et
1559 5375 1681 5429 iabulam
1695 5377 1837 5446 antiquam

209 5464 260 5503 sua
271 5467 370 5521 parum
383 5452 488 5507 durant
1040 5453 1074 5508 de
1086 5452 1205 5520 Atlante,
1215 5455 1263 5526 qui
1272 5456 1332 5526 ipse
1341 5463 1446 5510 erectus
1460 5452 1559 5509 coelum
1572 5454 1694 5510 humeris
1701 5455 1836 5521 susdnuit,
