3800 5875
678 287 860 343 HISTORIA
881 287 1105 343 VENTORUM.
1642 288 1695 344 531

59 442 175 499 Verum
193 443 271 501 nullo
290 444 372 500 modo
389 445 515 500 convenit
534 445 673 516 proportio
693 446 869 500 dimensionis
906 445 1056 511 obvertunt,
1082 462 1133 498 nec
1156 444 1243 499 altera
1265 445 1351 501 altera
1375 444 1535 515 impediunt,
1557 462 1645 517 neque
1668 448 1698 501 fit

57 522 194 580 velorum
209 527 245 580 ad
258 542 402 580 numerum
415 525 614 596 amphorarum,
626 542 688 579 cum
701 526 779 578 naris
793 527 869 596 quin·
906 525 1016 580 turtum.

58 611 219 673 gestarum
232 604 434 676 amphorarum,
446 612 494 659 sut
504 605 617 668 circiter,
629 612 718 674 portet
730 603 819 658 velum
833 606 868 657 ab
948 605 995 659 30.
1016 604 1108 659 Etiam
1127 604 1210 656 flante
1224 611 1304 656 vento
1327 604 1440 667 laterali,
1454 602 1516 658 vela
1535 603 1649 674 rigidius
1668 606 1697 660 iu

59 682 143 737 intra
162 684 299 755 principis
320 684 393 749 mali,
415 700 515 755 paucos
537 683 620 754 pedes
633 682 723 737 minus
739 683 866 754 undique,
906 687 1049 741 adversum
1062 682 1135 736 venti
1153 682 1349 746 extenduntur3
1371 684 1443 754 quod
1456 692 1564 736 ventum
1578 686 1696 753 compri-

60 778 154 832 quam
177 763 229 817 illa
244 762 338 828 altera,
361 781 422 834 quas
446 770 504 817 erat
522 762 637 832 duplicis
661 762 864 832 magnitudinis.
905 768 956 820 mit
968 762 1102 827 nonnihil,
1116 768 1145 814 et
1157 761 1256 815 emittit
1271 761 1301 814 in
1317 769 1495 831 campartem
1510 762 1556 816 ubi
1570 762 1634 816 tiore
1648 765 1696 817 de·

60 841 150 896 Unde
162 842 197 895 fit
209 850 240 897 ut
252 844 372 898 minores
391 859 474 896 naves
491 842 573 912 longe
587 847 716 912 prrestent
728 840 866 895 celeritate
904 846 967 901 bet:
996 842 1067 896 unde
1092 839 1219 894 nonnihil
1242 840 1406 895 fortitudinis
1429 842 1551 912 acquirit.
1592 843 1696 896 Ventus

60 921 229 991 majoribus,
243 939 300 976 non
316 928 420 976 tantum
440 929 551 991 propter
564 920 709 983 levitatem,
724 921 771 974 sed
785 920 866 974 etiam
905 932 997 1011 aufem
1009 920 1129 975 maxime
1143 919 1275 989 propitius
1284 927 1334 985 est,
1345 921 1392 990 qui
1405 921 1453 974 flat
1465 922 1495 973 in
1509 920 1612 991 quadra
1624 922 1695 975 inter

61 1008 185 1072 propter
205 1001 411 1071 amplitudinem
425 1000 554 1063 velorum,
576 999 672 1054 habito
692 1006 818 1069 respectu
831 1000 867 1053 ad
904 1012 1008 1058 rectum
1021 1008 1050 1055 et
1062 998 1210 1054 lateralem.

62 1097 170 1149 eorpus
181 1081 275 1135 navis:
296 1097 360 1134 nam
369 1079 571 1149 proportionem
584 1077 660 1132 illam
671 1079 827 1133 continuare
837 1080 865 1132 in
944 1083 993 1136 31.
1015 1079 1115 1134 Velum
1127 1078 1162 1131 ab
1176 1078 1248 1131 intra
1261 1076 1326 1131 mali
1346 1077 1426 1131 rostri
1440 1079 1488 1131 vix
1502 1093 1619 1149 unquam
1633 1096 1695 1149 pos·

61 1160 186 1215 naribus
200 1159 350 1228 majoribus
363 1159 444 1212 nimis
454 1166 533 1212 vasta
544 1174 588 1212 res
602 1166 674 1212 esset
687 1166 714 1212 et
726 1156 863 1212 inhabilia
903 1168 946 1217 set
960 1177 1019 1217 esse
1039 1158 1143 1223 inutile,
1157 1173 1246 1226 neque
1260 1156 1333 1210 enim
1350 1157 1452 1227 patitur
1464 1157 1571 1221 turtum,
1586 1159 1694 1228 quando

105 1238 158 1293 21.
180 1238 253 1293 Cum
275 1239 384 1309 singula
403 1237 464 1291 vela
485 1254 536 1307 per
553 1254 659 1292 summa
677 1238 864 1301 extendantur,
903 1241 1017 1313 colligat
1034 1246 1152 1300 ventum,
1175 1236 1223 1306 qui
1246 1236 1294 1288 flat
1317 1235 1497 1306 undequaque
1515 1237 1588 1290 circa
1606 1238 1693 1292 latera

62 1333 117 1386 per
131 1318 193 1372 ima
212 1318 331 1388 ligentur
344 1324 448 1372 tantum
463 1316 498 1369 ad
516 1317 645 1387 angulos;
666 1324 761 1371 ventus
774 1333 865 1371 neces·
903 1322 980 1375 navis
995 1326 1023 1374 et
1035 1317 1129 1372 subter
1142 1315 1203 1370 vela
1215 1325 1319 1368 caetera.

61 1396 143 1450 sario
162 1396 231 1450 iacit
248 1396 311 1450 vela
329 1397 514 1462 intumescere,
529 1395 680 1466 praesertim
692 1412 786 1450 versus
800 1396 863 1461 ima,
943 1400 993 1454 32.
1016 1398 1158 1468 Spectatur
1171 1395 1201 1448 in
1213 1404 1287 1448 motu
1301 1402 1443 1448 ventorum
1456 1395 1484 1447 in
1505 1393 1620 1448 navibus
1634 1403 1692 1449 tum

61 1474 113 1527 ubi
132 1476 324 1530 suntlaxiora.
902 1479 1031 1549 impulsio
1043 1485 1100 1530 tum
1113 1474 1233 1529 directio.
1274 1473 1311 1526 At
1324 1473 1437 1527 directio
1456 1472 1511 1535 illa,
1526 1490 1586 1543 quaa
1598 1474 1629 1526 fit
1643 1491 1692 1543 per

106 1553 157 1607 22.
181 1554 277 1625 Longe
292 1560 383 1609 autem
390 1554 477 1623 major
490 1559 531 1607 est
544 1560 632 1608 tumor
644 1553 698 1607 veli
712 1553 740 1606 in
751 1554 819 1608 velis
829 1554 864 1607 ab
902 1557 1016 1622 clavum,
1029 1572 1085 1609 non
1098 1554 1214 1609 muitum
1231 1553 1347 1621 pertinet
1359 1553 1394 1606 ad
1406 1552 1607 1622 inquisitionem
1622 1568 1691 1622 prm·

61 1632 150 1695 iufra,
166 1650 249 1703 quam
269 1633 438 1695 incaeteris,
460 1633 598 1704 quianon
615 1632 704 1687 solum
723 1632 864 1703 parallelo
902 1645 1016 1701 sentem,
1027 1635 1081 1689 nisi
1091 1641 1221 1703 quatenus
1229 1631 1330 1686 habeat
1338 1632 1533 1685 connexionem
1543 1648 1605 1685 cum
1615 1640 1691 1685 motu

62 1728 197 1781 gramma
210 1721 282 1777 sunt,
296 1719 394 1767 caetera
406 1711 576 1774 acuminata3
597 1729 691 1765 verum
704 1711 786 1766 etiam
800 1714 864 1783 quia
901 1724 1044 1771 ventorum
1057 1715 1087 1767 in
1100 1711 1176 1765 velis.

62 1790 189 1844 latitudo
202 1799 328 1846 antenna
349 1797 422 1845 tanto
436 1790 545 1845 excedit
563 1790 732 1844 latitudinem
749 1790 864 1845 laterum
941 1796 981 1849 Ut
993 1801 1082 1848 motus
1103 1790 1274 1860 impulsionis
1294 1790 1322 1842 in
1340 1790 1433 1859 vigore
1451 1796 1494 1842 est

60 1869 155 1934 navis,
171 1870 208 1923 ad
224 1888 286 1941 quae
298 1869 459 1941 alligantur:
479 1870 550 1923 unde
567 1886 678 1924 necesse
693 1876 741 1933 est,
755 1878 863 1940 propter
902 1875 930 1928 in
941 1891 1029 1945 prora,
1041 1872 1174 1926 itamotoe
1188 1869 1342 1923 directionis
1352 1869 1381 1921 in
1395 1868 1493 1938 puppi3

60 1948 224 2013 laxitatem,
246 1966 376 2021 magnum
396 1948 455 2003 dari
478 1956 616 2017 receptum
628 1951 731 2013 ventis;
753 1949 822 2003 adeo
835 1959 864 2004 ut
901 1954 994 2024 itaque
1007 1954 1043 2007 ad
1055 1968 1117 2005 eum
1129 1950 1219 2004 velum
1234 1949 1269 2001 ab
1282 1948 1354 2002 inira
1366 1948 1431 2001 mali
1446 1947 1545 2017 puppis
1558 1952 1601 2001 est
1613 1964 1690 2002 max·

1543 1831 1663 1874 connexim

61 2030 93 2082 in
106 2027 161 2082 111⁸
178 2045 289 2099 mgna
304 2046 386 2100 qum
399 2027 519 2098 exempli
536 2027 597 2081 ¹⁰⁰0
615 2028 787 2098 tumpflimut,
800 2030 863 2083 novi
901 2033 950 2087 imi
974 2030 1111 2093 momenti,
1131 2037 1159 2082 et
1181 2028 1261 2098 quasi
1283 2026 1390 2097 copiam
1404 2026 1509 2096 praebet
1529 2025 1689 2081 auxiliarem

61 2118 159 2162 tonsor
171 2108 203 2162 in
214 2116 297 2163 vento
315 2116 392 2162 recto
411 2107 498 2178 posrn't
508 2122 569 2162 esse
583 2108 618 2161 ad
631 2105 649 2160 9
664 2114 713 2162 aut
732 2107 768 2160 10
781 2109 864 2179 pedes
901 2112 988 2167 clavo.

61 2186 227 2241 introrsum.
941 2191 989 2245 33.
1011 2190 1082 2244 Cum
1093 2189 1175 2259 pyxis
1188 2186 1297 2240 nautica
1310 2186 1339 2238 in
1352 2183 1448 2255 plagas
1459 2184 1497 2238 32
1507 2184 1689 2248 distribuatur,

103 2266 155 2320 23.
179 2267 227 2320 Fit
240 2266 324 2322 etiam
337 2266 372 2321 ob
385 2265 498 2319 eandem
517 2281 635 2329 causam,
650 2265 722 2335 quod
735 2265 797 2319 vela
810 2282 864 2320 om·
902 2271 1011 2325 adeunt
1025 2265 1186 2323 semicirculi
1204 2267 1263 2333 ejus
1280 2265 1335 2318 sint
1353 2264 1443 2334 plagae
1462 2264 1588 2329 sedecim,
1602 2271 1690 2333 potest

60 2344 121 2408 nia,
133 2354 242 2400 avento
252 2345 451 2410 mmeiactmad
461 2344 545 2399 imum
553 2344 684 2415 colligant
693 2361 722 2399 se
734 2345 763 2398 in
776 2362 862 2412 arcus,
901 2351 961 2403 fieri
973 2349 1111 2419 navigatio
1124 2346 1304 2417 progressiva,
1315 2340 1386 2417 (non
1402 2342 1539 2413 angulata,
1554 2360 1615 2413 quee
1629 2343 1689 2397 fieri

61 2424 137 2478 adeo
150 2433 182 2478 ot
196 2425 310 2478 muitum
317 2425 390 2479 venti
404 2423 559 2494 praeterlabi
573 2440 683 2479 necesse
697 2424 747 2487 sit;
768 2425 796 2477 in
807 2430 864 2478 tan-
901 2428 972 2483 aolet
984 2429 1014 2483 in
1027 2428 1114 2481 ventis
1134 2425 1215 2495 plane
1228 2416 1395 2493 contrariis)
1409 2423 1515 2476 etiamsi
1530 2440 1566 2476 ex
1579 2422 1635 2476 illis
1648 2439 1690 2476 se-

63 2510 125 2557 turn
139 2512 171 2557 ut
185 2504 215 2557 in
227 2503 284 2568 illa,
299 2521 379 2575 qoam
394 2504 520 2568 diximus,
530 2503 595 2558 navi
609 2518 688 2558 arcus
701 2502 748 2557 ille
763 2504 798 2557 ad
810 2511 864 2558 sta·
901 2508 989 2562 decim
1002 2506 1223 2577 partibusdecem
1234 2501 1335 2556 suerint
1348 2501 1475 2565 adversae,
1486 2510 1514 2555 et
1522 2518 1572 2555 sex
1584 2508 1689 2555 tantum

61 2590 157 2636 turum
172 2581 294 2638 hominio
307 2584 425 2636 accedat.
900 2587 1077 2650 favorabiles,
1097 2591 1130 2638 m
1139 2601 1172 2638 ea
1184 2581 1323 2652 navigatio
1336 2581 1450 2635 multum
1462 2581 1562 2650 pendet
1574 2597 1611 2634 ex
1624 2579 1688 2634 velo

104 2661 155 2715 24.
180 2658 219 2716 At
231 2663 261 2715 in
274 2661 336 2717 velo
349 2662 449 2733 puppis
459 2661 508 2716 illo
517 2661 684 2733 tnsngrrlari,
697 2679 809 2717 necesse
821 2670 863 2717 est
900 2667 1021 2720 abiatra
1038 2663 1103 2718 mali
1117 2663 1233 2733 puppis:
1254 2677 1316 2714 cum
1331 2660 1405 2713 enim
1424 2661 1498 2713 venti
1519 2666 1610 2728 partes
1623 2675 1688 2713 con·

63 2749 93 2793 nt
114 2741 210 2796 minor
230 2743 267 2796 sit
284 2749 381 2807 tumor,
402 2758 485 2812 quam
504 2742 534 2795 in
555 2740 783 2812 quadrangulam
804 2748 862 2797 tum
900 2746 991 2799 manas
1010 2744 1108 2807 itineri,
1123 2743 1187 2812 quia
1210 2748 1272 2796 sunt
1295 2746 1476 2809 praepotentes
1489 2745 1516 2792 st
1533 2738 1609 2792 clavo
1630 2738 1688 2792 solo

63 2828 184 2890 propter
201 2820 316 2891 liguram
335 2821 425 2875 minus
438 2836 574 2891 capacem,
589 2829 646 2875 tum
667 2822 733 2891 quia
751 2822 780 2874 in
795 2838 862 2891 qua·
900 2825 959 2895 regi
977 2841 1032 2878 non
1051 2830 1169 2893 possunt,
1184 2819 1240 2873 alia
1260 2818 1322 2873 vela
1342 2819 1493 2872 obversurae
1516 2815 1612 2881 forent,
1631 2834 1688 2871 una

63 2899 227 2971 drangulari
242 2900 295 2954 tria
313 2899 399 2956 latera
420 2899 485 2956 laxa
502 2906 571 2965 sunt,
586 2900 615 2954 in
628 2899 789 2972 triangulari
809 2901 863 2956 duo
900 2921 962 2959 curn
975 2904 1038 2958 navi
1051 2904 1120 2973 ipsa,
1140 2901 1169 2955 in
1183 2905 1288 2970 partem
1301 2897 1463 2952 contrariam
1475 2896 1599 2960 itineris3
1620 2895 1687 2951 illud

64 2987 192 3044 tantum
212 2980 284 3034 unde
294 2982 414 3051 sequitur
428 2980 603 3052 quodvenors
612 2980 764 3051 excipiatur
773 2982 861 3053 magis
900 2984 991 3038 velum
1011 2982 1096 3053 rigide
1111 2988 1260 3043 extensum,
1274 2995 1310 3032 ex
1323 2977 1447 3046 opposito
1459 2976 1555 3030 isvens
1568 2975 1646 3030 clavo
1659 2987 1688 3030 et

64 3058 166 3129 rigide·
900 3065 960 3132 ejus
980 3069 1082 3117 motum
1109 3059 1263 3122 fortificans,
1288 3058 1369 3111 vertit
1385 3065 1413 3110 et
1434 3057 1513 3126 quasi
1531 3055 1687 3110 circumfert

105 3138 155 3193 25.
177 3135 273 3192 Motus
285 3148 426 3193 ventorum
442 3140 472 3193 in
489 3138 564 3202 velis,
579 3155 634 3210 quo
650 3139 739 3210 magis
751 3140 862 3194 accedat
899 3159 1008 3214 proram
1020 3143 1050 3195 in
1065 3140 1138 3195 viam
1151 3138 1267 3192 itineris.

65 3218 101 3270 ad
121 3225 242 3271 rostrum
263 3218 349 3282 navis,
373 3225 414 3272 eat
433 3218 536 3284 fortior,
557 3225 585 3272 et
604 3226 745 3288 promovet
764 3219 860 3289 magis,
938 3222 985 3276 34.
1006 3220 1102 3276 Omnis
1122 3225 1218 3273 ventus
1237 3218 1266 3271 in
1280 3216 1347 3270 velis
1367 3213 1492 3269 nonnihil
1513 3221 1645 3284 aggravat
1658 3222 1687 3267 et

63 3303 124 3350 turn
132 3296 200 3367 quia
211 3297 242 3350 dt
256 3297 285 3349 in
293 3298 352 3351 loco
366 3298 412 3351 ubi
426 3298 512 3363 undae,
521 3304 631 3368 propter
640 3313 751 3352 acumen
765 3314 860 3367 prorae,
898 3301 1025 3370 deprimit
1037 3315 1150 3364 navem,
1171 3304 1298 3367 tantoque
1312 3295 1399 3365 magis
1412 3311 1466 3364 quo
1479 3293 1586 3348 flaverit
1598 3294 1688 3367 magia

64 3374 199 3430 facillime
213 3383 354 3440 seccnurrr
375 3382 433 3430 tum
443 3378 562 3432 maxime
577 3377 737 3448 quiemotus
751 3393 766 3429 a
781 3393 861 3446 prora
897 3381 1021 3451 desuper.
1058 3376 1153 3449 ltaque
1167 3375 1370 3446 tempestatibus
1380 3374 1528 3442 majoribus
1540 3372 1630 3446 primo
1643 3375 1688 3429 de·

64 3454 151 3509 trabit
165 3469 274 3520 navem,
288 3464 376 3509 motus
390 3471 407 3507 a
419 3457 504 3526 puppi
516 3456 605 3510 trudit.
897 3459 1009 3515 volvunt
1020 3465 1152 3513 antennas
1165 3464 1193 3510 et
1205 3456 1330 3510 anienmt
1343 3453 1402 3507 vela
1417 3453 1567 3524 superiora,
1581 3454 1686 3519 deinde,

104 3532 154 3587 211.
176 3532 271 3588 Motus
283 3541 424 3589 ventorum
436 3534 466 3588 in
475 3535 543 3589 velis
556 3535 724 3605 superiorum
737 3534 860 3588 ordinum
897 3540 921 3593 ri
933 3555 1001 3608 opus
1014 3537 1102 3600 luerit,
1117 3535 1226 3600 omnia,
1247 3535 1330 3588 etiam
1350 3532 1437 3588 mama
1456 3534 1532 3606 ipsos
1546 3534 1686 3598 incidunt,

64 3619 210 3681 promovet
231 3614 328 3684 magis,
352 3629 433 3683 quam
453 3614 483 3668 in
498 3614 566 3668 velis
586 3613 688 3668 ordinis
708 3612 858 3680 interioria3
897 3618 963 3689 quin
977 3616 1256 3687 etprojiciuntoucra
1269 3612 1406 3677 mercium,
1420 3620 1621 3676 tormentorum,
1635 3620 1686 3667 etc.

64 3691 131 3761 quia
149 3698 242 3745 motus
255 3692 388 3747 violentus
406 3693 526 3747 maxime
541 3693 639 3747 efficax
652 3701 694 3746 est
712 3693 759 3746 ubi
777 3692 860 3762 pluri·
898 3697 1053 3751 utallevent
1060 3712 1159 3750 navem
1169 3694 1204 3748 ad
1216 3693 1452 3765 supernatandum,
1463 3704 1490 3748 et
1502 3692 1687 3764 prestandum

65 3785 142 3822 mum
155 3779 311 3825 removetur
324 3771 515 3836 aresistentia;
535 3772 600 3826 utin
614 3771 741 3832 vectibus,
752 3778 780 3825 et
792 3772 858 3828 velis
897 3776 1027 3848 obsequio
1040 3774 1130 3829 undis.
1151 3773 1153 3776 ’

63 3848 291 3904 molendinorum
332 3851 387 3905 Sed
403 3851 554 3920 periculum
568 3857 610 3905 est
623 3851 800 3905 demersionis
814 3860 860 3906 aut
936 3856 983 3911 35.
1004 3855 1096 3910 Potest
1109 3853 1168 3908 fieri
1180 3868 1231 3922 per
1242 3856 1346 3906 motum
1354 3851 1435 3906 istum
1448 3857 1587 3904 ventorum
1600 3851 1630 3903 iu
1643 3867 1687 3904 ve·

65 3927 217 3981 eversionis
236 3929 327 3992 navim
348 3930 441 4000 itaque
462 3937 490 3983 et
507 3931 659 3985 acuminata
678 3937 740 3984 sunt
753 3928 810 3994 illa,
823 3947 858 3985 ne
896 3932 930 3988 lia
951 3934 1060 3988 navium
1082 3932 1119 4002 (si
1142 3939 1238 3986 ventus
1261 3932 1343 3985 luerit
1368 3929 1466 3984 alacris
1490 3937 1517 3982 et
1541 3927 1687 4002 secundus)

65 4016 162 4060 sentos
176 4006 276 4060 nimios
286 4008 432 4077 excipiant,
441 4017 469 4063 et
479 4009 509 4062 in
517 4026 567 4063 usu
581 4008 717 4079 praecipue
730 4025 792 4063 cum
805 4010 858 4079 spi·
896 3999 1056 4083 progreslus
1069 4013 1098 4066 in
1109 4010 1205 4065 itinere
1220 4009 1275 4064 120
1282 4008 1439 4063 milliarium
1450 4008 1605 4063 italicorum
1615 4009 1688 4062 intra

65 4092 128 4138 rent
140 4085 216 4138 venti
230 4085 355 4141 leniores.
896 4092 1014 4162 spatium
1035 4092 1074 4145 24
1094 4091 1239 4154 horarum
1268 4089 1351 4159 idque
1373 4089 1402 4141 in
1422 4087 1485 4141 navi
1509 4088 1685 4152 mercatoria3

105 4162 154 4225 27.
176 4163 248 4219 Cum
266 4164 327 4219 vela
342 4165 508 4221 collocentur
530 4166 559 4219 in
578 4174 653 4221 recta
671 4165 752 4230 linea,
773 4166 859 4221 altera
896 4178 960 4226 sunt
972 4172 1045 4225 enim
1058 4187 1142 4223 naves
1162 4170 1286 4239 quiedam
1306 4168 1419 4231 nunciae,
1435 4183 1496 4237 quea
1517 4168 1552 4220 ad
1568 4168 1687 4222 officium

65 4252 128 4313 poet
141 4243 236 4309 altera,
250 4260 360 4299 neceam
372 4252 414 4300 est
427 4253 459 4299 ut
472 4261 532 4315 quoe
546 4246 680 4315 posteriue
693 4245 858 4302 constituan-
895 4250 1042 4304 celeritatis
1056 4249 1180 4320 apposite
1202 4254 1329 4302 extructae
1352 4254 1414 4299 suot
1435 4249 1517 4316 (quas
1536 4248 1686 4300 cumaeum

66 4331 117 4386 tur,
140 4322 306 4378 nudarentur
318 4333 428 4378 ventum
441 4341 459 4377 a
471 4323 613 4394 prioribus,
627 4341 689 4380 cum
703 4329 797 4378 ventus
811 4325 858 4379 tiet
895 4332 1004 4396 vocant)
1019 4345 1080 4400 quar
1100 4328 1182 4382 etiam
1200 4327 1305 4394 majora
1323 4325 1412 4394 spatia
1433 4326 1541 4379 vincere
1563 4334 1684 4394 possum.

66 4410 158 4456 reeta:
180 4403 271 4473 itaque
285 4403 309 4458 si
320 4405 411 4456 omnia
432 4402 515 4457 simul
532 4403 633 4458 fuerint
652 4411 748 4466 erecta,
768 4411 857 4458 tameo
896 4406 933 4461 At
946 4425 1009 4462 cum
1021 4407 1095 4460 venti
1110 4405 1191 4476 plane
1212 4404 1341 4459 contrarii
1363 4404 1425 4466 sint,
1439 4404 1560 4458 remedio
1580 4406 1615 4459 ad
1634 4405 1687 4458 iter

65 4480 106 4535 vis
116 4481 193 4535 venti
207 4479 265 4535 iere
280 4489 383 4537 tantum
395 4482 485 4536 locum
495 4481 579 4536 habet
588 4483 618 4537 in
629 4482 696 4538 velis
707 4482 772 4536 maii
785 4482 857 4552 prin·
895 4486 1107 4555 promovendum
1117 4491 1227 4540 utuntur
1235 4483 1288 4538 hoc
1299 4482 1395 4537 ultimo
1408 4489 1436 4536 et
1448 4482 1564 4551 pusillo:
1585 4492 1615 4537 nt
1627 4500 1687 4553 pro-

65 4559 142 4629 eipia,
153 4576 216 4613 cum
230 4578 315 4629 parvo
327 4560 430 4616 auxilio
439 4560 493 4616 veli
507 4561 542 4615 ab
554 4561 627 4615 inira
640 4563 669 4615 in
682 4562 755 4616 malo
768 4562 856 4616 rostri.
895 4565 993 4619 cedant
1005 4564 1158 4627 lateraliter,
1169 4571 1249 4633 prout
1262 4572 1359 4616 ventus
1372 4562 1514 4632 permittit,
1529 4569 1607 4618 extra
1614 4563 1686 4616 viam

105 4639 152 4693 28.
175 4638 347 4694 Felicissime
360 4647 389 4694 et
401 4640 620 4695 commodissima
633 4640 773 4710 dispositio
786 4639 857 4694 velo-
895 4644 1007 4707 itineris,
1016 4643 1113 4698 deinde
1121 4644 1232 4696 flectant
1242 4658 1270 4695 se
1278 4658 1372 4695 versus
1382 4641 1440 4704 iter,
1449 4647 1531 4712 atque
1542 4640 1687 4712 angulares

65 4733 125 4770 rom
138 4718 170 4772 iu
182 4727 264 4772 vento
276 4729 351 4773 recto
363 4735 397 4774 ea
410 4728 458 4782 eat,
469 4727 500 4773 ut
511 4718 572 4774 vela
584 4719 637 4773 duo
649 4719 779 4773 interiora
790 4719 857 4774 meli
894 4723 961 4778 istos
974 4738 1133 4793 progressus
1145 4727 1286 4790 repetant;
1301 4737 1336 4774 ex
1351 4737 1405 4790 quo
1418 4737 1518 4790 genere
1528 4736 1687 4790 progressus

66 4812 155 4866 prore
168 4798 324 4868 erigantur3
346 4798 384 4852 ibi
398 4798 522 4869 enim(ut
535 4797 637 4852 dictum
650 4799 704 4868 est)
718 4805 806 4851 motus
814 4804 857 4852 est
896 4803 983 4873 (quod
996 4810 1038 4857 est
1050 4802 1139 4855 minus
1153 4817 1234 4871 quam
1248 4800 1337 4869 ipsum
1348 4816 1464 4869 serpere,
1474 4816 1539 4854 nam
1548 4805 1686 4868 serpentes

66 4875 186 4929 mamare
199 4876 314 4932 efficax:
335 4877 456 4949 erigatur
467 4877 552 4932 etiam
565 4876 655 4931 velum
670 4892 782 4946 asupra
791 4876 857 4931 mali
895 4881 1010 4944 sinuum,
1023 4886 1053 4934 at
1069 4878 1110 4934 illi
1125 4878 1239 4950 angulos
1252 4878 1367 4946 iaciunt)
1381 4878 1501 4947 poterint
1514 4878 1628 4933 fortasse
1646 4877 1686 4930 in·

66 4952 216 5024 primipis:
237 4955 399 5028 relinquitur
417 4955 491 5010 enim
506 4956 625 5027 spatium
639 4962 742 5009 tantum
756 4956 856 5022 subter,
895 4967 937 5016 tra
950 4960 989 5013 24
1003 4959 1085 5014 horas
1098 4958 1207 5012 vincere
1221 4958 1349 5013 milliaria
1362 4957 1525 5028 quindecim

67 5038 97 5085 nt
109 5040 205 5088 renum
217 5036 341 5090 sufficere
360 5035 447 5105 possit
459 5033 527 5089 velis
544 5034 681 5105 predictis
693 5051 780 5105 prora
793 5034 856 5089 aba·

67 5127 120 5181 que
130 5112 308 5169 mffurationg
321 5112 443 5168 mbili,
1095 5096 1329 5137 oasattvsrtotttts
1351 5097 1485 5136 MAIORES.

105 5189 153 5245 29.
175 5191 290 5262 Propter
309 5194 394 5258 illam,
413 5208 495 5263 qnam
512 5191 639 5257 dirim
652 5192 857 5248 suffocationem
938 5191 962 5246 l.
983 5191 1077 5245 Motus
1088 5191 1139 5245 iste
1153 5198 1292 5246 ventorum
1303 5193 1332 5245 in
1342 5190 1409 5245 velis
1419 5190 1529 5244 navium
1541 5188 1626 5243 habet
1637 5187 1687 5242 im·

68 5276 216 5335 ventorum,
230 5272 344 5328 celerior
362 5280 404 5326 eat
416 5272 555 5343 navigatio
567 5289 629 5326 eum
643 5280 723 5326 vento
741 5270 856 5336 laterali,
896 5270 1027 5341 pulsionis
1040 5287 1096 5324 sure
1117 5271 1170 5325 tria
1187 5272 1326 5341 praecipua
1345 5269 1436 5339 capita
1457 5274 1487 5322 et
1505 5268 1600 5332 tontes,
1614 5267 1686 5321 unde

69 5363 224 5417 manarum
239 5359 323 5406 recto.
363 5349 485 5406 Laterali
499 5352 572 5405 enim
586 5352 677 5415 flante,
692 5352 783 5405 omnia
796 5349 858 5405 vela
896 5351 971 5413 fluit,
993 5349 1064 5404 unde
1078 5349 1161 5404 etiam
1174 5357 1310 5420 praecepta
1324 5348 1392 5404 sumi
1407 5346 1511 5417 possint
1519 5347 1555 5401 ad
1567 5362 1630 5403 eum
1641 5363 1687 5401 au·

68 5425 97 5479 in
116 5443 197 5498 opere
221 5430 285 5500 poni
309 5436 438 5562 posmtptr
467 5429 531 5560 qt2ria
553 5428 641 5485 latera
664 5430 717 5484 sibi
740 5431 857 5485 invicem
895 5430 1014 5500 gendum
1024 5437 1052 5483 et
1065 5427 1274 5483 fortificandum.

441 5524 464 5561 rr
