3800 5875
609 325 791 382 HISTORIA
813 324 910 380 VITAE
931 323 980 379 ΕΤ
1000 323 1154 379 Moeris.

56 485 172 550 ἴωπες
196 484 256 539 seni
275 489 400 539 antemts
418 486 526 556 potiora
537 484 656 540 haberer
667 483 762 552 juveni
776 500 857 554 eups-

57 564 149 619 riores
169 563 306 629 revemrie
327 564 387 619 aeni
406 580 522 619 censura
534 565 563 618 in
583 564 646 619 illos
659 563 717 618 uti:
740 571 768 618 et
783 579 857 617 com·

57 642 142 714 plura
154 643 219 708 alia,
234 659 296 713 qnos
309 643 444 698 admones
458 645 548 714 potius
560 644 707 713 pertinent,
726 658 809 713 quam
822 641 858 695 ad
933 635 1059 708 Spiritus
1082 638 1194 690 emireus
1221 635 1360 692 desiccat:
1388 634 1511 687 detestas
1533 642 1558 686 et
1583 635 1691 691 moliens

58 723 269 795 inquisitionem
282 730 451 792 presentem.
481 722 617 788 Attamen,
632 721 858 793 quemadmodum
895 718 979 782 intas,
994 726 1042 770 aut
1056 717 1193 787 colligarat,
1209 723 1257 768 out
1267 713 1431 788 putrefacit,
1446 721 1495 766 out
1509 713 1637 783 oior’fimt.

59 801 90 855 iu
103 802 276 873 corpore,ita
288 801 318 856 in
326 802 424 868 animo,
433 802 463 855 in
475 802 607 856 nonnulla
620 801 762 872 proficiunt
770 817 856 864 senes,

59 882 114 936 nisi
135 881 239 937 inerint
262 881 407 937 mnodum
426 881 549 946 emeriti;
571 897 677 952 nempe,
690 888 722 935 ut
741 897 804 934 cum
823 879 858 933 ad
1354 946 1360 957 .

60 961 274 1033 excogitandum
293 960 385 1015 minu,
409 960 466 1015 „int
490 960 617 1032 prompti,
642 959 746 1028 judicio
767 967 857 1014 tamen
934 948 1054 1009 Quatoor
1067 956 1130 1003 sunt
1142 963 1285 1019 processus
1295 946 1419 1016 spintus3
1434 947 1469 1001 ad
1483 944 1689 1013 arefactionem

60 1040 186 1106 sumt,
214 1047 243 1095 es
269 1040 369 1095 mum
396 1048 424 1095 et
445 1040 562 1105 mim
583 1054 664 1109 quam
692 1038 858 1109 speciosiora
895 1026 1178 1099 adcolliquatiouem
1193 1025 1479 1096 adputreiactionem
1494 1025 1690 1096 adgeneratio·

61 1120 174 1186 mmor,
196 1120 279 1174 susm
292 1118 321 1173 ia
340 1118 528 1191 garrulitatem
544 1118 688 1189 proficiunt
701 1125 729 1171 er
742 1125 858 1172 ostana
894 1123 959 1160 nem
978 1123 1131 1178 corporum·
1173 1104 1311 1160 Antaeus
1327 1120 1382 1159 non
1402 1111 1443 1159 cst
1461 1121 1529 1176 opu·
1549 1105 1690 1175 proprium

61 1199 180 1265 tianensi
202 1200 319 1254 fructum
338 1199 413 1253 enim
424 1199 558 1254 sermonis
577 1204 680 1268 petunt,
694 1214 757 1252 cum
777 1196 857 1253 rebus
895 1186 1014 1255 ⁸l³ifii¹1⁸2
1042 1186 1090 1240 8θᾶ
1116 1184 1232 1256 partium
1264 1184 1435 1247 0¹⁸⁸⁸i01¹1m2
1463 1190 1527 1253 P⁰⁸i
1558 1184 1689 1239 ‘Ulmum

61 1280 153 1334 nimae
165 1279 391 1343 valeantmnun
404 1277 680 1334 absurde‘iithonum
693 1277 722 1330 iu
736 1277 856 1331 cicadam
895 1265 1036 1334 ⁸Pirii¹¹¹¹¹²
1058 1272 1116 1319 ium
1130 1265 1204 1318 essim
1217 1263 1273 1318 5¹¹ae
1286 1280 1315 1317 ὅθ
1334 1262 1505 1328 0⁰¹¹i¹³h¹¹⁰is
1519 1263 1619 1333 Pflfim
1639 1281 1689 1334 lm

62 1375 172 1415 „mm
184 1358 270 1415 guig„
283 1360 373 1430 9031„
381 1357 494 1430 fingunt,
895 1343 990 1415 fugam
1008 1344 1095 1408 vacui,
1114 1343 1215 1414 partim
1228 1359 1279 1414 per
1293 1342 1420 1396 unionem
1439 1340 1688 1414 homogeneorum:

896 1431 926 1476 ut
938 1422 1026 1495 liquet
1045 1423 1074 1476 in
1089 1422 1222 1485 omnibus,
1237 1438 1299 1492 qua
1315 1421 1431 1475 arefiunt
1447 1437 1497 1491 per
1517 1429 1640 1488 atatem
1661 1431 1689 1478 et

895 1501 924 1555 in
935 1502 1093 1557 siccioribus
1106 1500 1270 1572 corporibus,
1280 1517 1340 1569 quae
1349 1500 1519 1555 desiccantur
1528 1518 1579 1572 per
1586 1501 1691 1572 ignem,

283 1595 462 1652 emmens
481 1593 649 1650 Mofflms
896 1587 926 1634 ut
946 1581 1084 1647 lateribus,
1105 1580 1273 1644 carbonibus,
1295 1579 1420 1651 panibus.
1461 1578 1627 1652 colliqustio
1648 1592 1689 1637 est

895 1677 999 1716 merum
1014 1676 1082 1731 opus
1095 1660 1252 1731 spirituum
1266 1675 1355 1731 neque
1366 1658 1460 1714 tiamsi
1471 1659 1688 1715 caloreexciten·

142 1737 183 1777 Μ
203 1737 368 1779 ⁰⁰¹ffl⁰¹⁴ss
388 1737 470 1787 VM·
492 1735 526 1775 Π
548 1735 644 1774 '⁰¹²¹st
665 1734 779 1774 mm
896 1747 957 1805 tur;
978 1741 1128 1794 tamenim
1150 1740 1261 1810 spiritus
1279 1755 1309 1793 ae
1327 1737 1480 1803 dilatantes,
1494 1755 1582 1809 neque
1597 1746 1689 1796 tamen

896 1828 1036 1883 exeuntes,
1060 1836 1090 1873 ae
1111 1819 1252 1873 insinuant
1271 1826 1301 1872 et
1322 1817 1488 1888 perfundunt
1504 1818 1577 1873 inter
1597 1826 1688 1887 partes

394 1895 488 1936 ΟΜΝ
510 1896 531 1934 ¹·
896 1899 1059 1961 crassiorese
1080 1914 1180 1970 easque
1198 1898 1273 1968 ipsas
1286 1897 1401 1951 reddum
1420 1896 1516 1952 molles
1529 1904 1557 1951 et
1576 1897 1686 1964 fusilem

102 1989 169 2045 Nm
178 1994 220 2063 su
238 1992 411 2064 mummio,
425 1992 484 2046 „535
499 1989 570 2061 quod
589 1989 758 2060 depuduit„
774 1989 812 2042 m
826 1988 858 2041 aa
895 1986 926 2032 ut
939 1979 969 2032 in
983 1977 1100 2032 metallis
1113 1986 1142 2032 et
1154 1993 1232 2032 cerae
1253 1977 1352 2031 etenim
1365 1976 1485 2041 metalla,
1499 1984 1527 2031 et
1546 1976 1602 2030 alia
1615 1984 1688 2032 tena-

63 2090 180 2145 corpm,
195 2072 369 2144 trmssaaigret
383 2072 413 2124 ia
427 2086 524 2142 corpas
537 2069 622 2123 aliod.
896 2057 947 2123 cia,
962 2064 1028 2128 apta
1041 2056 1151 2112 suntad
1164 2055 1346 2111 cohibendum
1359 2056 1491 2124 spiritum,
1505 2072 1540 2110 ne
1556 2056 1689 2112 excitatus

896 2136 997 2192 evolet.
1034 2136 1200 2192 Putreiactio
1226 2142 1269 2190 est
1295 2152 1363 2206 opus
1383 2136 1499 2190 mixtum
1521 2135 1634 2206 spiritus
1660 2145 1689 2191 et

374 2210 549 2251 mmmm·
896 2217 1016 2287 partium
1029 2216 1208 2271 crassiorum:
1231 2215 1332 2270 etenim
1351 2214 1448 2285 spiritu
1462 2215 1522 2287 (qui
1536 2223 1628 2285 partes
1648 2217 1689 2270 rei

101 2305 206 2362 Nullos
215 2311 257 2361 est
266 2322 356 2361 rerum
365 2305 508 2360 interimas
522 2303 614 2375 itaque
623 2302 695 2374 quod
703 2300 858 2365 absumitur,
896 2295 1052 2351 continebat
1066 2303 1096 2352 et
1113 2294 1256 2365 fraenabat)
1275 2294 1375 2364 partim
1392 2295 1501 2358 emisso,
1515 2295 1615 2364 partim
1633 2294 1690 2349 lan·

63 2394 110 2441 aut
123 2385 216 2442 evolat
228 2386 258 2439 iu
275 2384 374 2449 airem,
393 2391 440 2439 aut
453 2383 582 2454 recipitur
594 2382 624 2437 in
638 2399 735 2452 corpus
748 2380 860 2453 aliquod
896 2382 1052 2446 guasceme
1066 2375 1159 2431 omnia
1172 2374 1313 2429 solvuntur
1326 2381 1354 2427 et
1373 2373 1488 2429 redeunt
1501 2374 1530 2428 in
1549 2373 1690 2446 heteroge-

63 2466 210 2534 adjscens:
228 2481 312 2537 qnare
326 2463 449 2519 videmus
462 2479 598 2527 araneam,
613 2469 660 2517 aut
671 2476 800 2525 muscam,
814 2466 861 2515 aut
896 2470 964 2509 neas
974 2471 1046 2521 suas,
1059 2455 1116 2510 sive
1132 2454 1169 2524 (si
1182 2451 1284 2525 placet)
1298 2451 1433 2507 elementa
1445 2470 1509 2518 sua;
1526 2454 1597 2525 quod
1611 2455 1690 2524 spiri·

62 2545 215 2611 (mnrium,
229 2545 259 2598 in
277 2545 387 2609 electro,
400 2548 578 2598 monumento
599 2540 761 2612 plusquam
774 2539 859 2612 regio,
897 2541 941 2589 trra
964 2534 1054 2590 inerat
1071 2535 1119 2600 rei,
1134 2539 1315 2605 congregatur
1334 2532 1417 2587 adse
1438 2532 1521 2601 (unde
1539 2533 1690 2603 putrefacta

62 2625 194 2695 sepultae,
209 2623 375 2689 aeternisarie
398 2640 460 2678 cum
481 2631 572 2676 tamen
585 2621 641 2675 sint
662 2638 705 2675 res
717 2627 818 2675 tenera
832 2625 861 2673 et
896 2614 1034 2684 incipiunt
1051 2630 1112 2668 esse
1134 2613 1226 2685 gravis
1243 2612 1362 2680 oderim:
1387 2612 1479 2666 cleosa
1498 2611 1534 2665 ad
1556 2629 1586 2668 se
1605 2614 1691 2682 (unde

62 2703 249 2773 dissipabiles.
290 2703 392 2758 Verum
405 2719 461 2757 non
473 2699 743 2771 adestaiir,inquem
758 2698 860 2770 aliquid
897 2692 1048 2764 putrefacta
1060 2692 1163 2747 habent
1176 2691 1300 2748 nonnihil
1313 2690 1458 2745 lavoriset
1470 2692 1690 2761 unctuoaitatis):

63 2781 170 2846 erolet3
186 2790 267 2853 atque
280 2782 432 2837 substantia
445 2780 538 2837 electri
544 2788 587 2835 eat
600 2788 655 2835 tam
668 2779 859 2850 heterogcnes,
897 2789 986 2844 aquea
997 2773 1092 2828 itidem
1106 2773 1141 2827 ad
1155 2788 1201 2837 see
1221 2770 1302 2826 iaces
1317 2769 1352 2823 ad
1368 2787 1398 2825 se
1413 2767 1500 2845 (unde
1519 2770 1551 2824 tit
1567 2771 1692 2828 confusio

63 2870 96 2916 ut
107 2862 182 2917 nihil
193 2879 229 2916 ex
242 2860 298 2916 illia
313 2861 435 2933 recipiat.
470 2858 565 2918 Simile
579 2858 662 2914 etiam
677 2859 735 2913 t'ore
748 2858 861 2913 arbitra·
896 2852 946 2907 illa
963 2853 994 2907 in
1012 2847 1199 2925 putrefactis).
1239 2850 1277 2905 At
1294 2849 1443 2922 generalla
1457 2849 1515 2906 tlte
1534 2850 1689 2919 Vivifi⁰⁸fl02

63 2958 132 3008 mur,
143 2941 322 3014 missaligno,
336 2949 384 2997 aut
396 2941 497 3008 radice,
512 2949 559 2995 aut
572 2938 712 3008 unimodi,
726 2938 755 2993 iu
765 2955 860 3010 argen-
897 2941 940 2989 est
952 2950 1022 3004 opus
1041 2932 1136 2988 itidem
1155 2930 1272 2987 mixtum
1292 2929 1404 3003 spiritua
1418 2937 1447 2984 et
1459 2929 1577 3002 partium
1590 2931 1689 2985 crasm-

62 3029 122 3076 tun
146 3023 248 3077 vivum.
288 3020 325 3075 dt
347 3036 419 3086 cera,
440 3020 551 3086 etmel,
574 3026 602 3074 et
624 3018 736 3089 gummi,
759 3019 861 3074 habent
897 3030 991 3078 orume
1010 3011 1152 3085 sedlonge
1166 3011 1222 3067 alio
1235 3011 1332 3066 modos
1352 3010 1465 3080 spiritus
1479 3011 1552 3065 enim
1572 3010 1692 3067 totaliter

62 3100 185 3156 similem
199 3099 451 3172 operationemsed
464 3117 501 3155 ex
513 3105 593 3171 parte
607 3105 722 3153 tantum.
897 3093 1041 3157 detinetur,
1061 3091 1109 3147 sed
1132 3097 1218 3147 tumet
1239 3098 1268 3146 et
1287 3098 1411 3146 movetur
1434 3088 1574 3156 localite13
1599 3098 1691 3160 partes

897 3181 989 3228 autem
998 3172 1144 3228 amariores
1151 3187 1209 3227 non
1218 3169 1364 3234 solvuntur,
1375 3170 1424 3224 sed
1432 3178 1580 3242 sequuntur
1587 3178 1692 3227 motum

898 3252 1018 3323 spiritus,
1033 3260 1116 3325 atque
1129 3252 1166 3306 ab
1178 3267 1220 3316 eo,
1233 3249 1311 3321 quasi
1325 3250 1461 3304 difflantur
1473 3256 1501 3303 et
1514 3249 1692 3306 extruduntur

103 3331 186 3388 Inest
205 3335 276 3387 cesai
291 3332 423 3405 tangibili
445 3334 572 3405 spiritus,
597 3348 705 3403 corpore
728 3330 860 3386 armaion
897 3332 927 3387 in
940 3333 1030 3388 varias
1044 3332 1163 3403 figuram
1184 3330 1256 3386 unde
1270 3330 1301 3383 fit
1320 3327 1370 3383 illa
1384 3329 1527 3400 generatio
1539 3337 1568 3384 et
1581 3331 1691 3402 organi-

63 3414 185 3468 obtectos
198 3422 224 3465 st
238 3413 378 3472 weram.-
391 3421 471 3484 otqoa
485 3429 519 3466 ea
531 3430 562 3466 eo
574 3413 704 3483 originem
717 3410 862 3465 iabstooo-
897 3412 986 3467 satio:
1007 3412 1100 3484 itaque
1113 3427 1221 3481 semper
1233 3411 1265 3465 tit
1274 3408 1422 3464 vivificatio
1433 3408 1463 3461 in
1477 3409 1591 3475 materia
1602 3409 1691 3464 tenaci

64 3494 187 3565 sumptio
199 3501 225 3544 et
239 3493 390 3547 dissolutio.
898 3499 926 3546 et
939 3490 1033 3557 lenta;
1055 3498 1138 3564 atque
1153 3490 1236 3544 etiam
1249 3489 1360 3560 sequaci
1375 3496 1403 3543 et
1416 3488 1491 3542 molli
1502 3511 1510 3553 ;
1525 3497 1556 3543 ut
1568 3489 1651 3544 simul
1664 3498 1693 3544 et

898 3571 1010 3641 spiritus
1017 3572 1065 3625 fiat
1071 3569 1203 3634 detentio;
1213 3577 1293 3639 atquc
1302 3569 1384 3623 etiam
1392 3568 1479 3623 cessio
1485 3565 1556 3623 leuis
1565 3569 1691 3639 pardum,

383 3630 557 3671 mmm
898 3659 979 3721 prout
1001 3667 1049 3705 eas
1067 3650 1175 3723 effingit
1197 3649 1323 3720 spiritus:
1348 3655 1429 3718 atque
1449 3647 1502 3702 hoc
1524 3648 1642 3703 cernitur
1662 3649 1693 3705 in

103 3722 223 3778 Nullum
249 3739 347 3794 corpus
367 3722 447 3779 nobis
473 3731 574 3790 notum,
598 3724 645 3779 hio
666 3725 696 3779 io
722 3724 861 3796 superiore
898 3729 1013 3785 materia
1023 3730 1145 3785 omnium
1160 3735 1216 3783 tarn
1224 3726 1418 3799 vegetabilium
1430 3743 1511 3798 quam
1525 3726 1692 3793 animalium,

65 3811 145 3874 parte
158 3810 248 3867 terrm,
256 3802 355 3874 spiritu
368 3811 464 3869 vacate
479 3804 536 3859 sive
550 3821 600 3876 per
612 3804 825 3859 attenuationem
835 3810 863 3858 et
899 3810 957 3864 sire
970 3815 1136 3881 generentur
1149 3825 1186 3863 ex
1197 3807 1401 3878 putrefactione,
1416 3806 1473 3861 aive
1487 3823 1523 3860 ex
1537 3814 1691 3878 spermate;

65 3882 274 3938 concoctionem
287 3881 387 3938 caloris
400 3882 560 3948 coeleatium,
574 3882 631 3938 sire
645 3883 722 3939 alias.
761 3885 862 3956 Neque
898 3888 928 3943 in
947 3888 994 3944 his
1010 3888 1086 3943 enim
1106 3887 1231 3943 omnibus
1251 3886 1470 3942 manifestissime
1492 3885 1612 3940 cernitur
1632 3903 1693 3943 esee

65 3964 142 4016 enim
154 3978 224 4015 cars
236 3978 327 4016 rerum
340 3962 513 4035 tangibilium
525 3979 641 4018 vacuum
650 3963 799 4034 recipiunti
814 3961 862 4017 scd
898 3969 1015 4024 materia
1027 3966 1146 4024 difficilis
1159 3966 1194 4022 ad
1208 3966 1432 4038 abrumpendum,
1448 3963 1537 4021 facilia
1549 3966 1585 4020 ad
1598 3966 1694 4022 ceden-

65 4044 227 4105 anteirent,
238 4048 285 4095 aut
294 4041 419 4112 spiritum
427 4042 621 4112 reiproprium.
643 4042 761 4113 Spiritus
771 4049 861 4098 autem
899 4048 973 4104 dum.

66 4120 115 4176 ille
140 4120 191 4192 (de
210 4137 266 4192 quo
287 4119 436 4191 loquimur)
458 4138 512 4176 nou
531 4128 574 4177 est
591 4122 677 4177 virtus
696 4120 796 4192 aliqua,
815 4129 863 4177 aut

66 4200 191 4272 energia,
204 4207 252 4254 aut
264 4200 424 4266 entelechia,
439 4206 486 4256 aut
497 4218 597 4272 nuga:
611 4201 660 4256 aed
673 4200 754 4272 plane
765 4218 862 4271 corpus
1222 4188 1314 4228 cim
1336 4187 1379 4225 Π·

66 4287 156 4344 tenne,
166 4278 320 4346 invisibile,
335 4286 454 4336 attamen
463 4280 591 4345 locatum,
602 4280 762 4344 dimensum,
773 4280 861 4335 reale:
939 4283 977 4338 Io
992 4283 1110 4338 ossibus
1123 4281 1252 4336 animatis
1266 4281 1320 4334 duo
1331 4288 1395 4335 suot
1407 4295 1512 4350 genero
1525 4281 1693 4351 spirituum:

66 4375 157 4430 neque
181 4374 275 4414 rursus
295 4358 406 4430 spiritus
422 4358 470 4414 ills
489 4358 536 4414 aar
553 4366 604 4426 eat,
624 4359 863 4432 (quemadmodum
899 4365 1018 4436 spiritus
1031 4362 1180 4427 mutuatas,
1195 4360 1287 4433 pules
1301 4361 1395 4415 ineant
1409 4357 1587 4427 inanimatis,·
1611 4370 1637 4414 st
1650 4379 1696 4415 ra·

67 4453 120 4493 nec
129 4446 345 4493 moeusurmst
353 4438 446 4510 aqna)
455 4438 504 4494 sed
517 4446 708 4509 corpostenue,
717 4446 863 4511 cognatum
895 4443 1062 4516 paradinas
1074 4444 1192 4515 spiritus
1206 4441 1308 4495 vitatis.

67 4518 135 4583 se'ri,
148 4524 179 4572 at
199 4516 316 4572 rnulmm
336 4518 372 4571 ab
390 4534 424 4573 eo
442 4519 594 4574 diremum:
614 4524 706 4589 partes
718 4526 809 4574 summ
822 4519 863 4574 rei

65 4596 216 4652 madores
238 4597 315 4665 (cum
333 4598 390 4652 sint
408 4605 512 4654 natura
532 4597 627 4669 pigras,
648 4614 699 4653 nec
718 4598 864 4654 admodum

67 4675 193 4746 mobilis)
212 4691 264 4745 per
282 4676 408 4746 periodos
426 4677 524 4749 longas
537 4676 672 4733 duraturas
690 4677 796 4734 forent:
816 4678 864 4733 sed
940 4675 1005 4731 iam
1019 4682 1082 4731 ante
1096 4675 1198 4731 dictum
1217 4682 1260 4730 est
1274 4674 1309 4729 ad
1325 4673 1528 4747 longevitatem
1548 4690 1696 4747 procursu·

67 4756 182 4826 spiritus
194 4754 242 4809 ille
257 4757 366 4826 estqui
376 4757 474 4821 turbat,
483 4764 511 4811 et
520 4756 583 4811 illas
595 4756 697 4811 fodicet
709 4766 738 4812 et
751 4757 863 4823 subruit,
901 4755 972 4820 dam,
996 4755 1094 4811 debere
1115 4754 1280 4810 considerari
1300 4771 1400 4825 corpus
1419 4754 1577 4820 humanum,
1599 4754 1696 4826 primo,

67 4845 150 4906 stqne
164 4834 309 4890 humidam
322 4837 450 4906 corporis,
461 4841 490 4890 et
499 4835 627 4907 quicquid
640 4835 763 4908 digerere
776 4844 865 4908 potest
902 4843 931 4890 ut
949 4835 1130 4889 inanimatum
1148 4842 1177 4889 et
1195 4834 1425 4899 inalimentatum;
1446 4835 1572 4900 secundo,
1591 4839 1621 4888 ut
1640 4833 1697 4887 ani-

68 4915 98 4969 in
112 4930 214 4969 norum
226 4913 360 4985 spiritum,
373 4915 558 4986 depraedatum
572 4915 669 4970 deinde
683 4924 739 4970 tam
752 4916 865 4987 spiritus
902 4922 1006 4969 matum
1019 4922 1048 4968 et
1061 4912 1266 4969 alimentatum:
1286 4930 1352 4968 nam
1364 4913 1439 4984 prior
1458 4912 1638 4969 conndemtio
1651 4912 1698 4968 dat

68 4993 193 5064 eorporis
214 4994 432 5064 praincxistens,
446 5010 529 5066 quarn
548 4995 656 5050 neuter
674 4995 769 5059 uuus
784 4995 865 5051 simul
902 4994 980 5066 leges
1010 4993 1045 5049 de
1070 4993 1285 5064 consumptione,
1311 4993 1430 5048 oecunds
1456 4993 1489 5049 de
1516 4993 1695 5063 reparatione.

68 5072 172 5128 semim
182 5072 299 5129 evolsus
325 5070 358 5130 ld
370 5074 473 5146 optime
482 5075 632 5130 ostenditur
645 5075 674 5129 in
687 5074 865 5131 dimuutione
904 5073 1000 5146 ltaque
1009 5089 1089 5127 nome
1100 5072 1238 5138 debemus,
1249 5073 1338 5128 inesse
1347 5072 1475 5128 humanis
1483 5071 1616 5136 carnibus,
1628 5072 1697 5127 ossi·

68 5151 199 5222 ponderis
211 5169 355 5223 corporum
368 5152 546 5210 arefactomm
564 5171 615 5225 per
632 5155 864 5226 perspirationem
903 5153 963 5217 bus.
976 5151 1149 5218 membranis,
1164 5153 1282 5225 organis,
1295 5152 1412 5224 denique
1430 5152 1554 5223 partibus
1574 5150 1698 5222 singulis,

69 5233 171 5302 Neque
184 5231 258 5286 enim
268 5232 398 5305 quicquid
411 5233 549 5299 emittitur,
560 5241 619 5292 erat
632 5233 752 5304 spiritua,
760 5233 867 5307 quando
904 5232 969 5287 dum
982 5232 1084 5297 vivum,
1094 5232 1124 5287 in
1137 5232 1289 5288 mhsmntia
1298 5247 1392 5286 aarum
1401 5230 1527 5303 perfusos
1540 5228 1610 5286 tales
1620 5230 1699 5301 spiri·

68 5312 282 5380 ponderantem
306 5328 396 5385 neque
417 5328 473 5369 non
499 5312 620 5384 spiritus,
642 5314 751 5385 quando
779 5311 867 5369 evola·
904 5320 957 5376 tus,
971 5311 1066 5382 quales
1086 5313 1177 5367 inmnt
1197 5312 1227 5366 in
1247 5310 1404 5379 hujusmodi
1423 5310 1510 5376 rebus,
1524 5325 1614 5375 carne,
1629 5325 1699 5376 osse,

68 5399 154 5447 serat.
904 5392 1081 5457 membrana;
1101 5391 1256 5455 etcaateris,
1266 5390 1400 5460 separatis
1413 5390 1583 5455 etmortuis3
1604 5388 1699 5461 quales

905 5471 989 5527 etiarn
1022 5477 1132 5527 manent
1165 5471 1195 5525 in
1223 5468 1371 5526 cadavere:
1400 5477 1430 5524 at
1461 5471 1574 5542 spiritus
1600 5469 1699 5536 vitalis

1210 539 1303 579 cadon
1327 540 1369 578 nt.

1203 829 1380 893 arisrcsrro.

393 3237 487 3279 CANON
508 3239 537 3278 li.

1208 4580 1388 4621 exauctare.
