3800 5875
594 336 720 393 IMAGO
740 336 883 394 ClVlLlS
904 337 1005 393 JULll
1028 335 1202 393 CAESARIS.
1653 332 1710 396 739

81 496 168 552 hosce
182 512 277 551 omnes
290 496 362 566 apud
374 512 425 551 nos
436 512 575 551 servamus
589 513 624 551 ex
637 497 781 552 traditione
792 496 881 567 magis
916 513 1002 568 reguo
1025 496 1107 551 urbes
1131 496 1245 551 subinde
1268 494 1352 557 adire,
1366 488 1400 548 'et
1422 492 1540 558 visitare,
1562 492 1592 547 in
1614 493 1711 564 quibus

81 585 158 630 certa
178 583 206 630 et
227 576 310 640 fideli,
339 592 421 646 quam
448 575 520 646 apud
539 592 588 631 ros
609 575 734 631 habetur.
774 576 880 630 Deinde
916 578 1009 646 (prout
1022 575 1129 630 occasio
1143 593 1173 630 se
1187 573 1278 644 offert)
1292 572 1359 627 talia
1379 573 1491 627 inventa
1508 571 1587 626 utilia
1606 572 1710 627 revela-

82 655 219 710 habemus
242 663 344 710 statuas
368 655 538 709 inventorum
563 653 743 725 complurium
767 655 881 725 insigni·
915 671 984 719 mus,
999 654 1091 724 qualis
1110 654 1189 708 nobis
1203 653 1290 708 visum
1303 652 1392 708 inerit
1431 651 1608 706 Praedicimus
1621 652 1710 717 edam,

82 751 163 788 orum
180 751 216 789 ex
234 735 342 797 nostris,
365 735 411 803 qui
431 750 482 798 res,
504 741 531 788 et
550 750 634 804 opera
651 732 756 787 nobilia
774 734 882 788 invene-
916 741 1062 804 antequam
1081 733 1226 788 adveniant
1250 732 1293 803 (id
1309 731 1382 804 quod
1398 729 1433 784 ad
1452 730 1590 785 naturales
1609 730 1712 785 divina·

82 820 165 867 runt:
194 831 256 884 quoe
282 830 342 866 cunt
372 812 426 884 ipsi
452 829 508 867 non
532 812 661 875 videritis,
689 811 881 882 descriptiones
916 813 1005 867 tiones
1025 811 1154 883 pertinet)
1175 812 1283 866 morbos
1303 810 1475 880 epidemicos,
1496 816 1595 880 pestes,
1609 810 1711 864 anima·

82 909 180 946 eorum
205 892 292 947 iacere
312 891 394 946 nimis
412 891 523 962 longum
545 900 631 957 esset;
655 900 712 945 tum
731 893 761 945 in
783 892 880 947 iisdem
915 890 982 946 lium
996 891 1137 947 noxiorum
1151 891 1287 954 examina,
1302 889 1410 953 famem,
1422 895 1598 959 tempestates
1611 895 1639 943 et
1651 906 1713 959 pro»

82 979 158 1025 recte
172 970 358 1042 intelligendis
373 970 492 1041 proclive
506 970 558 1024 erit
576 986 675 1024 errare.
716 970 826 1024 Etenim
839 971 881 1024 in·
916 970 1007 1036 cellas,
1023 978 1210 1035 terrae-motus,
1222 969 1413 1024 inundationes
1427 984 1569 1039 aquarum,
1584 976 1710 1032 cometas,

81 1050 191 1104 ventori
213 1051 252 1104 rei
271 1050 402 1120 cujusque
423 1049 555 1121 dignioris
577 1056 693 1103 statuam
715 1066 780 1104 mox
798 1050 880 1120 erigi·
916 1051 981 1104 anni
992 1057 1207 1119 temperaturam,
1216 1055 1244 1103 et
1257 1047 1327 1102 alia:
1343 1047 1491 1119 quinetiam
1501 1046 1616 1101 consilia
1630 1065 1712 1118 super

81 1146 155 1193 mus,
179 1129 259 1199 eique
285 1128 462 1182 honorarium
488 1129 554 1183 satis
579 1127 694 1182 liberale
724 1129 881 1200 elargimur.
915 1129 996 1183 rebus
1013 1128 1088 1183 hisce
1103 1129 1207 1193 damus,
1221 1135 1249 1182 et
1267 1127 1332 1199 quid
1352 1125 1453 1198 populo
1466 1126 1555 1181 facere
1568 1127 1712 1181 conveniat

83 1209 243 1262 Statuarum
256 1209 369 1262 istarum
384 1207 446 1262 alioe
462 1225 498 1262 ex
512 1224 564 1262 oere
579 1215 660 1263 sunt:
681 1207 743 1262 aliae
760 1224 796 1262 ex
809 1224 881 1262 mar·
916 1209 950 1263 ad
965 1207 1163 1278 praecationes
1177 1215 1206 1262 et
1219 1206 1339 1261 remedia
1352 1206 1507 1274 hujusmodi
1521 1204 1683 1261 malorum.’'

80 1305 170 1352 more,
185 1295 212 1341 et
225 1287 315 1358 lapide
329 1286 420 1356 lydior
434 1285 497 1341 alirn
516 1303 551 1341 ex
565 1287 653 1351 cedro,
676 1294 705 1341 et
717 1286 778 1341 aliis
799 1287 881 1358 lignis
955 1288 1078 1358 Cumque
1098 1286 1158 1342 haec
1181 1286 1302 1351 dixisset,
1322 1301 1352 1340 se
1375 1285 1404 1340 iu
1427 1286 1511 1356 pedes
1532 1285 1637 1340 erexit:
1658 1302 1711 1358 ego

82 1367 250 1436 quibusdam
263 1367 397 1437 pretiosis,
408 1366 544 1428 inauratis,
556 1373 582 1420 et
594 1365 745 1431 adornatisr
760 1384 796 1421 ex
810 1366 881 1421 ierro
916 1373 1015 1431 autem,
1030 1373 1061 1420 ut
1079 1365 1188 1421 edoctus
1202 1367 1314 1431 fueram,
1334 1365 1362 1418 in
1380 1380 1470 1436 genua
1486 1363 1625 1435 procubui,
1639 1365 1710 1420 unde

82 1445 166 1509 aliter
181 1445 244 1499 alioe
255 1462 291 1500 ex
302 1454 429 1516 argentm
444 1445 566 1515 quasdam
581 1463 616 1500 ex
627 1462 703 1500 auro.
915 1445 1038 1500 dextram
1061 1445 1145 1515 capiti
1167 1461 1229 1500 meo
1250 1446 1400 1515 imponens,
1423 1442 1511 1498 dixit:
1532 1443 1712 1498 “Benedicat

125 1523 301 1578 “Habemus
319 1524 401 1579 etiam
421 1524 537 1594 hymnos
559 1524 740 1595 quaedamst
761 1523 882 1595 liturgia·
916 1525 965 1579 tibi
979 1525 1062 1588 Deus,
1076 1524 1116 1578 fili
1129 1525 1185 1590 mir
1207 1524 1270 1579 huic
1290 1524 1383 1578 itidem
1403 1521 1536 1589 relationi,
1551 1540 1634 1593 quam
1648 1523 1709 1578 feci.

82 1620 147 1657 rum
161 1603 270 1667 formas,
285 1619 353 1674 quas
371 1603 490 1675 quotidie
510 1611 658 1668 cantamus,
672 1611 699 1658 et
719 1603 880 1668 recitamus,
916 1604 991 1659 Deus
1005 1603 1156 1659 benedicat.
1195 1603 1349 1658 Licentiam
1367 1602 1417 1656 tibi
1431 1601 1593 1656 concedoin
1610 1602 1709 1657 bonum

82 1682 187 1753 quibus
212 1681 315 1745 laudes,
343 1699 375 1736 sc
399 1682 520 1750 jubilrea,
541 1689 568 1736 et
589 1682 736 1752 gratiarum
761 1682 881 1737 actiones
916 1683 1039 1753 gentium
1054 1682 1170 1737 aliarum
1189 1683 1303 1737 eandem
1325 1681 1485 1752 evulgandir
1507 1681 1641 1752 siquidem
1660 1698 1711 1737 nos

82 1761 321 1826 resonamusDeo,
332 1769 443 1832 propter
453 1761 591 1815 mirabilis
601 1778 685 1832 opera
695 1778 758 1816 sua:
771 1778 882 1831 precum
916 1761 962 1817 hic
976 1762 1006 1816 in
1019 1762 1082 1817 sinu
1099 1761 1153 1816 Dei
1166 1762 1297 1826 vivimus;
1316 1761 1393 1815 natio
1411 1758 1474 1814 aliis
1491 1760 1599 1830 penitus
1619 1761 1711 1833 incog-

82 1840 154 1894 item
175 1839 304 1895 formulas
326 1841 464 1911 quasdam,
478 1839 577 1912 quibus
598 1840 731 1895 auxilium
751 1847 780 1894 et
799 1840 882 1895 bene·
916 1841 1003 1896 nita.”
1046 1840 1241 1896 Haeclocutus
1254 1839 1395 1895 discessit:
1416 1840 1602 1911 assignaverat
1620 1847 1711 1894 autern

83 1919 235 1973 dictionem
250 1920 309 1987 ejus
321 1918 506 1990 imploramus,
521 1927 553 1973 ut
571 1919 679 1975 labores
699 1927 804 1974 nostros
818 1918 882 1974 diri·
917 1920 961 1976 bis
975 1919 1049 1975 mille
1063 1920 1170 1975 circiter
1183 1936 1288 1984 aureos,
1299 1919 1419 1975 muneris
1429 1918 1496 1982 loco,
1508 1918 1614 1973 mihist
1628 1920 1710 1974 sociis

84 2015 153 2068 gere
167 2006 195 2052 et
208 1998 363 2053 illuminare
376 1998 509 2071 dignetur,
524 2006 606 2070 atque
619 1998 648 2053 in
669 1999 754 2053 bonos
771 2014 836 2054 usus
856 2007 884 2053 et
918 2000 987 2055 meis
1010 1999 1199 2055 numerandos.
1239 1998 1397 2070 Largitores
1423 1998 1497 2052 enim
1523 1999 1617 2070 magni
1640 2008 1710 2064 sunt,

83 2085 196 2132 sanctos
209 2085 374 2132 convertere.
917 2079 1071 2149 ubicunque
1085 2079 1214 2143 venerint,
1230 2080 1279 2134 dra.
1378 2133 1383 2144 ,

127 2161 144 2188 “
158 2156 307 2222 Postremo,
328 2157 400 2227 apud
420 2171 471 2211 nos
494 2156 523 2209 in
544 2171 596 2211 usu
618 2163 660 2212 est
682 2158 833 2228 praecipuas
853 2157 883 2211 in
1072 2157 1203 2229 [Reliqua
1215 2158 1345 2229 perficere
1358 2173 1412 2211 non
1426 2156 1559 2223 vacabat]

729 2631 878 2697 1MAGO
902 2631 1071 2696 CIVILlS

564 2859 800 2945 JUL11
848 2862 1229 2951 CAESARIS.

127 3110 233 3167 locrus
248 3110 350 3167 Casas
365 3129 381 3167 a
394 3113 529 3185 principio
550 3114 655 3169 fortuna
676 3115 796 3170 exercita
816 3130 880 3169 usus
915 3115 984 3171 lines
1011 3115 1122 3186 recepit
1175 3115 1304 3171 Nominis
1334 3123 1438 3171 tanturn
1470 3116 1626 3173 celebritate
1657 3119 1710 3173 frui

85 3197 138 3256 est,
153 3192 228 3262 quod
247 3191 272 3245 ei
291 3193 319 3245 in
340 3192 440 3247 bonum
454 3194 551 3257 vertit3
573 3194 626 3248 hoc
640 3195 713 3248 enim
726 3193 767 3248 illi
782 3193 881 3248 fastum
914 3194 1008 3260 voluit,
1024 3194 1192 3265 quodetiam
1206 3212 1256 3250 sua
1269 3195 1298 3249 id
1313 3196 1438 3251 nonnihil
1452 3196 1581 3252 iuteresse
1595 3204 1709 3269 putaret.

85 3271 215 3335 detraxit,
230 3286 327 3325 nervos
345 3272 469 3327 intendit
510 3272 623 3327 Animus
644 3274 670 3327 ei
687 3275 774 3327 inerat
791 3274 881 3328 studio
915 3272 956 3328 Ac
976 3275 1006 3328 in
1029 3274 1145 3344 propriis
1168 3282 1240 3330 certe
1265 3275 1336 3329 votis
1359 3276 1449 3347 magis
1472 3278 1606 3347 potentiss,
1629 3294 1711 3350 quam

86 3358 115 3404 et
130 3350 231 3403 affectu
247 3349 384 3405 turbidus:
406 3351 511 3419 judicio
530 3359 557 3406 et
578 3351 716 3407 intellectu
736 3352 881 3407 admodum
915 3353 1052 3424 dignitati,
1067 3353 1206 3418 studebat;
1228 3354 1390 3425 dignitatem
1409 3356 1481 3409 enim
1500 3364 1528 3410 et
1541 3358 1641 3411 lamam
1655 3374 1710 3411 non

86 3444 218 3483 serenus:
239 3427 345 3499 hocque
368 3429 470 3484 indicat
487 3430 576 3484 facilis
594 3430 644 3485 illa
665 3431 707 3487 sui
725 3431 880 3502 explicatio,
915 3439 1026 3502 propter
1049 3448 1087 3498 se,
1111 3432 1160 3488 sed
1182 3441 1213 3487 ut
1235 3434 1415 3488 instrumenta
1438 3436 1573 3505 potentiss,
1595 3436 1711 3490 colebat.

86 3515 146 3561 tum
169 3508 200 3561 in
226 3507 306 3562 rebus
328 3508 461 3582 gerendis,
484 3517 541 3564 tum
564 3510 593 3563 in
617 3527 749 3565 sermone.
789 3510 881 3565 Nemo
917 3511 1012 3582 ltaque
1025 3510 1118 3565 'veluti
1144 3512 1262 3568 naturali
1287 3513 1400 3583 impetu,
1421 3531 1476 3568 non
1495 3523 1600 3570 morata
1619 3515 1711 3586 aliqua

87 3587 173 3651 enim,
188 3593 235 3640 aut
247 3585 362 3642 celerius
379 3588 549 3655 decentebat,
564 3597 610 3642 aut
630 3589 719 3660 magis
739 3590 881 3659 perspicue
915 3589 1060 3660 disciplina
1067 3591 1169 3656 ductus,
1181 3609 1270 3647 rerum
1283 3592 1366 3662 potiri
1374 3592 1498 3658 volebatr
1520 3594 1607 3666 iisque
1622 3595 1710 3665 magis

87 3665 266 3737 loquebatur:
298 3666 338 3719 nil
368 3667 536 3737 impeditum,
568 3668 607 3722 nil
638 3668 788 3723 involutum
821 3669 881 3739 quis
915 3670 963 3733 uti,
986 3686 1068 3741 quam
1087 3670 1186 3742 diguus
1207 3671 1310 3726 videri:
1338 3673 1411 3742 quod
1432 3673 1458 3728 ei
1480 3675 1552 3745 apud
1571 3673 1710 3745 populum,

88 3752 208 3799 notaret.
252 3743 398 3800 Voluntate
417 3754 507 3801 autem
523 3755 550 3802 et
566 3749 688 3818 appetitu
707 3748 731 3801 is
750 3754 814 3812 erat,
835 3749 880 3819 qui
915 3748 959 3803 cui
986 3748 1061 3803 nulla
1087 3750 1175 3805 inerat
1201 3750 1326 3822 dignitas,
1353 3752 1502 3823 gratiosum
1529 3762 1603 3807 erat:
1637 3752 1710 3824 apud

87 3839 228 3895 nunquam
241 3824 327 3893 partis
340 3825 535 3895 acquiescebat,
551 3827 598 3881 sed
612 3827 646 3881 ad
664 3826 792 3882 ulteriora
811 3844 881 3882 sem·
915 3827 1019 3883 nobiles
1033 3836 1061 3882 et
1072 3845 1205 3900 proceres,
1221 3830 1267 3900 qui
1282 3837 1310 3884 et
1324 3848 1401 3886 suam
1415 3831 1577 3903 dignitatem
1592 3832 1709 3886 retinere

87 3901 295 3972 pertendebat:
317 3903 355 3957 ita
369 3912 459 3958 tamen
477 3911 507 3959 ut
525 3922 580 3961 non
600 3906 744 3961 immaturo
764 3906 880 3971 fastidio,
915 3906 1049 3973 volebant,
1070 3908 1098 3962 id
1120 3909 1237 3963 obtinuit
1256 3925 1363 3975 nomen,
1385 3918 1415 3965 ut
1437 3911 1550 3982 cupidus
1571 3920 1599 3965 et
1619 3911 1710 3966 audax

86 3982 137 4035 sed
150 3980 281 4051 legitimis
293 3983 397 4051 spatiis,
412 3985 539 4039 transitus
552 3985 687 4040 achonum
701 3985 880 4057 gubernaret:
915 3987 1059 4041 videretur.
1100 3988 1198 4058 Neque
1214 3987 1328 4043 multum
1345 4005 1410 4044 sane
1429 4006 1446 4044 a
1459 4006 1525 4045 vero
1543 3991 1709 4054 aberrarunt,

87 4077 198 4131 semper
211 4060 284 4114 enirn
297 4061 507 4131 perfectissimas
520 4063 655 4119 clausulas
668 4065 819 4118 actionibus
833 4065 881 4117 im·
915 4082 977 4119 cum
999 4073 1097 4120 natura
1123 4067 1318 4123 audacissimus
1345 4076 1423 4133 esset,
1447 4085 1498 4124 nec
1520 4070 1710 4125 verecundiam

87 4140 215 4208 ponebat
257 4139 351 4211 ltaque
361 4139 415 4205 ille,
426 4143 471 4212 qui
481 4150 542 4212 post
554 4150 593 4196 tot
604 4144 729 4197 victorias
738 4151 766 4197 et
777 4150 881 4197 tantam
915 4160 1043 4214 unquam,
1054 4145 1106 4199 nisi
1120 4163 1157 4200 ex
1170 4146 1328 4216 composito,
1342 4148 1474 4203 indueret.
1516 4147 1605 4220 Atque
1619 4148 1709 4205 nihilo

86 4228 194 4287 partam
209 4219 388 4286 securitatem,
402 4221 532 4290 reliquias
542 4221 609 4276 belli
627 4221 714 4277 civilis
734 4224 762 4277 in
778 4222 881 4292 Hispa·
915 4224 1004 4278 secius
1017 4224 1057 4278 ita
1069 4224 1123 4279 ista
1136 4226 1225 4280 efficta
1238 4233 1296 4280 erat
1309 4226 1428 4293 audacia,
1443 4235 1474 4281 ut
1486 4244 1549 4283 eum
1562 4246 1612 4283 nec
1625 4235 1710 4284 teme·

86 4298 135 4349 nia
161 4313 216 4350 non
243 4299 412 4368 contempsit,
441 4300 490 4354 sed
516 4315 636 4370 praesens
664 4301 786 4372 subegit;
821 4308 882 4371 post
916 4302 1003 4356 ritatis
1016 4311 1148 4375 argueret,
1162 4320 1212 4359 nec
1233 4304 1343 4359 fastidio
1363 4306 1488 4362 homines
1506 4316 1639 4373 enecaret,
1658 4325 1709 4363 nec

86 4376 320 4430 extremomillud
336 4378 445 4432 demum
462 4377 563 4433 mssum
580 4380 660 4434 civile
679 4380 839 4444 conlectum,
854 4386 881 4434 et
915 4387 1039 4436 naturam
1062 4383 1121 4451 ejus
1142 4392 1295 4454 suspectam
1319 4384 1436 4452 incerat
1467 4386 1514 4441 sed
1542 4403 1577 4442 ex
1603 4405 1710 4443 morum

86 4456 182 4508 omnia
195 4454 313 4527 undique
327 4465 431 4527 pacata,
443 4458 680 4527 expeditionemin
694 4459 810 4513 Parthos
820 4475 881 4512 eon·
916 4459 1089 4530 simplicitate
1103 4463 1219 4534 quadam
1232 4470 1260 4517 et
1272 4462 1379 4529 fiducia,
1389 4481 1423 4519 ac
1436 4464 1577 4520 nobilitate
1592 4468 1708 4539 generis,

85 4534 165 4589 tinuo
179 4533 347 4590 moliebatur.
387 4535 455 4590 Erat
475 4536 651 4607 proculdubio
672 4554 777 4592 summa
797 4538 881 4592 animi
916 4546 1003 4594 ortum
1017 4539 1145 4596 habuisse
1159 4548 1315 4611 putaretur:
1336 4550 1418 4616 atque
1439 4545 1587 4601 incaeteris
1602 4564 1708 4617 quoque

84 4612 283 4683 magnitudine,
298 4614 346 4668 sed
364 4631 404 4679 es,
419 4632 480 4686 quse
498 4616 585 4688 magis
600 4617 805 4686 amplitudinem
819 4620 881 4686 pro·
916 4618 996 4673 rebus
1018 4619 1142 4674 omnibus
1161 4620 1190 4674 id
1208 4620 1333 4685 obtinuit,
1351 4631 1382 4677 ut
1400 4624 1511 4679 minime
1528 4624 1641 4679 callidus
1660 4632 1709 4680 aut

83 4692 183 4762 priam,
195 4709 277 4762 quam
290 4692 428 4748 meritain
441 4711 591 4759 commune,
606 4696 727 4766 spiraret
768 4695 881 4750 Prorsus
914 4704 1049 4753 veterator
1060 4698 1211 4763 haberetur,
1225 4699 1273 4754 sed
1286 4708 1394 4770 apertus
1411 4710 1438 4759 et
1451 4720 1543 4759 verax.
1584 4703 1708 4773 Cumque

83 4771 160 4824 enim
186 4773 277 4825 omnis
299 4773 334 4825 ad
355 4789 385 4827 se
407 4773 546 4837 referebat,
569 4782 650 4846 atque
672 4774 732 4843 ipse
753 4775 805 4828 sibi
825 4782 882 4829 erat
915 4792 1036 4832 summus
1050 4777 1228 4832 simulationis
1239 4784 1268 4833 et
1281 4779 1502 4838 dissimulationis
1516 4782 1614 4837 artilex
1627 4790 1707 4848 esset,

84 4849 248 4904 fidissimum
262 4851 382 4905 omnium
393 4852 527 4907 actionum
537 4870 646 4907 suarum
656 4860 794 4908 centrum:
810 4852 882 4924 quod
916 4861 1041 4926 totusque
1056 4874 1091 4911 ex
1104 4857 1207 4911 artibus
1220 4859 1393 4929 compositas,
1409 4868 1438 4915 ut
1452 4861 1522 4916 nihil
1536 4871 1639 4915 naturas
1652 4878 1708 4916 suae

82 4929 237 4983 maximam
251 4930 277 4983 ei
296 4936 324 4982 et
342 4937 502 5001 perpetuam
520 4932 576 4986 lere
592 4932 750 4986 felicitatem
764 4933 879 5002 peperit
915 4932 1049 5005 reliquum
1063 4942 1141 5000 esset,
1152 4936 1206 4990 nisi
1219 4937 1291 5009 quod
1305 4955 1349 4992 ars
1362 4940 1543 5014 probavisset;
1564 4948 1654 4995 tamen
1668 4941 1707 4995 nil

82 5008 151 5062 Non
165 5007 239 5061 enirn
253 5009 349 5078 patris,
362 5024 416 5062 non
431 5009 537 5080 religio,
547 5026 601 5064 non
614 5010 709 5075 officia,
720 5027 774 5064 non
790 5028 881 5065 neces·
915 5012 1032 5078 artificii,
1058 5014 1099 5067 nil
1130 5015 1281 5072 affectionis
1308 5026 1458 5088 appareret,
1483 5019 1531 5073 sed
1557 5027 1654 5074 natura
1681 5028 1708 5075 et

81 5087 229 5152 sinrdines,
240 5103 296 5140 non
309 5087 444 5152 amicitiae,
455 5088 589 5144 destinata
600 5090 658 5158 ejas
669 5090 879 5152 remorabantur,
916 5090 1028 5162 ingenio
1041 5109 1091 5147 suo
1101 5092 1162 5158 irui,
1177 5111 1263 5166 esque
1277 5098 1354 5167 sequi
1365 5098 1573 5153 existimaretur.
1607 5099 1707 5170 Neque

80 5165 127 5219 vel
143 5165 171 5218 in
187 5166 308 5219 ordinem
322 5166 490 5239 redigebant.
530 5169 590 5222 Nec
610 5185 773 5240 magnopere
788 5184 881 5222 versus
915 5177 1006 5223 tamen
1032 5172 1180 5227 minoribus
1200 5180 1227 5228 et
1246 5174 1386 5229 vilioribus
1406 5176 1526 5231 artificiis
1547 5184 1575 5231 et
1594 5178 1708 5232 cautelis

77 5243 112 5297 in
126 5246 308 5298 aeternitatem
323 5253 396 5311 erat3
418 5253 447 5299 ut
460 5246 505 5317 qui
519 5264 570 5301 nec
583 5256 682 5302 statum
696 5265 786 5301 rerum
800 5247 881 5300 stabi·
915 5249 1025 5303 omnino
1037 5250 1170 5306 obnoxius
1184 5253 1361 5324 erat,⁴quibns
1374 5253 1498 5309 homines
1517 5274 1605 5310 rerum
1620 5257 1707 5327 impe·

75 5323 153 5387 liret,
167 5340 218 5377 nec
233 5324 379 5396 quidquam
390 5327 539 5397 egregium,
553 5327 596 5380 rel
610 5327 681 5381 mole
694 5325 737 5381 sel
751 5326 880 5389 instituto,
914 5327 968 5390 riti,
983 5330 1066 5400 etqui
1080 5346 1134 5383 non
1148 5332 1266 5402 propriis
1280 5331 1390 5397 viribus,
1401 5333 1449 5387 sed
1463 5332 1558 5388 alienis
1571 5335 1707 5390 facultati-

79 5402 210 5458 t'undaret
236 5402 280 5455 vel
308 5405 448 5467 conderet;
482 5405 529 5457 sed
556 5405 641 5458 veluti
667 5406 701 5459 ad
729 5422 758 5459 se
785 5412 882 5462 cuncta
915 5406 1707 5471 bussubnixi,adauctoritatemsuamtuendamutinecesse

73 5480 185 5538 retulit.
229 5482 274 5535 Sic
302 5484 382 5536 etiam
406 5484 450 5612 ad3
467 5500 515 5536 sua
543 5494 664 5554 tempora
686 5485 880 5555 cogitationum
916 5484 1036 5551 habent;
1059 5496 1149 5557 utpote
1170 5489 1216 5559 qui
1236 5490 1355 5543 omniurn
1374 5491 1509 5547 actionum
1528 5493 1707 5550 humanarum

473 5564 529 5615 1³2
