3800 5875
65 277 133 333 Lts.
150 277 191 332 11.
704 273 844 329 NOVUM
865 274 1066 330 ORGANUM.
1636 276 1694 332 495

63 435 135 489 bens
149 432 282 505 disposita
294 440 323 488 et
334 440 493 504 praeparata,
507 431 538 487 in
551 430 730 487 substantiam
744 438 772 487 et
782 436 861 487 natu·
900 433 980 496 adria,
993 432 1057 503 plus
1070 430 1190 501 spiritus,
1200 431 1262 502 plus
1275 431 1374 486 earnis.
1414 431 1453 485 At
1466 433 1495 486 iu
1509 441 1585 490 motu
1594 438 1696 491 sscita-

63 531 123 568 ram
138 530 233 569 suanm
254 517 285 568 ut
303 514 421 576 flamma,
440 528 501 583 quta
520 527 602 581 super
615 509 718 565 halitus
730 518 758 565 et
771 511 862 565 cleosa
900 512 991 575 tionis,
1005 509 1219 579 multiplicantur
1232 517 1261 565 et
1281 517 1423 564 uanaeunt
1440 512 1553 567 virtutes
1573 520 1693 583 mutusne

65 592 231 663 multiplicat
245 608 283 657 se,
297 600 326 645 et
338 599 450 662 generat
462 606 560 644 novam
575 591 727 654 flammam
748 592 803 655 air,
814 591 861 662 qui
900 588 1132 660 etplusfitcalidi,
1141 588 1203 660 plus
1213 588 1437 660 magneticiplus
1451 592 1561 661 putridi.
1583 593 1695 650 Eminet

66 688 150 742 supra
172 688 273 742 aquam
295 678 323 726 et
343 687 432 742 aquea
454 669 617 740 multiplicat
637 686 674 733 se,
698 676 727 722 et
748 677 863 738 generat
900 677 993 723 autem
1013 669 1065 723 iste
1089 677 1177 722 motus
1204 669 1342 740 praecipue
1364 670 1394 722 in
1416 670 1507 723 calido
1529 679 1558 725 et
1585 672 1693 743 frigido.

66 767 168 806 novum
186 750 297 815 adremr
319 751 431 821 spiritus
445 748 604 820 vegetabilis
621 756 648 801 et
665 747 800 812 animalis,
814 748 861 818 qui
901 748 999 818 Neque
1020 748 1092 802 enim
1110 747 1185 801 calor
1205 749 1333 803 diffundit
1351 764 1381 803 se
1397 748 1427 802 in
1441 749 1624 806 calefaciendo
1644 769 1694 822 per

66 847 149 901 super
171 830 308 884 tenuiores
326 838 425 899 partes,
440 835 496 882 tam
516 828 597 898 aquei
617 844 698 899 quam
718 826 811 891 oleosi,
832 828 861 881 in
900 826 1171 881 communicationem
1189 824 1270 897 primi
1297 827 1410 890 caloris;
1438 829 1487 882 sed
1514 837 1617 885 tantum
1644 847 1694 901 per

66 910 207 965 alimentis
225 909 281 963 suis
296 908 462 978 multiplicat
476 924 514 973 se,
529 917 556 961 et
570 914 683 978 generat
695 922 794 960 notum
808 906 861 976 spi-
900 907 1087 959 oscitationem
1106 906 1225 975 partium
1246 907 1366 976 corporis
1379 907 1413 959 ad
1427 915 1529 963 motum
1546 908 1630 974 illum,
1645 912 1693 980 qui

66 988 167 1052 situnne
188 996 281 1058 partes
304 987 400 1042 mune
419 985 572 1057 plantarum
588 991 616 1039 et
634 984 800 1048 animalium,
815 1002 861 1038 ve·
900 992 942 1039 est
955 985 1041 1039 forma
1055 984 1152 1049 calidi;
1174 984 1207 1039 de
1223 1002 1277 1056 quo
1290 986 1319 1039 in
1332 987 1537 1041 vindemiatione
1547 991 1639 1060 primo
1659 991 1692 1045 de

66 1065 118 1121 luti
131 1067 239 1130 iulium,
253 1067 311 1131 iios,
325 1082 448 1131 camos,
463 1073 490 1119 et
504 1067 543 1120 sic
557 1066 590 1119 de
604 1064 718 1129 cantens,
732 1064 860 1135 quasin·
900 1073 1000 1117 natura
1014 1066 1101 1118 calidi
1114 1063 1241 1119 diximus.
1283 1065 1380 1136 ltaque
1391 1063 1472 1136 longe
1487 1068 1590 1122 tardius
1602 1076 1629 1122 et
1642 1069 1693 1124 dii·

67 1145 139 1217 gnita
153 1164 191 1200 ex
205 1146 292 1200 succis
308 1145 497 1200 alimentorum
517 1142 675 1208 assimilant,
690 1150 718 1197 et
731 1151 862 1214 generant
900 1143 997 1197 (icilius
1019 1144 1151 1198 excitatur
1163 1143 1237 1197 calor
1254 1144 1284 1198 in
1301 1143 1391 1213 lapide
1405 1152 1453 1199 eut
1473 1145 1594 1213 metallo,
1609 1165 1692 1218 quam

66 1225 248 1280 subsmntiam
261 1224 439 1280 successivam
454 1231 483 1279 et
495 1224 636 1294 spinsiam.
676 1222 774 1292 Neque
789 1223 861 1276 enirn
899 1223 929 1276 in
942 1221 1019 1286 aire3
1041 1222 1076 1276 ob
1089 1222 1289 1277 inhabilitatem
1303 1232 1331 1277 et
1343 1224 1621 1293 impromptitudinem
1635 1244 1692 1282 cor·

67 1321 227 1376 quenquam
239 1321 301 1358 cum
310 1303 456 1359 Paracclso
469 1302 584 1358 delirare
595 1303 680 1372 juret,
695 1303 742 1372 qui
757 1300 861 1372 (nictit
900 1318 997 1372 porum
1008 1300 1117 1357 illomm
1131 1302 1165 1356 ad
1178 1311 1283 1356 motum
1296 1302 1389 1364 illum;
1409 1303 1483 1357 itaut
1492 1305 1638 1359 verisimile
1647 1307 1690 1372 sit,

65 1382 216 1438 brionibus
237 1384 293 1438 suis
316 1383 419 1438 scilicet
440 1382 602 1450 ommcatus)
617 1380 793 1435 nutritionem
812 1397 862 1451 per
900 1397 979 1451 posse
1003 1397 1063 1436 esse
1087 1382 1200 1436 interius
1213 1398 1308 1435 versus
1327 1382 1432 1435 viscera
1456 1391 1535 1437 terrae
1554 1385 1690 1450 materias,

65 1463 269 1533 separationem
290 1468 394 1517 tantm
413 1461 472 1517 fieri
484 1460 585 1526 soluit3
607 1460 731 1532 quodque
748 1461 861 1530 inpane
900 1476 961 1530 quae
982 1459 1100 1515 calefieri
1120 1477 1229 1531 prorsus
1247 1471 1389 1530 respuant;
1411 1461 1475 1532 quia
1488 1463 1523 1517 ob
1542 1463 1691 1518 condensa·

65 1541 113 1596 rel
135 1542 198 1597 sibu
216 1540 301 1597 lateat
323 1541 425 1605 oculus,
445 1557 537 1607 nasus,
551 1539 701 1603 cerebrum,
718 1539 812 1606 jecur;
832 1539 861 1593 in
901 1539 1003 1594 tionem
1017 1540 1147 1609 majorem
1162 1540 1259 1610 spiritu
1273 1539 1322 1594 illo
1335 1540 1524 1605 destituuntur,
1538 1558 1555 1595 a
1568 1559 1622 1613 quo
1635 1560 1691 1597 mo-

66 1638 149 1676 succo
164 1627 244 1676 terras
258 1621 344 1685 radix,
359 1620 462 1685 folium,
478 1620 537 1674 iios.
576 1619 687 1674 Etenim
702 1619 772 1672 sicut
785 1617 862 1672 faber
900 1624 942 1673 tus
964 1619 1015 1673 iste
1042 1620 1213 1674 excitationis
1234 1618 1393 1690 plerumque
1411 1619 1516 1689 incipit.
1558 1620 1691 1677 Similiter

66 1718 105 1755 ex
118 1698 181 1755 rudi
199 1716 291 1755 massa
312 1698 412 1770 lapidis
427 1698 471 1753 sel
491 1698 567 1770 ligni,
591 1715 641 1768 per
661 1697 862 1767 separationem
899 1713 1012 1768 magnes
1025 1698 1112 1753 induit
1131 1698 1230 1753 ferrum
1243 1714 1314 1752 nora
1331 1699 1449 1768 partium
1464 1699 1649 1770 dispositione,
1664 1709 1692 1755 et

66 1787 95 1833 et
107 1778 286 1848 rejectionem
304 1779 442 1849 superflui,
457 1778 548 1834 educit
564 1776 667 1842 fufium,
682 1777 783 1840 florem,
800 1792 862 1831 ocu·
899 1785 974 1831 motu
988 1777 1134 1841 conformi;
1155 1778 1215 1847 ipse
1236 1785 1327 1832 autem
1345 1778 1418 1832 nihil
1433 1796 1469 1833 ex
1483 1780 1579 1834 virtute
1592 1780 1689 1849 perdit

65 1857 248 1922 hrmnastuu,
256 1874 374 1923 manum
384 1857 652 1928 pedemetsimilia3
667 1856 706 1910 ita
716 1855 861 1910 Archoeum
900 1855 1032 1910 Similiter
1049 1857 1209 1911 fermentum
1233 1857 1319 1926 panis,
1333 1864 1362 1911 et
1381 1858 1431 1912 flos
1444 1858 1574 1922 cervisiae,
1590 1866 1617 1913 et
1630 1875 1692 1913 coa·

65 1936 147 1992 illum
156 1937 264 1992 fabrum
270 1938 406 1993 internum
414 1954 450 1992 ex
460 1937 593 1991 alimento
602 1953 650 2007 per
663 1936 862 2005 separationem
900 1934 995 2005 mum
1008 1935 1095 2001 lactis,
1110 1943 1138 1991 et
1155 1935 1284 1990 nonnulla
1297 1953 1333 1991 ex
1345 1937 1465 2001 venenis,
1479 1938 1598 1991 excitant
1611 1946 1638 1992 et
1650 1939 1691 1993 in-

66 2025 97 2071 et
118 2017 295 2085 rejectionem
313 2016 426 2073 educere
451 2014 559 2087 singula
581 2014 743 2070 membraet
761 2022 860 2085 partes,
900 2014 986 2069 vitant
1008 2022 1111 2070 motum
1129 2015 1158 2070 in
1177 2032 1268 2070 massa
1287 2015 1425 2081 innuens,
1439 2023 1486 2070 aut
1505 2016 1627 2082 cervisia
1642 2025 1691 2071 aut

67 2097 168 2151 uoerit
189 2095 245 2151 ille.
285 2095 395 2160 Verum,
414 2095 505 2151 missh
525 2095 614 2166 nugis,
628 2094 808 2149 certissimum
822 2101 863 2149 est
900 2109 987 2158 caseo,
1001 2103 1048 2148 aut
1061 2095 1304 2166 corporehumauo
1318 2096 1499 2150 successivum
1513 2104 1540 2149 et
1553 2097 1691 2150 continua-

66 2184 161 2244 psrtes
184 2174 315 2246 nugulas,
335 2182 391 2230 tam
412 2173 546 2231 nmuarea
566 2191 648 2245 quam
670 2173 819 2244 organicas,
833 2174 862 2227 in
900 2180 975 2228 tum:
996 2190 1051 2228 non
1069 2182 1125 2228 tam
1139 2191 1175 2229 ex
1188 2175 1215 2228 si
1229 2174 1380 2238 excitantis,
1395 2191 1477 2247 quam
1492 2191 1527 2229 ex
1544 2175 1692 2247 praedispo-

66 2254 268 2325 vegetabilibus
279 2263 306 2308 et
313 2254 483 2317 animalibus,
494 2270 588 2309 succos
602 2252 791 2309 alimentorum
803 2269 863 2307 suo·
900 2252 998 2307 sitione
1009 2260 1037 2307 et
1051 2254 1124 2307 incili
1138 2254 1260 2308 cessione
1273 2253 1395 2309 excitati.

66 2350 130 2388 rum
143 2334 201 2389 iere
212 2350 375 2398 communes,
382 2340 430 2387 aut
441 2349 496 2387 non
506 2332 621 2388 multum
631 2333 758 2397 diversos,
773 2332 862 2402 primo
940 2331 983 2386 Sit
1005 2339 1093 2386 motus
1116 2333 1236 2388 decimus
1259 2333 1363 2395 tertius,
1379 2343 1463 2388 motus
1484 2335 1690 2405 impressionis:

66 2412 208 2468 attrahere
229 2430 290 2468 cum
310 2412 440 2467 nonnullo
459 2411 571 2477 delectu,
586 2411 682 2466 deinde
703 2410 861 2478 assimilare,
900 2411 948 2482 qui
962 2421 1050 2466 motus
1064 2419 1104 2465 eat
1118 2413 1200 2466 etiam
1210 2429 1246 2466 ex
1257 2428 1355 2482 genere
1365 2419 1454 2467 monta
1467 2416 1690 2474 assimilationis:

66 2498 97 2547 et
116 2500 224 2547 vertere
242 2492 272 2547 iu
292 2499 416 2547 naturam
438 2508 523 2547 suam.
569 2491 668 2561 Neque
695 2491 864 2546 assimulatis
901 2497 995 2561 estque
1013 2508 1049 2545 ex
1066 2491 1199 2546 diffusiris
1217 2491 1335 2545 motibus
1356 2492 1560 2549 subtilissimus.
1602 2493 1691 2548 Nobis

65 2571 131 2637 ista,
144 2578 194 2627 aut
211 2573 354 2644 generatio
373 2570 496 2640 simplex,
513 2572 544 2625 fit
557 2570 645 2625 aulum
664 2570 694 2623 in
706 2569 863 2640 corporibus
901 2578 991 2625 autem
1004 2571 1092 2625 visum
1106 2578 1224 2625 osteum
1238 2571 1266 2624 in
1281 2570 1400 2639 speciem
1413 2572 1549 2641 propriam
1562 2573 1691 2626 consutu-

67 2650 216 2716 animatis;
237 2659 367 2706 serumst
378 2650 527 2705 inanimata
537 2649 634 2704 exhac
646 2667 674 2703 re
684 2649 861 2719 participant:
901 2665 954 2713 ere,
968 2657 1078 2721 propter
1091 2650 1270 2704 Meteonem
1282 2649 1417 2720 insignem
1432 2668 1515 2721 quam
1528 2650 1612 2705 habet
1625 2668 1692 2722 erga

67 2728 154 2784 veluti
176 2730 210 2784 de
228 2729 339 2785 flamma
361 2736 390 2785 et
411 2727 475 2784 adse
497 2730 597 2784 dictum
620 2736 670 2783 est.
711 2728 863 2789 Quinetiam
900 2728 1006 2799 priores
1025 2729 1100 2784 duos.
1141 2728 1234 2783 Motus
1253 2730 1326 2783 enim
1346 2731 1551 2784 assimilationis
1575 2729 1692 2800 simplex

68 2809 184 2879 spiritus
192 2816 338 2873 emortuus,
351 2809 397 2879 qui
406 2809 434 2863 iu
445 2810 519 2863 omni
533 2808 659 2879 tangibili
673 2808 792 2863 animato
802 2823 864 2862 con·
901 2824 1015 2879 corpora
1036 2809 1097 2879 ipsa
1118 2808 1310 2871 uniformem
1330 2807 1412 2863 itaut
1431 2809 1455 2861 si
1471 2808 1550 2864 tollas
1572 2810 1692 2879 primum
1789 2798 1794 2807 ’

68 2889 180 2953 unctus,
191 2888 220 2944 id
233 2896 367 2960 perpetuo
377 2888 443 2958 agit,
454 2895 484 2943 ut
497 2895 587 2960 partes
600 2888 746 2944 crassiores
759 2887 865 2958 digerat
901 2903 1021 2953 movens,
1034 2887 1105 2943 nihil
1114 2887 1220 2943 intersit
1232 2887 1267 2942 ad
1280 2903 1313 2942 ea
1325 2903 1384 2958 qua
1397 2895 1553 2959 sequuntur.
1593 2889 1692 2960 Neque

68 2977 98 3023 et
122 2976 210 3024 renat
233 2968 264 3023 in
283 2969 414 3037 spiritum,
434 2969 481 3038 qui
506 2967 603 3022 deinde
626 2975 721 3033 exeat3
742 2968 813 3022 unde
832 2967 864 3022 fit
901 2968 973 3022 enim
988 2968 1076 3037 prima
1093 2967 1219 3022 accensio
1231 2967 1261 3022 in
1274 2967 1419 3033 flammam,
1434 2975 1481 3022 aut
1501 2969 1589 3038 prima
1603 2970 1694 3023 versio

68 3047 216 3102 diminutio
236 3047 363 3116 ponderis
383 3056 411 3101 et
430 3047 584 3111 exsiccatio,
598 3054 629 3102 ut
648 3047 713 3101 olibi
735 3047 862 3101 diximum
901 3046 931 3101 in
945 3046 1044 3111 airam,
1060 3045 1162 3119 aliquid
1184 3046 1250 3101 iacit
1272 3045 1307 3100 ad
1328 3047 1466 3102 flammam
1487 3055 1535 3102 aut
1549 3046 1649 3111 airam,
1663 3047 1693 3101 in

68 3126 171 3198 Neque
185 3126 269 3181 etiam
280 3126 430 3197 respuenda
444 3134 485 3180 est
498 3127 527 3179 in
540 3127 733 3181 assimilatione
747 3128 865 3181 accretio
902 3127 1076 3198 generations
1094 3126 1291 3181 succedentem.
1332 3126 1471 3191 Similiter,
1491 3136 1580 3181 motus
1594 3128 1694 3180 sscita-

69 3206 222 3276 illaquam
231 3204 764 3277 sulgoabalimentationedistinguunt3
779 3205 863 3260 veluti
902 3207 986 3260 tionis
1010 3206 1119 3260 omnino
1140 3213 1238 3270 manet,
1260 3213 1364 3260 remoto
1390 3206 1480 3276 primo
1504 3213 1636 3270 movente,
1659 3206 1694 3259 ad

69 3302 134 3340 casn
153 3284 244 3340 lutum
263 3287 333 3339 inter
352 3284 462 3355 lapillos
482 3285 637 3349 concrescit,
658 3292 685 3340 et
704 3284 817 3339 vertitur
835 3285 865 3338 in
903 3293 1025 3355 umpora
1038 3285 1263 3348 benedicturus,
1284 3293 1316 3340 ut
1328 3285 1358 3338 in
1371 3301 1482 3355 corpore
1496 3285 1634 3349 calefacto,
1649 3303 1694 3339 re-

69 3365 216 3419 materinm
225 3363 375 3435 lapideam
389 3381 536 3435 squamma
546 3365 617 3419 cirea
626 3364 719 3418 dentes
729 3371 866 3418 vertuntur
902 3372 976 3419 moto
990 3364 1191 3435 primocalorer
1211 3364 1241 3418 in
1247 3363 1320 3418 ferro
1326 3364 1422 3430 excito,
1436 3371 1692 3434 remotomagnete3

70 3444 98 3499 in
115 3444 295 3498 substantiam
307 3460 363 3497 non
382 3444 473 3498 minus
485 3443 587 3508 dnmm,
602 3461 684 3515 quam
697 3452 759 3498 sunt
771 3444 865 3498 dentes
903 3443 932 3498 in
945 3460 1036 3499 massa
1049 3444 1185 3508 lamnaria,
1193 3450 1297 3498 remoto
1309 3442 1450 3498 fermento.
1492 3443 1529 3498 At
1541 3452 1630 3499 motus
1644 3446 1694 3496 im·

70 3523 134 3594 ipsi,
148 3531 202 3578 etc.
243 3520 344 3578 Sumus
363 3523 481 3577 enimin
501 3538 534 3576 ea
547 3523 682 3594 opinione,
695 3522 785 3577 inesse
805 3539 865 3578 cor·
900 3525 1059 3594 presumit,
1078 3523 1144 3578 licet
1162 3524 1197 3577 sit
1219 3523 1359 3577 diffusisus
1378 3530 1406 3577 et
1424 3522 1588 3587 bantinum,
1603 3531 1695 3577 tamen

70 3602 185 3673 poribus
198 3602 324 3657 omnibns
337 3602 501 3657 desiderium
514 3601 690 3666 assimilandi,
705 3619 760 3656 non
774 3602 865 3656 minus
903 3612 1035 3672 perpetuo
1053 3602 1171 3674 pendere
1183 3601 1289 3656 videtur
1302 3617 1337 3656 ex
1356 3602 1446 3672 primo
1459 3611 1603 3657 movente:
1624 3602 1693 3655 adeo

72 3699 155 3753 qnam
175 3682 292 3736 coiundi
312 3682 347 3736 ad
368 3680 557 3752 homogenea3
578 3700 673 3738 rerum
692 3680 793 3753 ligatur
811 3682 866 3736 ista
904 3681 1054 3747 utsublato
1067 3680 1315 3745 autcessanteillo,
1327 3681 1574 3735 statimdeliciatet
1586 3688 1694 3752 peceati

71 3761 166 3827 virtus,
181 3760 254 3815 deut
272 3768 299 3816 et
318 3760 380 3825 illas
401 3760 466 3816 licet
484 3777 539 3815 non
558 3761 656 3817 iisdem
675 3761 771 3816 modis.
812 3761 867 3816 Sed
904 3761 995 3832 itaque
1015 3761 1098 3815 etiam
1117 3765 1262 3826 momento,
1277 3767 1325 3814 aut
1343 3759 1440 3814 saltem
1459 3760 1561 3830 exiguo
1573 3767 1694 3831 tempore

71 3841 168 3895 modos
181 3837 253 3905 illos,
260 3856 366 3896 necnon
379 3840 541 3897 solutionem
554 3841 589 3895 ab
603 3840 706 3906 iisdem
717 3840 791 3895 omni
804 3839 866 3894 dili·
905 3841 1070 3911 transigitur.
1112 3838 1201 3901 Quare
1214 3849 1303 3894 motus
1315 3838 1379 3894 illos
1392 3840 1598 3894 assimilationis
1611 3849 1639 3894 et
1652 3857 1696 3892 ee·

72 3920 167 3989 gentis
181 3919 318 3989 inquirere
330 3926 438 3990 oportet
447 3941 455 3984 t
476 3919 542 3991 quia
556 3920 690 3991 pertinent
702 3920 737 3974 ed
747 3927 867 3974 senectu-
905 3921 1052 3982 citationis‚
1068 3928 1153 3974 mnus
1170 3919 1356 3991 generationis
1369 3918 1459 3983 tots,
1476 3918 1541 3989 quia
1556 3919 1697 3989 generum

73 3998 108 4052 tis
128 3997 369 4054 refocillationem.
409 3999 550 4054 Postremo
569 3999 674 4054 ridetur
692 4006 788 4055 notatu
807 3995 867 4068 dig·
905 4006 998 4054 manet
1010 4019 1019 4065 ς
1047 3997 1120 4052 hunc
1146 4006 1237 4052 autem
1257 4003 1486 4062 molemonium
1509 4000 1696 4071 permotionis

73 4095 147 4143 num,
163 4077 238 4148 quod
257 4078 287 4133 in
299 4094 397 4133 novem
416 4077 472 4133 illis
491 4078 616 4143 motibus,
637 4080 670 4133 de
685 4078 781 4150 quibus
794 4076 867 4132 dixi·
905 4077 1030 4144 Saturni,
1045 4077 1110 4149 quia
1130 4083 1210 4132 natus
1223 4076 1315 4132 statim
1333 4076 1476 4131 devoratur
1488 4085 1516 4130 et
1529 4077 1695 4144 absorbetur,

72 4173 143 4220 mus,
159 4173 277 4228 corpora
298 4165 402 4211 tantum
426 4164 529 4212 naturae
552 4175 609 4212 suae
636 4157 868 4212 conservationem
906 4157 1043 4228 appellare
1054 4155 1252 4211 consuevimus.
1293 4154 1570 4211 Manifestatsesero
1583 4156 1697 4211 hiemo·

74 4244 205 4306 appetere
219 4236 357 4302 sidentur,
379 4235 409 4290 in
426 4236 479 4291 hoc
498 4235 605 4292 decimo
623 4243 714 4292 autem
734 4252 869 4307 propaga·
905 4244 949 4292 tus
961 4236 990 4291 in
1004 4237 1104 4300 tribum
1125 4236 1154 4289 iu
1166 4234 1235 4290 lueis
1252 4234 1353 4299 radiisr
1374 4251 1501 4289 sonorum
1518 4237 1697 4306 percussioni·

73 4315 188 4370 tionem.
905 4316 974 4380 bus;
995 4323 1023 4370 et
1035 4313 1204 4386 magneticis,
1223 4321 1354 4385 quatenus
1368 4313 1402 4367 ad
1417 4315 1697 4371 communicationem.

114 4394 158 4448 Sit
179 4400 270 4447 motus
289 4392 463 4450 duodecimus
490 4403 575 4449 notos
595 4395 792 4454 oscitationis,-
821 4392 869 4464 qui
906 4395 1025 4459 Etenim,
1041 4400 1132 4449 amota
1145 4393 1213 4458 luce,
1228 4393 1321 4447 statim
1334 4393 1574 4465 pereuntcolores,
1592 4403 1620 4449 et
1633 4394 1697 4450 reli-

74 4482 165 4527 motas
179 4473 286 4526 videtur
303 4488 362 4526 esse
379 4489 415 4527 ex
435 4489 535 4544 genere
553 4474 766 4538 assimilationis,
786 4480 869 4542 atque
907 4492 969 4545 qurs
991 4474 1125 4544 imagines
1146 4473 1220 4542 ejus3
1247 4479 1338 4527 emota
1357 4472 1530 4543 percussione
1550 4473 1647 4544 prima,
1669 4480 1698 4528 et

74 4568 109 4606 eo
128 4552 242 4606 nomine
264 4551 425 4621 quandoque
445 4568 463 4605 a
480 4553 559 4607 nobis
577 4553 729 4623 promiscue
750 4560 869 4607 vocatur.
908 4553 1079 4624 quassatione
1101 4552 1221 4622 corporis
1244 4551 1307 4606 inde
1331 4552 1411 4617 iacta,
1435 4552 1517 4623 paulo
1540 4561 1602 4623 post
1628 4553 1699 4623 perit

74 4631 126 4685 Est
146 4632 222 4685 enim
245 4637 335 4684 motus
355 4630 503 4696 diffusirus,
524 4640 553 4686 et
573 4632 819 4695 communicativae,
842 4637 870 4685 et
908 4649 999 4687 sonus
1039 4631 1117 4686 Licet
1134 4631 1208 4686 enim
1221 4631 1282 4685 soni
1295 4631 1421 4686 etiamin
1434 4632 1524 4686 medio
1542 4638 1698 4703 persentoa

75 4710 244 4774 transitivus,
268 4716 296 4764 et
316 4709 548 4779 multiplicativae,
566 4712 637 4766 sicut
656 4716 684 4766 et
704 4710 767 4773 illes
788 4719 870 4781 atque
908 4719 1037 4783 tanquam
1059 4728 1109 4781 per
1134 4709 1221 4764 undas
1242 4710 1396 4781 agitentur:
1425 4716 1516 4765 nmen
1539 4710 1698 4782 diligentius

75 4789 178 4844 effectu
203 4789 246 4858 (ut
269 4787 428 4857 plurimum)
448 4790 627 4855 consentiunt,
652 4789 717 4844 licet
736 4789 870 4844 efficiendi
909 4792 1057 4845 notandum
1070 4796 1120 4855 est,
1135 4789 1207 4859 quod
1226 4805 1308 4844 sonus
1322 4804 1376 4843 non
1389 4798 1445 4845 tam
1458 4791 1506 4846 diu
1519 4790 1605 4855 durat,
1617 4806 1699 4860 quam

75 4867 158 4922 modo
172 4875 201 4921 et
214 4867 335 4936 subjecto
356 4868 489 4923 differant.
529 4869 622 4923 Motus
642 4868 716 4924 enim
738 4869 872 4924 assimila·
909 4871 941 4924 fit
954 4869 1098 4924 resonatio.
1138 4867 1249 4923 Etenim
1267 4868 1385 4939 impulsa
1403 4886 1543 4940 campana,
1561 4885 1643 4923 sonus
1664 4868 1699 4923 ad

75 4948 162 5001 timis
177 4945 303 5018 procedit
322 4953 451 5017 tanquam
470 4964 533 5002 cum
545 4947 662 5018 imperio
677 4955 704 5002 et
722 4954 870 5019 potestater
909 4949 979 5002 bene
992 4964 1122 5019 magnum
1135 4954 1242 5017 tempus
1256 4949 1408 5004 condonari
1422 4949 1542 5012 rideturt
1556 4949 1628 5002 unde
1639 4947 1700 5017 quis

73 5027 156 5094 jubet
169 5026 246 5080 enim
256 5034 285 5080 et
293 5025 368 5096 cogit
378 5025 590 5082 assimilatumiu
599 5026 795 5082 assimilantem
803 5026 871 5082 serti
910 5027 991 5082 facile
1004 5028 1034 5081 in
1047 5043 1165 5082 errorem
1178 5026 1292 5093 labatur,
1306 5028 1330 5082 si
1344 5028 1481 5083 existimet
1495 5035 1555 5081 toto
1567 5026 1616 5080 illo
1628 5034 1699 5080 tem-

76 5114 104 5160 et
118 5105 232 5160 mutari.
273 5103 413 5160 Atmotus
426 5106 597 5160 recitationis
610 5106 873 5177 procedittanquam
911 5123 976 5176 pore
999 5122 1094 5161 sonum
1117 5113 1246 5177 tanquam
1268 5112 1363 5162 natare
1387 5113 1416 5162 et
1437 5106 1541 5161 harere
1563 5105 1593 5159 in
1616 5104 1698 5169 amet

76 5192 139 5239 arte
153 5192 182 5238 et
195 5183 385 5248 insinuatione,
400 5191 428 5237 et
443 5184 550 5249 iurtim;
572 5185 873 5248 otiositattantum,et
911 5185 983 5256 quod
1001 5184 1176 5241 falsissimum
1197 5194 1244 5240 est.
1293 5185 1404 5240 Etenim
1424 5185 1473 5239 illa
1491 5184 1627 5239 resonatio
1646 5200 1702 5238 non

77 5263 201 5335 disponit
223 5262 371 5317 excitatum
391 5262 426 5317 ad
447 5271 569 5317 naturam
588 5264 741 5319 excitantis.
780 5265 873 5320 Etiam
911 5271 953 5318 est
966 5265 1039 5319 idem
1053 5281 1135 5319 sonus
1148 5280 1268 5329 numero,
1282 5266 1330 5319 sed
1343 5271 1493 5319 moueatur.
1534 5262 1596 5317 Hoc
1609 5271 1702 5318 annm

77 5352 170 5397 motus
187 5342 395 5398 assimilationis
416 5341 579 5412 multiplicat
592 5351 618 5397 ct
633 5343 804 5399 uansiormat
817 5360 873 5398 cor·
912 5344 1098 5399 manifestatur
1112 5361 1147 5399 er
1166 5344 1305 5398 mdatione
1326 5344 1384 5398 sive
1401 5341 1567 5397 cohibitione
1581 5342 1702 5413 corporis

78 5438 150 5493 pora
166 5431 195 5476 et
216 5421 398 5488 substantium
419 5420 513 5488 veluti,
533 5421 595 5491 plus
615 5424 644 5478 lit
666 5424 790 5488 flamma,
812 5422 874 5493 plus
912 5424 1041 5494 percussi.
1082 5423 1112 5479 Si
1132 5424 1206 5478 enim
1225 5423 1335 5477 sistatur
1352 5428 1380 5477 et
1399 5421 1551 5476 detineatur
1570 5438 1704 5492 campana
