3800 5875
230 322 287 375 434

595 492 659 531 XVI·

270 586 403 640 Notiones
417 585 569 639 infimarum
583 584 742 653 specierum,
751 585 873 648 hortinis,
887 586 973 646 canta,
982 600 1023 636 co

231 666 334 729 lumbar,
349 672 376 718 et
387 664 596 735 prehensionum
612 663 828 717 immediatamm
842 679 944 726 seusus,
954 663 1022 716 coli·

231 746 269 808 dr',
277 745 396 817 frigidi,
410 744 473 805 atii,
487 744 572 812 nigri,
587 759 640 795 uon
654 742 751 795 fallunt
762 758 939 812 magnopere3
962 759 1023 812 quae

230 832 321 876 tamen
339 823 407 892 ipsae
421 840 438 876 a
451 823 525 876 fluxu
539 821 659 875 materia
674 830 701 875 et
720 821 909 875 commissione
932 836 1022 874 rerum

231 902 391 972 quandoque
415 900 627 964 confunduntur;
657 899 769 971 reliquas
792 917 886 954 omues
910 899 1022 971 (quibus

231 980 357 1035 homiues
378 980 509 1033 hactenus
527 980 568 1033 usi
589 980 662 1046 sunt)
677 979 861 1033 aberrationes
879 988 950 1043 sunt,
972 995 1022 1032 nec

232 1059 328 1114 debitis
338 1059 424 1113 modis
439 1075 456 1113 a
469 1058 550 1112 rebus
562 1057 703 1112 abstractae
717 1066 745 1112 et
760 1058 897 1113 excitata.

588 1198 665 1236 xvn.

270 1293 330 1348 Nec
341 1294 430 1347 minor
443 1300 484 1346 cst
497 1292 582 1345 libido
594 1300 623 1345 ιι
635 1291 770 1346 aberratio
784 1292 812 1346 in
829 1291 1023 1347 constituendis

231 1372 420 1436 axiomatibus,
435 1388 516 1442 quam
535 1372 564 1425 in
578 1372 733 1425 notionibus
753 1369 960 1435 abstrahendis;
982 1373 1022 1425 id-

232 1468 283 1521 que
304 1451 332 1505 in
354 1451 422 1521 ipsis
444 1451 594 1520 principiis,
609 1468 670 1521 quae
693 1450 728 1502 ab
748 1450 903 1504 inductione
916 1451 1022 1522 vulgari

232 1530 360 1600 pendent.
402 1530 439 1583 At
449 1529 534 1583 mrrlto
542 1529 630 1597 major
638 1539 679 1583 est
689 1530 718 1582 in
726 1530 916 1594 axiomatibus,
926 1538 953 1583 ct
964 1547 1025 1600 pro-

232 1609 411 1679 positionibus
425 1608 606 1672 inferioribus,
621 1626 681 1679 quae
695 1608 786 1664 educit
799 1606 983 1681 syllogismus.
1032 1640 1036 1649 -

586 1748 676 1788 xvnt.

271 1842 337 1903 Quor
356 1843 445 1897 adhuc
467 1843 576 1897 iuventa
597 1850 661 1896 sunt
683 1842 712 1895 in
731 1842 862 1909 scientiis,
876 1860 910 1898 ea
927 1844 1023 1913 hujus·

232 1922 305 1977 modi
319 1930 388 1987 sunt,
403 1929 433 1977 ut
444 1923 600 1976 notionibus
608 1921 765 1992 vulgaribus
780 1922 835 1977 fere
849 1924 1022 1991 subjaceantr

233 2009 264 2055 ut
276 2018 341 2054 sero
354 2001 388 2054 ad
402 2002 529 2055 interiora
543 2009 569 2054 et
584 2002 726 2055 remotiora
743 2010 845 2056 naturae
860 2012 1023 2073 penetretur,

232 2096 343 2134 necesse
357 2088 398 2133 est
410 2088 441 2134 ut
454 2089 510 2134 tam
527 2080 657 2143 notiones,
673 2096 753 2150 quam
768 2081 914 2149 axiomata,
934 2083 1023 2154 magis

233 2167 308 2212 certa
330 2167 359 2214 et
378 2159 483 2212 munita
502 2159 547 2212 via
570 2176 587 2211 a
608 2159 689 2212 rebus
713 2159 921 2223 abstrahantur:
943 2170 1023 2232 atque

233 2238 343 2292 omnino
360 2238 457 2293 melior
476 2247 504 2293 et
523 2238 622 2292 certior
644 2237 797 2293 intellectus
820 2239 977 2310 adoperatio
995 2242 1023 2295 in

234 2318 424 2372 neomaenias

597 2457 663 2497 XIX.

273 2547 342 2604 Dure
354 2546 406 2602 vira
426 2554 497 2613 sunt,
511 2555 591 2619 atque
611 2565 671 2602 esse
696 2556 817 2619 possunt,
832 2552 867 2605 ad
885 2551 1024 2623 inquiren-

234 2628 297 2681 dam
313 2637 342 2681 et
358 2628 548 2682 inveniendam
568 2630 714 2683 veritatem.
756 2629 850 2683 Altera
870 2647 886 2683 a
900 2648 983 2686 sensu
998 2639 1024 2686 et

234 2706 441 2776 particularibus
455 2706 562 2761 aduolat
575 2709 609 2762 ad
620 2708 758 2763 axiomata
771 2710 890 2765 maxime
910 2728 1023 2781 genera·

233 2786 279 2849 lis,
290 2793 372 2857 atque
382 2786 460 2840 exiis
474 2788 615 2857 principiis
626 2804 774 2857 eorumque
788 2789 900 2843 immota
910 2791 1024 2845 ueritate

230 2865 335 2934 judicat
348 2873 376 2920 et
397 2866 501 2923 invenit
520 2868 657 2921 axiomata
678 2869 782 2921 media:
804 2878 886 2940 atque
906 2869 967 2923 haec
981 2870 1025 2923 ris

234 2946 263 2998 in
276 2963 327 3001 usu
341 2953 391 3001 ιιι.
432 2945 526 3001 Altera
535 2963 553 2999 a
566 2964 646 3001 sensu
661 2957 689 3007 ιι
703 2948 909 3017 particularibus
924 2950 1026 3004 excitat

234 3024 379 3090 axiomata,
405 3026 575 3080 ascendendo
598 3027 765 3081 continenter
788 3035 814 3081 et
835 3028 978 3099 gradatim,
997 3039 1026 3084 ut

233 3104 329 3158 ultimo
341 3104 402 3160 loco
421 3105 594 3176 perveniatur
606 3106 641 3159 ad
654 3107 772 3161 maxime
787 3107 942 3178 generalia3
964 3128 1026 3181 quae

234 3184 279 3237 via
294 3200 358 3239 vera
371 3192 420 3250 est,
431 3185 479 3240 sed
492 3184 633 3240 intentata.

607 3321 659 3361 XX·

274 3414 395 3469 Eandem
416 3415 567 3487 ingreditur
579 3415 651 3470 mam
667 3416 798 3487 (priorem
817 3418 933 3488 scilicet)
948 3419 1026 3474 intel-

234 3494 322 3548 lectus
341 3494 393 3550 sibi
415 3495 570 3565 permissus,
585 3513 666 3567 quam
689 3496 753 3551 facit
770 3515 806 3552 ex
820 3499 914 3553 ordine
928 3498 1026 3553 dialec-

235 3574 303 3628 tica.
344 3574 433 3628 Gestit
446 3575 519 3629 euim
533 3591 611 3629 mens
620 3576 718 3630 exilire
728 3577 763 3632 ad
777 3579 865 3650 magis
878 3578 1025 3649 generalia,

235 3661 265 3706 ut
277 3653 448 3724 acquiescat:
469 3661 497 3708 et
510 3663 574 3724 post
586 3670 697 3723 parvam
712 3674 814 3711 moram
828 3657 932 3712 fastidit
944 3674 1026 3727 expc-

235 3732 376 3786 rientiam:
401 3732 449 3787 sed
467 3732 527 3787 baec
549 3733 624 3787 mala
641 3735 749 3789 demum
770 3744 850 3792 aucta
862 3745 925 3791 sunt
939 3754 956 3791 a
969 3738 1026 3792 dia·

235 3810 330 3865 lectica
343 3812 379 3866 ob
392 3828 506 3882 pompas
519 3812 742 3884 disputationum.

596 3952 662 3994 xxi.

277 4042 432 4099 Intellectus
454 4044 507 4099 sibi
528 4046 683 4115 permissus,
704 4047 733 4100 in
756 4047 868 4118 iugenio
889 4049 980 4103 sobrio
1000 4058 1028 4105 et

237 4122 354 4191 patiente
369 4131 396 4175 et
415 4125 491 4195 grau
507 4127 669 4195 (praesertim
685 4126 708 4181 si
729 4127 890 4183 adoctrinis
909 4131 1028 4200 receptis

236 4217 291 4254 non
304 4201 478 4272 impediatur)
492 4212 579 4258 tentat
591 4204 716 4259 nonnihil
730 4205 805 4260 illam
820 4206 932 4262 alterans
946 4210 1026 4275 riam,

865 317 1005 374 NOVUM
1026 315 1226 373 ORGANUM.

1749 308 1812 362 Lus.
1830 309 1849 362 l.

1060 474 1140 538 idola,
1155 482 1182 529 ιι
1194 474 1294 529 dimna
1315 472 1413 527 mentis
1432 471 1516 535 ideas,
1529 469 1583 524 boc
1597 475 1646 532 est,
1659 468 1733 522 inter
1750 465 1852 537 placita

1061 555 1184 624 quaedam
1206 552 1306 617 inania,
1328 560 1446 605 etseras
1463 551 1618 621 signaturas
1641 555 1724 618 atque
1743 548 1853 617 impres·

1060 633 1151 687 aiones
1165 633 1251 687 factas
1264 632 1294 687 in
1308 631 1446 695 creaturis,
1460 636 1539 700 prout
1547 627 1735 683 inveniuntur.

1416 785 1504 825 xm.

1100 880 1187 935 Nullo
1200 882 1281 935 modo
1298 882 1357 936 fleri
1376 885 1474 951 potest,
1494 885 1527 933 ut
1542 876 1684 931 axiomata
1701 890 1752 944 per
1771 890 1851 945 argu·

1060 961 1251 1014 mentationem
1261 957 1852 1024 constitutaadinrentionemnororumope·

1061 1056 1120 1092 rum
1134 1039 1258 1103 valeant;
1285 1040 1348 1111 quis
1358 1036 1493 1094 subtilitas
1505 1044 1610 1091 naturas
1623 1033 1803 1089 subtilitatem
1812 1050 1851 1086 sr-

1061 1118 1237 1188 gumentaudi
1249 1119 1343 1173 multis
1357 1115 1479 1189 partibus
1489 1123 1607 1185 superat.
1642 1113 1698 1167 Sed
1709 1112 1849 1174 amomata,

1061 1213 1079 1250 a
1090 1197 1299 1268 particularibus
1313 1198 1363 1252 rite
1378 1204 1405 1251 et
1418 1195 1511 1249 ordine
1525 1193 1670 1257 abstracta,
1684 1208 1758 1246 nora
1770 1193 1850 1262 parti·

1060 1276 1164 1331 cularia
1176 1293 1269 1332 narsus
1283 1276 1363 1330 facile
1381 1276 1511 1340 indicant,
1525 1280 1554 1327 et
1573 1273 1740 1345 designant;
1761 1272 1849 1342 itaque

1061 1356 1188 1411 scientias
1201 1355 1316 1412 reddunt
1329 1358 1438 1410 ιιιῑιιι.

1422 1507 1496 1548 XXV.

1102 1602 1253 1670 inumata,
1267 1622 1328 1675 quaa
1341 1603 1370 1659 in
1384 1620 1434 1659 ιιιιι
1453 1607 1523 1666 sunt,
1536 1618 1573 1656 ex
1592 1599 1670 1655 tenui
1690 1609 1719 1652 et
1736 1598 1849 1669 msaipu

1061 1681 1112 1737 lari
1136 1684 1313 1755 experientia,
1336 1689 1363 1737 et
1383 1682 1478 1754 paucis
1501 1679 1722 1752 particularibus,
1744 1695 1801 1749 qua
1822 1690 1850 1731 nt

1061 1763 1208 1833 plurimum
1227 1769 1378 1828 accurrunt,
1392 1763 1511 1826 fluxere;
1532 1767 1561 1814 ct
1574 1768 1639 1814 sunt
1657 1758 1716 1812 iere
1736 1758 1771 1811 ad
1783 1775 1850 1810 men·

1061 1859 1152 1897 suram
1165 1859 1258 1897 eorum
1273 1843 1344 1896 facts
1358 1849 1386 1896 et
1399 1849 1529 1896 extensa:
1549 1846 1580 1894 ut
1599 1838 1640 1892 nil
1658 1838 1759 1892 mirum
1776 1837 1848 1899 sitsi

1061 1921 1096 1975 ad
1120 1938 1190 1976 nova
1215 1920 1387 1991 particularia
1410 1937 1464 1974 non
1490 1920 1598 1974 ducant.
1639 1917 1720 1978 Quod
1743 1917 1766 1971 si
1788 1917 1848 1970 forte

1061 2002 1192 2055 instantia
1206 2000 1304 2072 aliqua,
1318 2017 1372 2054 non
1385 1990 1460 2068 prius
1474 1998 1663 2053 animadversa
1677 2004 1726 2050 aut
1739 1995 1847 2066 cognita,

1062 2097 1091 2134 se
1105 2080 1207 2145 offerat,
1217 2081 1326 2135 axioma
1336 2079 1507 2133 distinctione
1517 2077 1610 2148 aliqua
1620 2074 1723 2131 frivola
1730 2075 1848 2138 salratun

1061 2159 1108 2214 ubl
1122 2160 1258 2215 emendari
1271 2160 1361 2231 ipsum
1375 2159 1465 2213 serius
1482 2156 1559 2212 foret

1416 2295 1504 2336 XXVI·

1102 2392 1245 2447 Rationem
1270 2392 1426 2457 humanam,
1454 2408 1509 2463 qua
1533 2390 1638 2446 utimur
1665 2388 1702 2443 sd
1726 2396 1849 2449 namran,

1062 2471 1272 2543 nuncupationes
1299 2482 1408 2528 naturae
1432 2472 1509 2542 (quia
1533 2487 1578 2525 res
1600 2469 1748 2523 temeraria
1769 2477 1807 2522 est
1826 2478 1849 2521 et

1062 2554 1236 2622 pneumatum)
1265 2560 1293 2605 at
1312 2551 1388 2606 illam
1412 2552 1543 2606 rationem
1567 2567 1629 2621 qnae
1651 2547 1752 2602 debitis
1771 2547 1849 2602 modis

1062 2631 1170 2686 elicitur
1190 2647 1207 2684 a
1228 2631 1316 2695 rebus,
1340 2632 1586 2703 interpretationem
1604 2637 1725 2693 ιιιιιινω,
1745 2627 1848 2682 doeeudi

1063 2711 1157 2782 grstia
1172 2726 1268 2765 vocare
1281 2711 1477 2765 consuevimus.

1408 2847 1510 2888 xxvu.

1102 2944 1322 3017 Anticipationes
1345 2944 1412 2998 satis
1436 2945 1521 2998 firmia
1543 2941 1658 2996 suntad
1677 2959 1846 3004 consensum

1063 3024 1287 3096 quandoquidem,
1298 3024 1321 3077 si
1334 3023 1460 3078 homines
1470 3022 1552 3077 etiam
1566 3022 1720 3075 insanirent
1732 3022 1766 3075 ad
1775 3039 1849 3077 anun
1878 3081 1879 3086 .

1064 3104 1173 3160 modrrm
1186 3112 1213 3159 et
1232 3102 1412 3168 conformiter,
1427 3101 1468 3156 illi
1489 3101 1556 3157 satis
1573 3101 1645 3155 bene
1659 3101 1733 3156 inter
1751 3118 1780 3156 sc
1795 3117 1849 3156 eon

1063 3200 1160 3256 gruere
1173 3189 1292 3254 possent.

1406 3323 1521 3364 xxvm.

1103 3420 1174 3481 Quin
1195 3420 1276 3492 longe
1291 3419 1434 3476 validiores
1456 3419 1567 3475 suntad
1581 3417 1752 3474 subeundum
1766 3434 1847 3473 assm-

1064 3516 1123 3554 sum
1137 3501 1353 3572 anticipationes,
1369 3516 1450 3570 quam
1467 3500 1726 3569 interpretationes.-
1747 3499 1807 3571 quia
1819 3514 1849 3551 ex

1064 3580 1157 3648 paucis
1171 3578 1299 3643 collectae,
1313 3580 1400 3651 iisque
1413 3579 1533 3634 maxime
1548 3596 1609 3650 quse
1623 3578 1796 3633 familiariter
1813 3594 1849 3629 oc·

1064 3667 1180 3724 currunt,
1194 3658 1360 3714 intellectum
1381 3659 1473 3713 statim
1492 3658 1687 3729 perstringunt,
1703 3668 1733 3712 et
1745 3657 1849 3729 phante-

1064 3739 1133 3793 sism
1146 3738 1275 3808 implentr
1296 3739 1343 3793 nbi
1357 3746 1457 3802 contra,
1468 3738 1716 3810 interpretationes,
1731 3755 1767 3791 ex
1779 3737 1849 3791 rebus

1065 3817 1207 3872 admodum
1220 3818 1304 3872 variis
1317 3825 1345 3872 et
1357 3816 1473 3873 multum
1486 3817 1651 3871 distantibus
1672 3817 1789 3890 sparsim
1801 3813 1848 3868 col·

1064 3896 1149 3961 lectae,
1164 3896 1331 3951 intellectum
1345 3897 1434 3952 subita
1450 3904 1591 3967 percutere
1606 3912 1661 3950 non
1681 3906 1806 3967 possunt;
1824 3902 1849 3947 ut

1064 3975 1225 4030 accessesit
1245 3992 1299 4040 eas,
1321 3977 1410 4047 quoad
1430 3977 1572 4047 opiniones
1594 3974 1677 4030 duras
1691 3985 1721 4031 et
1734 3977 1849 4035 abnuas

1065 4055 1121 4110 fere
1135 4055 1220 4109 instar
1229 4056 1418 4127 mysteriorum
1432 4055 1495 4109 fidei
1508 4055 1606 4110 sideri.

1418 4195 1507 4235 x11x.

237 4296 298 4350 quae
311 4288 385 4334 recta
399 4291 446 4346 est,
462 4284 509 4337 sed
519 4286 620 4354 exiguo
630 4285 768 4354 profectu;
787 4303 848 4340 curn
861 4286 1026 4353 intellectus,
1106 4286 1138 4339 Iu
1153 4285 1282 4350 scientiis,
1306 4303 1367 4357 quse
1380 4285 1408 4340 in
1429 4285 1603 4357 opinionibus
1620 4295 1650 4341 et
1672 4287 1780 4358 placitis
1799 4286 1849 4338 fun

237 4359 290 4414 nisi
304 4368 413 4429 regatur
426 4370 454 4415 ιι
471 4363 587 4431 juretur,
602 4380 645 4417 res
658 4363 802 4435 inaequalis
818 4365 861 4430 sit,
876 4373 905 4419 ct
918 4368 1028 4422 omnino
1066 4365 1134 4419 datae
1148 4372 1217 4428 sunt,
1233 4364 1320 4419 bonus
1340 4372 1381 4419 est
1398 4383 1463 4421 usus
1477 4367 1705 4438 anticipationem
1719 4375 1748 4421 et
1760 4365 1849 4420 dialec-

238 4438 366 4493 inbabilis
381 4440 416 4494 ad
429 4443 608 4512 superandam
623 4460 711 4498 rerum
726 4444 923 4499 obsctmtatem.
1065 4445 1141 4506 ticae3
1164 4443 1271 4515 quando
1284 4460 1352 4514 opus
1362 4452 1404 4499 est
1417 4462 1558 4500 ιιιιιιιιιιιι
1571 4446 1729 4518 subjugare,
1740 4463 1793 4500 nou
1804 4460 1848 4499 res

592 4579 673 4621 xxti.
1427 4585 1502 4625 XXX·

277 4667 398 4740 Utraque
412 4668 457 4722 sia
476 4669 611 4726 orditura
624 4688 706 4727 sensu
720 4680 747 4726 et
765 4672 982 4743 particularibus,
1000 4683 1029 4729 et
1105 4678 1177 4741 Non,
1191 4678 1214 4731 si
1230 4678 1322 4732 omnia
1341 4677 1462 4733 omnium
1474 4685 1586 4734 atatam
1607 4679 1722 4750 ingenia
1739 4677 1847 4738 eotenus

237 4748 386 4818 acquiescit
404 4748 432 4802 in
446 4751 565 4804 maxime
587 4751 776 4821 generalibus:
798 4752 846 4805 sed
865 4753 1029 4808 immensum
1066 4763 1094 4810 et
1107 4757 1214 4810 labores
1235 4756 1399 4812 contulerint
1419 4764 1447 4812 et
1467 4758 1676 4822 transmiserint,
1699 4771 1849 4830 progressus

237 4827 363 4898 quiddam
378 4827 546 4898 discrepant,
567 4847 629 4883 cum
643 4830 728 4885 altera
747 4832 911 4903 perstringat
924 4841 1028 4890 tantum
1067 4850 1181 4907 magnus
1195 4837 1253 4889 lieri
1270 4835 1409 4905 poteritis
1424 4837 1546 4890 scientiis
1565 4853 1614 4906 per
1627 4839 1848 4910 anticipationem

237 4908 432 4976 experientiam
456 4916 484 4962 et
505 4909 678 4978 particularia
699 4913 816 4974 cursims
838 4909 924 4965 altera
943 4912 973 4965 in
994 4914 1029 4966 iis
1067 4915 1132 4985 quia
1145 4933 1249 4970 errores
1263 4915 1402 4980 radicales,
1413 4925 1442 4970 et
1450 4916 1478 4969 in
1487 4916 1575 4986 prima
1588 4917 1742 4987 digestione
1752 4915 1847 4974 mentia

236 4986 288 5039 rite
301 4995 329 5040 et
340 4987 433 5041 ordine
443 4997 581 5053 versetur3
603 4987 688 5041 altera
699 5006 791 5044 rursus
801 4990 858 5058 jam
867 5007 884 5044 a
894 4991 1030 5061 principio
1067 4993 1101 5047 ab
1111 4994 1273 5049 excellentis
1283 4995 1453 5050 functionum
1463 5003 1490 5049 et
1499 4995 1681 5051 remediorum
1690 4995 1847 5070 sequentiam

236 5067 382 5120 constituat
404 5067 543 5137 generalia
562 5068 685 5138 quaedam
708 5069 849 5134 abstracta,
864 5080 891 5123 et
904 5069 1027 5136 innuba,
1068 5090 1122 5127 non
1137 5083 1271 5129 curantur.

236 5143 322 5198 altera
342 5146 476 5216 gradatim
496 5155 611 5216 exurgat
624 5147 659 5200 ad
679 5163 713 5199 ea
730 5165 791 5217 quae
808 5165 903 5202 resera
924 5158 1029 5204 naturae

237 5232 299 5278 sunt
313 5226 426 5279 notiora.
1414 5212 1504 5252 xxxa

1107 5308 1217 5361 Iimstra
1231 5324 1359 5378 magnum
1374 5313 1533 5379 expectatur
1543 5317 1719 5378 augmentum
1732 5310 1760 5364 in
1772 5308 1848 5362 scien

1068 5384 1113 5440 tiis
1127 5404 1163 5440 ex
1182 5387 1418 5457 superinductione
1440 5396 1468 5441 et
1484 5387 1612 5442 insitione
1633 5405 1759 5443 nasorum
1774 5400 1846 5455 super

277 5460 342 5512 Non
363 5460 422 5515 leuc
437 5461 565 5530 quiddam
579 5462 692 5517 interest
705 5460 776 5516 inter
789 5461 916 5518 humanae
930 5465 1028 5519 mentis
1066 5474 1175 5530 vetetur
1198 5465 1246 5520 sed
1260 5466 1420 5522 instauratio
1435 5467 1557 5522 facienda
1571 5477 1614 5523 ιιι
1632 5468 1668 5523 ab
1684 5468 1746 5523 imis
1760 5463 1844 5521 lunda·

589 5365 680 5405 xxttt.
