<?xml version="1.0" encoding="UTF-8"?>
<!DOCTYPE html PUBLIC "-//W3C//DTD XHTML 1.0 Transitional//EN"
    "http://www.w3.org/TR/xhtml1/DTD/xhtml1-transitional.dtd">
<html xmlns="http://www.w3.org/1999/xhtml" xml:lang="en" lang="en">
 <head>
  <title>
</title>
<meta http-equiv="Content-Type" content="text/html;charset=utf-8" />
  <meta name='ocr-system' content='tesseract 3.04.00' />
  <meta name='ocr-capabilities' content='ocr_page ocr_carea ocr_par ocr_line ocrx_word'/>
</head>
<body>
  <div class='ocr_page' id='page_1' title='image "./workslordbaconw00bacogoog/workslordbaconw00bacogoog_0634.png"; bbox 0 0 3800 5875; ppageno 0'>
   <div class='ocr_carea' id='block_1_1' title="bbox 210 289 1308 352">
    <p class='ocr_par' dir='ltr' id='par_1_1' title="bbox 210 289 1308 352">
     <span class='ocr_line' id='line_1_1' title="bbox 210 289 1308 352; baseline -0.006 0"><span class='ocrx_word' id='word_1_1' title='bbox 210 297 269 352; x_wconf 79' lang='lat' dir='ltr'><strong>tut</strong></span> <span class='ocrx_word' id='word_1_2' title='bbox 744 292 927 348; x_wconf 82' lang='lat' dir='ltr'>HISTORIA</span> <span class='ocrx_word' id='word_1_3' title='bbox 950 291 1040 348; x_wconf 88' lang='lat' dir='ltr'>SONI</span> <span class='ocrx_word' id='word_1_4' title='bbox 1063 291 1112 347; x_wconf 79' lang='lat' dir='ltr'><strong>ET</strong></span> <span class='ocrx_word' id='word_1_5' title='bbox 1132 289 1308 347; x_wconf 79' lang='lat' dir='ltr'>AUDITUS.</span> 
     </span>
    </p>
   </div>
   <div class='ocr_carea' id='block_1_2' title="bbox 206 445 1853 5462">
    <p class='ocr_par' dir='ltr' id='par_1_2' title="bbox 206 445 1853 5462">
     <span class='ocr_line' id='line_1_2' title="bbox 208 445 1853 527; baseline -0.009 -15"><span class='ocrx_word' id='word_1_6' title='bbox 208 456 289 527; x_wconf 82' lang='lat' dir='ltr'><strong>jectia</strong></span> <span class='ocrx_word' id='word_1_7' title='bbox 300 454 447 511; x_wconf 87' lang='lat' dir='ltr'><strong>aecundum</strong></span> <span class='ocrx_word' id='word_1_8' title='bbox 461 452 550 524; x_wconf 84' lang='lat' dir='ltr'><strong>magia</strong></span> <span class='ocrx_word' id='word_1_9' title='bbox 564 460 611 508; x_wconf 91' lang='lat' dir='ltr'><strong>aut</strong></span> <span class='ocrx_word' id='word_1_10' title='bbox 624 452 713 507; x_wconf 84' lang='lat' dir='ltr'><strong>minua</strong></span> <span class='ocrx_word' id='word_1_11' title='bbox 726 452 812 523; x_wconf 90' lang='lat' dir='ltr'><strong>gratia</strong></span> <span class='ocrx_word' id='word_1_12' title='bbox 826 458 873 507; x_wconf 89' lang='lat' dir='ltr'><strong>aut</strong></span> <span class='ocrx_word' id='word_1_13' title='bbox 887 450 1006 507; x_wconf 86' lang='lat' dir='ltr'><strong>odioaia:</strong></span> <span class='ocrx_word' id='word_1_14' title='bbox 1084 450 1208 506; x_wconf 80' lang='lat' dir='ltr'><strong>Celerina</strong></span> <span class='ocrx_word' id='word_1_15' title='bbox 1226 450 1384 504; x_wconf 76' lang='lat' dir='ltr'><strong>deteruntur</strong></span> <span class='ocrx_word' id='word_1_16' title='bbox 1400 446 1508 518; x_wconf 82' lang='lat' dir='ltr'><strong>apcciea</strong></span> <span class='ocrx_word' id='word_1_17' title='bbox 1527 445 1610 509; x_wconf 70' lang='lat' dir='ltr'><strong>viane</strong></span> <span class='ocrx_word' id='word_1_18' title='bbox 1630 463 1715 518; x_wconf 87' lang='lat' dir='ltr'><strong>quam</strong></span> <span class='ocrx_word' id='word_1_19' title='bbox 1734 446 1803 507; x_wconf 79' lang='lat' dir='ltr'><strong>coni,</strong></span> <span class='ocrx_word' id='word_1_20' title='bbox 1818 454 1853 498; x_wconf 89' lang='lat' dir='ltr'><strong>ot</strong></span> 
     </span>
     <span class='ocr_line' id='line_1_3' title="bbox 210 525 1852 602; baseline -0.007 -11"><span class='ocrx_word' id='word_1_21' title='bbox 210 544 330 591; x_wconf 88' lang='lat' dir='ltr'><strong>attamen</strong></span> <span class='ocrx_word' id='word_1_22' title='bbox 343 535 466 588; x_wconf 87' lang='lat' dir='ltr'><strong>afficiunt</strong></span> <span class='ocrx_word' id='word_1_23' title='bbox 477 533 560 587; x_wconf 88' lang='lat' dir='ltr'><strong>etiam</strong></span> <span class='ocrx_word' id='word_1_24' title='bbox 572 533 654 588; x_wconf 89' lang='lat' dir='ltr'><strong>modo</strong></span> <span class='ocrx_word' id='word_1_25' title='bbox 669 548 719 586; x_wconf 90' lang='lat' dir='ltr'><strong>auo</strong></span> <span class='ocrx_word' id='word_1_26' title='bbox 732 532 882 587; x_wconf 86' lang='lat' dir='ltr'><strong>inanimata</strong></span> <span class='ocrx_word' id='word_1_27' title='bbox 895 548 1007 602; x_wconf 90' lang='lat' dir='ltr'><strong>propor·</strong></span> <span class='ocrx_word' id='word_1_28' title='bbox 1043 530 1227 601; x_wconf 91' lang='lat' dir='ltr'><strong>percipituriu</strong></span> <span class='ocrx_word' id='word_1_29' title='bbox 1238 530 1356 589; x_wconf 83' lang='lat' dir='ltr'><strong>flamma.</strong></span> <span class='ocrx_word' id='word_1_30' title='bbox 1367 535 1395 582; x_wconf 92' lang='lat' dir='ltr'><strong>et</strong></span> <span class='ocrx_word' id='word_1_31' title='bbox 1404 527 1494 582; x_wconf 80' lang='lat' dir='ltr'><strong>sonitu</strong></span> <span class='ocrx_word' id='word_1_32' title='bbox 1505 525 1709 596; x_wconf 83' lang='lat' dir='ltr'><strong>aolopetorum;</strong></span> <span class='ocrx_word' id='word_1_33' title='bbox 1727 526 1852 580; x_wconf 84' lang='lat' dir='ltr'><strong>ctiamin</strong></span> 
     </span>
     <span class='ocr_line' id='line_1_4' title="bbox 210 605 1843 685; baseline -0.007 -15"><span class='ocrx_word' id='word_1_34' title='bbox 210 617 315 670; x_wconf 90' lang='lat' dir='ltr'><strong>tionata</strong></span> <span class='ocrx_word' id='word_1_35' title='bbox 327 622 355 669; x_wconf 87' lang='lat' dir='ltr'><strong>et</strong></span> <span class='ocrx_word' id='word_1_36' title='bbox 367 613 480 685; x_wconf 86' lang='lat' dir='ltr'><strong>organia</strong></span> <span class='ocrx_word' id='word_1_37' title='bbox 493 629 620 667; x_wconf 72' lang='lat' dir='ltr'><strong>murnum</strong></span> <span class='ocrx_word' id='word_1_38' title='bbox 639 612 683 682; x_wconf 90' lang='lat' dir='ltr'><strong>(ut</strong></span> <span class='ocrx_word' id='word_1_39' title='bbox 700 611 821 681; x_wconf 88' lang='lat' dir='ltr'><strong>videtur)</strong></span> <span class='ocrx_word' id='word_1_40' title='bbox 835 611 1005 676; x_wconf 76' lang='lat' dir='ltr'><strong>conformia3</strong></span> <span class='ocrx_word' id='word_1_41' title='bbox 1043 609 1160 681; x_wconf 82' lang='lat' dir='ltr'><strong>fulgure,</strong></span> <span class='ocrx_word' id='word_1_42' title='bbox 1174 618 1203 664; x_wconf 92' lang='lat' dir='ltr'><strong>et</strong></span> <span class='ocrx_word' id='word_1_43' title='bbox 1215 610 1324 672; x_wconf 75' lang='lat' dir='ltr'><strong>tonitru,</strong></span> <span class='ocrx_word' id='word_1_44' title='bbox 1339 607 1386 662; x_wconf 88' lang='lat' dir='ltr'><strong>ubi</strong></span> <span class='ocrx_word' id='word_1_45' title='bbox 1399 607 1499 661; x_wconf 82' lang='lat' dir='ltr'><strong>tonitru</strong></span> <span class='ocrx_word' id='word_1_46' title='bbox 1511 605 1621 660; x_wconf 77' lang='lat' dir='ltr'><strong>auditur</strong></span> <span class='ocrx_word' id='word_1_47' title='bbox 1634 613 1699 676; x_wconf 83' lang='lat' dir='ltr'><strong>poet</strong></span> <span class='ocrx_word' id='word_1_48' title='bbox 1711 622 1843 676; x_wconf 69' lang='lat' dir='ltr'><strong>paumm.</strong></span> 
     </span>
     <span class='ocr_line' id='line_1_5' title="bbox 210 684 1851 765; baseline -0.007 -16"><span class='ocrx_word' id='word_1_49' title='bbox 210 705 243 749; x_wconf 92' lang='lat' dir='ltr'><strong>ut</strong></span> <span class='ocrx_word' id='word_1_50' title='bbox 262 694 368 749; x_wconf 91' lang='lat' dir='ltr'><strong>colorea</strong></span> <span class='ocrx_word' id='word_1_51' title='bbox 387 693 537 765; x_wconf 76' lang='lat' dir='ltr'><strong>apeculum</strong></span> <span class='ocrx_word' id='word_1_52' title='bbox 551 693 624 763; x_wconf 90' lang='lat' dir='ltr'><strong>quod</strong></span> <span class='ocrx_word' id='word_1_53' title='bbox 647 691 836 761; x_wconf 87' lang='lat' dir='ltr'><strong>cryataliinum</strong></span> <span class='ocrx_word' id='word_1_54' title='bbox 855 698 897 745; x_wconf 86' lang='lat' dir='ltr'><strong>eet</strong></span> <span class='ocrx_word' id='word_1_55' title='bbox 919 691 1007 745; x_wconf 86' lang='lat' dir='ltr'><strong>inatar</strong></span> <span class='ocrx_word' id='word_1_56' title='bbox 1083 689 1177 744; x_wconf 86' lang='lat' dir='ltr'><strong>Etiam</strong></span> <span class='ocrx_word' id='word_1_57' title='bbox 1187 688 1315 743; x_wconf 85' lang='lat' dir='ltr'><strong>exiatimo</strong></span> <span class='ocrx_word' id='word_1_58' title='bbox 1325 686 1428 741; x_wconf 86' lang='lat' dir='ltr'><strong>diutina</strong></span> <span class='ocrx_word' id='word_1_59' title='bbox 1440 686 1545 740; x_wconf 72' lang='lat' dir='ltr'><strong>harere</strong></span> <span class='ocrx_word' id='word_1_60' title='bbox 1559 686 1670 756; x_wconf 85' lang='lat' dir='ltr'><strong>apeciee</strong></span> <span class='ocrx_word' id='word_1_61' title='bbox 1683 684 1755 749; x_wconf 85' lang='lat' dir='ltr'><strong>enni,</strong></span> <span class='ocrx_word' id='word_1_62' title='bbox 1765 701 1851 755; x_wconf 80' lang='lat' dir='ltr'><strong>qnam</strong></span> 
     </span>
     <span class='ocr_line' id='line_1_6' title="bbox 210 765 1850 843; baseline -0.007 -13"><span class='ocrx_word' id='word_1_63' title='bbox 210 775 299 840; x_wconf 80' lang='lat' dir='ltr'><strong>oculi;</strong></span> <span class='ocrx_word' id='word_1_64' title='bbox 318 775 379 829; x_wconf 88' lang='lat' dir='ltr'><strong>aoni</strong></span> <span class='ocrx_word' id='word_1_65' title='bbox 396 773 472 828; x_wconf 93' lang='lat' dir='ltr'><strong>locoa</strong></span> <span class='ocrx_word' id='word_1_66' title='bbox 486 770 776 843; x_wconf 87' lang='lat' dir='ltr'><strong>reverberationia,qui</strong></span> <span class='ocrx_word' id='word_1_67' title='bbox 785 769 1006 825; x_wconf 87' lang='lat' dir='ltr'><strong>videnturatiam</strong></span> <span class='ocrx_word' id='word_1_68' title='bbox 1043 767 1171 823; x_wconf 82' lang='lat' dir='ltr'><strong>viaibilia</strong></span> <span class='ocrx_word' id='word_1_69' title='bbox 1211 766 1379 822; x_wconf 89' lang='lat' dir='ltr'><strong>Liceteuim</strong></span> <span class='ocrx_word' id='word_1_70' title='bbox 1392 775 1420 820; x_wconf 90' lang='lat' dir='ltr'><strong>et</strong></span> <span class='ocrx_word' id='word_1_71' title='bbox 1440 765 1497 819; x_wconf 70' lang='lat' dir='ltr'><strong>illae</strong></span> <span class='ocrx_word' id='word_1_72' title='bbox 1514 780 1572 819; x_wconf 91' lang='lat' dir='ltr'><strong>nou</strong></span> <span class='ocrx_word' id='word_1_73' title='bbox 1589 765 1682 820; x_wconf 80' lang='lat' dir='ltr'><strong>cubito</strong></span> <span class='ocrx_word' id='word_1_74' title='bbox 1700 765 1850 829; x_wconf 84' lang='lat' dir='ltr'><strong>intereant,</strong></span> 
     </span>
     <span class='ocr_line' id='line_1_7' title="bbox 210 843 1851 909; baseline -0.007 0"><span class='ocrx_word' id='word_1_75' title='bbox 210 855 316 909; x_wconf 88' lang='lat' dir='ltr'><strong>aimilea</strong></span> <span class='ocrx_word' id='word_1_76' title='bbox 329 854 384 909; x_wconf 84' lang='lat' dir='ltr'><strong>oeai</strong></span> <span class='ocrx_word' id='word_1_77' title='bbox 400 865 428 908; x_wconf 89' lang='lat' dir='ltr'><strong>et</strong></span> <span class='ocrx_word' id='word_1_78' title='bbox 440 868 564 907; x_wconf 75' lang='lat' dir='ltr'><strong>ceremur</strong></span> <span class='ocrx_word' id='word_1_79' title='bbox 577 852 659 906; x_wconf 87' lang='lat' dir='ltr'><strong>auria.</strong></span> <span class='ocrx_word' id='word_1_80' title='bbox 1043 855 1074 902; x_wconf 91' lang='lat' dir='ltr'><strong>ut</strong></span> <span class='ocrx_word' id='word_1_81' title='bbox 1093 848 1267 903; x_wconf 81' lang='lat' dir='ltr'><strong>manifeatum</strong></span> <span class='ocrx_word' id='word_1_82' title='bbox 1290 854 1333 901; x_wconf 88' lang='lat' dir='ltr'><strong>eat</strong></span> <span class='ocrx_word' id='word_1_83' title='bbox 1354 846 1385 900; x_wconf 88' lang='lat' dir='ltr'><strong>in</strong></span> <span class='ocrx_word' id='word_1_84' title='bbox 1406 843 1509 899; x_wconf 85' lang='lat' dir='ltr'><strong>circulo</strong></span> <span class='ocrx_word' id='word_1_85' title='bbox 1528 851 1661 908; x_wconf 89' lang='lat' dir='ltr'><strong>vertente,</strong></span> <span class='ocrx_word' id='word_1_86' title='bbox 1684 851 1715 898; x_wconf 93' lang='lat' dir='ltr'><strong>et</strong></span> <span class='ocrx_word' id='word_1_87' title='bbox 1736 843 1851 898; x_wconf 77' lang='lat' dir='ltr'><strong>chordis</strong></span> 
     </span>
     <span class='ocr_line' id='line_1_8' title="bbox 251 923 1851 1003; baseline -0.007 -15"><span class='ocrx_word' id='word_1_88' title='bbox 251 934 341 990; x_wconf 80' lang='lat' dir='ltr'><strong>Ambo</strong></span> <span class='ocrx_word' id='word_1_89' title='bbox 361 938 508 1003; x_wconf 77' lang='lat' dir='ltr'><strong>operantur</strong></span> <span class='ocrx_word' id='word_1_90' title='bbox 527 932 611 995; x_wconf 87' lang='lat' dir='ltr'><strong>varie,</strong></span> <span class='ocrx_word' id='word_1_91' title='bbox 625 936 706 1001; x_wconf 87' lang='lat' dir='ltr'><strong>prout</strong></span> <span class='ocrx_word' id='word_1_92' title='bbox 724 929 828 985; x_wconf 86' lang='lat' dir='ltr'><strong>hebent</strong></span> <span class='ocrx_word' id='word_1_93' title='bbox 847 929 939 984; x_wconf 88' lang='lat' dir='ltr'><strong>media</strong></span> <span class='ocrx_word' id='word_1_94' title='bbox 957 945 1007 984; x_wconf 89' lang='lat' dir='ltr'><strong>aua</strong></span> <span class='ocrx_word' id='word_1_95' title='bbox 1045 927 1136 983; x_wconf 86' lang='lat' dir='ltr'><strong>talitro</strong></span> <span class='ocrx_word' id='word_1_96' title='bbox 1148 927 1294 999; x_wconf 87' lang='lat' dir='ltr'><strong>percuaaia,</strong></span> <span class='ocrx_word' id='word_1_97' title='bbox 1308 933 1337 980; x_wconf 89' lang='lat' dir='ltr'><strong>et</strong></span> <span class='ocrx_word' id='word_1_98' title='bbox 1349 923 1519 996; x_wconf 89' lang='lat' dir='ltr'><strong>crepuaculo,</strong></span> <span class='ocrx_word' id='word_1_99' title='bbox 1532 930 1561 978; x_wconf 90' lang='lat' dir='ltr'><strong>et</strong></span> <span class='ocrx_word' id='word_1_100' title='bbox 1573 923 1734 987; x_wconf 82' lang='lat' dir='ltr'><strong>rimiliboa;</strong></span> <span class='ocrx_word' id='word_1_101' title='bbox 1756 932 1851 977; x_wconf 87' lang='lat' dir='ltr'><strong>tamen</strong></span> 
     </span>
     <span class='ocr_line' id='line_1_9' title="bbox 209 1002 1851 1083; baseline -0.007 -14"><span class='ocrx_word' id='word_1_102' title='bbox 209 1013 281 1069; x_wconf 88' lang='lat' dir='ltr'><strong>bene</strong></span> <span class='ocrx_word' id='word_1_103' title='bbox 295 1022 341 1068; x_wconf 89' lang='lat' dir='ltr'><strong>aut</strong></span> <span class='ocrx_word' id='word_1_104' title='bbox 350 1027 494 1083; x_wconf 88' lang='lat' dir='ltr'><strong>perperam</strong></span> <span class='ocrx_word' id='word_1_105' title='bbox 504 1011 644 1081; x_wconf 81' lang='lat' dir='ltr'><strong>diapoeita</strong></span> <span class='ocrx_word' id='word_1_106' title='bbox 1043 1005 1144 1062; x_wconf 86' lang='lat' dir='ltr'><strong>diutina</strong></span> <span class='ocrx_word' id='word_1_107' title='bbox 1152 1007 1267 1062; x_wconf 88' lang='lat' dir='ltr'><strong>arbitror</strong></span> <span class='ocrx_word' id='word_1_108' title='bbox 1279 1006 1377 1060; x_wconf 84' lang='lat' dir='ltr'><strong>durant</strong></span> <span class='ocrx_word' id='word_1_109' title='bbox 1388 1005 1456 1070; x_wconf 89' lang='lat' dir='ltr'><strong>aoni,</strong></span> <span class='ocrx_word' id='word_1_110' title='bbox 1468 1003 1533 1074; x_wconf 89' lang='lat' dir='ltr'><strong>quia</strong></span> <span class='ocrx_word' id='word_1_111' title='bbox 1544 1002 1851 1058; x_wconf 71' lang='lat' dir='ltr'><strong>deferunturaveotia</strong></span> 
     </span>
     <span class='ocr_line' id='line_1_10' title="bbox 250 1080 1850 1163; baseline -0.006 -16"><span class='ocrx_word' id='word_1_112' title='bbox 250 1093 294 1148; x_wconf 81' lang='lat' dir='ltr'><strong>Aa</strong></span> <span class='ocrx_word' id='word_1_113' title='bbox 307 1092 388 1146; x_wconf 91' lang='lat' dir='ltr'><strong>ambo</strong></span> <span class='ocrx_word' id='word_1_114' title='bbox 401 1091 521 1147; x_wconf 88' lang='lat' dir='ltr'><strong>medium</strong></span> <span class='ocrx_word' id='word_1_115' title='bbox 535 1091 624 1163; x_wconf 88' lang='lat' dir='ltr'><strong>magia</strong></span> <span class='ocrx_word' id='word_1_116' title='bbox 637 1087 808 1144; x_wconf 80' lang='lat' dir='ltr'><strong>conducibile</strong></span> <span class='ocrx_word' id='word_1_117' title='bbox 822 1087 1006 1159; x_wconf 80' lang='lat' dir='ltr'><strong>etpropitium</strong></span> <span class='ocrx_word' id='word_1_118' title='bbox 1084 1087 1167 1141; x_wconf 83' lang='lat' dir='ltr'><strong>Radii</strong></span> <span class='ocrx_word' id='word_1_119' title='bbox 1193 1085 1263 1141; x_wconf 86' lang='lat' dir='ltr'><strong>lucia</strong></span> <span class='ocrx_word' id='word_1_120' title='bbox 1289 1084 1433 1156; x_wconf 87' lang='lat' dir='ltr'><strong>glomerati</strong></span> <span class='ocrx_word' id='word_1_121' title='bbox 1459 1085 1543 1137; x_wconf 84' lang='lat' dir='ltr'><strong>etiam</strong></span> <span class='ocrx_word' id='word_1_122' title='bbox 1562 1082 1698 1138; x_wconf 83' lang='lat' dir='ltr'><strong>iuductmt</strong></span> <span class='ocrx_word' id='word_1_123' title='bbox 1717 1080 1850 1145; x_wconf 82' lang='lat' dir='ltr'><strong>calorem,</strong></span> 
     </span>
     <span class='ocr_line' id='line_1_11' title="bbox 209 1162 1851 1239; baseline -0.008 -11"><span class='ocrx_word' id='word_1_124' title='bbox 209 1180 253 1228; x_wconf 88' lang='lat' dir='ltr'><strong>eat</strong></span> <span class='ocrx_word' id='word_1_125' title='bbox 279 1172 335 1227; x_wconf 69' lang='lat' dir='ltr'><strong>aer.</strong></span> <span class='ocrx_word' id='word_1_126' title='bbox 378 1168 409 1227; x_wconf 92' lang='lat' dir='ltr'><strong>ln</strong></span> <span class='ocrx_word' id='word_1_127' title='bbox 435 1170 575 1236; x_wconf 88' lang='lat' dir='ltr'><strong>ambobua,</strong></span> <span class='ocrx_word' id='word_1_128' title='bbox 597 1170 627 1223; x_wconf 94' lang='lat' dir='ltr'><strong>in</strong></span> <span class='ocrx_word' id='word_1_129' title='bbox 651 1169 765 1239; x_wconf 90' lang='lat' dir='ltr'><strong>objectia</strong></span> <span class='ocrx_word' id='word_1_130' title='bbox 786 1168 1006 1233; x_wconf 75' lang='lat' dir='ltr'><strong>accuratioribus,</strong></span> <span class='ocrx_word' id='word_1_131' title='bbox 1044 1163 1512 1238; x_wconf 82' lang='lat' dir='ltr'><strong>quteeatactiodiveraaaviaibili.</strong></span> <span class='ocrx_word' id='word_1_132' title='bbox 1556 1162 1739 1226; x_wconf 88' lang='lat' dir='ltr'><strong>Similiter,ai</strong></span> <span class='ocrx_word' id='word_1_133' title='bbox 1752 1180 1851 1217; x_wconf 81' lang='lat' dir='ltr'><strong>verum</strong></span> 
     </span>
     <span class='ocr_line' id='line_1_12' title="bbox 209 1242 1851 1319; baseline -0.007 -12"><span class='ocrx_word' id='word_1_134' title='bbox 209 1251 334 1308; x_wconf 86' lang='lat' dir='ltr'><strong>nonnihil</strong></span> <span class='ocrx_word' id='word_1_135' title='bbox 348 1251 427 1305; x_wconf 80' lang='lat' dir='ltr'><strong>affert</strong></span> <span class='ocrx_word' id='word_1_136' title='bbox 439 1250 556 1305; x_wconf 89' lang='lat' dir='ltr'><strong>intentio</strong></span> <span class='ocrx_word' id='word_1_137' title='bbox 568 1265 671 1315; x_wconf 87' lang='lat' dir='ltr'><strong>aeneua,</strong></span> <span class='ocrx_word' id='word_1_138' title='bbox 685 1256 715 1304; x_wconf 83' lang='lat' dir='ltr'><strong>et</strong></span> <span class='ocrx_word' id='word_1_139' title='bbox 727 1249 806 1319; x_wconf 83' lang='lat' dir='ltr'><strong>quari</strong></span> <span class='ocrx_word' id='word_1_140' title='bbox 823 1248 928 1303; x_wconf 76' lang='lat' dir='ltr'><strong>erectio</strong></span> <span class='ocrx_word' id='word_1_141' title='bbox 946 1248 1007 1317; x_wconf 91' lang='lat' dir='ltr'><strong>ejua</strong></span> <span class='ocrx_word' id='word_1_142' title='bbox 1044 1247 1087 1312; x_wconf 90' lang='lat' dir='ltr'><strong>ait,</strong></span> <span class='ocrx_word' id='word_1_143' title='bbox 1101 1246 1234 1301; x_wconf 89' lang='lat' dir='ltr'><strong>clamorea</strong></span> <span class='ocrx_word' id='word_1_144' title='bbox 1254 1262 1318 1300; x_wconf 85' lang='lat' dir='ltr'><strong>area</strong></span> <span class='ocrx_word' id='word_1_145' title='bbox 1339 1243 1462 1299; x_wconf 85' lang='lat' dir='ltr'><strong>volantea</strong></span> <span class='ocrx_word' id='word_1_146' title='bbox 1481 1242 1624 1311; x_wconf 87' lang='lat' dir='ltr'><strong>dejeciaae,</strong></span> <span class='ocrx_word' id='word_1_147' title='bbox 1645 1242 1733 1298; x_wconf 83' lang='lat' dir='ltr'><strong>ctiam</strong></span> <span class='ocrx_word' id='word_1_148' title='bbox 1753 1259 1788 1297; x_wconf 84' lang='lat' dir='ltr'><strong>ea</strong></span> <span class='ocrx_word' id='word_1_149' title='bbox 1805 1252 1851 1296; x_wconf 84' lang='lat' dir='ltr'><strong>eat</strong></span> 
     </span>
     <span class='ocr_line' id='line_1_13' title="bbox 208 1322 1555 1405; baseline -0.008 -18"><span class='ocrx_word' id='word_1_150' title='bbox 208 1333 245 1387; x_wconf 89' lang='lat' dir='ltr'><strong>ad</strong></span> <span class='ocrx_word' id='word_1_151' title='bbox 258 1330 473 1405; x_wconf 82' lang='lat' dir='ltr'><strong>percipiendum.</strong></span> <span class='ocrx_word' id='word_1_152' title='bbox 1044 1325 1115 1380; x_wconf 89' lang='lat' dir='ltr'><strong>actio</strong></span> <span class='ocrx_word' id='word_1_153' title='bbox 1128 1326 1250 1396; x_wconf 83' lang='lat' dir='ltr'><strong>protinus</strong></span> <span class='ocrx_word' id='word_1_154' title='bbox 1264 1324 1371 1379; x_wconf 86' lang='lat' dir='ltr'><strong>diveraa</strong></span> <span class='ocrx_word' id='word_1_155' title='bbox 1384 1324 1419 1377; x_wconf 91' lang='lat' dir='ltr'><strong>ab</strong></span> <span class='ocrx_word' id='word_1_156' title='bbox 1433 1322 1555 1378; x_wconf 82' lang='lat' dir='ltr'><strong>audibili.</strong></span> 
     </span>
     <span class='ocr_line' id='line_1_14' title="bbox 1082 1401 1847 1471; baseline -0.007 -11"><span class='ocrx_word' id='word_1_157' title='bbox 1082 1406 1148 1459; x_wconf 89' lang='lat' dir='ltr'><strong>Non</strong></span> <span class='ocrx_word' id='word_1_158' title='bbox 1161 1405 1266 1459; x_wconf 87' lang='lat' dir='ltr'><strong>videtur</strong></span> <span class='ocrx_word' id='word_1_159' title='bbox 1279 1405 1309 1459; x_wconf 88' lang='lat' dir='ltr'><strong>in</strong></span> <span class='ocrx_word' id='word_1_160' title='bbox 1319 1402 1421 1458; x_wconf 75' lang='lat' dir='ltr'><strong>visibili</strong></span> <span class='ocrx_word' id='word_1_161' title='bbox 1435 1419 1495 1457; x_wconf 83' lang='lat' dir='ltr'><strong>eaae</strong></span> <span class='ocrx_word' id='word_1_162' title='bbox 1505 1401 1642 1471; x_wconf 84' lang='lat' dir='ltr'><strong>objectum</strong></span> <span class='ocrx_word' id='word_1_163' title='bbox 1652 1406 1711 1456; x_wconf 88' lang='lat' dir='ltr'><strong>tam</strong></span> <span class='ocrx_word' id='word_1_164' title='bbox 1722 1402 1847 1455; x_wconf 79' lang='lat' dir='ltr'><strong>odiosum</strong></span> 
     </span>
     <span class='ocr_line' id='line_1_15' title="bbox 460 1467 1846 1555; baseline -0.004 -15"><span class='ocrx_word' id='word_1_165' title='bbox 460 1468 628 1509; x_wconf 57' lang='lat' dir='ltr'><strong>mmmm</strong></span> <span class='ocrx_word' id='word_1_166' title='bbox 649 1467 678 1506; x_wconf 67' lang='lat'><strong>¹⁸</strong></span> <span class='ocrx_word' id='word_1_167' title='bbox 701 1467 757 1507; x_wconf 70' lang='lat'><strong>³¹⁸⁰</strong></span> <span class='ocrx_word' id='word_1_168' title='bbox 1044 1484 1078 1539; x_wconf 88' lang='lat' dir='ltr'><strong>ad</strong></span> <span class='ocrx_word' id='word_1_169' title='bbox 1092 1501 1210 1550; x_wconf 86' lang='lat' dir='ltr'><strong>aeneum,</strong></span> <span class='ocrx_word' id='word_1_170' title='bbox 1224 1500 1307 1555; x_wconf 86' lang='lat' dir='ltr'><strong>quam</strong></span> <span class='ocrx_word' id='word_1_171' title='bbox 1320 1483 1350 1537; x_wconf 92' lang='lat' dir='ltr'><strong>in</strong></span> <span class='ocrx_word' id='word_1_172' title='bbox 1367 1481 1499 1538; x_wconf 87' lang='lat' dir='ltr'><strong>audibili:</strong></span> <span class='ocrx_word' id='word_1_173' title='bbox 1521 1481 1570 1536; x_wconf 81' lang='lat' dir='ltr'><strong>aed</strong></span> <span class='ocrx_word' id='word_1_174' title='bbox 1588 1481 1681 1552; x_wconf 85' lang='lat' dir='ltr'><strong>magia</strong></span> <span class='ocrx_word' id='word_1_175' title='bbox 1700 1499 1738 1536; x_wconf 84' lang='lat' dir='ltr'><strong>ex</strong></span> <span class='ocrx_word' id='word_1_176' title='bbox 1758 1499 1846 1552; x_wconf 76' lang='lat' dir='ltr'><strong>aequo.</strong></span> 
     </span>
     <span class='ocr_line' id='line_1_16' title="bbox 250 1559 1846 1634; baseline -0.003 -16"><span class='ocrx_word' id='word_1_177' title='bbox 250 1564 410 1621; x_wconf 70' lang='lat' dir='ltr'><strong>Vinearum</strong></span> <span class='ocrx_word' id='word_1_178' title='bbox 424 1564 530 1634; x_wconf 77' lang='lat' dir='ltr'><strong>speclea</strong></span> <span class='ocrx_word' id='word_1_179' title='bbox 543 1561 693 1618; x_wconf 75' lang='lat' dir='ltr'><strong>visibilium</strong></span> <span class='ocrx_word' id='word_1_180' title='bbox 707 1578 768 1617; x_wconf 84' lang='lat' dir='ltr'><strong>erae</strong></span> <span class='ocrx_word' id='word_1_181' title='bbox 781 1566 911 1631; x_wconf 83' lang='lat' dir='ltr'><strong>tanquam</strong></span> <span class='ocrx_word' id='word_1_182' title='bbox 923 1559 1006 1616; x_wconf 89' lang='lat' dir='ltr'><strong>emia-</strong></span> <span class='ocrx_word' id='word_1_183' title='bbox 1043 1565 1118 1619; x_wconf 84' lang='lat' dir='ltr'><strong>Nam</strong></span> <span class='ocrx_word' id='word_1_184' title='bbox 1138 1564 1211 1619; x_wconf 82' lang='lat' dir='ltr'><strong>l&#39;oeda</strong></span> <span class='ocrx_word' id='word_1_185' title='bbox 1230 1564 1302 1618; x_wconf 82' lang='lat' dir='ltr'><strong>viaui</strong></span> <span class='ocrx_word' id='word_1_186' title='bbox 1321 1563 1411 1634; x_wconf 87' lang='lat' dir='ltr'><strong>magia</strong></span> <span class='ocrx_word' id='word_1_187' title='bbox 1429 1561 1574 1633; x_wconf 91' lang='lat' dir='ltr'><strong>diaplicent</strong></span> <span class='ocrx_word' id='word_1_188' title='bbox 1593 1561 1630 1614; x_wconf 91' lang='lat' dir='ltr'><strong>ob</strong></span> <span class='ocrx_word' id='word_1_189' title='bbox 1648 1562 1846 1615; x_wconf 83' lang='lat' dir='ltr'><strong>excitationem</strong></span> 
     </span>
     <span class='ocr_line' id='line_1_17' title="bbox 208 1639 1846 1714; baseline -0.004 -15"><span class='ocrx_word' id='word_1_190' title='bbox 208 1644 302 1700; x_wconf 87' lang='lat' dir='ltr'><strong>aionea</strong></span> <span class='ocrx_word' id='word_1_191' title='bbox 321 1643 458 1699; x_wconf 89' lang='lat' dir='ltr'><strong>radiorum</strong></span> <span class='ocrx_word' id='word_1_192' title='bbox 471 1662 489 1699; x_wconf 90' lang='lat' dir='ltr'><strong>a</strong></span> <span class='ocrx_word' id='word_1_193' title='bbox 502 1660 616 1714; x_wconf 89' lang='lat' dir='ltr'><strong>corpore</strong></span> <span class='ocrx_word' id='word_1_194' title='bbox 630 1641 741 1706; x_wconf 85' lang='lat' dir='ltr'><strong>visibili,</strong></span> <span class='ocrx_word' id='word_1_195' title='bbox 755 1641 842 1696; x_wconf 87' lang='lat' dir='ltr'><strong>inatar</strong></span> <span class='ocrx_word' id='word_1_196' title='bbox 861 1639 918 1695; x_wconf 84' lang='lat' dir='ltr'><strong>lere</strong></span> <span class='ocrx_word' id='word_1_197' title='bbox 939 1641 1005 1695; x_wconf 86' lang='lat' dir='ltr'><strong>odo·</strong></span> <span class='ocrx_word' id='word_1_198' title='bbox 1044 1643 1195 1714; x_wconf 80' lang='lat' dir='ltr'><strong>phantaaiae</strong></span> <span class='ocrx_word' id='word_1_199' title='bbox 1208 1644 1242 1699; x_wconf 90' lang='lat' dir='ltr'><strong>de</strong></span> <span class='ocrx_word' id='word_1_200' title='bbox 1261 1642 1343 1697; x_wconf 90' lang='lat' dir='ltr'><strong>rebua</strong></span> <span class='ocrx_word' id='word_1_201' title='bbox 1361 1642 1448 1706; x_wconf 75' lang='lat' dir='ltr'><strong>loedia,</strong></span> <span class='ocrx_word' id='word_1_202' title='bbox 1468 1658 1551 1713; x_wconf 90' lang='lat' dir='ltr'><strong>quam</strong></span> <span class='ocrx_word' id='word_1_203' title='bbox 1569 1650 1683 1711; x_wconf 91' lang='lat' dir='ltr'><strong>propter</strong></span> <span class='ocrx_word' id='word_1_204' title='bbox 1701 1658 1748 1705; x_wconf 72' lang='lat' dir='ltr'><strong>ae,</strong></span> <span class='ocrx_word' id='word_1_205' title='bbox 1770 1649 1798 1694; x_wconf 91' lang='lat' dir='ltr'><strong>at</strong></span> <span class='ocrx_word' id='word_1_206' title='bbox 1817 1642 1846 1693; x_wconf 94' lang='lat' dir='ltr'><strong>in</strong></span> 
     </span>
     <span class='ocr_line' id='line_1_18' title="bbox 208 1719 1846 1795; baseline -0.002 -16"><span class='ocrx_word' id='word_1_207' title='bbox 208 1741 277 1779; x_wconf 83' lang='lat' dir='ltr'><strong>rum.</strong></span> <span class='ocrx_word' id='word_1_208' title='bbox 318 1724 355 1778; x_wconf 82' lang='lat' dir='ltr'><strong>At</strong></span> <span class='ocrx_word' id='word_1_209' title='bbox 364 1724 471 1795; x_wconf 86' lang='lat' dir='ltr'><strong>apeciea</strong></span> <span class='ocrx_word' id='word_1_210' title='bbox 480 1722 642 1778; x_wconf 87' lang='lat' dir='ltr'><strong>audibilium</strong></span> <span class='ocrx_word' id='word_1_211' title='bbox 652 1722 778 1775; x_wconf 88' lang='lat' dir='ltr'><strong>videntur</strong></span> <span class='ocrx_word' id='word_1_212' title='bbox 791 1720 879 1791; x_wconf 88' lang='lat' dir='ltr'><strong>magia</strong></span> <span class='ocrx_word' id='word_1_213' title='bbox 893 1719 1006 1791; x_wconf 84' lang='lat' dir='ltr'><strong>pertici·</strong></span> <span class='ocrx_word' id='word_1_214' title='bbox 1044 1724 1217 1788; x_wconf 85' lang='lat' dir='ltr'><strong>audibilibua,</strong></span> <span class='ocrx_word' id='word_1_215' title='bbox 1238 1722 1342 1778; x_wconf 87' lang='lat' dir='ltr'><strong>aonitua</strong></span> <span class='ocrx_word' id='word_1_216' title='bbox 1362 1739 1452 1786; x_wconf 82' lang='lat' dir='ltr'><strong>aerroe,</strong></span> <span class='ocrx_word' id='word_1_217' title='bbox 1472 1722 1538 1776; x_wconf 90' lang='lat' dir='ltr'><strong>dum</strong></span> <span class='ocrx_word' id='word_1_218' title='bbox 1557 1721 1673 1785; x_wconf 87' lang='lat' dir='ltr'><strong>acuitur,</strong></span> <span class='ocrx_word' id='word_1_219' title='bbox 1694 1729 1723 1775; x_wconf 92' lang='lat' dir='ltr'><strong>et</strong></span> <span class='ocrx_word' id='word_1_220' title='bbox 1743 1721 1846 1775; x_wconf 73' lang='lat' dir='ltr'><strong>ouilia</strong></span> 
     </span>
     <span class='ocr_line' id='line_1_19' title="bbox 208 1800 1847 1874; baseline -0.002 -17"><span class='ocrx_word' id='word_1_221' title='bbox 208 1819 275 1874; x_wconf 88' lang='lat' dir='ltr'><strong>pare</strong></span> <span class='ocrx_word' id='word_1_222' title='bbox 289 1820 325 1858; x_wconf 82' lang='lat' dir='ltr'><strong>ex</strong></span> <span class='ocrx_word' id='word_1_223' title='bbox 338 1812 414 1858; x_wconf 88' lang='lat' dir='ltr'><strong>motu</strong></span> <span class='ocrx_word' id='word_1_224' title='bbox 427 1802 516 1868; x_wconf 88' lang='lat' dir='ltr'><strong>locali,</strong></span> <span class='ocrx_word' id='word_1_225' title='bbox 531 1803 618 1858; x_wconf 87' lang='lat' dir='ltr'><strong>inatar</strong></span> <span class='ocrx_word' id='word_1_226' title='bbox 636 1801 841 1871; x_wconf 87' lang='lat' dir='ltr'><strong>pcrcuaaiouum</strong></span> <span class='ocrx_word' id='word_1_227' title='bbox 860 1817 921 1872; x_wconf 77' lang='lat' dir='ltr'><strong>quae</strong></span> <span class='ocrx_word' id='word_1_228' title='bbox 939 1800 1008 1854; x_wconf 88' lang='lat' dir='ltr'><strong>fiunt</strong></span> <span class='ocrx_word' id='word_1_229' title='bbox 1043 1803 1173 1858; x_wconf 88' lang='lat' dir='ltr'><strong>inducunt</strong></span> <span class='ocrx_word' id='word_1_230' title='bbox 1189 1803 1346 1867; x_wconf 69' lang='lat' dir='ltr'><strong>horrorem</strong></span> <span class='ocrx_word' id='word_1_231' title='bbox 1371 1810 1399 1856; x_wconf 91' lang='lat' dir='ltr'><strong>et</strong></span> <span class='ocrx_word' id='word_1_232' title='bbox 1416 1812 1497 1855; x_wconf 89' lang='lat' dir='ltr'><strong>tonua</strong></span> <span class='ocrx_word' id='word_1_233' title='bbox 1513 1800 1674 1856; x_wconf 86' lang='lat' dir='ltr'><strong>diaaordaua</strong></span> <span class='ocrx_word' id='word_1_234' title='bbox 1691 1801 1722 1854; x_wconf 93' lang='lat' dir='ltr'><strong>in</strong></span> <span class='ocrx_word' id='word_1_235' title='bbox 1741 1801 1847 1855; x_wconf 81' lang='lat' dir='ltr'><strong>mnaica</strong></span> 
     </span>
     <span class='ocr_line' id='line_1_20' title="bbox 207 1880 1471 1953; baseline -0.002 -16"><span class='ocrx_word' id='word_1_236' title='bbox 207 1882 239 1937; x_wconf 91' lang='lat' dir='ltr'><strong>in</strong></span> <span class='ocrx_word' id='word_1_237' title='bbox 263 1882 346 1938; x_wconf 79' lang='lat' dir='ltr'><strong>a‘ere:</strong></span> <span class='ocrx_word' id='word_1_238' title='bbox 374 1892 405 1938; x_wconf 92' lang='lat' dir='ltr'><strong>ut</strong></span> <span class='ocrx_word' id='word_1_239' title='bbox 426 1900 488 1937; x_wconf 89' lang='lat' dir='ltr'><strong>cum</strong></span> <span class='ocrx_word' id='word_1_240' title='bbox 511 1881 655 1952; x_wconf 86' lang='lat' dir='ltr'><strong>dupliciter</strong></span> <span class='ocrx_word' id='word_1_241' title='bbox 678 1880 839 1951; x_wconf 90' lang='lat' dir='ltr'><strong>plerumque</strong></span> <span class='ocrx_word' id='word_1_242' title='bbox 860 1886 1008 1950; x_wconf 82' lang='lat' dir='ltr'><strong>operentur</strong></span> <span class='ocrx_word' id='word_1_243' title='bbox 1044 1883 1135 1938; x_wconf 86' lang='lat' dir='ltr'><strong>atatim</strong></span> <span class='ocrx_word' id='word_1_244' title='bbox 1149 1882 1273 1953; x_wconf 85' lang='lat' dir='ltr'><strong>rejicitur</strong></span> <span class='ocrx_word' id='word_1_245' title='bbox 1286 1888 1315 1936; x_wconf 91' lang='lat' dir='ltr'><strong>et</strong></span> <span class='ocrx_word' id='word_1_246' title='bbox 1327 1881 1471 1951; x_wconf 89' lang='lat' dir='ltr'><strong>reapuitur.</strong></span> 
     </span>
     <span class='ocr_line' id='line_1_21' title="bbox 208 1958 1845 2034; baseline -0.001 -19"><span class='ocrx_word' id='word_1_247' title='bbox 208 1978 330 2033; x_wconf 88' lang='lat' dir='ltr'><strong>corpora,</strong></span> <span class='ocrx_word' id='word_1_248' title='bbox 346 1979 397 2034; x_wconf 89' lang='lat' dir='ltr'><strong>per</strong></span> <span class='ocrx_word' id='word_1_249' title='bbox 410 1961 682 2017; x_wconf 85' lang='lat' dir='ltr'><strong>communicationem</strong></span> <span class='ocrx_word' id='word_1_250' title='bbox 697 1966 802 2014; x_wconf 82' lang='lat' dir='ltr'><strong>naturta</strong></span> <span class='ocrx_word' id='word_1_251' title='bbox 814 1974 879 2023; x_wconf 77' lang='lat' dir='ltr'><strong>aum,</strong></span> <span class='ocrx_word' id='word_1_252' title='bbox 893 1967 941 2013; x_wconf 90' lang='lat' dir='ltr'><strong>aut</strong></span> <span class='ocrx_word' id='word_1_253' title='bbox 958 1975 1008 2028; x_wconf 92' lang='lat' dir='ltr'><strong>per</strong></span> <span class='ocrx_word' id='word_1_254' title='bbox 1083 1963 1149 2018; x_wconf 89' lang='lat' dir='ltr'><strong>Nou</strong></span> <span class='ocrx_word' id='word_1_255' title='bbox 1161 1969 1269 2016; x_wconf 88' lang='lat' dir='ltr'><strong>conatat</strong></span> <span class='ocrx_word' id='word_1_256' title='bbox 1282 1977 1341 2015; x_wconf 85' lang='lat' dir='ltr'><strong>eaae</strong></span> <span class='ocrx_word' id='word_1_257' title='bbox 1359 1960 1549 2015; x_wconf 81' lang='lat' dir='ltr'><strong>refractionem</strong></span> <span class='ocrx_word' id='word_1_258' title='bbox 1566 1958 1596 2012; x_wconf 91' lang='lat' dir='ltr'><strong>in</strong></span> <span class='ocrx_word' id='word_1_259' title='bbox 1615 1958 1697 2021; x_wconf 82' lang='lat' dir='ltr'><strong>aonia,</strong></span> <span class='ocrx_word' id='word_1_260' title='bbox 1712 1966 1745 2013; x_wconf 90' lang='lat' dir='ltr'><strong>ut</strong></span> <span class='ocrx_word' id='word_1_261' title='bbox 1759 1959 1787 2013; x_wconf 92' lang='lat' dir='ltr'><strong>in</strong></span> <span class='ocrx_word' id='word_1_262' title='bbox 1801 1977 1845 2013; x_wconf 82' lang='lat' dir='ltr'><strong>ra·</strong></span> 
     </span>
     <span class='ocr_line' id='line_1_22' title="bbox 209 2038 1845 2112; baseline -0.001 -17"><span class='ocrx_word' id='word_1_263' title='bbox 209 2041 415 2112; x_wconf 87' lang='lat' dir='ltr'><strong>impreeaionem</strong></span> <span class='ocrx_word' id='word_1_264' title='bbox 456 2049 504 2096; x_wconf 88' lang='lat' dir='ltr'><strong>aut</strong></span> <span class='ocrx_word' id='word_1_265' title='bbox 534 2040 715 2112; x_wconf 87' lang='lat' dir='ltr'><strong>aignatiouem</strong></span> <span class='ocrx_word' id='word_1_266' title='bbox 752 2044 849 2102; x_wconf 88' lang='lat' dir='ltr'><strong>motua,</strong></span> <span class='ocrx_word' id='word_1_267' title='bbox 883 2038 1008 2093; x_wconf 89' lang='lat' dir='ltr'><strong>videatur</strong></span> <span class='ocrx_word' id='word_1_268' title='bbox 1044 2040 1104 2097; x_wconf 82' lang='lat' dir='ltr'><strong>diia</strong></span> <span class='ocrx_word' id='word_1_269' title='bbox 1146 2042 1273 2096; x_wconf 75' lang='lat' dir='ltr'><strong>Attamen</strong></span> <span class='ocrx_word' id='word_1_270' title='bbox 1286 2039 1464 2111; x_wconf 85' lang='lat' dir='ltr'><strong>proculdubio</strong></span> <span class='ocrx_word' id='word_1_271' title='bbox 1477 2038 1603 2094; x_wconf 86' lang='lat' dir='ltr'><strong>reaillunt</strong></span> <span class='ocrx_word' id='word_1_272' title='bbox 1615 2038 1692 2101; x_wconf 85' lang='lat' dir='ltr'><strong>aoui;</strong></span> <span class='ocrx_word' id='word_1_273' title='bbox 1713 2039 1763 2092; x_wconf 87' lang='lat' dir='ltr'><strong>aed</strong></span> <span class='ocrx_word' id='word_1_274' title='bbox 1776 2039 1845 2093; x_wconf 88' lang='lat' dir='ltr'><strong>illud</strong></span> 
     </span>
     <span class='ocr_line' id='line_1_23' title="bbox 208 2117 1844 2191; baseline -0.001 -18"><span class='ocrx_word' id='word_1_275' title='bbox 208 2120 319 2175; x_wconf 82' lang='lat' dir='ltr'><strong>diffuaio</strong></span> <span class='ocrx_word' id='word_1_276' title='bbox 332 2120 583 2175; x_wconf 86' lang='lat' dir='ltr'><strong>illainviaibilibua</strong></span> <span class='ocrx_word' id='word_1_277' title='bbox 599 2119 689 2190; x_wconf 89' lang='lat' dir='ltr'><strong>magia</strong></span> <span class='ocrx_word' id='word_1_278' title='bbox 702 2118 838 2187; x_wconf 85' lang='lat' dir='ltr'><strong>exprimo</strong></span> <span class='ocrx_word' id='word_1_279' title='bbox 851 2118 932 2172; x_wconf 89' lang='lat' dir='ltr'><strong>modo</strong></span> <span class='ocrx_word' id='word_1_280' title='bbox 944 2134 1007 2189; x_wconf 90' lang='lat' dir='ltr'><strong>par·</strong></span> <span class='ocrx_word' id='word_1_281' title='bbox 1043 2121 1187 2177; x_wconf 85' lang='lat' dir='ltr'><strong>reflexioni</strong></span> <span class='ocrx_word' id='word_1_282' title='bbox 1201 2119 1404 2191; x_wconf 82' lang='lat' dir='ltr'><strong>aaeignandum.</strong></span> <span class='ocrx_word' id='word_1_283' title='bbox 1443 2119 1544 2190; x_wconf 87' lang='lat' dir='ltr'><strong>Neque</strong></span> <span class='ocrx_word' id='word_1_284' title='bbox 1566 2118 1641 2172; x_wconf 92' lang='lat' dir='ltr'><strong>enim</strong></span> <span class='ocrx_word' id='word_1_285' title='bbox 1659 2117 1844 2188; x_wconf 65' lang='lat' dir='ltr'><strong>(arbitronai</strong></span> 
     </span>
     <span class='ocr_line' id='line_1_24' title="bbox 209 2196 1845 2271; baseline -0.001 -18"><span class='ocrx_word' id='word_1_286' title='bbox 209 2199 332 2269; x_wconf 89' lang='lat' dir='ltr'><strong>ticipare,</strong></span> <span class='ocrx_word' id='word_1_287' title='bbox 345 2200 374 2253; x_wconf 91' lang='lat' dir='ltr'><strong>in</strong></span> <span class='ocrx_word' id='word_1_288' title='bbox 387 2199 552 2255; x_wconf 89' lang='lat' dir='ltr'><strong>audibilibua</strong></span> <span class='ocrx_word' id='word_1_289' title='bbox 563 2215 599 2254; x_wconf 88' lang='lat' dir='ltr'><strong>ex</strong></span> <span class='ocrx_word' id='word_1_290' title='bbox 612 2199 738 2253; x_wconf 89' lang='lat' dir='ltr'><strong>aecundo.</strong></span> <span class='ocrx_word' id='word_1_291' title='bbox 1044 2218 1125 2256; x_wconf 88' lang='lat' dir='ltr'><strong>aouua</strong></span> <span class='ocrx_word' id='word_1_292' title='bbox 1138 2207 1308 2271; x_wconf 87' lang='lat' dir='ltr'><strong>pertranaeat</strong></span> <span class='ocrx_word' id='word_1_293' title='bbox 1321 2199 1429 2254; x_wconf 89' lang='lat' dir='ltr'><strong>diveraa</strong></span> <span class='ocrx_word' id='word_1_294' title='bbox 1441 2199 1539 2264; x_wconf 89' lang='lat' dir='ltr'><strong>media,</strong></span> <span class='ocrx_word' id='word_1_295' title='bbox 1554 2205 1585 2252; x_wconf 92' lang='lat' dir='ltr'><strong>ut</strong></span> <span class='ocrx_word' id='word_1_296' title='bbox 1598 2196 1699 2261; x_wconf 68' lang='lat' dir='ltr'><strong>adrem,</strong></span> <span class='ocrx_word' id='word_1_297' title='bbox 1713 2214 1845 2268; x_wconf 79' lang='lat' dir='ltr'><strong>ponam,</strong></span> 
     </span>
     <span class='ocr_line' id='line_1_25' title="bbox 249 2274 1845 2353; baseline 0.001 -21"><span class='ocrx_word' id='word_1_298' title='bbox 249 2278 364 2333; x_wconf 85' lang='lat' dir='ltr'><strong>Videtur</strong></span> <span class='ocrx_word' id='word_1_299' title='bbox 377 2278 480 2333; x_wconf 87' lang='lat' dir='ltr'><strong>delatio</strong></span> <span class='ocrx_word' id='word_1_300' title='bbox 493 2295 620 2334; x_wconf 74' lang='lat' dir='ltr'><strong>tonorum</strong></span> <span class='ocrx_word' id='word_1_301' title='bbox 634 2278 723 2349; x_wconf 88' lang='lat' dir='ltr'><strong>magia</strong></span> <span class='ocrx_word' id='word_1_302' title='bbox 744 2274 889 2332; x_wconf 84' lang='lat' dir='ltr'><strong>manifeato</strong></span> <span class='ocrx_word' id='word_1_303' title='bbox 906 2276 1006 2331; x_wconf 79' lang='lat' dir='ltr'><strong>deferri</strong></span> <span class='ocrx_word' id='word_1_304' title='bbox 1043 2280 1157 2353; x_wconf 88' lang='lat' dir='ltr'><strong>lignum,</strong></span> <span class='ocrx_word' id='word_1_305' title='bbox 1170 2280 1255 2335; x_wconf 88' lang='lat' dir='ltr'><strong>alium</strong></span> <span class='ocrx_word' id='word_1_306' title='bbox 1271 2296 1332 2334; x_wconf 82' lang='lat' dir='ltr'><strong>eave</strong></span> <span class='ocrx_word' id='word_1_307' title='bbox 1349 2277 1441 2333; x_wconf 90' lang='lat' dir='ltr'><strong>locum</strong></span> <span class='ocrx_word' id='word_1_308' title='bbox 1457 2277 1517 2333; x_wconf 85' lang='lat' dir='ltr'><strong>aoni</strong></span> <span class='ocrx_word' id='word_1_309' title='bbox 1538 2278 1587 2333; x_wconf 92' lang='lat' dir='ltr'><strong>ubi</strong></span> <span class='ocrx_word' id='word_1_310' title='bbox 1608 2276 1737 2341; x_wconf 81' lang='lat' dir='ltr'><strong>defertur,</strong></span> <span class='ocrx_word' id='word_1_311' title='bbox 1757 2278 1845 2333; x_wconf 84' lang='lat' dir='ltr'><strong>alium</strong></span> 
     </span>
     <span class='ocr_line' id='line_1_26' title="bbox 208 2356 1844 2431; baseline 0 -20"><span class='ocrx_word' id='word_1_312' title='bbox 208 2373 259 2427; x_wconf 92' lang='lat' dir='ltr'><strong>per</strong></span> <span class='ocrx_word' id='word_1_313' title='bbox 272 2360 372 2423; x_wconf 67' lang='lat' dir='ltr'><strong>aerem,</strong></span> <span class='ocrx_word' id='word_1_314' title='bbox 387 2376 468 2430; x_wconf 89' lang='lat' dir='ltr'><strong>quam</strong></span> <span class='ocrx_word' id='word_1_315' title='bbox 478 2358 638 2413; x_wconf 75' lang='lat' dir='ltr'><strong>visibilium.</strong></span> <span class='ocrx_word' id='word_1_316' title='bbox 679 2358 778 2428; x_wconf 88' lang='lat' dir='ltr'><strong>Neque</strong></span> <span class='ocrx_word' id='word_1_317' title='bbox 788 2356 870 2421; x_wconf 90' lang='lat' dir='ltr'><strong>euim,</strong></span> <span class='ocrx_word' id='word_1_318' title='bbox 880 2356 1005 2420; x_wconf 87' lang='lat' dir='ltr'><strong>arbitror,</strong></span> <span class='ocrx_word' id='word_1_319' title='bbox 1044 2360 1090 2415; x_wconf 92' lang='lat' dir='ltr'><strong>ubi</strong></span> <span class='ocrx_word' id='word_1_320' title='bbox 1114 2361 1255 2425; x_wconf 66' lang='lat' dir='ltr'><strong>audiatura</strong></span> <span class='ocrx_word' id='word_1_321' title='bbox 1289 2358 1319 2413; x_wconf 91' lang='lat' dir='ltr'><strong>id</strong></span> <span class='ocrx_word' id='word_1_322' title='bbox 1338 2358 1410 2430; x_wconf 90' lang='lat' dir='ltr'><strong>quod</strong></span> <span class='ocrx_word' id='word_1_323' title='bbox 1429 2358 1571 2431; x_wconf 88' lang='lat' dir='ltr'><strong>proprium</strong></span> <span class='ocrx_word' id='word_1_324' title='bbox 1592 2357 1766 2412; x_wconf 71' lang='lat' dir='ltr'><strong>retractionis</strong></span> <span class='ocrx_word' id='word_1_325' title='bbox 1784 2368 1844 2421; x_wconf 79' lang='lat' dir='ltr'><strong>eet;</strong></span> 
     </span>
     <span class='ocr_line' id='line_1_27' title="bbox 209 2436 1845 2510; baseline 0.002 -20"><span class='ocrx_word' id='word_1_326' title='bbox 209 2444 308 2491; x_wconf 87' lang='lat' dir='ltr'><strong>ventua</strong></span> <span class='ocrx_word' id='word_1_327' title='bbox 330 2437 477 2493; x_wconf 77' lang='lat' dir='ltr'><strong>vehemens</strong></span> <span class='ocrx_word' id='word_1_328' title='bbox 499 2446 605 2492; x_wconf 90' lang='lat' dir='ltr'><strong>tautum</strong></span> <span class='ocrx_word' id='word_1_329' title='bbox 628 2436 760 2508; x_wconf 87' lang='lat' dir='ltr'><strong>impedire</strong></span> <span class='ocrx_word' id='word_1_330' title='bbox 783 2443 874 2506; x_wconf 90' lang='lat' dir='ltr'><strong>poteat</strong></span> <span class='ocrx_word' id='word_1_331' title='bbox 896 2436 1006 2507; x_wconf 86' lang='lat' dir='ltr'><strong>aliquod</strong></span> <span class='ocrx_word' id='word_1_332' title='bbox 1044 2440 1093 2495; x_wconf 89' lang='lat' dir='ltr'><strong>aed</strong></span> <span class='ocrx_word' id='word_1_333' title='bbox 1110 2441 1217 2495; x_wconf 88' lang='lat' dir='ltr'><strong>videtur</strong></span> <span class='ocrx_word' id='word_1_334' title='bbox 1235 2438 1354 2510; x_wconf 88' lang='lat' dir='ltr'><strong>pendere</strong></span> <span class='ocrx_word' id='word_1_335' title='bbox 1373 2456 1411 2494; x_wconf 84' lang='lat' dir='ltr'><strong>ex</strong></span> <span class='ocrx_word' id='word_1_336' title='bbox 1429 2438 1586 2510; x_wconf 85' lang='lat' dir='ltr'><strong>operatione</strong></span> <span class='ocrx_word' id='word_1_337' title='bbox 1606 2437 1638 2491; x_wconf 88' lang='lat' dir='ltr'><strong>ln</strong></span> <span class='ocrx_word' id='word_1_338' title='bbox 1658 2436 1740 2493; x_wconf 82' lang='lat' dir='ltr'><strong>lincie</strong></span> <span class='ocrx_word' id='word_1_339' title='bbox 1759 2440 1845 2492; x_wconf 69' lang='lat' dir='ltr'><strong>roetia</strong></span> 
     </span>
     <span class='ocr_line' id='line_1_28' title="bbox 208 2516 1625 2590; baseline 0 -19"><span class='ocrx_word' id='word_1_340' title='bbox 208 2516 317 2572; x_wconf 89' lang='lat' dir='ltr'><strong>viaibile</strong></span> <span class='ocrx_word' id='word_1_341' title='bbox 328 2518 446 2590; x_wconf 87' lang='lat' dir='ltr'><strong>alonge,</strong></span> <span class='ocrx_word' id='word_1_342' title='bbox 457 2535 539 2589; x_wconf 91' lang='lat' dir='ltr'><strong>quarn</strong></span> <span class='ocrx_word' id='word_1_343' title='bbox 549 2533 661 2584; x_wconf 80' lang='lat' dir='ltr'><strong>aonum;</strong></span> <span class='ocrx_word' id='word_1_344' title='bbox 682 2517 772 2581; x_wconf 84' lang='lat' dir='ltr'><strong>flante,</strong></span> <span class='ocrx_word' id='word_1_345' title='bbox 784 2516 916 2589; x_wconf 78' lang='lat' dir='ltr'><strong>intelligo,</strong></span> <span class='ocrx_word' id='word_1_346' title='bbox 926 2524 1007 2572; x_wconf 90' lang='lat' dir='ltr'><strong>vento</strong></span> <span class='ocrx_word' id='word_1_347' title='bbox 1043 2520 1184 2586; x_wconf 69' lang='lat' dir='ltr'><strong>retractio,</strong></span> <span class='ocrx_word' id='word_1_348' title='bbox 1205 2519 1234 2573; x_wconf 87' lang='lat' dir='ltr'><strong>id</strong></span> <span class='ocrx_word' id='word_1_349' title='bbox 1247 2517 1319 2590; x_wconf 91' lang='lat' dir='ltr'><strong>quod</strong></span> <span class='ocrx_word' id='word_1_350' title='bbox 1330 2535 1387 2573; x_wconf 91' lang='lat' dir='ltr'><strong>non</strong></span> <span class='ocrx_word' id='word_1_351' title='bbox 1398 2518 1529 2588; x_wconf 88' lang='lat' dir='ltr'><strong>competit</strong></span> <span class='ocrx_word' id='word_1_352' title='bbox 1547 2533 1625 2572; x_wconf 82' lang='lat' dir='ltr'><strong>aonu</strong></span> 
     </span>
     <span class='ocr_line' id='line_1_29' title="bbox 208 2596 1843 2665; baseline 0.001 -15"><span class='ocrx_word' id='word_1_353' title='bbox 208 2596 238 2651; x_wconf 89' lang='lat' dir='ltr'><strong>in</strong></span> <span class='ocrx_word' id='word_1_354' title='bbox 252 2597 426 2654; x_wconf 89' lang='lat' dir='ltr'><strong>contrarium.</strong></span> <span class='ocrx_word' id='word_1_355' title='bbox 1083 2599 1240 2655; x_wconf 82' lang='lat' dir='ltr'><strong>contractio</strong></span> <span class='ocrx_word' id='word_1_356' title='bbox 1257 2614 1323 2654; x_wconf 88' lang='lat' dir='ltr'><strong>vero</strong></span> <span class='ocrx_word' id='word_1_357' title='bbox 1341 2597 1410 2663; x_wconf 89' lang='lat' dir='ltr'><strong>aoni,</strong></span> <span class='ocrx_word' id='word_1_358' title='bbox 1423 2605 1452 2652; x_wconf 89' lang='lat' dir='ltr'><strong>et</strong></span> <span class='ocrx_word' id='word_1_359' title='bbox 1468 2597 1592 2651; x_wconf 69' lang='lat' dir='ltr'><strong>diiambo</strong></span> <span class='ocrx_word' id='word_1_360' title='bbox 1609 2597 1680 2665; x_wconf 82' lang='lat' dir='ltr'><strong>ejua,</strong></span> <span class='ocrx_word' id='word_1_361' title='bbox 1694 2597 1843 2652; x_wconf 65' lang='lat' dir='ltr'><strong>mundam</strong></span> 
     </span>
     <span class='ocr_line' id='line_1_30' title="bbox 250 2674 1844 2751; baseline -0.001 -21"><span class='ocrx_word' id='word_1_362' title='bbox 250 2676 371 2748; x_wconf 87' lang='lat' dir='ltr'><strong>Inaiguia</strong></span> <span class='ocrx_word' id='word_1_363' title='bbox 385 2685 428 2732; x_wconf 91' lang='lat' dir='ltr'><strong>eat</strong></span> <span class='ocrx_word' id='word_1_364' title='bbox 444 2678 495 2733; x_wconf 92' lang='lat' dir='ltr'><strong>illa</strong></span> <span class='ocrx_word' id='word_1_365' title='bbox 512 2675 673 2742; x_wconf 78' lang='lat' dir='ltr'><strong>differentia,</strong></span> <span class='ocrx_word' id='word_1_366' title='bbox 687 2676 759 2732; x_wconf 88' lang='lat' dir='ltr'><strong>unde</strong></span> <span class='ocrx_word' id='word_1_367' title='bbox 778 2675 862 2730; x_wconf 89' lang='lat' dir='ltr'><strong>etiam</strong></span> <span class='ocrx_word' id='word_1_368' title='bbox 880 2674 1006 2747; x_wconf 79' lang='lat' dir='ltr'><strong>plurime</strong></span> <span class='ocrx_word' id='word_1_369' title='bbox 1043 2679 1249 2751; x_wconf 70' lang='lat' dir='ltr'><strong>dispositionem</strong></span> <span class='ocrx_word' id='word_1_370' title='bbox 1263 2678 1346 2733; x_wconf 88' lang='lat' dir='ltr'><strong>medii</strong></span> <span class='ocrx_word' id='word_1_371' title='bbox 1360 2679 1391 2732; x_wconf 86' lang='lat' dir='ltr'><strong>lit</strong></span> <span class='ocrx_word' id='word_1_372' title='bbox 1409 2676 1594 2748; x_wconf 85' lang='lat' dir='ltr'><strong>proculdubio,</strong></span> <span class='ocrx_word' id='word_1_373' title='bbox 1610 2685 1642 2730; x_wconf 91' lang='lat' dir='ltr'><strong>ut</strong></span> <span class='ocrx_word' id='word_1_374' title='bbox 1660 2677 1690 2730; x_wconf 90' lang='lat' dir='ltr'><strong>in</strong></span> <span class='ocrx_word' id='word_1_375' title='bbox 1707 2694 1844 2748; x_wconf 78' lang='lat' dir='ltr'><strong>popm-om</strong></span> 
     </span>
     <span class='ocr_line' id='line_1_31' title="bbox 209 2754 1843 2828; baseline -0.001 -17"><span class='ocrx_word' id='word_1_376' title='bbox 209 2755 329 2811; x_wconf 88' lang='lat' dir='ltr'><strong>minorea</strong></span> <span class='ocrx_word' id='word_1_377' title='bbox 350 2756 510 2813; x_wconf 80' lang='lat' dir='ltr'><strong>differentiae</strong></span> <span class='ocrx_word' id='word_1_378' title='bbox 530 2758 693 2821; x_wconf 87' lang='lat' dir='ltr'><strong>derivantur,</strong></span> <span class='ocrx_word' id='word_1_379' title='bbox 713 2754 788 2827; x_wconf 92' lang='lat' dir='ltr'><strong>quod</strong></span> <span class='ocrx_word' id='word_1_380' title='bbox 806 2755 926 2810; x_wconf 86' lang='lat' dir='ltr'><strong>viaibilia</strong></span> <span class='ocrx_word' id='word_1_381' title='bbox 946 2759 1006 2824; x_wconf 62' lang='lat' dir='ltr'><strong>(en</strong></span> <span class='ocrx_word' id='word_1_382' title='bbox 1043 2760 1154 2816; x_wconf 85' lang='lat' dir='ltr'><strong>vocibua</strong></span> <span class='ocrx_word' id='word_1_383' title='bbox 1167 2766 1196 2815; x_wconf 88' lang='lat' dir='ltr'><strong>et</strong></span> <span class='ocrx_word' id='word_1_384' title='bbox 1208 2757 1344 2813; x_wconf 88' lang='lat' dir='ltr'><strong>locutione</strong></span> <span class='ocrx_word' id='word_1_385' title='bbox 1357 2759 1410 2812; x_wconf 87' lang='lat' dir='ltr'><strong>aub</strong></span> <span class='ocrx_word' id='word_1_386' title='bbox 1422 2774 1513 2828; x_wconf 86' lang='lat' dir='ltr'><strong>aqua:</strong></span> <span class='ocrx_word' id='word_1_387' title='bbox 1533 2756 1704 2811; x_wconf 90' lang='lat' dir='ltr'><strong>contrahitur</strong></span> <span class='ocrx_word' id='word_1_388' title='bbox 1718 2773 1801 2811; x_wconf 85' lang='lat' dir='ltr'><strong>annua</strong></span> <span class='ocrx_word' id='word_1_389' title='bbox 1815 2758 1843 2810; x_wconf 90' lang='lat' dir='ltr'><strong>in</strong></span> 
     </span>
     <span class='ocr_line' id='line_1_32' title="bbox 208 2835 1843 2909; baseline 0.001 -20"><span class='ocrx_word' id='word_1_390' title='bbox 208 2844 290 2907; x_wconf 89' lang='lat' dir='ltr'><strong>cepta</strong></span> <span class='ocrx_word' id='word_1_391' title='bbox 311 2836 372 2891; x_wconf 89' lang='lat' dir='ltr'><strong>luce</strong></span> <span class='ocrx_word' id='word_1_392' title='bbox 396 2837 537 2909; x_wconf 82' lang='lat' dir='ltr'><strong>originali)</strong></span> <span class='ocrx_word' id='word_1_393' title='bbox 558 2855 614 2892; x_wconf 92' lang='lat' dir='ltr'><strong>non</strong></span> <span class='ocrx_word' id='word_1_394' title='bbox 634 2835 756 2891; x_wconf 77' lang='lat' dir='ltr'><strong>teruntur</strong></span> <span class='ocrx_word' id='word_1_395' title='bbox 775 2835 829 2890; x_wconf 81' lang='lat' dir='ltr'><strong>niti</strong></span> <span class='ocrx_word' id='word_1_396' title='bbox 850 2851 900 2906; x_wconf 89' lang='lat' dir='ltr'><strong>per</strong></span> <span class='ocrx_word' id='word_1_397' title='bbox 919 2835 1006 2891; x_wconf 89' lang='lat' dir='ltr'><strong>lineaa</strong></span> <span class='ocrx_word' id='word_1_398' title='bbox 1043 2855 1159 2894; x_wconf 88' lang='lat' dir='ltr'><strong>caverna</strong></span> <span class='ocrx_word' id='word_1_399' title='bbox 1178 2838 1235 2905; x_wconf 89' lang='lat' dir='ltr'><strong>illa,</strong></span> <span class='ocrx_word' id='word_1_400' title='bbox 1256 2839 1286 2892; x_wconf 87' lang='lat' dir='ltr'><strong>iu</strong></span> <span class='ocrx_word' id='word_1_401' title='bbox 1309 2838 1415 2908; x_wconf 91' lang='lat' dir='ltr'><strong>campia</strong></span> <span class='ocrx_word' id='word_1_402' title='bbox 1435 2837 1581 2903; x_wconf 78' lang='lat' dir='ltr'><strong>dilatatur3</strong></span> <span class='ocrx_word' id='word_1_403' title='bbox 1616 2836 1843 2908; x_wconf 84' lang='lat' dir='ltr'><strong>quemadmodum</strong></span> 
     </span>
     <span class='ocr_line' id='line_1_33' title="bbox 207 2915 1771 2993; baseline 0 -22"><span class='ocrx_word' id='word_1_404' title='bbox 207 2922 306 2983; x_wconf 75' lang='lat' dir='ltr'><strong>motae,</strong></span> <span class='ocrx_word' id='word_1_405' title='bbox 320 2933 382 2973; x_wconf 89' lang='lat' dir='ltr'><strong>cum</strong></span> <span class='ocrx_word' id='word_1_406' title='bbox 395 2918 455 2972; x_wconf 89' lang='lat' dir='ltr'><strong>aoui</strong></span> <span class='ocrx_word' id='word_1_407' title='bbox 469 2917 625 2974; x_wconf 83' lang='lat' dir='ltr'><strong>deierantur</strong></span> <span class='ocrx_word' id='word_1_408' title='bbox 636 2933 686 2987; x_wconf 91' lang='lat' dir='ltr'><strong>per</strong></span> <span class='ocrx_word' id='word_1_409' title='bbox 698 2915 785 2971; x_wconf 89' lang='lat' dir='ltr'><strong>lineaa</strong></span> <span class='ocrx_word' id='word_1_410' title='bbox 799 2923 932 2972; x_wconf 70' lang='lat' dir='ltr'><strong>mcuama.</strong></span> <span class='ocrx_word' id='word_1_411' title='bbox 1043 2938 1094 2993; x_wconf 92' lang='lat' dir='ltr'><strong>per</strong></span> <span class='ocrx_word' id='word_1_412' title='bbox 1106 2918 1218 2991; x_wconf 87' lang='lat' dir='ltr'><strong>apecula</strong></span> <span class='ocrx_word' id='word_1_413' title='bbox 1231 2918 1378 2974; x_wconf 86' lang='lat' dir='ltr'><strong>dilatantur</strong></span> <span class='ocrx_word' id='word_1_414' title='bbox 1390 2924 1419 2973; x_wconf 89' lang='lat' dir='ltr'><strong>et</strong></span> <span class='ocrx_word' id='word_1_415' title='bbox 1431 2917 1628 2972; x_wconf 76' lang='lat' dir='ltr'><strong>cornabantur</strong></span> <span class='ocrx_word' id='word_1_416' title='bbox 1641 2916 1771 2971; x_wconf 84' lang='lat' dir='ltr'><strong>viaibilia.</strong></span> 
     </span>
     <span class='ocr_line' id='line_1_34' title="bbox 250 2995 1845 3071; baseline 0.001 -21"><span class='ocrx_word' id='word_1_417' title='bbox 250 2996 323 3051; x_wconf 88' lang='lat' dir='ltr'><strong>Hinc</strong></span> <span class='ocrx_word' id='word_1_418' title='bbox 345 2998 375 3052; x_wconf 91' lang='lat' dir='ltr'><strong>fit</strong></span> <span class='ocrx_word' id='word_1_419' title='bbox 393 2998 466 3069; x_wconf 89' lang='lat' dir='ltr'><strong>quod</strong></span> <span class='ocrx_word' id='word_1_420' title='bbox 484 2998 603 3054; x_wconf 88' lang='lat' dir='ltr'><strong>viaibilia</strong></span> <span class='ocrx_word' id='word_1_421' title='bbox 620 2997 676 3051; x_wconf 84' lang='lat' dir='ltr'><strong>alia</strong></span> <span class='ocrx_word' id='word_1_422' title='bbox 693 2995 748 3051; x_wconf 91' lang='lat' dir='ltr'><strong>alia</strong></span> <span class='ocrx_word' id='word_1_423' title='bbox 765 3012 822 3050; x_wconf 89' lang='lat' dir='ltr'><strong>non</strong></span> <span class='ocrx_word' id='word_1_424' title='bbox 839 2995 1007 3052; x_wconf 81' lang='lat' dir='ltr'><strong>confundant</strong></span> <span class='ocrx_word' id='word_1_425' title='bbox 1082 3000 1207 3056; x_wconf 84' lang='lat' dir='ltr'><strong>Medium</strong></span> <span class='ocrx_word' id='word_1_426' title='bbox 1219 2998 1358 3071; x_wconf 85' lang='lat' dir='ltr'><strong>trepidana</strong></span> <span class='ocrx_word' id='word_1_427' title='bbox 1373 2999 1417 3067; x_wconf 86' lang='lat' dir='ltr'><strong>(ut</strong></span> <span class='ocrx_word' id='word_1_428' title='bbox 1436 2997 1527 3053; x_wconf 81' lang='lat' dir='ltr'><strong>iumua</strong></span> <span class='ocrx_word' id='word_1_429' title='bbox 1546 2998 1577 3052; x_wconf 89' lang='lat' dir='ltr'><strong>in</strong></span> <span class='ocrx_word' id='word_1_430' title='bbox 1594 2996 1765 3068; x_wconf 77' lang='lat' dir='ltr'><strong>visibilibua)</strong></span> <span class='ocrx_word' id='word_1_431' title='bbox 1779 2997 1845 3051; x_wconf 75' lang='lat' dir='ltr'><strong>iacit</strong></span> 
     </span>
     <span class='ocr_line' id='line_1_35' title="bbox 208 3075 1844 3149; baseline 0.001 -19"><span class='ocrx_word' id='word_1_432' title='bbox 208 3075 291 3130; x_wconf 89' lang='lat' dir='ltr'><strong>airnul</strong></span> <span class='ocrx_word' id='word_1_433' title='bbox 314 3085 525 3148; x_wconf 72' lang='lat' dir='ltr'><strong>reprmaentata3</strong></span> <span class='ocrx_word' id='word_1_434' title='bbox 556 3078 616 3133; x_wconf 89' lang='lat' dir='ltr'><strong>aoni</strong></span> <span class='ocrx_word' id='word_1_435' title='bbox 639 3085 740 3131; x_wconf 89' lang='lat' dir='ltr'><strong>contra.</strong></span> <span class='ocrx_word' id='word_1_436' title='bbox 781 3075 856 3130; x_wconf 89' lang='lat' dir='ltr'><strong>Hinc</strong></span> <span class='ocrx_word' id='word_1_437' title='bbox 879 3076 911 3130; x_wconf 88' lang='lat' dir='ltr'><strong>lit</strong></span> <span class='ocrx_word' id='word_1_438' title='bbox 934 3077 1007 3147; x_wconf 86' lang='lat' dir='ltr'><strong>quod</strong></span> <span class='ocrx_word' id='word_1_439' title='bbox 1043 3080 1163 3136; x_wconf 86' lang='lat' dir='ltr'><strong>viaibilia</strong></span> <span class='ocrx_word' id='word_1_440' title='bbox 1181 3079 1288 3149; x_wconf 89' lang='lat' dir='ltr'><strong>objecta</strong></span> <span class='ocrx_word' id='word_1_441' title='bbox 1307 3078 1393 3133; x_wconf 91' lang='lat' dir='ltr'><strong>etiam</strong></span> <span class='ocrx_word' id='word_1_442' title='bbox 1405 3078 1560 3149; x_wconf 86' lang='lat' dir='ltr'><strong>trepidare:</strong></span> <span class='ocrx_word' id='word_1_443' title='bbox 1581 3085 1612 3131; x_wconf 97' lang='lat' dir='ltr'><strong>at</strong></span> <span class='ocrx_word' id='word_1_444' title='bbox 1628 3077 1660 3131; x_wconf 87' lang='lat' dir='ltr'><strong>in</strong></span> <span class='ocrx_word' id='word_1_445' title='bbox 1678 3078 1754 3133; x_wconf 85' lang='lat' dir='ltr'><strong>aonia</strong></span> <span class='ocrx_word' id='word_1_446' title='bbox 1771 3077 1844 3132; x_wconf 83' lang='lat' dir='ltr'><strong>nihil</strong></span> 
     </span>
     <span class='ocr_line' id='line_1_36' title="bbox 212 3154 1845 3227; baseline 0.001 -17"><span class='ocrx_word' id='word_1_447' title='bbox 212 3155 336 3210; x_wconf 89' lang='lat' dir='ltr'><strong>aoliditaa</strong></span> <span class='ocrx_word' id='word_1_448' title='bbox 358 3158 518 3213; x_wconf 83' lang='lat' dir='ltr'><strong>aubatantiae</strong></span> <span class='ocrx_word' id='word_1_449' title='bbox 536 3173 591 3211; x_wconf 90' lang='lat' dir='ltr'><strong>non</strong></span> <span class='ocrx_word' id='word_1_450' title='bbox 614 3157 737 3211; x_wconf 89' lang='lat' dir='ltr'><strong>videatur</strong></span> <span class='ocrx_word' id='word_1_451' title='bbox 759 3154 892 3227; x_wconf 87' lang='lat' dir='ltr'><strong>impedire</strong></span> <span class='ocrx_word' id='word_1_452' title='bbox 917 3156 1006 3211; x_wconf 89' lang='lat' dir='ltr'><strong>vieum</strong></span> <span class='ocrx_word' id='word_1_453' title='bbox 1043 3160 1132 3215; x_wconf 86' lang='lat' dir='ltr'><strong>adhuc</strong></span> <span class='ocrx_word' id='word_1_454' title='bbox 1146 3159 1201 3215; x_wconf 86' lang='lat' dir='ltr'><strong>tale</strong></span> <span class='ocrx_word' id='word_1_455' title='bbox 1218 3158 1362 3225; x_wconf 90' lang='lat' dir='ltr'><strong>invenitur,</strong></span> <span class='ocrx_word' id='word_1_456' title='bbox 1376 3158 1429 3212; x_wconf 89' lang='lat' dir='ltr'><strong>niai</strong></span> <span class='ocrx_word' id='word_1_457' title='bbox 1448 3158 1518 3212; x_wconf 79' lang='lat' dir='ltr'><strong>forte</strong></span> <span class='ocrx_word' id='word_1_458' title='bbox 1536 3156 1659 3212; x_wconf 84' lang='lat' dir='ltr'><strong>acceaaio</strong></span> <span class='ocrx_word' id='word_1_459' title='bbox 1678 3165 1708 3212; x_wconf 90' lang='lat' dir='ltr'><strong>et</strong></span> <span class='ocrx_word' id='word_1_460' title='bbox 1725 3160 1845 3213; x_wconf 66' lang='lat' dir='ltr'><strong>rece-io</strong></span> 
     </span>
     <span class='ocr_line' id='line_1_37' title="bbox 209 3235 1844 3310; baseline 0.003 -21"><span class='ocrx_word' id='word_1_461' title='bbox 209 3251 384 3306; x_wconf 78' lang='lat' dir='ltr'><strong>magnopere,</strong></span> <span class='ocrx_word' id='word_1_462' title='bbox 407 3237 487 3293; x_wconf 89' lang='lat' dir='ltr'><strong>modo</strong></span> <span class='ocrx_word' id='word_1_463' title='bbox 514 3238 642 3308; x_wconf 81' lang='lat' dir='ltr'><strong>poaiturte</strong></span> <span class='ocrx_word' id='word_1_464' title='bbox 665 3236 782 3307; x_wconf 89' lang='lat' dir='ltr'><strong>partium</strong></span> <span class='ocrx_word' id='word_1_465' title='bbox 805 3235 927 3306; x_wconf 76' lang='lat' dir='ltr'><strong>corporis</strong></span> <span class='ocrx_word' id='word_1_466' title='bbox 950 3237 1007 3291; x_wconf 89' lang='lat' dir='ltr'><strong>aint</strong></span> <span class='ocrx_word' id='word_1_467' title='bbox 1044 3257 1093 3310; x_wconf 87' lang='lat' dir='ltr'><strong>per</strong></span> <span class='ocrx_word' id='word_1_468' title='bbox 1111 3248 1215 3295; x_wconf 76' lang='lat' dir='ltr'><strong>ventor.</strong></span> <span class='ocrx_word' id='word_1_469' title='bbox 1255 3239 1331 3294; x_wconf 89' lang='lat' dir='ltr'><strong>Nam</strong></span> <span class='ocrx_word' id='word_1_470' title='bbox 1352 3237 1497 3308; x_wconf 86' lang='lat' dir='ltr'><strong>trepidatio</strong></span> <span class='ocrx_word' id='word_1_471' title='bbox 1518 3236 1547 3291; x_wconf 90' lang='lat' dir='ltr'><strong>in</strong></span> <span class='ocrx_word' id='word_1_472' title='bbox 1568 3236 1661 3293; x_wconf 87' lang='lat' dir='ltr'><strong>fiatula</strong></span> <span class='ocrx_word' id='word_1_473' title='bbox 1681 3236 1844 3302; x_wconf 75' lang='lat' dir='ltr'><strong>luaciniolar,</strong></span> 
     </span>
     <span class='ocr_line' id='line_1_38' title="bbox 208 3315 1623 3391; baseline 0.001 -22"><span class='ocrx_word' id='word_1_474' title='bbox 208 3315 303 3370; x_wconf 87' lang='lat' dir='ltr'><strong>ordine</strong></span> <span class='ocrx_word' id='word_1_475' title='bbox 325 3315 443 3387; x_wconf 88' lang='lat' dir='ltr'><strong>aimplici</strong></span> <span class='ocrx_word' id='word_1_476' title='bbox 464 3327 492 3372; x_wconf 89' lang='lat' dir='ltr'><strong>et</strong></span> <span class='ocrx_word' id='word_1_477' title='bbox 513 3334 563 3387; x_wconf 93' lang='lat' dir='ltr'><strong>per</strong></span> <span class='ocrx_word' id='word_1_478' title='bbox 584 3324 674 3372; x_wconf 90' lang='lat' dir='ltr'><strong>rectoa</strong></span> <span class='ocrx_word' id='word_1_479' title='bbox 694 3322 807 3380; x_wconf 79' lang='lat' dir='ltr'><strong>mortua,</strong></span> <span class='ocrx_word' id='word_1_480' title='bbox 827 3323 858 3369; x_wconf 91' lang='lat' dir='ltr'><strong>ut</strong></span> <span class='ocrx_word' id='word_1_481' title='bbox 879 3315 908 3369; x_wconf 89' lang='lat' dir='ltr'><strong>in</strong></span> <span class='ocrx_word' id='word_1_482' title='bbox 927 3316 1005 3381; x_wconf 90' lang='lat' dir='ltr'><strong>vitro,</strong></span> <span class='ocrx_word' id='word_1_483' title='bbox 1043 3327 1085 3376; x_wconf 88' lang='lat' dir='ltr'><strong>eat</strong></span> <span class='ocrx_word' id='word_1_484' title='bbox 1098 3319 1242 3391; x_wconf 88' lang='lat' dir='ltr'><strong>trepidatio</strong></span> <span class='ocrx_word' id='word_1_485' title='bbox 1255 3317 1447 3389; x_wconf 87' lang='lat' dir='ltr'><strong>percuaaiouia,</strong></span> <span class='ocrx_word' id='word_1_486' title='bbox 1460 3333 1515 3371; x_wconf 89' lang='lat' dir='ltr'><strong>nou</strong></span> <span class='ocrx_word' id='word_1_487' title='bbox 1528 3316 1623 3372; x_wconf 90' lang='lat' dir='ltr'><strong>medii.</strong></span> 
     </span>
     <span class='ocr_line' id='line_1_39' title="bbox 210 3394 1845 3466; baseline 0.004 -20"><span class='ocrx_word' id='word_1_488' title='bbox 210 3410 290 3465; x_wconf 89' lang='lat' dir='ltr'><strong>aqua,</strong></span> <span class='ocrx_word' id='word_1_489' title='bbox 311 3395 446 3465; x_wconf 85' lang='lat' dir='ltr'><strong>cryatallo,</strong></span> <span class='ocrx_word' id='word_1_490' title='bbox 467 3397 628 3451; x_wconf 87' lang='lat' dir='ltr'><strong>adamante:</strong></span> <span class='ocrx_word' id='word_1_491' title='bbox 653 3403 682 3450; x_wconf 87' lang='lat' dir='ltr'><strong>at</strong></span> <span class='ocrx_word' id='word_1_492' title='bbox 702 3411 798 3466; x_wconf 86' lang='lat' dir='ltr'><strong>parurn</strong></span> <span class='ocrx_word' id='word_1_493' title='bbox 819 3394 904 3464; x_wconf 90' lang='lat' dir='ltr'><strong>panni</strong></span> <span class='ocrx_word' id='word_1_494' title='bbox 925 3395 1006 3450; x_wconf 90' lang='lat' dir='ltr'><strong>aerici</strong></span> <span class='ocrx_word' id='word_1_495' title='bbox 1082 3399 1150 3455; x_wconf 86' lang='lat' dir='ltr'><strong>Poat</strong></span> <span class='ocrx_word' id='word_1_496' title='bbox 1173 3399 1288 3454; x_wconf 88' lang='lat' dir='ltr'><strong>multam</strong></span> <span class='ocrx_word' id='word_1_497' title='bbox 1314 3398 1413 3462; x_wconf 92' lang='lat' dir='ltr'><strong>lucem,</strong></span> <span class='ocrx_word' id='word_1_498' title='bbox 1433 3398 1562 3452; x_wconf 86' lang='lat' dir='ltr'><strong>mutando</strong></span> <span class='ocrx_word' id='word_1_499' title='bbox 1586 3396 1623 3451; x_wconf 84' lang='lat' dir='ltr'><strong>ed</strong></span> <span class='ocrx_word' id='word_1_500' title='bbox 1643 3396 1777 3460; x_wconf 79' lang='lat' dir='ltr'><strong>tenebrae,</strong></span> <span class='ocrx_word' id='word_1_501' title='bbox 1796 3397 1845 3452; x_wconf 81' lang='lat' dir='ltr'><strong>vel</strong></span> 
     </span>
     <span class='ocr_line' id='line_1_40' title="bbox 208 3472 1843 3549; baseline 0.003 -22"><span class='ocrx_word' id='word_1_502' title='bbox 208 3484 259 3528; x_wconf 90' lang='lat' dir='ltr'><strong>aut</strong></span> <span class='ocrx_word' id='word_1_503' title='bbox 267 3472 332 3529; x_wconf 88' lang='lat' dir='ltr'><strong>linei</strong></span> <span class='ocrx_word' id='word_1_504' title='bbox 343 3476 444 3546; x_wconf 88' lang='lat' dir='ltr'><strong>rumpit</strong></span> <span class='ocrx_word' id='word_1_505' title='bbox 453 3477 549 3540; x_wconf 68' lang='lat' dir='ltr'><strong>naum,</strong></span> <span class='ocrx_word' id='word_1_506' title='bbox 561 3493 622 3531; x_wconf 89' lang='lat' dir='ltr'><strong>cum</strong></span> <span class='ocrx_word' id='word_1_507' title='bbox 635 3475 691 3530; x_wconf 88' lang='lat' dir='ltr'><strong>aint</strong></span> <span class='ocrx_word' id='word_1_508' title='bbox 700 3490 815 3545; x_wconf 89' lang='lat' dir='ltr'><strong>corpora</strong></span> <span class='ocrx_word' id='word_1_509' title='bbox 825 3473 903 3528; x_wconf 89' lang='lat' dir='ltr'><strong>valde</strong></span> <span class='ocrx_word' id='word_1_510' title='bbox 914 3475 1007 3529; x_wconf 87' lang='lat' dir='ltr'><strong>tenuia</strong></span> <span class='ocrx_word' id='word_1_511' title='bbox 1044 3489 1106 3549; x_wconf 81' lang='lat' dir='ltr'><strong>poet</strong></span> <span class='ocrx_word' id='word_1_512' title='bbox 1126 3480 1251 3534; x_wconf 78' lang='lat' dir='ltr'><strong>tenebrae</strong></span> <span class='ocrx_word' id='word_1_513' title='bbox 1272 3477 1308 3531; x_wconf 91' lang='lat' dir='ltr'><strong>ed</strong></span> <span class='ocrx_word' id='word_1_514' title='bbox 1326 3476 1423 3542; x_wconf 89' lang='lat' dir='ltr'><strong>lucem,</strong></span> <span class='ocrx_word' id='word_1_515' title='bbox 1441 3477 1614 3532; x_wconf 68' lang='lat' dir='ltr'><strong>contruditur</strong></span> <span class='ocrx_word' id='word_1_516' title='bbox 1635 3492 1734 3547; x_wconf 86' lang='lat' dir='ltr'><strong>parum</strong></span> <span class='ocrx_word' id='word_1_517' title='bbox 1750 3478 1843 3532; x_wconf 73' lang='lat' dir='ltr'><strong>riona:</strong></span> 
     </span>
     <span class='ocr_line' id='line_1_41' title="bbox 207 3553 1846 3629; baseline 0.003 -22"><span class='ocrx_word' id='word_1_518' title='bbox 207 3561 238 3607; x_wconf 85' lang='lat' dir='ltr'><strong>et</strong></span> <span class='ocrx_word' id='word_1_519' title='bbox 251 3570 366 3624; x_wconf 81' lang='lat' dir='ltr'><strong>poroaa;</strong></span> <span class='ocrx_word' id='word_1_520' title='bbox 387 3564 415 3609; x_wconf 91' lang='lat' dir='ltr'><strong>at</strong></span> <span class='ocrx_word' id='word_1_521' title='bbox 433 3555 587 3625; x_wconf 83' lang='lat' dir='ltr'><strong>bujmmodi</strong></span> <span class='ocrx_word' id='word_1_522' title='bbox 601 3557 684 3625; x_wconf 88' lang='lat' dir='ltr'><strong>pauni</strong></span> <span class='ocrx_word' id='word_1_523' title='bbox 699 3571 795 3626; x_wconf 91' lang='lat' dir='ltr'><strong>parum</strong></span> <span class='ocrx_word' id='word_1_524' title='bbox 809 3561 857 3609; x_wconf 90' lang='lat' dir='ltr'><strong>aut</strong></span> <span class='ocrx_word' id='word_1_525' title='bbox 870 3553 941 3608; x_wconf 88' lang='lat' dir='ltr'><strong>nihil</strong></span> <span class='ocrx_word' id='word_1_526' title='bbox 954 3554 1006 3610; x_wconf 89' lang='lat' dir='ltr'><strong>im·</strong></span> <span class='ocrx_word' id='word_1_527' title='bbox 1044 3566 1133 3614; x_wconf 84' lang='lat' dir='ltr'><strong>utnrm</strong></span> <span class='ocrx_word' id='word_1_528' title='bbox 1147 3576 1212 3614; x_wconf 90' lang='lat' dir='ltr'><strong>vero</strong></span> <span class='ocrx_word' id='word_1_529' title='bbox 1231 3557 1284 3612; x_wconf 88' lang='lat' dir='ltr'><strong>boc</strong></span> <span class='ocrx_word' id='word_1_530' title='bbox 1304 3558 1352 3612; x_wconf 88' lang='lat' dir='ltr'><strong>fiat</strong></span> <span class='ocrx_word' id='word_1_531' title='bbox 1372 3574 1390 3611; x_wconf 87' lang='lat' dir='ltr'><strong>a</strong></span> <span class='ocrx_word' id='word_1_532' title='bbox 1410 3559 1516 3628; x_wconf 89' lang='lat' dir='ltr'><strong>magnia</strong></span> <span class='ocrx_word' id='word_1_533' title='bbox 1537 3557 1701 3629; x_wconf 74' lang='lat' dir='ltr'><strong>fragoribus,</strong></span> <span class='ocrx_word' id='word_1_534' title='bbox 1721 3564 1769 3612; x_wconf 84' lang='lat' dir='ltr'><strong>aut</strong></span> <span class='ocrx_word' id='word_1_535' title='bbox 1786 3556 1846 3612; x_wconf 83' lang='lat' dir='ltr'><strong>alto</strong></span> 
     </span>
     <span class='ocr_line' id='line_1_42' title="bbox 209 3631 1374 3710; baseline 0.007 -23"><span class='ocrx_word' id='word_1_536' title='bbox 209 3633 324 3704; x_wconf 87' lang='lat' dir='ltr'><strong>pediunt</strong></span> <span class='ocrx_word' id='word_1_537' title='bbox 346 3635 474 3699; x_wconf 90' lang='lat' dir='ltr'><strong>auditum,</strong></span> <span class='ocrx_word' id='word_1_538' title='bbox 496 3635 542 3690; x_wconf 91' lang='lat' dir='ltr'><strong>ubi</strong></span> <span class='ocrx_word' id='word_1_539' title='bbox 566 3635 655 3690; x_wconf 88' lang='lat' dir='ltr'><strong>aolidu</strong></span> <span class='ocrx_word' id='word_1_540' title='bbox 674 3633 725 3689; x_wconf 88' lang='lat' dir='ltr'><strong>illa</strong></span> <span class='ocrx_word' id='word_1_541' title='bbox 745 3651 827 3706; x_wconf 90' lang='lat' dir='ltr'><strong>quam</strong></span> <span class='ocrx_word' id='word_1_542' title='bbox 849 3631 1005 3703; x_wconf 84' lang='lat' dir='ltr'><strong>plurimum</strong></span> <span class='ocrx_word' id='word_1_543' title='bbox 1044 3638 1161 3706; x_wconf 74' lang='lat' dir='ltr'><strong>cilentio,</strong></span> <span class='ocrx_word' id='word_1_544' title='bbox 1174 3637 1374 3710; x_wconf 83' lang='lat' dir='ltr'><strong>inquirendum</strong></span> 
     </span>
     <span class='ocr_line' id='line_1_43' title="bbox 211 3713 1006 3786; baseline 0.001 -19"><span class='ocrx_word' id='word_1_545' title='bbox 211 3713 285 3768; x_wconf 87' lang='lat' dir='ltr'><strong>Hinc</strong></span> <span class='ocrx_word' id='word_1_546' title='bbox 298 3715 330 3769; x_wconf 87' lang='lat' dir='ltr'><strong>lit</strong></span> <span class='ocrx_word' id='word_1_547' title='bbox 343 3715 414 3786; x_wconf 88' lang='lat' dir='ltr'><strong>quod</strong></span> <span class='ocrx_word' id='word_1_548' title='bbox 428 3715 464 3769; x_wconf 91' lang='lat' dir='ltr'><strong>ad</strong></span> <span class='ocrx_word' id='word_1_549' title='bbox 477 3716 722 3771; x_wconf 87' lang='lat' dir='ltr'><strong>reverberationem</strong></span> <span class='ocrx_word' id='word_1_550' title='bbox 730 3713 879 3769; x_wconf 81' lang='lat' dir='ltr'><strong>viaibilium</strong></span> <span class='ocrx_word' id='word_1_551' title='bbox 890 3714 1006 3769; x_wconf 85' lang='lat' dir='ltr'><strong>aufficiut</strong></span> 
     </span>
     <span class='ocr_line' id='line_1_44' title="bbox 209 3793 1005 3865; baseline 0.001 -17"><span class='ocrx_word' id='word_1_552' title='bbox 209 3808 323 3863; x_wconf 74' lang='grc' dir='ltr'>ριτιιιιιι</span> <span class='ocrx_word' id='word_1_553' title='bbox 347 3793 495 3865; x_wconf 81' lang='lat' dir='ltr'><strong>speculum,</strong></span> <span class='ocrx_word' id='word_1_554' title='bbox 520 3806 568 3850; x_wconf 88' lang='lat' dir='ltr'><strong>aut</strong></span> <span class='ocrx_word' id='word_1_555' title='bbox 588 3794 677 3850; x_wconf 89' lang='lat' dir='ltr'><strong>aimile</strong></span> <span class='ocrx_word' id='word_1_556' title='bbox 698 3810 797 3864; x_wconf 85' lang='lat' dir='ltr'><strong>corpur</strong></span> <span class='ocrx_word' id='word_1_557' title='bbox 820 3793 1005 3864; x_wconf 87' lang='lat' dir='ltr'><strong>perepicuum‚</strong></span> 
     </span>
     <span class='ocr_line' id='line_1_45' title="bbox 209 3873 1006 3943; baseline 0 -16"><span class='ocrx_word' id='word_1_558' title='bbox 209 3874 291 3928; x_wconf 89' lang='lat' dir='ltr'><strong>modo</strong></span> <span class='ocrx_word' id='word_1_559' title='bbox 303 3881 419 3943; x_wconf 89' lang='lat' dir='ltr'><strong>ponatur</strong></span> <span class='ocrx_word' id='word_1_560' title='bbox 431 3875 460 3930; x_wconf 91' lang='lat' dir='ltr'><strong>in</strong></span> <span class='ocrx_word' id='word_1_561' title='bbox 472 3874 547 3930; x_wconf 91' lang='lat' dir='ltr'><strong>linea</strong></span> <span class='ocrx_word' id='word_1_562' title='bbox 560 3883 641 3939; x_wconf 90' lang='lat' dir='ltr'><strong>recta,</strong></span> <span class='ocrx_word' id='word_1_563' title='bbox 657 3874 702 3929; x_wconf 89' lang='lat' dir='ltr'><strong>ubi</strong></span> <span class='ocrx_word' id='word_1_564' title='bbox 716 3873 836 3929; x_wconf 91' lang='lat' dir='ltr'><strong>viaibilia</strong></span> <span class='ocrx_word' id='word_1_565' title='bbox 848 3881 956 3939; x_wconf 77' lang='lat' dir='ltr'><strong>meant3</strong></span> <span class='ocrx_word' id='word_1_566' title='bbox 978 3883 1006 3928; x_wconf 91' lang='lat' dir='ltr'><strong>at</strong></span> 
     </span>
     <span class='ocr_line' id='line_1_46' title="bbox 209 3951 1845 4024; baseline 0.001 -18"><span class='ocrx_word' id='word_1_567' title='bbox 209 3952 245 4006; x_wconf 92' lang='lat' dir='ltr'><strong>ad</strong></span> <span class='ocrx_word' id='word_1_568' title='bbox 258 3953 410 4008; x_wconf 82' lang='lat' dir='ltr'><strong>faciendam</strong></span> <span class='ocrx_word' id='word_1_569' title='bbox 427 3955 673 4010; x_wconf 87' lang='lat' dir='ltr'><strong>reverberationem</strong></span> <span class='ocrx_word' id='word_1_570' title='bbox 691 3953 775 4009; x_wconf 90' lang='lat' dir='ltr'><strong>echua</strong></span> <span class='ocrx_word' id='word_1_571' title='bbox 788 3959 896 4024; x_wconf 90' lang='lat' dir='ltr'><strong>oportet</strong></span> <span class='ocrx_word' id='word_1_572' title='bbox 909 3969 1005 4008; x_wconf 89' lang='lat' dir='ltr'><strong>eonom</strong></span> <span class='ocrx_word' id='word_1_573' title='bbox 1087 3952 1183 4008; x_wconf 76' lang='lat' dir='ltr'><strong>Omnia</strong></span> <span class='ocrx_word' id='word_1_574' title='bbox 1206 3969 1290 4008; x_wconf 89' lang='lat' dir='ltr'><strong>aonua</strong></span> <span class='ocrx_word' id='word_1_575' title='bbox 1317 3951 1371 4006; x_wconf 87' lang='lat' dir='ltr'><strong>cito</strong></span> <span class='ocrx_word' id='word_1_576' title='bbox 1394 3951 1539 4005; x_wconf 90' lang='lat' dir='ltr'><strong>admodum</strong></span> <span class='ocrx_word' id='word_1_577' title='bbox 1563 3959 1717 4021; x_wconf 89' lang='lat' dir='ltr'><strong>generator,</strong></span> <span class='ocrx_word' id='word_1_578' title='bbox 1742 3961 1771 4006; x_wconf 89' lang='lat' dir='ltr'><strong>et</strong></span> <span class='ocrx_word' id='word_1_579' title='bbox 1790 3952 1845 4007; x_wconf 87' lang='lat' dir='ltr'><strong>cito</strong></span> 
     </span>
     <span class='ocr_line' id='line_1_47' title="bbox 209 4030 1844 4105; baseline 0.002 -21"><span class='ocrx_word' id='word_1_580' title='bbox 209 4031 293 4087; x_wconf 86' lang='lat' dir='ltr'><strong>etiam</strong></span> <span class='ocrx_word' id='word_1_581' title='bbox 307 4049 324 4086; x_wconf 91' lang='lat' dir='ltr'><strong>a</strong></span> <span class='ocrx_word' id='word_1_582' title='bbox 336 4033 467 4089; x_wconf 89' lang='lat' dir='ltr'><strong>lateribua</strong></span> <span class='ocrx_word' id='word_1_583' title='bbox 481 4035 628 4098; x_wconf 85' lang='lat' dir='ltr'><strong>includere,</strong></span> <span class='ocrx_word' id='word_1_584' title='bbox 639 4034 704 4105; x_wconf 92' lang='lat' dir='ltr'><strong>quia</strong></span> <span class='ocrx_word' id='word_1_585' title='bbox 717 4033 804 4088; x_wconf 81' lang='lat' dir='ltr'><strong>fertur</strong></span> <span class='ocrx_word' id='word_1_586' title='bbox 817 4032 1005 4105; x_wconf 88' lang='lat' dir='ltr'><strong>undequaque.</strong></span> <span class='ocrx_word' id='word_1_587' title='bbox 1044 4032 1152 4088; x_wconf 86' lang='lat' dir='ltr'><strong>interit:</strong></span> <span class='ocrx_word' id='word_1_588' title='bbox 1173 4031 1300 4088; x_wconf 87' lang='lat' dir='ltr'><strong>celeritaa</strong></span> <span class='ocrx_word' id='word_1_589' title='bbox 1314 4039 1405 4086; x_wconf 90' lang='lat' dir='ltr'><strong>autem</strong></span> <span class='ocrx_word' id='word_1_590' title='bbox 1418 4038 1509 4086; x_wconf 85' lang='lat' dir='ltr'><strong>motua</strong></span> <span class='ocrx_word' id='word_1_591' title='bbox 1527 4030 1623 4101; x_wconf 88' lang='lat' dir='ltr'><strong>ipaiua,</strong></span> <span class='ocrx_word' id='word_1_592' title='bbox 1638 4040 1667 4085; x_wconf 90' lang='lat' dir='ltr'><strong>et</strong></span> <span class='ocrx_word' id='word_1_593' title='bbox 1680 4032 1844 4087; x_wconf 78' lang='lat' dir='ltr'><strong>differentia-</strong></span> 
     </span>
     <span class='ocr_line' id='line_1_48' title="bbox 209 4108 1843 4185; baseline 0.001 -20"><span class='ocrx_word' id='word_1_594' title='bbox 209 4108 333 4183; x_wconf 69' lang='lat' dir='ltr'><strong>Longma</strong></span> <span class='ocrx_word' id='word_1_595' title='bbox 353 4113 437 4169; x_wconf 83' lang='lat' dir='ltr'><strong>fertur</strong></span> <span class='ocrx_word' id='word_1_596' title='bbox 455 4115 593 4183; x_wconf 73' lang='lat' dir='ltr'><strong>obiectum</strong></span> <span class='ocrx_word' id='word_1_597' title='bbox 611 4113 726 4178; x_wconf 90' lang='lat' dir='ltr'><strong>viaibile,</strong></span> <span class='ocrx_word' id='word_1_598' title='bbox 744 4130 796 4184; x_wconf 92' lang='lat' dir='ltr'><strong>pro</strong></span> <span class='ocrx_word' id='word_1_599' title='bbox 812 4121 875 4168; x_wconf 90' lang='lat' dir='ltr'><strong>rata</strong></span> <span class='ocrx_word' id='word_1_600' title='bbox 891 4130 1005 4185; x_wconf 89' lang='lat' dir='ltr'><strong>propor·</strong></span> <span class='ocrx_word' id='word_1_601' title='bbox 1044 4130 1104 4168; x_wconf 89' lang='lat' dir='ltr'><strong>rum</strong></span> <span class='ocrx_word' id='word_1_602' title='bbox 1124 4113 1190 4182; x_wconf 87' lang='lat' dir='ltr'><strong>ejua,</strong></span> <span class='ocrx_word' id='word_1_603' title='bbox 1210 4129 1266 4167; x_wconf 91' lang='lat' dir='ltr'><strong>non</strong></span> <span class='ocrx_word' id='word_1_604' title='bbox 1285 4119 1342 4166; x_wconf 89' lang='lat' dir='ltr'><strong>tam</strong></span> <span class='ocrx_word' id='word_1_605' title='bbox 1361 4110 1494 4165; x_wconf 90' lang='lat' dir='ltr'><strong>mirabilia</strong></span> <span class='ocrx_word' id='word_1_606' title='bbox 1513 4127 1558 4165; x_wconf 90' lang='lat' dir='ltr'><strong>rea</strong></span> <span class='ocrx_word' id='word_1_607' title='bbox 1578 4110 1695 4167; x_wconf 88' lang='lat' dir='ltr'><strong>videtur.</strong></span> <span class='ocrx_word' id='word_1_608' title='bbox 1735 4112 1843 4166; x_wconf 81' lang='lat' dir='ltr'><strong>Etenim</strong></span> 
     </span>
     <span class='ocr_line' id='line_1_49' title="bbox 209 4189 1843 4264; baseline 0.002 -21"><span class='ocrx_word' id='word_1_609' title='bbox 209 4190 292 4256; x_wconf 90' lang='lat' dir='ltr'><strong>tione,</strong></span> <span class='ocrx_word' id='word_1_610' title='bbox 306 4209 389 4263; x_wconf 89' lang='lat' dir='ltr'><strong>quam</strong></span> <span class='ocrx_word' id='word_1_611' title='bbox 402 4210 494 4249; x_wconf 90' lang='lat' dir='ltr'><strong>aonua.</strong></span> <span class='ocrx_word' id='word_1_612' title='bbox 1044 4193 1192 4264; x_wconf 78' lang='lat' dir='ltr'><strong>digitorum</strong></span> <span class='ocrx_word' id='word_1_613' title='bbox 1206 4199 1295 4247; x_wconf 87' lang='lat' dir='ltr'><strong>mutua</strong></span> <span class='ocrx_word' id='word_1_614' title='bbox 1309 4192 1338 4245; x_wconf 90' lang='lat' dir='ltr'><strong>in</strong></span> <span class='ocrx_word' id='word_1_615' title='bbox 1355 4189 1468 4255; x_wconf 88' lang='lat' dir='ltr'><strong>cithara,</strong></span> <span class='ocrx_word' id='word_1_616' title='bbox 1483 4201 1530 4245; x_wconf 89' lang='lat' dir='ltr'><strong>aut</strong></span> <span class='ocrx_word' id='word_1_617' title='bbox 1546 4189 1685 4247; x_wconf 89' lang='lat' dir='ltr'><strong>anhelitua</strong></span> <span class='ocrx_word' id='word_1_618' title='bbox 1703 4192 1731 4246; x_wconf 91' lang='lat' dir='ltr'><strong>in</strong></span> <span class='ocrx_word' id='word_1_619' title='bbox 1754 4191 1843 4247; x_wconf 76' lang='lat' dir='ltr'><strong>fianta</strong></span> 
     </span>
     <span class='ocr_line' id='line_1_50' title="bbox 250 4270 1843 4345; baseline 0.001 -21"><span class='ocrx_word' id='word_1_620' title='bbox 250 4271 385 4337; x_wconf 84' lang='lat' dir='ltr'><strong>Viaibilia,</strong></span> <span class='ocrx_word' id='word_1_621' title='bbox 395 4273 477 4328; x_wconf 88' lang='lat' dir='ltr'><strong>nimia</strong></span> <span class='ocrx_word' id='word_1_622' title='bbox 492 4290 576 4345; x_wconf 90' lang='lat' dir='ltr'><strong>prope</strong></span> <span class='ocrx_word' id='word_1_623' title='bbox 591 4271 873 4337; x_wconf 84' lang='lat' dir='ltr'><strong>admotaadoculum,</strong></span> <span class='ocrx_word' id='word_1_624' title='bbox 883 4288 937 4327; x_wconf 90' lang='lat' dir='ltr'><strong>non</strong></span> <span class='ocrx_word' id='word_1_625' title='bbox 949 4279 1006 4329; x_wconf 86' lang='lat' dir='ltr'><strong>tam</strong></span> <span class='ocrx_word' id='word_1_626' title='bbox 1044 4279 1091 4328; x_wconf 88' lang='lat' dir='ltr'><strong>aut</strong></span> <span class='ocrx_word' id='word_1_627' title='bbox 1104 4272 1179 4339; x_wconf 90' lang='lat' dir='ltr'><strong>tibia,</strong></span> <span class='ocrx_word' id='word_1_628' title='bbox 1193 4271 1296 4327; x_wconf 89' lang='lat' dir='ltr'><strong>celerea</strong></span> <span class='ocrx_word' id='word_1_629' title='bbox 1315 4270 1459 4325; x_wconf 89' lang='lat' dir='ltr'><strong>admodum</strong></span> <span class='ocrx_word' id='word_1_630' title='bbox 1476 4270 1650 4326; x_wconf 90' lang='lat' dir='ltr'><strong>inveniuntur</strong></span> <span class='ocrx_word' id='word_1_631' title='bbox 1660 4294 1668 4336; x_wconf 88' lang='lat'>;</span> <span class='ocrx_word' id='word_1_632' title='bbox 1689 4273 1773 4326; x_wconf 90' lang='lat' dir='ltr'><strong>etiarn</strong></span> <span class='ocrx_word' id='word_1_633' title='bbox 1792 4272 1843 4326; x_wconf 89' lang='lat' dir='ltr'><strong>lin·</strong></span> 
     </span>
     <span class='ocr_line' id='line_1_51' title="bbox 210 4348 1843 4424; baseline 0.002 -21"><span class='ocrx_word' id='word_1_634' title='bbox 210 4348 281 4404; x_wconf 89' lang='lat' dir='ltr'><strong>bene</strong></span> <span class='ocrx_word' id='word_1_635' title='bbox 294 4359 448 4416; x_wconf 88' lang='lat' dir='ltr'><strong>cernuntur,</strong></span> <span class='ocrx_word' id='word_1_636' title='bbox 462 4370 545 4423; x_wconf 88' lang='lat' dir='ltr'><strong>quam</strong></span> <span class='ocrx_word' id='word_1_637' title='bbox 558 4370 606 4423; x_wconf 89' lang='lat' dir='ltr'><strong>per</strong></span> <span class='ocrx_word' id='word_1_638' title='bbox 618 4351 776 4408; x_wconf 86' lang='lat' dir='ltr'><strong>diatautiam</strong></span> <span class='ocrx_word' id='word_1_639' title='bbox 795 4351 962 4419; x_wconf 88' lang='lat' dir='ltr'><strong>nonnullam,</strong></span> <span class='ocrx_word' id='word_1_640' title='bbox 977 4361 1007 4408; x_wconf 89' lang='lat' dir='ltr'><strong>ut</strong></span> <span class='ocrx_word' id='word_1_641' title='bbox 1044 4369 1100 4424; x_wconf 89' lang='lat' dir='ltr'><strong>gua</strong></span> <span class='ocrx_word' id='word_1_642' title='bbox 1112 4353 1172 4423; x_wconf 77' lang='lat' dir='ltr'><strong>ipra</strong></span> <span class='ocrx_word' id='word_1_643' title='bbox 1186 4353 1253 4424; x_wconf 91' lang='lat' dir='ltr'><strong>(non</strong></span> <span class='ocrx_word' id='word_1_644' title='bbox 1267 4353 1403 4406; x_wconf 81' lang='lat' dir='ltr'><strong>curiosum</strong></span> <span class='ocrx_word' id='word_1_645' title='bbox 1416 4367 1527 4422; x_wconf 89' lang='lat' dir='ltr'><strong>proraua</strong></span> <span class='ocrx_word' id='word_1_646' title='bbox 1546 4353 1693 4422; x_wconf 89' lang='lat' dir='ltr'><strong>organum)</strong></span> <span class='ocrx_word' id='word_1_647' title='bbox 1711 4359 1753 4406; x_wconf 89' lang='lat' dir='ltr'><strong>tot</strong></span> <span class='ocrx_word' id='word_1_648' title='bbox 1766 4369 1843 4423; x_wconf 84' lang='lat' dir='ltr'><strong>pera·</strong></span> 
     </span>
     <span class='ocr_line' id='line_1_52' title="bbox 209 4429 1842 4504; baseline 0.001 -20"><span class='ocrx_word' id='word_1_649' title='bbox 209 4429 279 4484; x_wconf 86' lang='lat' dir='ltr'><strong>radii</strong></span> <span class='ocrx_word' id='word_1_650' title='bbox 299 4432 372 4486; x_wconf 86' lang='lat' dir='ltr'><strong>coire</strong></span> <span class='ocrx_word' id='word_1_651' title='bbox 393 4433 499 4502; x_wconf 82' lang='lat' dir='ltr'><strong>poeaim</strong></span> <span class='ocrx_word' id='word_1_652' title='bbox 518 4432 547 4486; x_wconf 90' lang='lat' dir='ltr'><strong>in</strong></span> <span class='ocrx_word' id='word_1_653' title='bbox 568 4431 668 4504; x_wconf 78' lang='lat' dir='ltr'><strong>aogtrlo</strong></span> <span class='ocrx_word' id='word_1_654' title='bbox 687 4431 777 4503; x_wconf 89' lang='lat' dir='ltr'><strong>magia</strong></span> <span class='ocrx_word' id='word_1_655' title='bbox 800 4439 894 4486; x_wconf 83' lang='lat' dir='ltr'><strong>acuto:</strong></span> <span class='ocrx_word' id='word_1_656' title='bbox 925 4440 956 4487; x_wconf 92' lang='lat' dir='ltr'><strong>at</strong></span> <span class='ocrx_word' id='word_1_657' title='bbox 978 4433 1007 4487; x_wconf 92' lang='lat' dir='ltr'><strong>in</strong></span> <span class='ocrx_word' id='word_1_658' title='bbox 1044 4432 1085 4504; x_wconf 91' lang='lat' dir='ltr'><strong>git</strong></span> <span class='ocrx_word' id='word_1_659' title='bbox 1100 4441 1188 4488; x_wconf 90' lang='lat' dir='ltr'><strong>motua</strong></span> <span class='ocrx_word' id='word_1_660' title='bbox 1208 4439 1275 4502; x_wconf 92' lang='lat' dir='ltr'><strong>quot</strong></span> <span class='ocrx_word' id='word_1_661' title='bbox 1293 4430 1404 4486; x_wconf 85' lang='lat' dir='ltr'><strong>literae:</strong></span> <span class='ocrx_word' id='word_1_662' title='bbox 1425 4431 1498 4502; x_wconf 90' lang='lat' dir='ltr'><strong>quod</strong></span> <span class='ocrx_word' id='word_1_663' title='bbox 1517 4447 1582 4485; x_wconf 91' lang='lat' dir='ltr'><strong>vero</strong></span> <span class='ocrx_word' id='word_1_664' title='bbox 1598 4433 1659 4486; x_wconf 89' lang='lat' dir='ltr'><strong>aoui</strong></span> <span class='ocrx_word' id='word_1_665' title='bbox 1680 4448 1737 4487; x_wconf 89' lang='lat' dir='ltr'><strong>non</strong></span> <span class='ocrx_word' id='word_1_666' title='bbox 1757 4432 1842 4487; x_wconf 77' lang='grc' dir='ltr'>κιΙιιιιι</span> 
     </span>
     <span class='ocr_line' id='line_1_53' title="bbox 210 4510 1843 4583; baseline 0.002 -20"><span class='ocrx_word' id='word_1_667' title='bbox 210 4510 311 4576; x_wconf 86' lang='lat' dir='ltr'><strong>auditu,</strong></span> <span class='ocrx_word' id='word_1_668' title='bbox 337 4528 391 4581; x_wconf 91' lang='lat' dir='ltr'><strong>quo</strong></span> <span class='ocrx_word' id='word_1_669' title='bbox 413 4512 533 4582; x_wconf 84' lang='lat' dir='ltr'><strong>propior,</strong></span> <span class='ocrx_word' id='word_1_670' title='bbox 557 4528 591 4566; x_wconf 90' lang='lat' dir='ltr'><strong>eo</strong></span> <span class='ocrx_word' id='word_1_671' title='bbox 618 4511 726 4566; x_wconf 86' lang='lat' dir='ltr'><strong>melina.</strong></span> <span class='ocrx_word' id='word_1_672' title='bbox 767 4510 870 4565; x_wconf 84' lang='lat' dir='ltr'><strong>Verum</strong></span> <span class='ocrx_word' id='word_1_673' title='bbox 897 4512 926 4566; x_wconf 91' lang='lat' dir='ltr'><strong>in</strong></span> <span class='ocrx_word' id='word_1_674' title='bbox 953 4512 1006 4567; x_wconf 91' lang='lat' dir='ltr'><strong>hoc</strong></span> <span class='ocrx_word' id='word_1_675' title='bbox 1045 4521 1102 4565; x_wconf 91' lang='lat' dir='ltr'><strong>tam</strong></span> <span class='ocrx_word' id='word_1_676' title='bbox 1121 4511 1267 4583; x_wconf 90' lang='lat' dir='ltr'><strong>perniciter</strong></span> <span class='ocrx_word' id='word_1_677' title='bbox 1286 4517 1458 4582; x_wconf 87' lang='lat' dir='ltr'><strong>generentur,</strong></span> <span class='ocrx_word' id='word_1_678' title='bbox 1482 4511 1531 4566; x_wconf 89' lang='lat' dir='ltr'><strong>aed</strong></span> <span class='ocrx_word' id='word_1_679' title='bbox 1551 4517 1578 4564; x_wconf 91' lang='lat' dir='ltr'><strong>et</strong></span> <span class='ocrx_word' id='word_1_680' title='bbox 1598 4519 1705 4567; x_wconf 89' lang='lat' dir='ltr'><strong>tantum</strong></span> <span class='ocrx_word' id='word_1_681' title='bbox 1727 4514 1843 4582; x_wconf 76' lang='lat' dir='ltr'><strong>epatium</strong></span> 
     </span>
     <span class='ocr_line' id='line_1_54' title="bbox 209 4588 1843 4665; baseline 0.004 -23"><span class='ocrx_word' id='word_1_682' title='bbox 209 4588 312 4660; x_wconf 85' lang='lat' dir='ltr'><strong>duplex</strong></span> <span class='ocrx_word' id='word_1_683' title='bbox 324 4597 415 4660; x_wconf 87' lang='lat' dir='ltr'><strong>poteat</strong></span> <span class='ocrx_word' id='word_1_684' title='bbox 428 4608 488 4646; x_wconf 87' lang='lat' dir='ltr'><strong>eaae</strong></span> <span class='ocrx_word' id='word_1_685' title='bbox 502 4608 587 4647; x_wconf 84' lang='lat' dir='ltr'><strong>error.</strong></span> <span class='ocrx_word' id='word_1_686' title='bbox 628 4590 713 4656; x_wconf 89' lang='lat' dir='ltr'><strong>Prior,</strong></span> <span class='ocrx_word' id='word_1_687' title='bbox 727 4591 799 4663; x_wconf 91' lang='lat' dir='ltr'><strong>quod</strong></span> <span class='ocrx_word' id='word_1_688' title='bbox 815 4590 851 4644; x_wconf 88' lang='lat' dir='ltr'><strong>ad</strong></span> <span class='ocrx_word' id='word_1_689' title='bbox 862 4591 950 4647; x_wconf 73' lang='lat' dir='ltr'><strong>viam</strong></span> <span class='ocrx_word' id='word_1_690' title='bbox 964 4609 1006 4646; x_wconf 89' lang='lat' dir='ltr'><strong>re-</strong></span> <span class='ocrx_word' id='word_1_691' title='bbox 1044 4608 1093 4646; x_wconf 87' lang='lat' dir='ltr'><strong>aua</strong></span> <span class='ocrx_word' id='word_1_692' title='bbox 1110 4592 1139 4646; x_wconf 93' lang='lat' dir='ltr'><strong>vi</strong></span> <span class='ocrx_word' id='word_1_693' title='bbox 1159 4598 1186 4645; x_wconf 93' lang='lat' dir='ltr'><strong>et</strong></span> <span class='ocrx_word' id='word_1_694' title='bbox 1205 4592 1384 4663; x_wconf 88' lang='lat' dir='ltr'><strong>impreaaione</strong></span> <span class='ocrx_word' id='word_1_695' title='bbox 1402 4590 1480 4662; x_wconf 77' lang='lat' dir='ltr'><strong>quasi</strong></span> <span class='ocrx_word' id='word_1_696' title='bbox 1501 4600 1693 4646; x_wconf 82' lang='lat' dir='ltr'><strong>momentanea</strong></span> <span class='ocrx_word' id='word_1_697' title='bbox 1713 4601 1843 4665; x_wconf 68' lang='lat' dir='ltr'><strong>occupat</strong></span> 
     </span>
     <span class='ocr_line' id='line_1_55' title="bbox 209 4668 1841 4742; baseline 0.003 -19"><span class='ocrx_word' id='word_1_698' title='bbox 209 4669 325 4739; x_wconf 88' lang='lat' dir='ltr'><strong>quiritur</strong></span> <span class='ocrx_word' id='word_1_699' title='bbox 338 4668 402 4725; x_wconf 81' lang='lat' dir='ltr'><strong>luxc</strong></span> <span class='ocrx_word' id='word_1_700' title='bbox 423 4679 570 4736; x_wconf 87' lang='lat' dir='ltr'><strong>eaautem,</strong></span> <span class='ocrx_word' id='word_1_701' title='bbox 592 4670 699 4740; x_wconf 86' lang='lat' dir='ltr'><strong>objecto</strong></span> <span class='ocrx_word' id='word_1_702' title='bbox 714 4671 750 4725; x_wconf 91' lang='lat' dir='ltr'><strong>ad</strong></span> <span class='ocrx_word' id='word_1_703' title='bbox 765 4669 873 4725; x_wconf 87' lang='lat' dir='ltr'><strong>oculum</strong></span> <span class='ocrx_word' id='word_1_704' title='bbox 895 4673 1007 4742; x_wconf 83' lang='lat' dir='ltr'><strong>propius</strong></span> <span class='ocrx_word' id='word_1_705' title='bbox 1045 4671 1142 4735; x_wconf 90' lang='lat' dir='ltr'><strong>aubito,</strong></span> <span class='ocrx_word' id='word_1_706' title='bbox 1170 4671 1199 4726; x_wconf 94' lang='lat' dir='ltr'><strong>id</strong></span> <span class='ocrx_word' id='word_1_707' title='bbox 1224 4688 1358 4726; x_wconf 76' lang='lat' dir='ltr'><strong>tammam</strong></span> <span class='ocrx_word' id='word_1_708' title='bbox 1382 4671 1589 4725; x_wconf 88' lang='lat' dir='ltr'><strong>admirationem</strong></span> <span class='ocrx_word' id='word_1_709' title='bbox 1617 4671 1711 4728; x_wconf 80' lang='lat' dir='ltr'><strong>habet.</strong></span> <span class='ocrx_word' id='word_1_710' title='bbox 1763 4673 1841 4734; x_wconf 84' lang='lat' dir='ltr'><strong>Nam,</strong></span> 
     </span>
     <span class='ocr_line' id='line_1_56' title="bbox 208 4748 1842 4823; baseline 0.003 -21"><span class='ocrx_word' id='word_1_711' title='bbox 208 4748 325 4815; x_wconf 84' lang='lat' dir='ltr'><strong>admoto,</strong></span> <span class='ocrx_word' id='word_1_712' title='bbox 350 4757 464 4806; x_wconf 86' lang='lat' dir='ltr'><strong>arcetur.</strong></span> <span class='ocrx_word' id='word_1_713' title='bbox 505 4751 579 4805; x_wconf 88' lang='lat' dir='ltr'><strong>Nam</strong></span> <span class='ocrx_word' id='word_1_714' title='bbox 600 4750 691 4805; x_wconf 88' lang='lat' dir='ltr'><strong>audivi</strong></span> <span class='ocrx_word' id='word_1_715' title='bbox 714 4767 751 4805; x_wconf 83' lang='lat' dir='ltr'><strong>ex</strong></span> <span class='ocrx_word' id='word_1_716' title='bbox 772 4751 825 4805; x_wconf 88' lang='lat' dir='ltr'><strong>lide</strong></span> <span class='ocrx_word' id='word_1_717' title='bbox 845 4750 936 4822; x_wconf 87' lang='lat' dir='ltr'><strong>digno,</strong></span> <span class='ocrx_word' id='word_1_718' title='bbox 960 4752 1006 4823; x_wconf 89' lang='lat' dir='ltr'><strong>qui</strong></span> <span class='ocrx_word' id='word_1_719' title='bbox 1045 4751 1165 4822; x_wconf 81' lang='lat' dir='ltr'><strong>exempli</strong></span> <span class='ocrx_word' id='word_1_720' title='bbox 1186 4752 1282 4822; x_wconf 70' lang='lat' dir='ltr'><strong>gratia</strong></span> <span class='ocrx_word' id='word_1_721' title='bbox 1307 4750 1390 4806; x_wconf 86' lang='lat' dir='ltr'><strong>homo</strong></span> <span class='ocrx_word' id='word_1_722' title='bbox 1412 4750 1442 4805; x_wconf 92' lang='lat' dir='ltr'><strong>in</strong></span> <span class='ocrx_word' id='word_1_723' title='bbox 1461 4750 1552 4804; x_wconf 90' lang='lat' dir='ltr'><strong>medio</strong></span> <span class='ocrx_word' id='word_1_724' title='bbox 1572 4768 1672 4822; x_wconf 88' lang='lat' dir='ltr'><strong>eampo</strong></span> <span class='ocrx_word' id='word_1_725' title='bbox 1692 4753 1842 4807; x_wconf 80' lang='lat' dir='ltr'><strong>vociferant</strong></span> 
     </span>
     <span class='ocr_line' id='line_1_57' title="bbox 209 4828 1841 4902; baseline 0.004 -21"><span class='ocrx_word' id='word_1_726' title='bbox 209 4829 354 4885; x_wconf 86' lang='lat' dir='ltr'><strong>curabatur</strong></span> <span class='ocrx_word' id='word_1_727' title='bbox 375 4848 411 4884; x_wconf 82' lang='lat' dir='ltr'><strong>ex</strong></span> <span class='ocrx_word' id='word_1_728' title='bbox 431 4831 574 4886; x_wconf 88' lang='lat' dir='ltr'><strong>cataractia</strong></span> <span class='ocrx_word' id='word_1_729' title='bbox 597 4830 746 4896; x_wconf 88' lang='lat' dir='ltr'><strong>oculorum,</strong></span> <span class='ocrx_word' id='word_1_730' title='bbox 767 4846 831 4885; x_wconf 92' lang='lat' dir='ltr'><strong>cum</strong></span> <span class='ocrx_word' id='word_1_731' title='bbox 852 4829 938 4901; x_wconf 87' lang='lat' dir='ltr'><strong>atylua</strong></span> <span class='ocrx_word' id='word_1_732' title='bbox 959 4830 1006 4886; x_wconf 92' lang='lat' dir='ltr'><strong>ille</strong></span> <span class='ocrx_word' id='word_1_733' title='bbox 1045 4831 1191 4887; x_wconf 85' lang='lat' dir='ltr'><strong>exauditur</strong></span> <span class='ocrx_word' id='word_1_734' title='bbox 1208 4831 1244 4886; x_wconf 87' lang='lat' dir='ltr'><strong>ad</strong></span> <span class='ocrx_word' id='word_1_735' title='bbox 1262 4839 1387 4902; x_wconf 86' lang='lat' dir='ltr'><strong>quartam</strong></span> <span class='ocrx_word' id='word_1_736' title='bbox 1407 4838 1512 4901; x_wconf 87' lang='lat' dir='ltr'><strong>partem</strong></span> <span class='ocrx_word' id='word_1_737' title='bbox 1532 4828 1658 4886; x_wconf 84' lang='lat' dir='ltr'><strong>milliaria</strong></span> <span class='ocrx_word' id='word_1_738' title='bbox 1681 4833 1712 4886; x_wconf 90' lang='lat' dir='ltr'><strong>iu</strong></span> <span class='ocrx_word' id='word_1_739' title='bbox 1733 4833 1841 4894; x_wconf 76' lang='lat' dir='ltr'><strong>ambibi.</strong></span> 
     </span>
     <span class='ocr_line' id='line_1_58' title="bbox 206 4908 1842 4983; baseline 0.003 -21"><span class='ocrx_word' id='word_1_740' title='bbox 206 4908 328 4964; x_wconf 86' lang='lat' dir='ltr'><strong>minutua</strong></span> <span class='ocrx_word' id='word_1_741' title='bbox 346 4917 490 4981; x_wconf 78' lang='lat' dir='ltr'><strong>argenteus</strong></span> <span class='ocrx_word' id='word_1_742' title='bbox 509 4912 650 4966; x_wconf 87' lang='lat' dir='ltr'><strong>duceretur</strong></span> <span class='ocrx_word' id='word_1_743' title='bbox 667 4926 750 4981; x_wconf 86' lang='lat' dir='ltr'><strong>auper</strong></span> <span class='ocrx_word' id='word_1_744' title='bbox 766 4909 855 4980; x_wconf 90' lang='lat' dir='ltr'><strong>ipaam</strong></span> <span class='ocrx_word' id='word_1_745' title='bbox 874 4910 1007 4982; x_wconf 84' lang='lat' dir='ltr'><strong>pupillam</strong></span> <span class='ocrx_word' id='word_1_746' title='bbox 1045 4913 1126 4983; x_wconf 86' lang='lat' dir='ltr'><strong>idque</strong></span> <span class='ocrx_word' id='word_1_747' title='bbox 1146 4912 1235 4966; x_wconf 85' lang='lat' dir='ltr'><strong>verbio</strong></span> <span class='ocrx_word' id='word_1_748' title='bbox 1255 4911 1413 4975; x_wconf 89' lang='lat' dir='ltr'><strong>articuletia,</strong></span> <span class='ocrx_word' id='word_1_749' title='bbox 1433 4910 1522 4981; x_wconf 89' lang='lat' dir='ltr'><strong>iiaque</strong></span> <span class='ocrx_word' id='word_1_750' title='bbox 1542 4910 1571 4964; x_wconf 90' lang='lat' dir='ltr'><strong>in</strong></span> <span class='ocrx_word' id='word_1_751' title='bbox 1595 4911 1714 4983; x_wconf 78' lang='lat' dir='ltr'><strong>cingulis</strong></span> <span class='ocrx_word' id='word_1_752' title='bbox 1733 4911 1842 4967; x_wconf 67' lang='lat' dir='ltr'><strong>minata</strong></span> 
     </span>
     <span class='ocr_line' id='line_1_59' title="bbox 209 4987 1843 5064; baseline 0.004 -23"><span class='ocrx_word' id='word_1_753' title='bbox 209 4987 281 5042; x_wconf 89' lang='lat' dir='ltr'><strong>oculi</strong></span> <span class='ocrx_word' id='word_1_754' title='bbox 295 4989 345 5054; x_wconf 89' lang='lat' dir='ltr'><strong>aui,</strong></span> <span class='ocrx_word' id='word_1_755' title='bbox 360 5006 474 5062; x_wconf 87' lang='lat' dir='ltr'><strong>eamque</strong></span> <span class='ocrx_word' id='word_1_756' title='bbox 488 4998 620 5063; x_wconf 88' lang='lat' dir='ltr'><strong>tangeret,</strong></span> <span class='ocrx_word' id='word_1_757' title='bbox 632 4990 735 5061; x_wconf 86' lang='lat' dir='ltr'><strong>abequa</strong></span> <span class='ocrx_word' id='word_1_758' title='bbox 749 4988 806 5044; x_wconf 90' lang='lat' dir='ltr'><strong>ullo</strong></span> <span class='ocrx_word' id='word_1_759' title='bbox 819 4991 909 5046; x_wconf 89' lang='lat' dir='ltr'><strong>medio</strong></span> <span class='ocrx_word' id='word_1_760' title='bbox 924 4994 1008 5062; x_wconf 77' lang='lat' dir='ltr'><strong>(exie</strong></span> <span class='ocrx_word' id='word_1_761' title='bbox 1045 4992 1213 5064; x_wconf 89' lang='lat' dir='ltr'><strong>portionibua</strong></span> <span class='ocrx_word' id='word_1_762' title='bbox 1227 4992 1299 5046; x_wconf 67' lang='lat' dir='ltr'><strong>ebria</strong></span> <span class='ocrx_word' id='word_1_763' title='bbox 1313 4990 1489 5055; x_wconf 78' lang='lat' dir='ltr'><strong>haerentibus,</strong></span> <span class='ocrx_word' id='word_1_764' title='bbox 1500 4989 1583 5061; x_wconf 90' lang='lat' dir='ltr'><strong>idque</strong></span> <span class='ocrx_word' id='word_1_765' title='bbox 1594 4990 1623 5045; x_wconf 90' lang='lat' dir='ltr'><strong>in</strong></span> <span class='ocrx_word' id='word_1_766' title='bbox 1638 4992 1730 5063; x_wconf 88' lang='lat' dir='ltr'><strong>apatio</strong></span> <span class='ocrx_word' id='word_1_767' title='bbox 1743 4997 1843 5062; x_wconf 81' lang='lat' dir='ltr'><strong>tempo·</strong></span> 
     </span>
     <span class='ocr_line' id='line_1_60' title="bbox 208 5068 1554 5143; baseline 0.003 -22"><span class='ocrx_word' id='word_1_768' title='bbox 208 5073 283 5123; x_wconf 90' lang='lat' dir='ltr'><strong>tente</strong></span> <span class='ocrx_word' id='word_1_769' title='bbox 298 5068 369 5137; x_wconf 88' lang='lat' dir='ltr'><strong>atylo</strong></span> <span class='ocrx_word' id='word_1_770' title='bbox 387 5068 443 5134; x_wconf 93' lang='lat' dir='ltr'><strong>illo,</strong></span> <span class='ocrx_word' id='word_1_771' title='bbox 457 5087 507 5124; x_wconf 92' lang='lat' dir='ltr'><strong>aeu</strong></span> <span class='ocrx_word' id='word_1_772' title='bbox 525 5087 576 5125; x_wconf 88' lang='lat' dir='ltr'><strong>acu</strong></span> <span class='ocrx_word' id='word_1_773' title='bbox 594 5077 732 5141; x_wconf 83' lang='lat' dir='ltr'><strong>argenteo,</strong></span> <span class='ocrx_word' id='word_1_774' title='bbox 750 5068 832 5141; x_wconf 84' lang='lat' dir='ltr'><strong>longe</strong></span> <span class='ocrx_word' id='word_1_775' title='bbox 851 5073 1007 5143; x_wconf 87' lang='lat' dir='ltr'><strong>anguatiore</strong></span> <span class='ocrx_word' id='word_1_776' title='bbox 1046 5073 1084 5126; x_wconf 89' lang='lat' dir='ltr'><strong>ria</strong></span> <span class='ocrx_word' id='word_1_777' title='bbox 1098 5072 1179 5143; x_wconf 83' lang='lat' dir='ltr'><strong>louge</strong></span> <span class='ocrx_word' id='word_1_778' title='bbox 1191 5070 1298 5126; x_wconf 89' lang='lat' dir='ltr'><strong>minore</strong></span> <span class='ocrx_word' id='word_1_779' title='bbox 1312 5071 1427 5125; x_wconf 80' lang='lat' dir='ltr'><strong>fortaaoe</strong></span> <span class='ocrx_word' id='word_1_780' title='bbox 1442 5070 1554 5125; x_wconf 88' lang='lat' dir='ltr'><strong>minuto.</strong></span> 
     </span>
     <span class='ocr_line' id='line_1_61' title="bbox 210 5147 1841 5223; baseline 0.004 -23"><span class='ocrx_word' id='word_1_781' title='bbox 210 5163 292 5216; x_wconf 90' lang='lat' dir='ltr'><strong>quam</strong></span> <span class='ocrx_word' id='word_1_782' title='bbox 307 5147 413 5218; x_wconf 90' lang='lat' dir='ltr'><strong>pupilla</strong></span> <span class='ocrx_word' id='word_1_783' title='bbox 425 5156 483 5204; x_wconf 90' lang='lat' dir='ltr'><strong>erat</strong></span> <span class='ocrx_word' id='word_1_784' title='bbox 495 5149 580 5218; x_wconf 87' lang='lat' dir='ltr'><strong>oculi)</strong></span> <span class='ocrx_word' id='word_1_785' title='bbox 595 5166 658 5204; x_wconf 88' lang='lat' dir='ltr'><strong>eum</strong></span> <span class='ocrx_word' id='word_1_786' title='bbox 670 5149 821 5206; x_wconf 89' lang='lat' dir='ltr'><strong>clariaaime</strong></span> <span class='ocrx_word' id='word_1_787' title='bbox 835 5151 934 5206; x_wconf 84' lang='lat' dir='ltr'><strong>vidiaao</strong></span> <span class='ocrx_word' id='word_1_788' title='bbox 948 5160 1006 5221; x_wconf 85' lang='lat' dir='ltr'><strong>aty-</strong></span> <span class='ocrx_word' id='word_1_789' title='bbox 1086 5152 1129 5205; x_wconf 90' lang='lat' dir='ltr'><strong>De</strong></span> <span class='ocrx_word' id='word_1_790' title='bbox 1143 5150 1234 5221; x_wconf 90' lang='lat' dir='ltr'><strong>apatio</strong></span> <span class='ocrx_word' id='word_1_791' title='bbox 1247 5151 1384 5220; x_wconf 81' lang='lat' dir='ltr'><strong>temporie,</strong></span> <span class='ocrx_word' id='word_1_792' title='bbox 1399 5151 1428 5203; x_wconf 93' lang='lat' dir='ltr'><strong>in</strong></span> <span class='ocrx_word' id='word_1_793' title='bbox 1442 5166 1497 5221; x_wconf 90' lang='lat' dir='ltr'><strong>quo</strong></span> <span class='ocrx_word' id='word_1_794' title='bbox 1510 5148 1632 5205; x_wconf 81' lang='lat' dir='ltr'><strong>defertur</strong></span> <span class='ocrx_word' id='word_1_795' title='bbox 1650 5167 1741 5217; x_wconf 86' lang='lat' dir='ltr'><strong>aonua,</strong></span> <span class='ocrx_word' id='word_1_796' title='bbox 1755 5151 1841 5223; x_wconf 80' lang='lat' dir='ltr'><strong>inqui·</strong></span> 
     </span>
     <span class='ocr_line' id='line_1_62' title="bbox 207 5224 1842 5301; baseline 0.004 -22"><span class='ocrx_word' id='word_1_797' title='bbox 207 5224 267 5280; x_wconf 90' lang='lat' dir='ltr'><strong>lum</strong></span> <span class='ocrx_word' id='word_1_798' title='bbox 288 5225 374 5282; x_wconf 86' lang='lat' dir='ltr'><strong>illurn.</strong></span> <span class='ocrx_word' id='word_1_799' title='bbox 416 5228 563 5293; x_wconf 89' lang='lat' dir='ltr'><strong>Secundua,</strong></span> <span class='ocrx_word' id='word_1_800' title='bbox 587 5228 659 5300; x_wconf 92' lang='lat' dir='ltr'><strong>quod</strong></span> <span class='ocrx_word' id='word_1_801' title='bbox 683 5231 719 5284; x_wconf 91' lang='lat' dir='ltr'><strong>ait</strong></span> <span class='ocrx_word' id='word_1_802' title='bbox 744 5228 826 5300; x_wconf 84' lang='lat' dir='ltr'><strong>plane</strong></span> <span class='ocrx_word' id='word_1_803' title='bbox 848 5230 1009 5301; x_wconf 71' lang='lat' dir='ltr'><strong>interposita</strong></span> <span class='ocrx_word' id='word_1_804' title='bbox 1047 5231 1167 5285; x_wconf 85' lang='lat' dir='ltr'><strong>rendum.</strong></span> <span class='ocrx_word' id='word_1_805' title='bbox 1209 5230 1241 5284; x_wconf 94' lang='lat' dir='ltr'><strong>ld</strong></span> <span class='ocrx_word' id='word_1_806' title='bbox 1255 5230 1309 5285; x_wconf 90' lang='lat' dir='ltr'><strong>hoc</strong></span> <span class='ocrx_word' id='word_1_807' title='bbox 1329 5231 1410 5284; x_wconf 90' lang='lat' dir='ltr'><strong>modo</strong></span> <span class='ocrx_word' id='word_1_808' title='bbox 1427 5229 1543 5284; x_wconf 88' lang='lat' dir='ltr'><strong>inveniri</strong></span> <span class='ocrx_word' id='word_1_809' title='bbox 1561 5237 1669 5300; x_wconf 82' lang='lat' dir='ltr'><strong>pateat:</strong></span> <span class='ocrx_word' id='word_1_810' title='bbox 1690 5231 1749 5285; x_wconf 86' lang='lat' dir='ltr'><strong>Stet</strong></span> <span class='ocrx_word' id='word_1_811' title='bbox 1763 5231 1842 5285; x_wconf 73' lang='lat' dir='ltr'><strong>bomo</strong></span> 
     </span>
     <span class='ocr_line' id='line_1_63' title="bbox 207 5307 1842 5382; baseline 0.004 -25"><span class='ocrx_word' id='word_1_812' title='bbox 207 5321 326 5359; x_wconf 87' lang='lat' dir='ltr'><strong>caverna</strong></span> <span class='ocrx_word' id='word_1_813' title='bbox 344 5307 417 5362; x_wconf 89' lang='lat' dir='ltr'><strong>auria</strong></span> <span class='ocrx_word' id='word_1_814' title='bbox 436 5316 499 5363; x_wconf 83' lang='lat' dir='ltr'><strong>ante</strong></span> <span class='ocrx_word' id='word_1_815' title='bbox 519 5308 727 5362; x_wconf 88' lang='lat' dir='ltr'><strong>inatrumeutum</strong></span> <span class='ocrx_word' id='word_1_816' title='bbox 746 5309 862 5374; x_wconf 81' lang='lat' dir='ltr'><strong>auditur,</strong></span> <span class='ocrx_word' id='word_1_817' title='bbox 877 5318 908 5364; x_wconf 92' lang='lat' dir='ltr'><strong>ut</strong></span> <span class='ocrx_word' id='word_1_818' title='bbox 926 5328 1009 5365; x_wconf 87' lang='lat' dir='ltr'><strong>aonua</strong></span> <span class='ocrx_word' id='word_1_819' title='bbox 1046 5311 1075 5366; x_wconf 89' lang='lat' dir='ltr'><strong>in</strong></span> <span class='ocrx_word' id='word_1_820' title='bbox 1086 5309 1242 5382; x_wconf 87' lang='lat' dir='ltr'><strong>campanili,</strong></span> <span class='ocrx_word' id='word_1_821' title='bbox 1256 5318 1354 5373; x_wconf 85' lang='lat' dir='ltr'><strong>noctu;</strong></span> <span class='ocrx_word' id='word_1_822' title='bbox 1376 5316 1429 5364; x_wconf 85' lang='lat' dir='ltr'><strong>atet</strong></span> <span class='ocrx_word' id='word_1_823' title='bbox 1446 5307 1517 5364; x_wconf 85' lang='lat' dir='ltr'><strong>alter</strong></span> <span class='ocrx_word' id='word_1_824' title='bbox 1534 5308 1564 5363; x_wconf 91' lang='lat' dir='ltr'><strong>in</strong></span> <span class='ocrx_word' id='word_1_825' title='bbox 1582 5309 1675 5381; x_wconf 74' lang='lat' dir='ltr'><strong>plano,</strong></span> <span class='ocrx_word' id='word_1_826' title='bbox 1692 5311 1727 5364; x_wconf 85' lang='lat' dir='ltr'><strong>ad</strong></span> <span class='ocrx_word' id='word_1_827' title='bbox 1744 5310 1842 5364; x_wconf 78' lang='lat' dir='ltr'><strong>dietan-</strong></span> 
     </span>
     <span class='ocr_line' id='line_1_64' title="bbox 209 5383 1842 5462; baseline 0.007 -27"><span class='ocrx_word' id='word_1_828' title='bbox 209 5383 331 5437; x_wconf 86' lang='lat' dir='ltr'><strong>extcrior</strong></span> <span class='ocrx_word' id='word_1_829' title='bbox 354 5393 466 5458; x_wconf 87' lang='lat' dir='ltr'><strong>tangere</strong></span> <span class='ocrx_word' id='word_1_830' title='bbox 489 5406 520 5443; x_wconf 90' lang='lat' dir='ltr'><strong>oe</strong></span> <span class='ocrx_word' id='word_1_831' title='bbox 541 5396 570 5442; x_wconf 90' lang='lat' dir='ltr'><strong>et</strong></span> <span class='ocrx_word' id='word_1_832' title='bbox 589 5387 775 5443; x_wconf 90' lang='lat' dir='ltr'><strong>membranam</strong></span> <span class='ocrx_word' id='word_1_833' title='bbox 796 5389 904 5445; x_wconf 89' lang='lat' dir='ltr'><strong>auditua</strong></span> <span class='ocrx_word' id='word_1_834' title='bbox 926 5392 1008 5462; x_wconf 86' lang='lat' dir='ltr'><strong>plane</strong></span> <span class='ocrx_word' id='word_1_835' title='bbox 1047 5390 1112 5444; x_wconf 89' lang='lat' dir='ltr'><strong>tiam</strong></span> <span class='ocrx_word' id='word_1_836' title='bbox 1127 5391 1196 5445; x_wconf 79' lang='lat' dir='ltr'><strong>forte</strong></span> <span class='ocrx_word' id='word_1_837' title='bbox 1210 5389 1343 5456; x_wconf 87' lang='lat' dir='ltr'><strong>milliaria,</strong></span> <span class='ocrx_word' id='word_1_838' title='bbox 1354 5397 1402 5444; x_wconf 88' lang='lat' dir='ltr'><strong>aut</strong></span> <span class='ocrx_word' id='word_1_839' title='bbox 1415 5406 1497 5459; x_wconf 92' lang='lat' dir='ltr'><strong>quam</strong></span> <span class='ocrx_word' id='word_1_840' title='bbox 1507 5390 1604 5460; x_wconf 90' lang='lat' dir='ltr'><strong>procul</strong></span> <span class='ocrx_word' id='word_1_841' title='bbox 1617 5407 1750 5462; x_wconf 86' lang='lat' dir='ltr'><strong>campana</strong></span> <span class='ocrx_word' id='word_1_842' title='bbox 1763 5406 1842 5445; x_wconf 79' lang='lat' dir='ltr'><strong>exau·</strong></span> 
     </span>
    </p>
   </div>
   <div class='ocr_carea' id='block_1_3' title="bbox 208 5467 1841 5626">
    <p class='ocr_par' dir='ltr' id='par_1_3' title="bbox 208 5467 1841 5626">
     <span class='ocr_line' id='line_1_65' title="bbox 208 5467 1841 5542; baseline 0.007 -28"><span class='ocrx_word' id='word_1_843' title='bbox 208 5469 339 5531; x_wconf 85' lang='lat' dir='ltr'><strong>nequeat.</strong></span> <span class='ocrx_word' id='word_1_844' title='bbox 1046 5469 1098 5524; x_wconf 89' lang='lat' dir='ltr'><strong>diri</strong></span> <span class='ocrx_word' id='word_1_845' title='bbox 1112 5470 1205 5541; x_wconf 75' lang='lat' dir='ltr'><strong>poerit,</strong></span> <span class='ocrx_word' id='word_1_846' title='bbox 1220 5470 1373 5542; x_wconf 82' lang='lat' dir='ltr'><strong>habeatque</strong></span> <span class='ocrx_word' id='word_1_847' title='bbox 1388 5478 1513 5541; x_wconf 89' lang='lat' dir='ltr'><strong>paratam</strong></span> <span class='ocrx_word' id='word_1_848' title='bbox 1532 5468 1621 5527; x_wconf 82' lang='lat' dir='ltr'><strong>lacem</strong></span> <span class='ocrx_word' id='word_1_849' title='bbox 1638 5471 1782 5537; x_wconf 84' lang='lat' dir='ltr'><strong>lucentem,</strong></span> <span class='ocrx_word' id='word_1_850' title='bbox 1797 5467 1841 5526; x_wconf 80' lang='lat' dir='ltr'><strong>red</strong></span> 
     </span>
     <span class='ocr_line' id='line_1_66' title="bbox 1778 5585 1786 5626; baseline 0 0"><span class='ocrx_word' id='word_1_851' title='bbox 1778 5585 1786 5626; x_wconf 79' lang='lat' dir='ltr'><strong>t</strong></span> 
     </span>
    </p>
   </div>
   <div class='ocr_carea' id='block_1_4' title="bbox 1753 5633 1781 5820">
    <p class='ocr_par' dir='ltr' id='par_1_4' title="bbox 1753 5633 1781 5820">
     <span class='ocr_line' id='line_1_67' title="bbox 1753 5633 1781 5820; baseline 0 0"><span class='ocrx_word' id='word_1_852' title='bbox 1753 5633 1781 5820; x_wconf 86' lang='lat' dir='ltr'><strong>l</strong></span> 
     </span>
    </p>
   </div>
   <div class='ocr_carea' id='block_1_5' title="bbox 1064 3774 1825 3905">
    <p class='ocr_par' dir='ltr' id='par_1_5' title="bbox 1064 3774 1825 3905">
     <span class='ocr_line' id='line_1_68' title="bbox 1064 3774 1825 3824; baseline 0.001 -8"><span class='ocrx_word' id='word_1_853' title='bbox 1064 3777 1104 3816; x_wconf 74' lang='lat' dir='ltr'><strong>DE</strong></span> <span class='ocrx_word' id='word_1_854' title='bbox 1123 3775 1300 3818; x_wconf 74' lang='lat' dir='ltr'><strong>cataarrava</strong></span> <span class='ocrx_word' id='word_1_855' title='bbox 1320 3774 1540 3824; x_wconf 72' lang='lat' dir='ltr'><strong>oanaaamottta,</strong></span> <span class='ocrx_word' id='word_1_856' title='bbox 1563 3775 1598 3814; x_wconf 73' lang='lat'><strong>1¹1¹</strong></span> <span class='ocrx_word' id='word_1_857' title='bbox 1619 3775 1825 3817; x_wconf 70' lang='lat' dir='ltr'><strong>uvtncrtortta</strong></span> 
     </span>
     <span class='ocr_line' id='line_1_69' title="bbox 1177 3855 1712 3905; baseline -0.004 -8"><span class='ocrx_word' id='word_1_858' title='bbox 1177 3857 1249 3905; x_wconf 79' lang='lat' dir='ltr'><strong>som,</strong></span> <span class='ocrx_word' id='word_1_859' title='bbox 1272 3857 1307 3895; x_wconf 78' lang='lat' dir='ltr'><strong>tta</strong></span> <span class='ocrx_word' id='word_1_860' title='bbox 1328 3855 1461 3895; x_wconf 68' lang='lat' dir='ltr'>TEMPORE</span> <span class='ocrx_word' id='word_1_861' title='bbox 1480 3855 1512 3894; x_wconf 67' lang='grc' dir='ltr'><strong>ΙΝ</strong></span> <span class='ocrx_word' id='word_1_862' title='bbox 1534 3855 1593 3902; x_wconf 76' lang='lat' dir='ltr'><strong>Quo</strong></span> <span class='ocrx_word' id='word_1_863' title='bbox 1614 3856 1712 3895; x_wconf 71' lang='lat' dir='ltr'><strong>raum.</strong></span> 
     </span>
    </p>
   </div>
   <div class='ocr_carea' id='block_1_6' title="bbox 0 0 1904 5875">
    <p class='ocr_par' dir='ltr' id='par_1_6' title="bbox 0 0 1904 5875">
     <span class='ocr_line' id='line_1_70' title="bbox 0 0 1904 5875; baseline 0 0"><span class='ocrx_word' id='word_1_864' title='bbox 0 0 1904 5875; x_wconf 95' lang='lat' dir='ltr'><strong> </strong></span> 
     </span>
    </p>
   </div>
  </div>
 </body>
</html>
