<?xml version="1.0" encoding="UTF-8"?>
<!DOCTYPE html PUBLIC "-//W3C//DTD XHTML 1.0 Transitional//EN"
    "http://www.w3.org/TR/xhtml1/DTD/xhtml1-transitional.dtd">
<html xmlns="http://www.w3.org/1999/xhtml" xml:lang="en" lang="en">
 <head>
  <title>
</title>
<meta http-equiv="Content-Type" content="text/html;charset=utf-8" />
  <meta name='ocr-system' content='tesseract 3.04.00' />
  <meta name='ocr-capabilities' content='ocr_page ocr_carea ocr_par ocr_line ocrx_word'/>
</head>
<body>
  <div class='ocr_page' id='page_1' title='image "./workslordbaconw00bacogoog/workslordbaconw00bacogoog_0764.png"; bbox 0 0 3800 5875; ppageno 0'>
   <div class='ocr_carea' id='block_1_1' title="bbox 207 276 1196 343">
    <p class='ocr_par' dir='ltr' id='par_1_1' title="bbox 207 276 1196 343">
     <span class='ocr_line' id='line_1_1' title="bbox 207 276 1196 343; baseline -0.007 -4"><span class='ocrx_word' id='word_1_1' title='bbox 207 282 266 343; x_wconf 84' lang='grc'>738</span> <span class='ocrx_word' id='word_1_2' title='bbox 868 278 975 337; x_wconf 82' lang='lat' dir='ltr'>Nova</span> <span class='ocrx_word' id='word_1_3' title='bbox 996 276 1196 334; x_wconf 79' lang='lat' dir='ltr'>ATLANTIS.</span> 
     </span>
    </p>
   </div>
   <div class='ocr_carea' id='block_1_2' title="bbox 170 435 1860 5575">
    <p class='ocr_par' dir='ltr' id='par_1_2' title="bbox 170 435 1860 5575">
     <span class='ocr_line' id='line_1_2' title="bbox 205 435 1856 516; baseline -0.005 -17"><span class='ocrx_word' id='word_1_4' title='bbox 205 450 233 499; x_wconf 85' lang='lat' dir='ltr'>ct</span> <span class='ocrx_word' id='word_1_5' title='bbox 258 444 446 516; x_wconf 83' lang='lat' dir='ltr'>experimenta</span> <span class='ocrx_word' id='word_1_6' title='bbox 470 460 598 514; x_wconf 90' lang='lat' dir='ltr'>saporum</span> <span class='ocrx_word' id='word_1_7' title='bbox 619 441 805 513; x_wconf 84' lang='lat' dir='ltr'>adjungimus.</span> <span class='ocrx_word' id='word_1_8' title='bbox 849 443 953 496; x_wconf 89' lang='lat' dir='ltr'>Odorcs</span> <span class='ocrx_word' id='word_1_9' title='bbox 972 440 1010 494; x_wconf 92' lang='lat' dir='ltr'>ibi</span> <span class='ocrx_word' id='word_1_10' title='bbox 1091 444 1107 468; x_wconf 82' lang='lat'>‘⁴</span> <span class='ocrx_word' id='word_1_11' title='bbox 1122 436 1190 491; x_wconf 81' lang='lat' dir='ltr'>Tres</span> <span class='ocrx_word' id='word_1_12' title='bbox 1204 435 1346 500; x_wconf 89' lang='lat' dir='ltr'>babemus,</span> <span class='ocrx_word' id='word_1_13' title='bbox 1359 435 1405 508; x_wconf 91' lang='lat' dir='ltr'>qui</span> <span class='ocrx_word' id='word_1_14' title='bbox 1416 435 1605 507; x_wconf 84' lang='lat' dir='ltr'>experimenta</span> <span class='ocrx_word' id='word_1_15' title='bbox 1619 435 1720 491; x_wconf 88' lang='lat' dir='ltr'>artium</span> <span class='ocrx_word' id='word_1_16' title='bbox 1736 437 1856 492; x_wconf 89' lang='lat' dir='ltr'>omnium</span> 
     </span>
     <span class='ocr_line' id='line_1_3' title="bbox 207 516 1855 597; baseline -0.005 -18"><span class='ocrx_word' id='word_1_17' title='bbox 207 525 294 597; x_wconf 89' lang='lat' dir='ltr'>(quod</span> <span class='ocrx_word' id='word_1_18' title='bbox 307 526 406 579; x_wconf 89' lang='lat' dir='ltr'>mirum</span> <span class='ocrx_word' id='word_1_19' title='bbox 422 525 506 578; x_wconf 88' lang='lat' dir='ltr'>videri</span> <span class='ocrx_word' id='word_1_20' title='bbox 520 525 620 595; x_wconf 80' lang='lat' dir='ltr'>possit)</span> <span class='ocrx_word' id='word_1_21' title='bbox 640 520 854 592; x_wconf 81' lang='lat' dir='ltr'>multiplicamus</span> <span class='ocrx_word' id='word_1_22' title='bbox 869 531 896 577; x_wconf 91' lang='lat' dir='ltr'>et</span> <span class='ocrx_word' id='word_1_23' title='bbox 914 521 1010 577; x_wconf 80' lang='lat' dir='ltr'>tortia·</span> <span class='ocrx_word' id='word_1_24' title='bbox 1049 518 1290 582; x_wconf 72' lang='lat' dir='ltr'>mechanicarum,</span> <span class='ocrx_word' id='word_1_25' title='bbox 1311 524 1394 588; x_wconf 89' lang='lat' dir='ltr'>atque</span> <span class='ocrx_word' id='word_1_26' title='bbox 1402 517 1486 571; x_wconf 89' lang='lat' dir='ltr'>etiam</span> <span class='ocrx_word' id='word_1_27' title='bbox 1500 516 1680 571; x_wconf 77' lang='lat' dir='ltr'>scientiarum</span> <span class='ocrx_word' id='word_1_28' title='bbox 1694 517 1855 583; x_wconf 83' lang='lat' dir='ltr'>liberalium,</span> 
     </span>
     <span class='ocr_line' id='line_1_4' title="bbox 205 597 1857 668; baseline -0.004 -9"><span class='ocrx_word' id='word_1_29' title='bbox 205 622 307 661; x_wconf 89' lang='lat' dir='ltr'>camus.</span> <span class='ocrx_word' id='word_1_30' title='bbox 351 606 495 659; x_wconf 89' lang='lat' dir='ltr'>Imitamur</span> <span class='ocrx_word' id='word_1_31' title='bbox 516 605 612 658; x_wconf 85' lang='lat' dir='ltr'>odores</span> <span class='ocrx_word' id='word_1_32' title='bbox 634 602 781 667; x_wconf 76' lang='lat' dir='ltr'>naturales,</span> <span class='ocrx_word' id='word_1_33' title='bbox 806 602 954 657; x_wconf 86' lang='lat' dir='ltr'>efficientes</span> <span class='ocrx_word' id='word_1_34' title='bbox 981 609 1010 655; x_wconf 94' lang='lat' dir='ltr'>ut</span> <span class='ocrx_word' id='word_1_35' title='bbox 1049 599 1161 667; x_wconf 91' lang='lat' dir='ltr'>insuper</span> <span class='ocrx_word' id='word_1_36' title='bbox 1175 607 1203 651; x_wconf 91' lang='lat' dir='ltr'>et</span> <span class='ocrx_word' id='word_1_37' title='bbox 1217 597 1399 667; x_wconf 87' lang='lat' dir='ltr'>practicarum</span> <span class='ocrx_word' id='word_1_38' title='bbox 1417 597 1547 660; x_wconf 90' lang='lat' dir='ltr'>omnium,</span> <span class='ocrx_word' id='word_1_39' title='bbox 1563 614 1625 668; x_wconf 79' lang='lat' dir='ltr'>quoe</span> <span class='ocrx_word' id='word_1_40' title='bbox 1646 598 1676 650; x_wconf 89' lang='lat' dir='ltr'>in</span> <span class='ocrx_word' id='word_1_41' title='bbox 1696 606 1785 652; x_wconf 85' lang='lat' dir='ltr'>artem</span> <span class='ocrx_word' id='word_1_42' title='bbox 1804 616 1857 652; x_wconf 85' lang='lat' dir='ltr'>noa</span> 
     </span>
     <span class='ocr_line' id='line_1_5' title="bbox 206 677 1839 757; baseline -0.004 -19"><span class='ocrx_word' id='word_1_43' title='bbox 206 687 303 739; x_wconf 89' lang='lat' dir='ltr'>odores</span> <span class='ocrx_word' id='word_1_44' title='bbox 324 686 464 757; x_wconf 82' lang='lat' dir='ltr'>omnigeni</span> <span class='ocrx_word' id='word_1_45' title='bbox 479 703 515 740; x_wconf 90' lang='lat' dir='ltr'>ex</span> <span class='ocrx_word' id='word_1_46' title='bbox 532 684 595 738; x_wconf 89' lang='lat' dir='ltr'>aliis</span> <span class='ocrx_word' id='word_1_47' title='bbox 617 684 745 738; x_wconf 82' lang='lat' dir='ltr'>mixturis</span> <span class='ocrx_word' id='word_1_48' title='bbox 764 684 912 753; x_wconf 85' lang='lat' dir='ltr'>exspirent,</span> <span class='ocrx_word' id='word_1_49' title='bbox 928 700 1008 754; x_wconf 91' lang='lat' dir='ltr'>quam</span> <span class='ocrx_word' id='word_1_50' title='bbox 1049 678 1215 743; x_wconf 90' lang='lat' dir='ltr'>coaluemnt,</span> <span class='ocrx_word' id='word_1_51' title='bbox 1229 677 1370 749; x_wconf 82' lang='lat' dir='ltr'>colligunt.</span> <span class='ocrx_word' id='word_1_52' title='bbox 1413 678 1474 732; x_wconf 88' lang='lat' dir='ltr'>Hos</span> <span class='ocrx_word' id='word_1_53' title='bbox 1488 678 1642 732; x_wconf 75' lang='lat' dir='ltr'>venatores</span> <span class='ocrx_word' id='word_1_54' title='bbox 1656 678 1839 749; x_wconf 80' lang='lat' dir='ltr'>appellamus.</span> 
     </span>
     <span class='ocr_line' id='line_1_6' title="bbox 205 758 1858 838; baseline -0.005 -19"><span class='ocrx_word' id='word_1_55' title='bbox 205 783 242 821; x_wconf 87' lang='lat' dir='ltr'>ex</span> <span class='ocrx_word' id='word_1_56' title='bbox 256 767 392 838; x_wconf 83' lang='lat' dir='ltr'>genuinis.</span> <span class='ocrx_word' id='word_1_57' title='bbox 435 765 567 820; x_wconf 87' lang='lat' dir='ltr'>Similiter</span> <span class='ocrx_word' id='word_1_58' title='bbox 582 766 663 818; x_wconf 90' lang='lat' dir='ltr'>etiam</span> <span class='ocrx_word' id='word_1_59' title='bbox 679 780 792 834; x_wconf 89' lang='lat' dir='ltr'>sapores</span> <span class='ocrx_word' id='word_1_60' title='bbox 810 764 957 830; x_wconf 89' lang='lat' dir='ltr'>imitamur,</span> <span class='ocrx_word' id='word_1_61' title='bbox 972 764 1011 816; x_wconf 92' lang='lat' dir='ltr'>ita</span> <span class='ocrx_word' id='word_1_62' title='bbox 1091 765 1107 791; x_wconf 76' lang='lat'>‘⁶</span> <span class='ocrx_word' id='word_1_63' title='bbox 1120 759 1187 812; x_wconf 88' lang='lat' dir='ltr'>Tres</span> <span class='ocrx_word' id='word_1_64' title='bbox 1201 758 1343 823; x_wconf 89' lang='lat' dir='ltr'>habemus,</span> <span class='ocrx_word' id='word_1_65' title='bbox 1359 759 1407 828; x_wconf 90' lang='lat' dir='ltr'>qui</span> <span class='ocrx_word' id='word_1_66' title='bbox 1421 758 1457 812; x_wconf 92' lang='lat' dir='ltr'>ad</span> <span class='ocrx_word' id='word_1_67' title='bbox 1469 774 1541 812; x_wconf 89' lang='lat' dir='ltr'>nova</span> <span class='ocrx_word' id='word_1_68' title='bbox 1558 758 1753 828; x_wconf 85' lang='lat' dir='ltr'>experimenta</span> <span class='ocrx_word' id='word_1_69' title='bbox 1773 776 1858 812; x_wconf 84' lang='lat' dir='ltr'>seae-</span> 
     </span>
     <span class='ocr_line' id='line_1_7' title="bbox 205 837 1857 918; baseline -0.003 -19"><span class='ocrx_word' id='word_1_70' title='bbox 205 851 234 899; x_wconf 90' lang='lat' dir='ltr'>ut</span> <span class='ocrx_word' id='word_1_71' title='bbox 255 856 373 917; x_wconf 84' lang='lat' dir='ltr'>gustum,</span> <span class='ocrx_word' id='word_1_72' title='bbox 391 847 515 918; x_wconf 86' lang='lat' dir='ltr'>quamvis</span> <span class='ocrx_word' id='word_1_73' title='bbox 537 853 702 909; x_wconf 89' lang='lat' dir='ltr'>accuratum,</span> <span class='ocrx_word' id='word_1_74' title='bbox 724 845 806 914; x_wconf 89' lang='lat' dir='ltr'>plane</span> <span class='ocrx_word' id='word_1_75' title='bbox 828 844 935 898; x_wconf 80' lang='lat' dir='ltr'>fallant.</span> <span class='ocrx_word' id='word_1_76' title='bbox 977 843 1010 897; x_wconf 91' lang='lat' dir='ltr'>ln</span> <span class='ocrx_word' id='word_1_77' title='bbox 1049 840 1170 911; x_wconf 83' lang='lat' dir='ltr'>cingunt,</span> <span class='ocrx_word' id='word_1_78' title='bbox 1194 846 1274 910; x_wconf 90' lang='lat' dir='ltr'>prout</span> <span class='ocrx_word' id='word_1_79' title='bbox 1294 838 1364 909; x_wconf 88' lang='lat' dir='ltr'>ipsis</span> <span class='ocrx_word' id='word_1_80' title='bbox 1388 837 1519 909; x_wconf 86' lang='lat' dir='ltr'>expedire</span> <span class='ocrx_word' id='word_1_81' title='bbox 1547 838 1638 892; x_wconf 86' lang='lat' dir='ltr'>visum</span> <span class='ocrx_word' id='word_1_82' title='bbox 1665 839 1757 893; x_wconf 77' lang='lat' dir='ltr'>fuerit.</span> <span class='ocrx_word' id='word_1_83' title='bbox 1799 841 1857 894; x_wconf 84' lang='lat' dir='ltr'>Hos</span> 
     </span>
     <span class='ocr_line' id='line_1_8' title="bbox 205 918 1766 996; baseline -0.003 -18"><span class='ocrx_word' id='word_1_84' title='bbox 205 926 286 980; x_wconf 90' lang='lat' dir='ltr'>domo</span> <span class='ocrx_word' id='word_1_85' title='bbox 306 927 358 981; x_wconf 91' lang='lat' dir='ltr'>hac</span> <span class='ocrx_word' id='word_1_86' title='bbox 381 928 532 980; x_wconf 85' lang='lat' dir='ltr'>continetur</span> <span class='ocrx_word' id='word_1_87' title='bbox 555 926 667 996; x_wconf 90' lang='lat' dir='ltr'>insuper</span> <span class='ocrx_word' id='word_1_88' title='bbox 688 923 938 991; x_wconf 82' lang='lat' dir='ltr'>conlectionarium,</span> <span class='ocrx_word' id='word_1_89' title='bbox 963 924 1009 978; x_wconf 90' lang='lat' dir='ltr'>ubi</span> <span class='ocrx_word' id='word_1_90' title='bbox 1050 921 1188 983; x_wconf 80' lang='lat' dir='ltr'>Fossores,</span> <span class='ocrx_word' id='word_1_91' title='bbox 1203 919 1476 989; x_wconf 87' lang='lat' dir='ltr'>siveOperatoresin</span> <span class='ocrx_word' id='word_1_92' title='bbox 1491 918 1612 983; x_wconf 90' lang='lat' dir='ltr'>mineris,</span> <span class='ocrx_word' id='word_1_93' title='bbox 1626 936 1766 974; x_wconf 79' lang='lat' dir='ltr'>vocamus.</span> 
     </span>
     <span class='ocr_line' id='line_1_9' title="bbox 205 998 1856 1076; baseline -0.002 -17"><span class='ocrx_word' id='word_1_94' title='bbox 205 1007 363 1060; x_wconf 86' lang='lat' dir='ltr'>conficimus</span> <span class='ocrx_word' id='word_1_95' title='bbox 377 1005 498 1070; x_wconf 87' lang='lat' dir='ltr'>bellaria,</span> <span class='ocrx_word' id='word_1_96' title='bbox 514 1006 661 1076; x_wconf 91' lang='lat' dir='ltr'>placentas,</span> <span class='ocrx_word' id='word_1_97' title='bbox 671 1012 699 1058; x_wconf 89' lang='lat' dir='ltr'>ct</span> <span class='ocrx_word' id='word_1_98' title='bbox 712 1004 868 1074; x_wconf 86' lang='lat' dir='ltr'>hujusmodi</span> <span class='ocrx_word' id='word_1_99' title='bbox 880 1006 942 1068; x_wconf 88' lang='lat' dir='ltr'>alia,</span> <span class='ocrx_word' id='word_1_100' title='bbox 954 1013 1009 1058; x_wconf 90' lang='lat' dir='ltr'>tam</span> <span class='ocrx_word' id='word_1_101' title='bbox 1090 1006 1106 1032; x_wconf 73' lang='lat'>‘⁶</span> <span class='ocrx_word' id='word_1_102' title='bbox 1120 1000 1187 1054; x_wconf 86' lang='lat' dir='ltr'>Tres</span> <span class='ocrx_word' id='word_1_103' title='bbox 1220 999 1362 1063; x_wconf 88' lang='lat' dir='ltr'>habemus,</span> <span class='ocrx_word' id='word_1_104' title='bbox 1395 1000 1443 1070; x_wconf 91' lang='lat' dir='ltr'>qui</span> <span class='ocrx_word' id='word_1_105' title='bbox 1471 998 1664 1070; x_wconf 83' lang='lat' dir='ltr'>experimenta</span> <span class='ocrx_word' id='word_1_106' title='bbox 1690 999 1856 1070; x_wconf 87' lang='lat' dir='ltr'>reliquorum</span> 
     </span>
     <span class='ocr_line' id='line_1_10' title="bbox 205 1078 1856 1158; baseline -0.003 -19"><span class='ocrx_word' id='word_1_107' title='bbox 205 1087 326 1152; x_wconf 88' lang='lat' dir='ltr'>humida,</span> <span class='ocrx_word' id='word_1_108' title='bbox 342 1104 424 1158; x_wconf 90' lang='lat' dir='ltr'>quam</span> <span class='ocrx_word' id='word_1_109' title='bbox 438 1087 525 1141; x_wconf 89' lang='lat' dir='ltr'>sicca:</span> <span class='ocrx_word' id='word_1_110' title='bbox 542 1089 597 1140; x_wconf 91' lang='lat' dir='ltr'>imo</span> <span class='ocrx_word' id='word_1_111' title='bbox 611 1094 639 1140; x_wconf 91' lang='lat' dir='ltr'>et</span> <span class='ocrx_word' id='word_1_112' title='bbox 653 1085 795 1140; x_wconf 90' lang='lat' dir='ltr'>condimus</span> <span class='ocrx_word' id='word_1_113' title='bbox 810 1103 843 1140; x_wconf 91' lang='lat' dir='ltr'>ea</span> <span class='ocrx_word' id='word_1_114' title='bbox 856 1104 918 1140; x_wconf 90' lang='lat' dir='ltr'>cum</span> <span class='ocrx_word' id='word_1_115' title='bbox 929 1085 1010 1139; x_wconf 87' lang='lat' dir='ltr'>rebus</span> <span class='ocrx_word' id='word_1_116' title='bbox 1049 1081 1269 1150; x_wconf 90' lang='lat' dir='ltr'>supradictorum</span> <span class='ocrx_word' id='word_1_117' title='bbox 1282 1079 1312 1133; x_wconf 93' lang='lat' dir='ltr'>in</span> <span class='ocrx_word' id='word_1_118' title='bbox 1326 1078 1427 1145; x_wconf 90' lang='lat' dir='ltr'>titulos,</span> <span class='ocrx_word' id='word_1_119' title='bbox 1445 1087 1473 1133; x_wconf 91' lang='lat' dir='ltr'>et</span> <span class='ocrx_word' id='word_1_120' title='bbox 1486 1078 1602 1144; x_wconf 90' lang='lat' dir='ltr'>tabulas,</span> <span class='ocrx_word' id='word_1_121' title='bbox 1617 1080 1756 1150; x_wconf 85' lang='lat' dir='ltr'>digerunt,</span> <span class='ocrx_word' id='word_1_122' title='bbox 1774 1092 1803 1135; x_wconf 92' lang='lat' dir='ltr'>ut</span> <span class='ocrx_word' id='word_1_123' title='bbox 1816 1082 1856 1134; x_wconf 89' lang='lat' dir='ltr'>in-</span> 
     </span>
     <span class='ocr_line' id='line_1_11' title="bbox 205 1158 1855 1238; baseline -0.003 -20"><span class='ocrx_word' id='word_1_124' title='bbox 205 1165 266 1219; x_wconf 89' lang='lat' dir='ltr'>aliis</span> <span class='ocrx_word' id='word_1_125' title='bbox 281 1167 406 1221; x_wconf 88' lang='lat' dir='ltr'>dulcibus</span> <span class='ocrx_word' id='word_1_126' title='bbox 419 1167 591 1238; x_wconf 86' lang='lat' dir='ltr'>gratissimis,</span> <span class='ocrx_word' id='word_1_127' title='bbox 606 1173 704 1237; x_wconf 83' lang='lat' dir='ltr'>praeter</span> <span class='ocrx_word' id='word_1_128' title='bbox 719 1166 887 1229; x_wconf 86' lang='lat' dir='ltr'>saccharum,</span> <span class='ocrx_word' id='word_1_129' title='bbox 903 1173 931 1220; x_wconf 90' lang='lat' dir='ltr'>et</span> <span class='ocrx_word' id='word_1_130' title='bbox 944 1165 1008 1220; x_wconf 89' lang='lat' dir='ltr'>mel.</span> <span class='ocrx_word' id='word_1_131' title='bbox 1049 1161 1171 1216; x_wconf 89' lang='lat' dir='ltr'>tellectus</span> <span class='ocrx_word' id='word_1_132' title='bbox 1185 1161 1215 1214; x_wconf 91' lang='lat' dir='ltr'>in</span> <span class='ocrx_word' id='word_1_133' title='bbox 1229 1176 1264 1213; x_wconf 89' lang='lat' dir='ltr'>ea</span> <span class='ocrx_word' id='word_1_134' title='bbox 1276 1158 1375 1215; x_wconf 88' lang='lat' dir='ltr'>melius</span> <span class='ocrx_word' id='word_1_135' title='bbox 1389 1177 1471 1232; x_wconf 84' lang='lat' dir='ltr'>agere</span> <span class='ocrx_word' id='word_1_136' title='bbox 1486 1160 1582 1230; x_wconf 86' lang='lat' dir='ltr'>possit,</span> <span class='ocrx_word' id='word_1_137' title='bbox 1597 1160 1633 1214; x_wconf 86' lang='lat' dir='ltr'>nd</span> <span class='ocrx_word' id='word_1_138' title='bbox 1652 1159 1803 1215; x_wconf 84' lang='lat' dir='ltr'>eliciendas</span> <span class='ocrx_word' id='word_1_139' title='bbox 1821 1179 1855 1216; x_wconf 84' lang='lat' dir='ltr'>ex</span> 
     </span>
     <span class='ocr_line' id='line_1_12' title="bbox 205 1240 1854 1315; baseline -0.002 -16"><span class='ocrx_word' id='word_1_140' title='bbox 205 1246 278 1301; x_wconf 83' lang='lat' dir='ltr'>Vina</span> <span class='ocrx_word' id='word_1_141' title='bbox 302 1248 342 1301; x_wconf 90' lang='lat' dir='ltr'>ibi</span> <span class='ocrx_word' id='word_1_142' title='bbox 362 1248 521 1301; x_wconf 88' lang='lat' dir='ltr'>conficimus</span> <span class='ocrx_word' id='word_1_143' title='bbox 542 1246 748 1315; x_wconf 85' lang='lat' dir='ltr'>jocundissima,</span> <span class='ocrx_word' id='word_1_144' title='bbox 771 1245 919 1310; x_wconf 88' lang='lat' dir='ltr'>lacticinia,</span> <span class='ocrx_word' id='word_1_145' title='bbox 937 1246 1009 1314; x_wconf 89' lang='lat' dir='ltr'>jura,</span> <span class='ocrx_word' id='word_1_146' title='bbox 1049 1242 1084 1296; x_wconf 92' lang='lat' dir='ltr'>iis</span> <span class='ocrx_word' id='word_1_147' title='bbox 1116 1240 1328 1305; x_wconf 85' lang='lat' dir='ltr'>observationes,</span> <span class='ocrx_word' id='word_1_148' title='bbox 1357 1247 1386 1295; x_wconf 87' lang='lat' dir='ltr'>et</span> <span class='ocrx_word' id='word_1_149' title='bbox 1415 1240 1564 1296; x_wconf 82' lang='lat' dir='ltr'>axiomata.</span> <span class='ocrx_word' id='word_1_150' title='bbox 1620 1240 1684 1295; x_wconf 88' lang='lat' dir='ltr'>Hos</span> <span class='ocrx_word' id='word_1_151' title='bbox 1716 1241 1854 1297; x_wconf 81' lang='lat' dir='ltr'>Diviseres</span> 
     </span>
     <span class='ocr_line' id='line_1_13' title="bbox 205 1326 1186 1399; baseline 0.001 -20"><span class='ocrx_word' id='word_1_152' title='bbox 205 1328 377 1391; x_wconf 88' lang='lat' dir='ltr'>salsamenta,</span> <span class='ocrx_word' id='word_1_153' title='bbox 400 1338 426 1382; x_wconf 90' lang='lat' dir='ltr'>et</span> <span class='ocrx_word' id='word_1_154' title='bbox 450 1330 575 1393; x_wconf 87' lang='lat' dir='ltr'>acetaria,</span> <span class='ocrx_word' id='word_1_155' title='bbox 596 1334 674 1399; x_wconf 85' lang='lat' dir='ltr'>grata</span> <span class='ocrx_word' id='word_1_156' title='bbox 693 1335 765 1381; x_wconf 89' lang='lat' dir='ltr'>certe</span> <span class='ocrx_word' id='word_1_157' title='bbox 787 1326 821 1380; x_wconf 90' lang='lat' dir='ltr'>ad</span> <span class='ocrx_word' id='word_1_158' title='bbox 843 1336 962 1399; x_wconf 85' lang='lat' dir='ltr'>gustum,</span> <span class='ocrx_word' id='word_1_159' title='bbox 982 1334 1010 1381; x_wconf 90' lang='lat' dir='ltr'>et</span> <span class='ocrx_word' id='word_1_160' title='bbox 1048 1339 1186 1378; x_wconf 76' lang='lat' dir='ltr'>vocamus.</span> 
     </span>
     <span class='ocr_line' id='line_1_14' title="bbox 204 1399 1852 1473; baseline -0.003 -13"><span class='ocrx_word' id='word_1_161' title='bbox 204 1408 282 1462; x_wconf 83' lang='lat' dir='ltr'>vobis</span> <span class='ocrx_word' id='word_1_162' title='bbox 296 1408 410 1462; x_wconf 90' lang='lat' dir='ltr'>minime</span> <span class='ocrx_word' id='word_1_163' title='bbox 424 1409 452 1462; x_wconf 90' lang='lat' dir='ltr'>in</span> <span class='ocrx_word' id='word_1_164' title='bbox 466 1426 525 1463; x_wconf 90' lang='lat' dir='ltr'>usu.</span> <span class='ocrx_word' id='word_1_165' title='bbox 1090 1409 1106 1434; x_wconf 90' lang='lat'>“</span> <span class='ocrx_word' id='word_1_166' title='bbox 1120 1403 1188 1457; x_wconf 90' lang='lat' dir='ltr'>Tres</span> <span class='ocrx_word' id='word_1_167' title='bbox 1202 1399 1345 1466; x_wconf 88' lang='lat' dir='ltr'>habemus,</span> <span class='ocrx_word' id='word_1_168' title='bbox 1360 1400 1407 1473; x_wconf 91' lang='lat' dir='ltr'>qui</span> <span class='ocrx_word' id='word_1_169' title='bbox 1422 1399 1525 1454; x_wconf 89' lang='lat' dir='ltr'>adhoc</span> <span class='ocrx_word' id='word_1_170' title='bbox 1540 1400 1714 1466; x_wconf 82' lang='lat' dir='ltr'>ordinantur,</span> <span class='ocrx_word' id='word_1_171' title='bbox 1729 1410 1757 1456; x_wconf 91' lang='lat' dir='ltr'>nt</span> <span class='ocrx_word' id='word_1_172' title='bbox 1770 1401 1798 1455; x_wconf 88' lang='lat' dir='ltr'>in</span> <span class='ocrx_word' id='word_1_173' title='bbox 1807 1419 1852 1456; x_wconf 79' lang='lat' dir='ltr'>ex-</span> 
     </span>
     <span class='ocr_line' id='line_1_15' title="bbox 246 1481 1851 1558; baseline -0.004 -16"><span class='ocrx_word' id='word_1_174' title='bbox 246 1494 262 1519; x_wconf 87' lang='lat'>“</span> <span class='ocrx_word' id='word_1_175' title='bbox 278 1488 419 1543; x_wconf 84' lang='lat' dir='ltr'>Habemus</span> <span class='ocrx_word' id='word_1_176' title='bbox 433 1489 515 1543; x_wconf 78' lang='lat' dir='ltr'>enam</span> <span class='ocrx_word' id='word_1_177' title='bbox 529 1488 624 1541; x_wconf 90' lang='lat' dir='ltr'>domus</span> <span class='ocrx_word' id='word_1_178' title='bbox 639 1486 837 1553; x_wconf 91' lang='lat' dir='ltr'>machinarum,</span> <span class='ocrx_word' id='word_1_179' title='bbox 848 1487 895 1543; x_wconf 90' lang='lat' dir='ltr'>ubi</span> <span class='ocrx_word' id='word_1_180' title='bbox 910 1495 1010 1558; x_wconf 77' lang='lat' dir='ltr'>praesto</span> <span class='ocrx_word' id='word_1_181' title='bbox 1049 1483 1202 1552; x_wconf 77' lang='lat' dir='ltr'>perimente</span> <span class='ocrx_word' id='word_1_182' title='bbox 1220 1482 1356 1536; x_wconf 90' lang='lat' dir='ltr'>sociorum</span> <span class='ocrx_word' id='word_1_183' title='bbox 1370 1497 1483 1536; x_wconf 89' lang='lat' dir='ltr'>suorum</span> <span class='ocrx_word' id='word_1_184' title='bbox 1500 1481 1705 1552; x_wconf 86' lang='lat' dir='ltr'>introspiciant,</span> <span class='ocrx_word' id='word_1_185' title='bbox 1720 1491 1749 1536; x_wconf 90' lang='lat' dir='ltr'>et</span> <span class='ocrx_word' id='word_1_186' title='bbox 1766 1499 1800 1536; x_wconf 84' lang='lat' dir='ltr'>ex</span> <span class='ocrx_word' id='word_1_187' title='bbox 1818 1484 1851 1536; x_wconf 83' lang='lat' dir='ltr'>iis</span> 
     </span>
     <span class='ocr_line' id='line_1_16' title="bbox 205 1561 1852 1639; baseline -0.003 -17"><span class='ocrx_word' id='word_1_188' title='bbox 205 1575 268 1622; x_wconf 89' lang='lat' dir='ltr'>sunt</span> <span class='ocrx_word' id='word_1_189' title='bbox 281 1569 425 1632; x_wconf 82' lang='lat' dir='ltr'>machiota,</span> <span class='ocrx_word' id='word_1_190' title='bbox 437 1576 466 1623; x_wconf 93' lang='lat' dir='ltr'>et</span> <span class='ocrx_word' id='word_1_191' title='bbox 480 1583 591 1639; x_wconf 82' lang='lat' dir='ltr'>organa,</span> <span class='ocrx_word' id='word_1_192' title='bbox 607 1567 642 1620; x_wconf 88' lang='lat' dir='ltr'>ad</span> <span class='ocrx_word' id='word_1_193' title='bbox 656 1568 747 1621; x_wconf 90' lang='lat' dir='ltr'>omnia</span> <span class='ocrx_word' id='word_1_194' title='bbox 762 1585 863 1639; x_wconf 82' lang='lat' dir='ltr'>genera</span> <span class='ocrx_word' id='word_1_195' title='bbox 877 1577 1008 1622; x_wconf 87' lang='lat' dir='ltr'>motuum.</span> <span class='ocrx_word' id='word_1_196' title='bbox 1049 1564 1204 1627; x_wconf 84' lang='lat' dir='ltr'>extrahant,</span> <span class='ocrx_word' id='word_1_197' title='bbox 1220 1571 1248 1618; x_wconf 90' lang='lat' dir='ltr'>ct</span> <span class='ocrx_word' id='word_1_198' title='bbox 1263 1561 1506 1617; x_wconf 88' lang='lat' dir='ltr'>comminiscantur</span> <span class='ocrx_word' id='word_1_199' title='bbox 1519 1562 1642 1627; x_wconf 87' lang='lat' dir='ltr'>inventa,</span> <span class='ocrx_word' id='word_1_200' title='bbox 1658 1579 1721 1633; x_wconf 80' lang='lat' dir='ltr'>quta</span> <span class='ocrx_word' id='word_1_201' title='bbox 1734 1562 1768 1616; x_wconf 86' lang='lat' dir='ltr'>ad</span> <span class='ocrx_word' id='word_1_202' title='bbox 1778 1580 1852 1617; x_wconf 87' lang='lat' dir='ltr'>nsum</span> 
     </span>
     <span class='ocr_line' id='line_1_17' title="bbox 206 1643 1852 1721; baseline -0.003 -19"><span class='ocrx_word' id='word_1_203' title='bbox 206 1649 250 1702; x_wconf 89' lang='lat' dir='ltr'>lbi</span> <span class='ocrx_word' id='word_1_204' title='bbox 263 1656 398 1703; x_wconf 88' lang='lat' dir='ltr'>tentamus</span> <span class='ocrx_word' id='word_1_205' title='bbox 419 1648 563 1704; x_wconf 88' lang='lat' dir='ltr'>celeriores</span> <span class='ocrx_word' id='word_1_206' title='bbox 584 1647 699 1702; x_wconf 87' lang='lat' dir='ltr'>educere</span> <span class='ocrx_word' id='word_1_207' title='bbox 721 1658 819 1712; x_wconf 90' lang='lat' dir='ltr'>motus,</span> <span class='ocrx_word' id='word_1_208' title='bbox 834 1666 916 1721; x_wconf 91' lang='lat' dir='ltr'>quam</span> <span class='ocrx_word' id='word_1_209' title='bbox 937 1649 1011 1719; x_wconf 92' lang='lat' dir='ltr'>apud</span> <span class='ocrx_word' id='word_1_210' title='bbox 1048 1644 1119 1708; x_wconf 79' lang='lat' dir='ltr'>vitre,</span> <span class='ocrx_word' id='word_1_211' title='bbox 1134 1651 1162 1699; x_wconf 92' lang='lat' dir='ltr'>et</span> <span class='ocrx_word' id='word_1_212' title='bbox 1180 1643 1329 1715; x_wconf 87' lang='lat' dir='ltr'>practicam</span> <span class='ocrx_word' id='word_1_213' title='bbox 1349 1649 1481 1712; x_wconf 89' lang='lat' dir='ltr'>spectent,</span> <span class='ocrx_word' id='word_1_214' title='bbox 1499 1658 1621 1697; x_wconf 91' lang='lat' dir='ltr'>necnon</span> <span class='ocrx_word' id='word_1_215' title='bbox 1636 1660 1699 1713; x_wconf 79' lang='lat' dir='ltr'>quae</span> <span class='ocrx_word' id='word_1_216' title='bbox 1713 1643 1852 1697; x_wconf 75' lang='lat' dir='ltr'>inserviant</span> 
     </span>
     <span class='ocr_line' id='line_1_18' title="bbox 204 1722 1851 1798; baseline -0.004 -16"><span class='ocrx_word' id='word_1_217' title='bbox 204 1745 253 1783; x_wconf 87' lang='lat' dir='ltr'>vos</span> <span class='ocrx_word' id='word_1_218' title='bbox 267 1727 338 1784; x_wconf 88' lang='lat' dir='ltr'>ullos</span> <span class='ocrx_word' id='word_1_219' title='bbox 352 1730 470 1793; x_wconf 87' lang='lat' dir='ltr'>habetis,</span> <span class='ocrx_word' id='word_1_220' title='bbox 482 1729 539 1783; x_wconf 87' lang='lat' dir='ltr'>sive</span> <span class='ocrx_word' id='word_1_221' title='bbox 555 1745 590 1783; x_wconf 85' lang='lat' dir='ltr'>ex</span> <span class='ocrx_word' id='word_1_222' title='bbox 600 1727 729 1798; x_wconf 87' lang='lat' dir='ltr'>sclopetis</span> <span class='ocrx_word' id='word_1_223' title='bbox 740 1730 836 1782; x_wconf 87' lang='lat' dir='ltr'>vestris</span> <span class='ocrx_word' id='word_1_224' title='bbox 850 1730 1008 1794; x_wconf 91' lang='lat' dir='ltr'>minoribus,</span> <span class='ocrx_word' id='word_1_225' title='bbox 1049 1725 1178 1787; x_wconf 84' lang='lat' dir='ltr'>scientiis,</span> <span class='ocrx_word' id='word_1_226' title='bbox 1193 1741 1248 1777; x_wconf 91' lang='lat' dir='ltr'>non</span> <span class='ocrx_word' id='word_1_227' title='bbox 1263 1722 1351 1777; x_wconf 91' lang='lat' dir='ltr'>solum</span> <span class='ocrx_word' id='word_1_228' title='bbox 1363 1722 1453 1794; x_wconf 90' lang='lat' dir='ltr'>quoad</span> <span class='ocrx_word' id='word_1_229' title='bbox 1462 1724 1617 1792; x_wconf 83' lang='lat' dir='ltr'>opera,sed</span> <span class='ocrx_word' id='word_1_230' title='bbox 1628 1723 1716 1777; x_wconf 89' lang='lat' dir='ltr'>etiam</span> <span class='ocrx_word' id='word_1_231' title='bbox 1730 1723 1764 1777; x_wconf 90' lang='lat' dir='ltr'>ad</span> <span class='ocrx_word' id='word_1_232' title='bbox 1777 1723 1851 1795; x_wconf 85' lang='lat' dir='ltr'>liqui·</span> 
     </span>
     <span class='ocr_line' id='line_1_19' title="bbox 205 1803 1853 1881; baseline -0.004 -19"><span class='ocrx_word' id='word_1_233' title='bbox 205 1810 263 1863; x_wconf 83' lang='lat' dir='ltr'>sive</span> <span class='ocrx_word' id='word_1_234' title='bbox 278 1809 333 1863; x_wconf 91' lang='lat' dir='ltr'>alia</span> <span class='ocrx_word' id='word_1_235' title='bbox 349 1826 510 1881; x_wconf 89' lang='lat' dir='ltr'>quacunque</span> <span class='ocrx_word' id='word_1_236' title='bbox 520 1808 659 1863; x_wconf 90' lang='lat' dir='ltr'>machina.</span> <span class='ocrx_word' id='word_1_237' title='bbox 703 1808 851 1863; x_wconf 81' lang='lat' dir='ltr'>Tentamus</span> <span class='ocrx_word' id='word_1_238' title='bbox 865 1810 931 1863; x_wconf 90' lang='lat' dir='ltr'>item</span> <span class='ocrx_word' id='word_1_239' title='bbox 951 1826 1009 1863; x_wconf 87' lang='lat' dir='ltr'>mo·</span> <span class='ocrx_word' id='word_1_240' title='bbox 1048 1805 1097 1858; x_wconf 90' lang='lat' dir='ltr'>das</span> <span class='ocrx_word' id='word_1_241' title='bbox 1112 1821 1255 1858; x_wconf 91' lang='lat' dir='ltr'>causarum</span> <span class='ocrx_word' id='word_1_242' title='bbox 1275 1804 1531 1867; x_wconf 89' lang='lat' dir='ltr'>demonstrationes,</span> <span class='ocrx_word' id='word_1_243' title='bbox 1547 1803 1646 1858; x_wconf 85' lang='lat' dir='ltr'>modos</span> <span class='ocrx_word' id='word_1_244' title='bbox 1664 1803 1791 1857; x_wconf 88' lang='lat' dir='ltr'>eliciendi</span> <span class='ocrx_word' id='word_1_245' title='bbox 1811 1820 1853 1857; x_wconf 84' lang='lat' dir='ltr'>na-</span> 
     </span>
     <span class='ocr_line' id='line_1_20' title="bbox 204 1884 1854 1960; baseline -0.004 -18"><span class='ocrx_word' id='word_1_246' title='bbox 204 1898 248 1944; x_wconf 90' lang='lat' dir='ltr'>tus</span> <span class='ocrx_word' id='word_1_247' title='bbox 271 1890 384 1944; x_wconf 87' lang='lat' dir='ltr'>reddere</span> <span class='ocrx_word' id='word_1_248' title='bbox 403 1889 549 1953; x_wconf 86' lang='lat' dir='ltr'>faciliores,</span> <span class='ocrx_word' id='word_1_249' title='bbox 571 1896 600 1942; x_wconf 91' lang='lat' dir='ltr'>et</span> <span class='ocrx_word' id='word_1_250' title='bbox 622 1887 792 1953; x_wconf 88' lang='lat' dir='ltr'>intensiores,</span> <span class='ocrx_word' id='word_1_251' title='bbox 815 1906 862 1944; x_wconf 89' lang='lat' dir='ltr'>eos</span> <span class='ocrx_word' id='word_1_252' title='bbox 879 1888 1010 1960; x_wconf 90' lang='lat' dir='ltr'>multipli-</span> <span class='ocrx_word' id='word_1_253' title='bbox 1049 1886 1149 1939; x_wconf 89' lang='lat' dir='ltr'>turales</span> <span class='ocrx_word' id='word_1_254' title='bbox 1174 1884 1368 1949; x_wconf 86' lang='lat' dir='ltr'>divinationes,</span> <span class='ocrx_word' id='word_1_255' title='bbox 1392 1889 1475 1954; x_wconf 88' lang='lat' dir='ltr'>atque</span> <span class='ocrx_word' id='word_1_256' title='bbox 1500 1884 1614 1938; x_wconf 80' lang='lat' dir='ltr'>facilem</span> <span class='ocrx_word' id='word_1_257' title='bbox 1635 1892 1664 1938; x_wconf 88' lang='lat' dir='ltr'>et</span> <span class='ocrx_word' id='word_1_258' title='bbox 1685 1885 1854 1937; x_wconf 79' lang='lat' dir='ltr'>manifestam</span> 
     </span>
     <span class='ocr_line' id='line_1_21' title="bbox 205 1963 1855 2040; baseline -0.002 -18"><span class='ocrx_word' id='word_1_259' title='bbox 205 1969 292 2023; x_wconf 91' lang='lat' dir='ltr'>cando</span> <span class='ocrx_word' id='word_1_260' title='bbox 306 1988 355 2040; x_wconf 90' lang='lat' dir='ltr'>per</span> <span class='ocrx_word' id='word_1_261' title='bbox 370 1977 451 2034; x_wconf 91' lang='lat' dir='ltr'>rotas,</span> <span class='ocrx_word' id='word_1_262' title='bbox 462 1976 489 2023; x_wconf 88' lang='lat' dir='ltr'>et</span> <span class='ocrx_word' id='word_1_263' title='bbox 504 1969 597 2024; x_wconf 90' lang='lat' dir='ltr'>modos</span> <span class='ocrx_word' id='word_1_264' title='bbox 609 1968 686 2022; x_wconf 90' lang='lat' dir='ltr'>alios.</span> <span class='ocrx_word' id='word_1_265' title='bbox 728 1968 799 2022; x_wconf 87' lang='lat' dir='ltr'>Tum</span> <span class='ocrx_word' id='word_1_266' title='bbox 813 1978 901 2024; x_wconf 89' lang='lat' dir='ltr'>motus</span> <span class='ocrx_word' id='word_1_267' title='bbox 916 1970 1009 2024; x_wconf 91' lang='lat' dir='ltr'>educi·</span> <span class='ocrx_word' id='word_1_268' title='bbox 1048 1965 1278 2027; x_wconf 79' lang='lat' dir='ltr'>informationem,</span> <span class='ocrx_word' id='word_1_269' title='bbox 1287 1982 1348 2036; x_wconf 76' lang='lat' dir='ltr'>qum</span> <span class='ocrx_word' id='word_1_270' title='bbox 1359 1963 1415 2017; x_wconf 87' lang='lat' dir='ltr'>siat</span> <span class='ocrx_word' id='word_1_271' title='bbox 1428 1963 1457 2016; x_wconf 92' lang='lat' dir='ltr'>in</span> <span class='ocrx_word' id='word_1_272' title='bbox 1466 1965 1628 2036; x_wconf 89' lang='lat' dir='ltr'>corporibus</span> <span class='ocrx_word' id='word_1_273' title='bbox 1642 1963 1760 2035; x_wconf 80' lang='lat' dir='ltr'>singulis</span> <span class='ocrx_word' id='word_1_274' title='bbox 1769 1972 1855 2034; x_wconf 85' lang='lat' dir='ltr'>partes</span> 
     </span>
     <span class='ocr_line' id='line_1_22' title="bbox 205 2039 1844 2120; baseline -0.002 -17"><span class='ocrx_word' id='word_1_275' title='bbox 205 2067 265 2104; x_wconf 88' lang='lat' dir='ltr'>mus</span> <span class='ocrx_word' id='word_1_276' title='bbox 285 2050 410 2104; x_wconf 76' lang='lat' dir='ltr'>fortiores</span> <span class='ocrx_word' id='word_1_277' title='bbox 428 2058 456 2104; x_wconf 90' lang='lat' dir='ltr'>et</span> <span class='ocrx_word' id='word_1_278' title='bbox 476 2049 650 2120; x_wconf 87' lang='lat' dir='ltr'>potentiores,</span> <span class='ocrx_word' id='word_1_279' title='bbox 666 2064 748 2119; x_wconf 89' lang='lat' dir='ltr'>quarn</span> <span class='ocrx_word' id='word_1_280' title='bbox 770 2065 818 2104; x_wconf 88' lang='lat' dir='ltr'>vos</span> <span class='ocrx_word' id='word_1_281' title='bbox 842 2048 958 2114; x_wconf 89' lang='lat' dir='ltr'>habetis,</span> <span class='ocrx_word' id='word_1_282' title='bbox 981 2050 1010 2104; x_wconf 92' lang='lat' dir='ltr'>in</span> <span class='ocrx_word' id='word_1_283' title='bbox 1049 2045 1174 2111; x_wconf 89' lang='lat' dir='ltr'>latentes,</span> <span class='ocrx_word' id='word_1_284' title='bbox 1189 2063 1250 2117; x_wconf 80' lang='lat' dir='ltr'>quae</span> <span class='ocrx_word' id='word_1_285' title='bbox 1264 2039 1398 2098; x_wconf 81' lang='lat' dir='ltr'>virtutes?</span> <span class='ocrx_word' id='word_1_286' title='bbox 1418 2044 1479 2097; x_wconf 81' lang='lat' dir='ltr'>llos</span> <span class='ocrx_word' id='word_1_287' title='bbox 1493 2044 1648 2116; x_wconf 85' lang='lat' dir='ltr'>Euergetas</span> <span class='ocrx_word' id='word_1_288' title='bbox 1667 2044 1844 2115; x_wconf 77' lang='lat' dir='ltr'>appellamus</span> 
     </span>
     <span class='ocr_line' id='line_1_23' title="bbox 204 2124 1854 2200; baseline -0.002 -17"><span class='ocrx_word' id='word_1_289' title='bbox 204 2129 354 2198; x_wconf 86' lang='lat' dir='ltr'>majoribus</span> <span class='ocrx_word' id='word_1_290' title='bbox 364 2130 462 2184; x_wconf 86' lang='lat' dir='ltr'>vestris</span> <span class='ocrx_word' id='word_1_291' title='bbox 475 2129 639 2192; x_wconf 87' lang='lat' dir='ltr'>bombardis,</span> <span class='ocrx_word' id='word_1_292' title='bbox 653 2137 680 2182; x_wconf 92' lang='lat' dir='ltr'>et</span> <span class='ocrx_word' id='word_1_293' title='bbox 695 2128 831 2183; x_wconf 89' lang='lat' dir='ltr'>basiliscis</span> <span class='ocrx_word' id='word_1_294' title='bbox 845 2130 1010 2200; x_wconf 91' lang='lat' dir='ltr'>quibuscun-</span> <span class='ocrx_word' id='word_1_295' title='bbox 1090 2132 1106 2157; x_wconf 85' lang='lat'>“</span> <span class='ocrx_word' id='word_1_296' title='bbox 1120 2126 1191 2180; x_wconf 89' lang='lat' dir='ltr'>Tum</span> <span class='ocrx_word' id='word_1_297' title='bbox 1212 2141 1278 2180; x_wconf 85' lang='lat' dir='ltr'>vero</span> <span class='ocrx_word' id='word_1_298' title='bbox 1301 2133 1364 2194; x_wconf 91' lang='lat' dir='ltr'>post</span> <span class='ocrx_word' id='word_1_299' title='bbox 1388 2124 1490 2178; x_wconf 88' lang='lat' dir='ltr'>multos</span> <span class='ocrx_word' id='word_1_300' title='bbox 1512 2125 1650 2179; x_wconf 86' lang='lat' dir='ltr'>sociomm</span> <span class='ocrx_word' id='word_1_301' title='bbox 1671 2127 1854 2180; x_wconf 86' lang='lat' dir='ltr'>universorum</span> 
     </span>
     <span class='ocr_line' id='line_1_24' title="bbox 205 2203 1855 2280; baseline -0.003 -18"><span class='ocrx_word' id='word_1_302' title='bbox 205 2226 266 2280; x_wconf 91' lang='lat' dir='ltr'>que.</span> <span class='ocrx_word' id='word_1_303' title='bbox 308 2210 480 2264; x_wconf 87' lang='lat' dir='ltr'>Exhibemus</span> <span class='ocrx_word' id='word_1_304' title='bbox 508 2216 642 2263; x_wconf 89' lang='lat' dir='ltr'>tormenta</span> <span class='ocrx_word' id='word_1_305' title='bbox 668 2207 775 2273; x_wconf 89' lang='lat' dir='ltr'>bellica,</span> <span class='ocrx_word' id='word_1_306' title='bbox 801 2216 828 2263; x_wconf 92' lang='lat' dir='ltr'>et</span> <span class='ocrx_word' id='word_1_307' title='bbox 854 2210 1009 2278; x_wconf 87' lang='lat' dir='ltr'>machinas,</span> <span class='ocrx_word' id='word_1_308' title='bbox 1050 2215 1199 2260; x_wconf 81' lang='lat' dir='ltr'>conuentus</span> <span class='ocrx_word' id='word_1_309' title='bbox 1220 2213 1248 2259; x_wconf 91' lang='lat' dir='ltr'>et</span> <span class='ocrx_word' id='word_1_310' title='bbox 1269 2203 1489 2270; x_wconf 87' lang='lat' dir='ltr'>consultationes,</span> <span class='ocrx_word' id='word_1_311' title='bbox 1513 2206 1560 2277; x_wconf 90' lang='lat' dir='ltr'>qui</span> <span class='ocrx_word' id='word_1_312' title='bbox 1581 2204 1691 2260; x_wconf 89' lang='lat' dir='ltr'>labores</span> <span class='ocrx_word' id='word_1_313' title='bbox 1713 2214 1740 2258; x_wconf 88' lang='lat' dir='ltr'>et</span> <span class='ocrx_word' id='word_1_314' title='bbox 1763 2204 1855 2258; x_wconf 86' lang='lat' dir='ltr'>collec-</span> 
     </span>
     <span class='ocr_line' id='line_1_25' title="bbox 204 2285 1855 2361; baseline -0.002 -20"><span class='ocrx_word' id='word_1_315' title='bbox 204 2289 293 2344; x_wconf 91' lang='lat' dir='ltr'>omnis</span> <span class='ocrx_word' id='word_1_316' title='bbox 307 2290 416 2361; x_wconf 80' lang='lat' dir='ltr'>generis</span> <span class='ocrx_word' id='word_1_317' title='bbox 425 2311 439 2355; x_wconf 75' lang='grc' dir='ltr'>ε,</span> <span class='ocrx_word' id='word_1_318' title='bbox 453 2306 537 2344; x_wconf 87' lang='lat' dir='ltr'>novas</span> <span class='ocrx_word' id='word_1_319' title='bbox 551 2289 679 2343; x_wconf 83' lang='lat' dir='ltr'>misturae</span> <span class='ocrx_word' id='word_1_320' title='bbox 693 2289 812 2359; x_wconf 87' lang='lat' dir='ltr'>pulveris</span> <span class='ocrx_word' id='word_1_321' title='bbox 826 2290 914 2360; x_wconf 85' lang='lat' dir='ltr'>pyrii:</span> <span class='ocrx_word' id='word_1_322' title='bbox 930 2290 1010 2361; x_wconf 88' lang='lat' dir='ltr'>ignes</span> <span class='ocrx_word' id='word_1_323' title='bbox 1051 2288 1138 2340; x_wconf 76' lang='lat' dir='ltr'>tiones</span> <span class='ocrx_word' id='word_1_324' title='bbox 1161 2286 1266 2357; x_wconf 73' lang='lat' dir='ltr'>priores</span> <span class='ocrx_word' id='word_1_325' title='bbox 1286 2285 1396 2355; x_wconf 79' lang='lat' dir='ltr'>penitus</span> <span class='ocrx_word' id='word_1_326' title='bbox 1417 2285 1619 2356; x_wconf 83' lang='lat' dir='ltr'>introspiciunt,</span> <span class='ocrx_word' id='word_1_327' title='bbox 1634 2294 1665 2339; x_wconf 88' lang='lat' dir='ltr'>et</span> <span class='ocrx_word' id='word_1_328' title='bbox 1685 2287 1762 2359; x_wconf 90' lang='lat' dir='ltr'>quasi</span> <span class='ocrx_word' id='word_1_329' title='bbox 1777 2287 1855 2339; x_wconf 92' lang='lat' dir='ltr'>rumi-</span> 
     </span>
     <span class='ocr_line' id='line_1_26' title="bbox 206 2365 1855 2442; baseline -0.002 -20"><span class='ocrx_word' id='word_1_330' title='bbox 206 2368 317 2423; x_wconf 81' lang='lat' dir='ltr'>Graecos</span> <span class='ocrx_word' id='word_1_331' title='bbox 330 2371 359 2424; x_wconf 92' lang='lat' dir='ltr'>in</span> <span class='ocrx_word' id='word_1_332' title='bbox 373 2387 445 2441; x_wconf 91' lang='lat' dir='ltr'>aqua</span> <span class='ocrx_word' id='word_1_333' title='bbox 458 2371 592 2432; x_wconf 88' lang='lat' dir='ltr'>ardentes,</span> <span class='ocrx_word' id='word_1_334' title='bbox 608 2377 635 2422; x_wconf 90' lang='lat' dir='ltr'>et</span> <span class='ocrx_word' id='word_1_335' title='bbox 648 2369 908 2440; x_wconf 85' lang='lat' dir='ltr'>inexstinguibiles:</span> <span class='ocrx_word' id='word_1_336' title='bbox 931 2372 1011 2442; x_wconf 80' lang='lat' dir='ltr'>ignes</span> <span class='ocrx_word' id='word_1_337' title='bbox 1050 2377 1157 2431; x_wconf 88' lang='lat' dir='ltr'>uantur,</span> <span class='ocrx_word' id='word_1_338' title='bbox 1172 2374 1227 2421; x_wconf 89' lang='lat' dir='ltr'>tres</span> <span class='ocrx_word' id='word_1_339' title='bbox 1248 2366 1390 2430; x_wconf 89' lang='lat' dir='ltr'>habemus,</span> <span class='ocrx_word' id='word_1_340' title='bbox 1406 2365 1505 2436; x_wconf 88' lang='lat' dir='ltr'>quibus</span> <span class='ocrx_word' id='word_1_341' title='bbox 1526 2383 1600 2419; x_wconf 77' lang='lat' dir='ltr'>curm</span> <span class='ocrx_word' id='word_1_342' title='bbox 1620 2374 1664 2420; x_wconf 88' lang='lat' dir='ltr'>est</span> <span class='ocrx_word' id='word_1_343' title='bbox 1684 2384 1720 2420; x_wconf 84' lang='lat' dir='ltr'>ex</span> <span class='ocrx_word' id='word_1_344' title='bbox 1740 2367 1783 2430; x_wconf 88' lang='lat' dir='ltr'>iis,</span> <span class='ocrx_word' id='word_1_345' title='bbox 1796 2385 1855 2437; x_wconf 78' lang='lat' dir='ltr'>qua</span> 
     </span>
     <span class='ocr_line' id='line_1_27' title="bbox 204 2446 1855 2522; baseline -0.002 -20"><span class='ocrx_word' id='word_1_346' title='bbox 204 2448 324 2504; x_wconf 89' lang='lat' dir='ltr'>missiles</span> <span class='ocrx_word' id='word_1_347' title='bbox 338 2450 366 2504; x_wconf 89' lang='lat' dir='ltr'>in</span> <span class='ocrx_word' id='word_1_348' title='bbox 381 2452 455 2504; x_wconf 89' lang='lat' dir='ltr'>omni</span> <span class='ocrx_word' id='word_1_349' title='bbox 470 2450 610 2515; x_wconf 85' lang='lat' dir='ltr'>varietate,</span> <span class='ocrx_word' id='word_1_350' title='bbox 619 2457 675 2504; x_wconf 86' lang='lat' dir='ltr'>tarn</span> <span class='ocrx_word' id='word_1_351' title='bbox 688 2449 723 2503; x_wconf 88' lang='lat' dir='ltr'>ad</span> <span class='ocrx_word' id='word_1_352' title='bbox 738 2450 915 2520; x_wconf 89' lang='lat' dir='ltr'>voluptatem,</span> <span class='ocrx_word' id='word_1_353' title='bbox 928 2469 1011 2522; x_wconf 88' lang='lat' dir='ltr'>quam</span> <span class='ocrx_word' id='word_1_354' title='bbox 1047 2449 1105 2515; x_wconf 89' lang='lat' dir='ltr'>jam</span> <span class='ocrx_word' id='word_1_355' title='bbox 1120 2447 1170 2502; x_wconf 91' lang='lat' dir='ltr'>sub</span> <span class='ocrx_word' id='word_1_356' title='bbox 1182 2446 1268 2500; x_wconf 89' lang='lat' dir='ltr'>oculis</span> <span class='ocrx_word' id='word_1_357' title='bbox 1289 2452 1358 2510; x_wconf 90' lang='lat' dir='ltr'>sunt,</span> <span class='ocrx_word' id='word_1_358' title='bbox 1373 2462 1447 2500; x_wconf 89' lang='lat' dir='ltr'>nova</span> <span class='ocrx_word' id='word_1_359' title='bbox 1467 2446 1669 2516; x_wconf 88' lang='lat' dir='ltr'>experimenta,</span> <span class='ocrx_word' id='word_1_360' title='bbox 1683 2447 1754 2501; x_wconf 88' lang='lat' dir='ltr'>lucis</span> <span class='ocrx_word' id='word_1_361' title='bbox 1772 2446 1855 2500; x_wconf 80' lang='lat' dir='ltr'>subli-</span> 
     </span>
     <span class='ocr_line' id='line_1_28' title="bbox 205 2525 1854 2603; baseline 0 -21"><span class='ocrx_word' id='word_1_362' title='bbox 205 2529 240 2582; x_wconf 88' lang='lat' dir='ltr'>ad</span> <span class='ocrx_word' id='word_1_363' title='bbox 266 2547 352 2584; x_wconf 92' lang='lat' dir='ltr'>usum.</span> <span class='ocrx_word' id='word_1_364' title='bbox 396 2532 539 2586; x_wconf 86' lang='lat' dir='ltr'>imitamur</span> <span class='ocrx_word' id='word_1_365' title='bbox 566 2530 606 2584; x_wconf 89' lang='lat' dir='ltr'>ibi</span> <span class='ocrx_word' id='word_1_366' title='bbox 634 2530 727 2584; x_wconf 89' lang='lat' dir='ltr'>avium</span> <span class='ocrx_word' id='word_1_367' title='bbox 755 2530 880 2598; x_wconf 86' lang='lat' dir='ltr'>volatus;</span> <span class='ocrx_word' id='word_1_368' title='bbox 909 2533 1011 2603; x_wconf 85' lang='lat' dir='ltr'>gradus</span> <span class='ocrx_word' id='word_1_369' title='bbox 1050 2528 1151 2590; x_wconf 89' lang='lat' dir='ltr'>mioris,</span> <span class='ocrx_word' id='word_1_370' title='bbox 1167 2527 1288 2597; x_wconf 88' lang='lat' dir='ltr'>atquein</span> <span class='ocrx_word' id='word_1_371' title='bbox 1302 2525 1520 2581; x_wconf 88' lang='lat' dir='ltr'>naturamaltius</span> <span class='ocrx_word' id='word_1_372' title='bbox 1533 2528 1720 2597; x_wconf 85' lang='lat' dir='ltr'>penetrantia,</span> <span class='ocrx_word' id='word_1_373' title='bbox 1729 2528 1854 2591; x_wconf 81' lang='lat' dir='ltr'>excitate,</span> 
     </span>
     <span class='ocr_line' id='line_1_29' title="bbox 205 2605 1646 2684; baseline 0 -21"><span class='ocrx_word' id='word_1_374' title='bbox 205 2611 338 2679; x_wconf 89' lang='lat' dir='ltr'>quosdam</span> <span class='ocrx_word' id='word_1_375' title='bbox 362 2610 496 2666; x_wconf 91' lang='lat' dir='ltr'>habemus</span> <span class='ocrx_word' id='word_1_376' title='bbox 524 2618 552 2666; x_wconf 89' lang='lat' dir='ltr'>et</span> <span class='ocrx_word' id='word_1_377' title='bbox 582 2611 788 2666; x_wconf 90' lang='lat' dir='ltr'>commoditates</span> <span class='ocrx_word' id='word_1_378' title='bbox 815 2619 933 2667; x_wconf 84' lang='lat' dir='ltr'>vecturas</span> <span class='ocrx_word' id='word_1_379' title='bbox 962 2628 1012 2684; x_wconf 89' lang='lat' dir='ltr'>per</span> <span class='ocrx_word' id='word_1_380' title='bbox 1051 2620 1077 2663; x_wconf 90' lang='lat' dir='ltr'>et</span> <span class='ocrx_word' id='word_1_381' title='bbox 1091 2609 1218 2680; x_wconf 88' lang='lat' dir='ltr'>dirigere.</span> <span class='ocrx_word' id='word_1_382' title='bbox 1261 2607 1322 2660; x_wconf 91' lang='lat' dir='ltr'>Hos</span> <span class='ocrx_word' id='word_1_383' title='bbox 1335 2605 1492 2676; x_wconf 89' lang='lat' dir='ltr'>Lampadas</span> <span class='ocrx_word' id='word_1_384' title='bbox 1506 2624 1646 2663; x_wconf 88' lang='lat' dir='ltr'>vocamus.</span> 
     </span>
     <span class='ocr_line' id='line_1_30' title="bbox 205 2687 1854 2759; baseline -0.001 -17"><span class='ocrx_word' id='word_1_385' title='bbox 205 2688 305 2756; x_wconf 72' lang='lat' dir='ltr'>adrem,</span> <span class='ocrx_word' id='word_1_386' title='bbox 321 2692 409 2746; x_wconf 90' lang='lat' dir='ltr'>instar</span> <span class='ocrx_word' id='word_1_387' title='bbox 422 2692 583 2746; x_wconf 91' lang='lat' dir='ltr'>animalium</span> <span class='ocrx_word' id='word_1_388' title='bbox 595 2691 736 2745; x_wconf 91' lang='lat' dir='ltr'>alatcrum.</span> <span class='ocrx_word' id='word_1_389' title='bbox 757 2693 854 2747; x_wconf 85' lang='lat' dir='ltr'>Nares</span> <span class='ocrx_word' id='word_1_390' title='bbox 868 2693 1010 2759; x_wconf 89' lang='lat' dir='ltr'>habemus,</span> <span class='ocrx_word' id='word_1_391' title='bbox 1091 2695 1106 2720; x_wconf 91' lang='grc'><em>“</em></span> <span class='ocrx_word' id='word_1_392' title='bbox 1121 2689 1190 2743; x_wconf 85' lang='lat' dir='ltr'>Tres</span> <span class='ocrx_word' id='word_1_393' title='bbox 1203 2687 1345 2752; x_wconf 89' lang='lat' dir='ltr'>habemus,</span> <span class='ocrx_word' id='word_1_394' title='bbox 1361 2688 1407 2758; x_wconf 92' lang='lat' dir='ltr'>qui</span> <span class='ocrx_word' id='word_1_395' title='bbox 1423 2688 1624 2757; x_wconf 89' lang='lat' dir='ltr'>experimenta,</span> <span class='ocrx_word' id='word_1_396' title='bbox 1639 2689 1682 2742; x_wconf 89' lang='lat' dir='ltr'>ita</span> <span class='ocrx_word' id='word_1_397' title='bbox 1694 2687 1817 2756; x_wconf 75' lang='lat' dir='ltr'>iniuncta</span> <span class='ocrx_word' id='word_1_398' title='bbox 1830 2696 1854 2741; x_wconf 90' lang='lat' dir='ltr'>et</span> 
     </span>
     <span class='ocr_line' id='line_1_31' title="bbox 170 2770 1854 2844; baseline -0.002 -18"><span class='ocrx_word' id='word_1_399' title='bbox 170 2823 172 2826; x_wconf 12' lang='grc' dir='ltr'><em>Α</em></span> <span class='ocrx_word' id='word_1_400' title='bbox 205 2778 233 2823; x_wconf 86' lang='lat' dir='ltr'>et</span> <span class='ocrx_word' id='word_1_401' title='bbox 254 2771 380 2842; x_wconf 89' lang='lat' dir='ltr'>scaphas,</span> <span class='ocrx_word' id='word_1_402' title='bbox 394 2790 456 2844; x_wconf 80' lang='lat' dir='ltr'>qus</span> <span class='ocrx_word' id='word_1_403' title='bbox 479 2772 573 2827; x_wconf 87' lang='lat' dir='ltr'>subter</span> <span class='ocrx_word' id='word_1_404' title='bbox 593 2788 678 2844; x_wconf 89' lang='lat' dir='ltr'>aquas</span> <span class='ocrx_word' id='word_1_405' title='bbox 697 2772 829 2843; x_wconf 85' lang='lat' dir='ltr'>navigare</span> <span class='ocrx_word' id='word_1_406' title='bbox 852 2774 965 2844; x_wconf 88' lang='lat' dir='ltr'>possint,</span> <span class='ocrx_word' id='word_1_407' title='bbox 983 2782 1012 2829; x_wconf 90' lang='lat' dir='ltr'>et</span> <span class='ocrx_word' id='word_1_408' title='bbox 1051 2770 1187 2831; x_wconf 87' lang='lat' dir='ltr'>mandata,</span> <span class='ocrx_word' id='word_1_409' title='bbox 1202 2786 1232 2822; x_wconf 91' lang='lat' dir='ltr'>re</span> <span class='ocrx_word' id='word_1_410' title='bbox 1246 2776 1441 2838; x_wconf 86' lang='lat' dir='ltr'>exsequuntur,</span> <span class='ocrx_word' id='word_1_411' title='bbox 1457 2785 1607 2840; x_wconf 90' lang='lat' dir='ltr'>eorumque</span> <span class='ocrx_word' id='word_1_412' title='bbox 1622 2786 1768 2824; x_wconf 87' lang='lat' dir='ltr'>successus</span> <span class='ocrx_word' id='word_1_413' title='bbox 1787 2770 1854 2824; x_wconf 83' lang='lat' dir='ltr'>rele-</span> 
     </span>
     <span class='ocr_line' id='line_1_32' title="bbox 204 2848 1520 2923; baseline 0 -20"><span class='ocrx_word' id='word_1_414' title='bbox 204 2850 297 2922; x_wconf 85' lang='lat' dir='ltr'>pelagi</span> <span class='ocrx_word' id='word_1_415' title='bbox 322 2853 427 2908; x_wconf 77' lang='lat' dir='ltr'>furores</span> <span class='ocrx_word' id='word_1_416' title='bbox 449 2852 549 2907; x_wconf 91' lang='lat' dir='ltr'>melius</span> <span class='ocrx_word' id='word_1_417' title='bbox 573 2853 711 2923; x_wconf 81' lang='lat' dir='ltr'>perferre:</span> <span class='ocrx_word' id='word_1_418' title='bbox 733 2853 844 2923; x_wconf 82' lang='lat' dir='ltr'>cingula</span> <span class='ocrx_word' id='word_1_419' title='bbox 868 2855 952 2908; x_wconf 87' lang='lat' dir='ltr'>etiam</span> <span class='ocrx_word' id='word_1_420' title='bbox 976 2854 1012 2909; x_wconf 87' lang='lat' dir='ltr'>ad</span> <span class='ocrx_word' id='word_1_421' title='bbox 1050 2857 1120 2905; x_wconf 86' lang='lat' dir='ltr'>runt.</span> <span class='ocrx_word' id='word_1_422' title='bbox 1164 2850 1224 2903; x_wconf 89' lang='lat' dir='ltr'>Hos</span> <span class='ocrx_word' id='word_1_423' title='bbox 1239 2848 1371 2902; x_wconf 91' lang='lat' dir='ltr'>lnsitores</span> <span class='ocrx_word' id='word_1_424' title='bbox 1383 2865 1520 2903; x_wconf 87' lang='lat' dir='ltr'>vocamus.</span> 
     </span>
     <span class='ocr_line' id='line_1_33' title="bbox 204 2928 1855 3008; baseline -0.001 -24"><span class='ocrx_word' id='word_1_425' title='bbox 204 2931 360 2998; x_wconf 89' lang='lat' dir='ltr'>natandum,</span> <span class='ocrx_word' id='word_1_426' title='bbox 389 2941 418 2989; x_wconf 90' lang='lat' dir='ltr'>et</span> <span class='ocrx_word' id='word_1_427' title='bbox 444 2932 655 2989; x_wconf 83' lang='lat' dir='ltr'>suffulcimenta</span> <span class='ocrx_word' id='word_1_428' title='bbox 698 2933 840 2990; x_wconf 85' lang='lat' dir='ltr'>Habemus</span> <span class='ocrx_word' id='word_1_429' title='bbox 867 2934 1012 3008; x_wconf 79' lang='lat' dir='ltr'>horologia</span> <span class='ocrx_word' id='word_1_430' title='bbox 1092 2938 1108 2963; x_wconf 88' lang='lat'>“</span> <span class='ocrx_word' id='word_1_431' title='bbox 1121 2930 1270 2995; x_wconf 89' lang='lat' dir='ltr'>Postremo,</span> <span class='ocrx_word' id='word_1_432' title='bbox 1299 2937 1354 2984; x_wconf 90' lang='lat' dir='ltr'>tres</span> <span class='ocrx_word' id='word_1_433' title='bbox 1381 2928 1523 2994; x_wconf 90' lang='lat' dir='ltr'>habemus,</span> <span class='ocrx_word' id='word_1_434' title='bbox 1553 2929 1601 3002; x_wconf 90' lang='lat' dir='ltr'>qui</span> <span class='ocrx_word' id='word_1_435' title='bbox 1631 2930 1806 2985; x_wconf 77' lang='lat' dir='ltr'>inventiones</span> <span class='ocrx_word' id='word_1_436' title='bbox 1831 2941 1855 2984; x_wconf 91' lang='lat' dir='ltr'>et</span> 
     </span>
     <span class='ocr_line' id='line_1_34' title="bbox 205 3010 1855 3086; baseline -0.001 -21"><span class='ocrx_word' id='word_1_437' title='bbox 205 3012 345 3083; x_wconf 89' lang='lat' dir='ltr'>complura</span> <span class='ocrx_word' id='word_1_438' title='bbox 358 3015 503 3086; x_wconf 84' lang='lat' dir='ltr'>exquisita,</span> <span class='ocrx_word' id='word_1_439' title='bbox 519 3022 546 3069; x_wconf 90' lang='lat' dir='ltr'>et</span> <span class='ocrx_word' id='word_1_440' title='bbox 559 3014 628 3068; x_wconf 92' lang='lat' dir='ltr'>alios</span> <span class='ocrx_word' id='word_1_441' title='bbox 639 3021 729 3069; x_wconf 89' lang='lat' dir='ltr'>motus</span> <span class='ocrx_word' id='word_1_442' title='bbox 741 3013 815 3069; x_wconf 71' lang='lat' dir='ltr'>aeris</span> <span class='ocrx_word' id='word_1_443' title='bbox 829 3021 858 3070; x_wconf 88' lang='lat' dir='ltr'>et</span> <span class='ocrx_word' id='word_1_444' title='bbox 871 3033 1010 3086; x_wconf 84' lang='lat' dir='ltr'>aqttarum,</span> <span class='ocrx_word' id='word_1_445' title='bbox 1051 3012 1233 3066; x_wconf 74' lang='lat' dir='ltr'>revelationes</span> <span class='ocrx_word' id='word_1_446' title='bbox 1247 3010 1351 3080; x_wconf 86' lang='lat' dir='ltr'>priores</span> <span class='ocrx_word' id='word_1_447' title='bbox 1372 3010 1402 3064; x_wconf 90' lang='lat' dir='ltr'>in</span> <span class='ocrx_word' id='word_1_448' title='bbox 1417 3018 1523 3075; x_wconf 88' lang='lat' dir='ltr'>natura,</span> <span class='ocrx_word' id='word_1_449' title='bbox 1546 3028 1597 3081; x_wconf 88' lang='lat' dir='ltr'>per</span> <span class='ocrx_word' id='word_1_450' title='bbox 1618 3013 1818 3082; x_wconf 84' lang='lat' dir='ltr'>experimenta,</span> <span class='ocrx_word' id='word_1_451' title='bbox 1830 3013 1855 3064; x_wconf 89' lang='lat' dir='ltr'>in</span> 
     </span>
     <span class='ocr_line' id='line_1_35' title="bbox 205 3090 1857 3165; baseline 0.002 -21"><span class='ocrx_word' id='word_1_452' title='bbox 205 3092 235 3145; x_wconf 92' lang='lat' dir='ltr'>in</span> <span class='ocrx_word' id='word_1_453' title='bbox 250 3095 352 3158; x_wconf 90' lang='lat' dir='ltr'>orbem,</span> <span class='ocrx_word' id='word_1_454' title='bbox 367 3102 394 3148; x_wconf 87' lang='lat' dir='ltr'>et</span> <span class='ocrx_word' id='word_1_455' title='bbox 408 3112 457 3165; x_wconf 85' lang='lat' dir='ltr'>per</span> <span class='ocrx_word' id='word_1_456' title='bbox 468 3095 550 3159; x_wconf 88' lang='lat' dir='ltr'>vices,</span> <span class='ocrx_word' id='word_1_457' title='bbox 565 3101 747 3161; x_wconf 72' lang='lat' dir='ltr'>revertentes,</span> <span class='ocrx_word' id='word_1_458' title='bbox 762 3095 828 3150; x_wconf 88' lang='lat' dir='ltr'>item</span> <span class='ocrx_word' id='word_1_459' title='bbox 842 3105 931 3150; x_wconf 91' lang='lat' dir='ltr'>motus</span> <span class='ocrx_word' id='word_1_460' title='bbox 943 3114 1012 3150; x_wconf 88' lang='lat' dir='ltr'>non·</span> <span class='ocrx_word' id='word_1_461' title='bbox 1051 3094 1251 3146; x_wconf 84' lang='lat' dir='ltr'>observationes</span> <span class='ocrx_word' id='word_1_462' title='bbox 1270 3090 1395 3158; x_wconf 83' lang='lat' dir='ltr'>majores,</span> <span class='ocrx_word' id='word_1_463' title='bbox 1410 3090 1558 3156; x_wconf 84' lang='lat' dir='ltr'>axiomata,</span> <span class='ocrx_word' id='word_1_464' title='bbox 1572 3099 1601 3144; x_wconf 90' lang='lat' dir='ltr'>et</span> <span class='ocrx_word' id='word_1_465' title='bbox 1614 3092 1801 3162; x_wconf 83' lang='lat' dir='ltr'>aphorismos,</span> <span class='ocrx_word' id='word_1_466' title='bbox 1812 3094 1857 3147; x_wconf 68' lang='lat' dir='ltr'>eri</span> 
     </span>
     <span class='ocr_line' id='line_1_36' title="bbox 204 3170 1856 3244; baseline -0.001 -19"><span class='ocrx_word' id='word_1_467' title='bbox 204 3171 295 3228; x_wconf 91' lang='lat' dir='ltr'>nullos</span> <span class='ocrx_word' id='word_1_468' title='bbox 317 3182 472 3244; x_wconf 88' lang='lat' dir='ltr'>perpetuos.</span> <span class='ocrx_word' id='word_1_469' title='bbox 516 3175 658 3230; x_wconf 84' lang='lat' dir='ltr'>imitamur</span> <span class='ocrx_word' id='word_1_470' title='bbox 685 3183 776 3229; x_wconf 91' lang='lat' dir='ltr'>motus</span> <span class='ocrx_word' id='word_1_471' title='bbox 797 3175 957 3231; x_wconf 87' lang='lat' dir='ltr'>animalium</span> <span class='ocrx_word' id='word_1_472' title='bbox 982 3177 1012 3231; x_wconf 94' lang='lat' dir='ltr'>in</span> <span class='ocrx_word' id='word_1_473' title='bbox 1051 3182 1125 3243; x_wconf 74' lang='lat' dir='ltr'>gunt,</span> <span class='ocrx_word' id='word_1_474' title='bbox 1138 3179 1165 3227; x_wconf 90' lang='lat' dir='ltr'>et</span> <span class='ocrx_word' id='word_1_475' title='bbox 1179 3178 1352 3242; x_wconf 59' lang='lat' dir='ltr'>promoveam</span> <span class='ocrx_word' id='word_1_476' title='bbox 1375 3170 1448 3243; x_wconf 91' lang='lat' dir='ltr'>quod</span> <span class='ocrx_word' id='word_1_477' title='bbox 1469 3171 1573 3225; x_wconf 82' lang='lat' dir='ltr'>iaciunt</span> <span class='ocrx_word' id='word_1_478' title='bbox 1591 3173 1706 3227; x_wconf 88' lang='lat' dir='ltr'>nonnisi</span> <span class='ocrx_word' id='word_1_479' title='bbox 1727 3173 1856 3227; x_wconf 86' lang='lat' dir='ltr'>consulta·</span> 
     </span>
     <span class='ocr_line' id='line_1_37' title="bbox 205 3251 1854 3323; baseline 0.001 -18"><span class='ocrx_word' id='word_1_480' title='bbox 205 3251 381 3309; x_wconf 87' lang='lat' dir='ltr'>simulachris</span> <span class='ocrx_word' id='word_1_481' title='bbox 400 3272 509 3310; x_wconf 85' lang='lat' dir='ltr'>eorum:</span> <span class='ocrx_word' id='word_1_482' title='bbox 531 3254 615 3310; x_wconf 84' lang='lat' dir='ltr'>veluti</span> <span class='ocrx_word' id='word_1_483' title='bbox 629 3256 658 3310; x_wconf 90' lang='lat' dir='ltr'>in</span> <span class='ocrx_word' id='word_1_484' title='bbox 671 3255 846 3311; x_wconf 83' lang='lat' dir='ltr'>simulachris</span> <span class='ocrx_word' id='word_1_485' title='bbox 861 3258 1011 3322; x_wconf 90' lang='lat' dir='ltr'>hominum,</span> <span class='ocrx_word' id='word_1_486' title='bbox 1051 3253 1125 3308; x_wconf 89' lang='lat' dir='ltr'>tione</span> <span class='ocrx_word' id='word_1_487' title='bbox 1140 3261 1168 3307; x_wconf 90' lang='lat' dir='ltr'>ct</span> <span class='ocrx_word' id='word_1_488' title='bbox 1181 3251 1318 3323; x_wconf 88' lang='lat' dir='ltr'>colloquio</span> <span class='ocrx_word' id='word_1_489' title='bbox 1331 3251 1408 3321; x_wconf 87' lang='lat' dir='ltr'>prius</span> <span class='ocrx_word' id='word_1_490' title='bbox 1422 3251 1525 3306; x_wconf 91' lang='lat' dir='ltr'>habitis</span> <span class='ocrx_word' id='word_1_491' title='bbox 1539 3269 1603 3306; x_wconf 90' lang='lat' dir='ltr'>cum</span> <span class='ocrx_word' id='word_1_492' title='bbox 1617 3254 1705 3308; x_wconf 89' lang='lat' dir='ltr'>sociis</span> <span class='ocrx_word' id='word_1_493' title='bbox 1719 3253 1854 3309; x_wconf 71' lang='lat' dir='ltr'>universis</span> 
     </span>
     <span class='ocr_line' id='line_1_38' title="bbox 206 3330 1611 3406; baseline 0.001 -21"><span class='ocrx_word' id='word_1_494' title='bbox 206 3333 421 3403; x_wconf 87' lang='lat' dir='ltr'>quadrupedum,</span> <span class='ocrx_word' id='word_1_495' title='bbox 437 3336 536 3400; x_wconf 74' lang='lat' dir='ltr'>amum,</span> <span class='ocrx_word' id='word_1_496' title='bbox 551 3335 675 3405; x_wconf 87' lang='lat' dir='ltr'>piscium,</span> <span class='ocrx_word' id='word_1_497' title='bbox 691 3342 719 3390; x_wconf 88' lang='lat' dir='ltr'>et</span> <span class='ocrx_word' id='word_1_498' title='bbox 732 3344 896 3406; x_wconf 86' lang='lat' dir='ltr'>serpentum.</span> <span class='ocrx_word' id='word_1_499' title='bbox 932 3337 1010 3392; x_wconf 79' lang='lat' dir='ltr'>Alius</span> <span class='ocrx_word' id='word_1_500' title='bbox 1052 3334 1113 3389; x_wconf 89' lang='lat' dir='ltr'>Hos</span> <span class='ocrx_word' id='word_1_501' title='bbox 1128 3334 1295 3402; x_wconf 85' lang='lat' dir='ltr'>interpretes</span> <span class='ocrx_word' id='word_1_502' title='bbox 1309 3339 1414 3386; x_wconf 77' lang='lat' dir='ltr'>natura</span> <span class='ocrx_word' id='word_1_503' title='bbox 1428 3330 1611 3403; x_wconf 89' lang='lat' dir='ltr'>appellamus.</span> 
     </span>
     <span class='ocr_line' id='line_1_39' title="bbox 205 3411 1856 3489; baseline 0.001 -25"><span class='ocrx_word' id='word_1_504' title='bbox 205 3411 322 3483; x_wconf 89' lang='lat' dir='ltr'>denique</span> <span class='ocrx_word' id='word_1_505' title='bbox 334 3413 469 3471; x_wconf 86' lang='lat' dir='ltr'>habemus</span> <span class='ocrx_word' id='word_1_506' title='bbox 483 3425 581 3482; x_wconf 92' lang='lat' dir='ltr'>motus,</span> <span class='ocrx_word' id='word_1_507' title='bbox 588 3416 744 3487; x_wconf 81' lang='lat' dir='ltr'>aequalitate</span> <span class='ocrx_word' id='word_1_508' title='bbox 758 3416 890 3489; x_wconf 80' lang='lat' dir='ltr'>insignes,</span> <span class='ocrx_word' id='word_1_509' title='bbox 905 3426 932 3472; x_wconf 91' lang='lat' dir='ltr'>et</span> <span class='ocrx_word' id='word_1_510' title='bbox 947 3419 1011 3473; x_wconf 88' lang='lat' dir='ltr'>sub·</span> <span class='ocrx_word' id='word_1_511' title='bbox 1092 3419 1108 3445; x_wconf 86' lang='lat'>“</span> <span class='ocrx_word' id='word_1_512' title='bbox 1123 3414 1266 3468; x_wconf 86' lang='lat' dir='ltr'>Habemus</span> <span class='ocrx_word' id='word_1_513' title='bbox 1284 3412 1369 3465; x_wconf 89' lang='lat' dir='ltr'>etiam</span> <span class='ocrx_word' id='word_1_514' title='bbox 1390 3414 1491 3480; x_wconf 92' lang='lat' dir='ltr'>(utres</span> <span class='ocrx_word' id='word_1_515' title='bbox 1511 3413 1574 3483; x_wconf 91' lang='lat' dir='ltr'>ipsa</span> <span class='ocrx_word' id='word_1_516' title='bbox 1594 3412 1733 3484; x_wconf 88' lang='lat' dir='ltr'>postulat)</span> <span class='ocrx_word' id='word_1_517' title='bbox 1747 3414 1856 3468; x_wconf 88' lang='lat' dir='ltr'>novitios</span> 
     </span>
     <span class='ocr_line' id='line_1_40' title="bbox 206 3491 1858 3566; baseline 0.001 -20"><span class='ocrx_word' id='word_1_518' title='bbox 206 3491 317 3549; x_wconf 85' lang='lat' dir='ltr'>tilitate.</span> <span class='ocrx_word' id='word_1_519' title='bbox 1052 3495 1190 3566; x_wconf 91' lang='lat' dir='ltr'>quosdam,</span> <span class='ocrx_word' id='word_1_520' title='bbox 1206 3503 1235 3547; x_wconf 91' lang='lat' dir='ltr'>et</span> <span class='ocrx_word' id='word_1_521' title='bbox 1248 3493 1360 3557; x_wconf 91' lang='lat' dir='ltr'>tirones,</span> <span class='ocrx_word' id='word_1_522' title='bbox 1374 3501 1405 3546; x_wconf 91' lang='lat' dir='ltr'>ut</span> <span class='ocrx_word' id='word_1_523' title='bbox 1415 3493 1553 3548; x_wconf 87' lang='lat' dir='ltr'>successio</span> <span class='ocrx_word' id='word_1_524' title='bbox 1566 3492 1725 3559; x_wconf 91' lang='lat' dir='ltr'>hominum,</span> <span class='ocrx_word' id='word_1_525' title='bbox 1734 3494 1769 3547; x_wconf 91' lang='lat' dir='ltr'>ad</span> <span class='ocrx_word' id='word_1_526' title='bbox 1783 3511 1858 3564; x_wconf 79' lang='lat' dir='ltr'>expe·</span> 
     </span>
     <span class='ocr_line' id='line_1_41' title="bbox 246 3573 1856 3644; baseline -0.001 -16"><span class='ocrx_word' id='word_1_527' title='bbox 246 3574 423 3631; x_wconf 81' lang='lat' dir='ltr'>“Habemus</span> <span class='ocrx_word' id='word_1_528' title='bbox 450 3575 533 3631; x_wconf 87' lang='lat' dir='ltr'>etiam</span> <span class='ocrx_word' id='word_1_529' title='bbox 560 3575 671 3631; x_wconf 90' lang='lat' dir='ltr'>domum</span> <span class='ocrx_word' id='word_1_530' title='bbox 704 3576 937 3641; x_wconf 87' lang='lat' dir='ltr'>mathematicam,</span> <span class='ocrx_word' id='word_1_531' title='bbox 964 3577 1012 3631; x_wconf 91' lang='lat' dir='ltr'>ubi</span> <span class='ocrx_word' id='word_1_532' title='bbox 1051 3577 1169 3629; x_wconf 79' lang='lat' dir='ltr'>nimenta</span> <span class='ocrx_word' id='word_1_533' title='bbox 1183 3581 1210 3629; x_wconf 91' lang='lat' dir='ltr'>et</span> <span class='ocrx_word' id='word_1_534' title='bbox 1232 3574 1372 3627; x_wconf 84' lang='lat' dir='ltr'>axiomata</span> <span class='ocrx_word' id='word_1_535' title='bbox 1390 3573 1602 3644; x_wconf 82' lang='lat' dir='ltr'>designatomm,</span> <span class='ocrx_word' id='word_1_536' title='bbox 1615 3590 1675 3627; x_wconf 92' lang='lat' dir='ltr'>non</span> <span class='ocrx_word' id='word_1_537' title='bbox 1698 3574 1856 3636; x_wconf 61' lang='lat' dir='ltr'>intercidam</span> 
     </span>
     <span class='ocr_line' id='line_1_42' title="bbox 205 3652 1857 3730; baseline 0 -23"><span class='ocrx_word' id='word_1_538' title='bbox 205 3654 387 3710; x_wconf 89' lang='lat' dir='ltr'>instrumenta</span> <span class='ocrx_word' id='word_1_539' title='bbox 400 3657 502 3722; x_wconf 90' lang='lat' dir='ltr'>omnia,</span> <span class='ocrx_word' id='word_1_540' title='bbox 517 3664 574 3711; x_wconf 91' lang='lat' dir='ltr'>tam</span> <span class='ocrx_word' id='word_1_541' title='bbox 596 3657 773 3729; x_wconf 84' lang='lat' dir='ltr'>geometrica,</span> <span class='ocrx_word' id='word_1_542' title='bbox 788 3675 871 3730; x_wconf 90' lang='lat' dir='ltr'>quam</span> <span class='ocrx_word' id='word_1_543' title='bbox 892 3665 1012 3713; x_wconf 91' lang='lat' dir='ltr'>astrono·</span> <span class='ocrx_word' id='word_1_544' title='bbox 1051 3663 1150 3726; x_wconf 82' lang='lat' dir='ltr'>praeter</span> <span class='ocrx_word' id='word_1_545' title='bbox 1164 3654 1281 3709; x_wconf 89' lang='lat' dir='ltr'>lamulos</span> <span class='ocrx_word' id='word_1_546' title='bbox 1295 3652 1396 3708; x_wconf 90' lang='lat' dir='ltr'>multos</span> <span class='ocrx_word' id='word_1_547' title='bbox 1407 3660 1436 3707; x_wconf 91' lang='lat' dir='ltr'>et</span> <span class='ocrx_word' id='word_1_548' title='bbox 1447 3653 1595 3718; x_wconf 89' lang='lat' dir='ltr'>ministros,</span> <span class='ocrx_word' id='word_1_549' title='bbox 1608 3662 1668 3707; x_wconf 90' lang='lat' dir='ltr'>tam</span> <span class='ocrx_word' id='word_1_550' title='bbox 1683 3655 1769 3718; x_wconf 88' lang='lat' dir='ltr'>viros,</span> <span class='ocrx_word' id='word_1_551' title='bbox 1783 3671 1857 3726; x_wconf 65' lang='lat' dir='ltr'>mam</span> 
     </span>
     <span class='ocr_line' id='line_1_43' title="bbox 205 3733 1858 3807; baseline 0 -20"><span class='ocrx_word' id='word_1_552' title='bbox 205 3733 285 3798; x_wconf 91' lang='lat' dir='ltr'>mica,</span> <span class='ocrx_word' id='word_1_553' title='bbox 300 3736 516 3806; x_wconf 73' lang='lat' dir='ltr'>exquisitissima</span> <span class='ocrx_word' id='word_1_554' title='bbox 530 3745 768 3807; x_wconf 68' lang='lat' dir='ltr'>representantur.</span> <span class='ocrx_word' id='word_1_555' title='bbox 1051 3735 1196 3792; x_wconf 89' lang='lat' dir='ltr'>mulieres:</span> <span class='ocrx_word' id='word_1_556' title='bbox 1218 3735 1271 3789; x_wconf 92' lang='lat' dir='ltr'>hoc</span> <span class='ocrx_word' id='word_1_557' title='bbox 1284 3733 1368 3787; x_wconf 91' lang='lat' dir='ltr'>etiam</span> <span class='ocrx_word' id='word_1_558' title='bbox 1383 3733 1456 3804; x_wconf 90' lang='lat' dir='ltr'>apud</span> <span class='ocrx_word' id='word_1_559' title='bbox 1470 3751 1522 3788; x_wconf 93' lang='lat' dir='ltr'>nos</span> <span class='ocrx_word' id='word_1_560' title='bbox 1541 3734 1571 3787; x_wconf 94' lang='lat' dir='ltr'>in</span> <span class='ocrx_word' id='word_1_561' title='bbox 1584 3751 1663 3788; x_wconf 90' lang='lat' dir='ltr'>more</span> <span class='ocrx_word' id='word_1_562' title='bbox 1679 3744 1731 3800; x_wconf 86' lang='lat' dir='ltr'>est,</span> <span class='ocrx_word' id='word_1_563' title='bbox 1747 3745 1776 3790; x_wconf 93' lang='lat' dir='ltr'>ut</span> <span class='ocrx_word' id='word_1_564' title='bbox 1789 3753 1858 3789; x_wconf 85' lang='lat' dir='ltr'>aecu-</span> 
     </span>
     <span class='ocr_line' id='line_1_44' title="bbox 246 3814 1858 3890; baseline -0.002 -20"><span class='ocrx_word' id='word_1_565' title='bbox 246 3814 422 3871; x_wconf 87' lang='lat' dir='ltr'>“Habemus</span> <span class='ocrx_word' id='word_1_566' title='bbox 437 3816 644 3872; x_wconf 90' lang='lat' dir='ltr'>etiamdomum</span> <span class='ocrx_word' id='word_1_567' title='bbox 664 3818 876 3890; x_wconf 77' lang='lat' dir='ltr'>praestigiarum,</span> <span class='ocrx_word' id='word_1_568' title='bbox 889 3818 937 3874; x_wconf 93' lang='lat' dir='ltr'>ubi</span> <span class='ocrx_word' id='word_1_569' title='bbox 957 3835 1013 3874; x_wconf 92' lang='lat' dir='ltr'>om·</span> <span class='ocrx_word' id='word_1_570' title='bbox 1052 3825 1110 3870; x_wconf 87' lang='lat' dir='ltr'>rate</span> <span class='ocrx_word' id='word_1_571' title='bbox 1129 3815 1319 3878; x_wconf 85' lang='lat' dir='ltr'>deliberemus,</span> <span class='ocrx_word' id='word_1_572' title='bbox 1338 3831 1399 3884; x_wconf 83' lang='lat' dir='ltr'>quae</span> <span class='ocrx_word' id='word_1_573' title='bbox 1418 3831 1455 3868; x_wconf 81' lang='lat' dir='ltr'>ea</span> <span class='ocrx_word' id='word_1_574' title='bbox 1475 3814 1594 3868; x_wconf 88' lang='lat' dir='ltr'>inventis</span> <span class='ocrx_word' id='word_1_575' title='bbox 1616 3823 1644 3868; x_wconf 89' lang='lat' dir='ltr'>et</span> <span class='ocrx_word' id='word_1_576' title='bbox 1665 3815 1858 3884; x_wconf 83' lang='lat' dir='ltr'>experimentis</span> 
     </span>
     <span class='ocr_line' id='line_1_45' title="bbox 204 3894 1858 3969; baseline 0.001 -21"><span class='ocrx_word' id='word_1_577' title='bbox 204 3894 1013 3969; x_wconf 71' lang='lat' dir='ltr'>nimodaspraestigias,imposturas,etillusiones,etearum</span> <span class='ocrx_word' id='word_1_578' title='bbox 1051 3897 1151 3951; x_wconf 90' lang='lat' dir='ltr'>uostris</span> <span class='ocrx_word' id='word_1_579' title='bbox 1174 3897 1202 3950; x_wconf 90' lang='lat' dir='ltr'>in</span> <span class='ocrx_word' id='word_1_580' title='bbox 1227 3895 1315 3949; x_wconf 89' lang='lat' dir='ltr'>lucem</span> <span class='ocrx_word' id='word_1_581' title='bbox 1336 3894 1448 3960; x_wconf 89' lang='lat' dir='ltr'>eductis,</span> <span class='ocrx_word' id='word_1_582' title='bbox 1472 3894 1598 3966; x_wconf 77' lang='lat' dir='ltr'>evulgari</span> <span class='ocrx_word' id='word_1_583' title='bbox 1622 3897 1858 3966; x_wconf 73' lang='lat' dir='ltr'>conveniatque</span> 
     </span>
     <span class='ocr_line' id='line_1_46' title="bbox 206 3971 1858 4045; baseline 0.001 -18"><span class='ocrx_word' id='word_1_584' title='bbox 206 3973 339 4042; x_wconf 80' lang='lat' dir='ltr'>fallacias,</span> <span class='ocrx_word' id='word_1_585' title='bbox 363 3977 535 4034; x_wconf 82' lang='lat' dir='ltr'>exhibemus.</span> <span class='ocrx_word' id='word_1_586' title='bbox 578 3979 672 4034; x_wconf 89' lang='lat' dir='ltr'>Facile</span> <span class='ocrx_word' id='word_1_587' title='bbox 696 3986 789 4034; x_wconf 91' lang='lat' dir='ltr'>autem</span> <span class='ocrx_word' id='word_1_588' title='bbox 810 3979 936 4043; x_wconf 90' lang='lat' dir='ltr'>credetis,</span> <span class='ocrx_word' id='word_1_589' title='bbox 954 3996 1012 4045; x_wconf 87' lang='lat' dir='ltr'>nos,</span> <span class='ocrx_word' id='word_1_590' title='bbox 1052 3985 1145 4032; x_wconf 91' lang='lat' dir='ltr'>autem</span> <span class='ocrx_word' id='word_1_591' title='bbox 1159 3977 1280 4031; x_wconf 89' lang='lat' dir='ltr'>minime.</span> <span class='ocrx_word' id='word_1_592' title='bbox 1312 3971 1478 4035; x_wconf 82' lang='lat' dir='ltr'>&#39;Quinetiam</span> <span class='ocrx_word' id='word_1_593' title='bbox 1498 3975 1680 4044; x_wconf 88' lang='lat' dir='ltr'>jurejurando</span> <span class='ocrx_word' id='word_1_594' title='bbox 1698 3991 1751 4030; x_wconf 85' lang='lat' dir='ltr'>nos</span> <span class='ocrx_word' id='word_1_595' title='bbox 1771 3991 1858 4031; x_wconf 65' lang='lat' dir='ltr'>omum</span> 
     </span>
     <span class='ocr_line' id='line_1_47' title="bbox 205 4054 1857 4131; baseline -0.001 -23"><span class='ocrx_word' id='word_1_596' title='bbox 205 4054 253 4123; x_wconf 86' lang='lat' dir='ltr'>qui</span> <span class='ocrx_word' id='word_1_597' title='bbox 275 4062 316 4110; x_wconf 93' lang='lat' dir='ltr'>tot</span> <span class='ocrx_word' id='word_1_598' title='bbox 335 4058 470 4114; x_wconf 90' lang='lat' dir='ltr'>habemns</span> <span class='ocrx_word' id='word_1_599' title='bbox 483 4076 547 4116; x_wconf 88' lang='lat' dir='ltr'>vere</span> <span class='ocrx_word' id='word_1_600' title='bbox 566 4060 710 4125; x_wconf 88' lang='lat' dir='ltr'>naturalia,</span> <span class='ocrx_word' id='word_1_601' title='bbox 725 4078 786 4131; x_wconf 86' lang='lat' dir='ltr'>quae</span> <span class='ocrx_word' id='word_1_602' title='bbox 806 4060 1013 4115; x_wconf 90' lang='lat' dir='ltr'>admirationem</span> <span class='ocrx_word' id='word_1_603' title='bbox 1052 4057 1230 4129; x_wconf 82' lang='lat' dir='ltr'>astringimus</span> <span class='ocrx_word' id='word_1_604' title='bbox 1244 4055 1279 4109; x_wconf 92' lang='lat' dir='ltr'>ad</span> <span class='ocrx_word' id='word_1_605' title='bbox 1300 4071 1333 4109; x_wconf 93' lang='lat' dir='ltr'>ea</span> <span class='ocrx_word' id='word_1_606' title='bbox 1351 4055 1472 4121; x_wconf 89' lang='lat' dir='ltr'>celanda,</span> <span class='ocrx_word' id='word_1_607' title='bbox 1489 4073 1551 4127; x_wconf 73' lang='lat' dir='ltr'>quae</span> <span class='ocrx_word' id='word_1_608' title='bbox 1570 4054 1656 4109; x_wconf 88' lang='lat' dir='ltr'>celari</span> <span class='ocrx_word' id='word_1_609' title='bbox 1671 4056 1857 4112; x_wconf 82' lang='lat' dir='ltr'>decrevimus:</span> 
     </span>
     <span class='ocr_line' id='line_1_48' title="bbox 205 4135 1857 4210; baseline 0.004 -24"><span class='ocrx_word' id='word_1_610' title='bbox 205 4145 340 4202; x_wconf 84' lang='lat' dir='ltr'>moveant,</span> <span class='ocrx_word' id='word_1_611' title='bbox 368 4156 449 4210; x_wconf 88' lang='lat' dir='ltr'>posse</span> <span class='ocrx_word' id='word_1_612' title='bbox 474 4140 557 4194; x_wconf 76' lang='lat' dir='ltr'>enam</span> <span class='ocrx_word' id='word_1_613' title='bbox 580 4140 689 4194; x_wconf 89' lang='lat' dir='ltr'>infinita</span> <span class='ocrx_word' id='word_1_614' title='bbox 717 4140 861 4196; x_wconf 89' lang='lat' dir='ltr'>hominum</span> <span class='ocrx_word' id='word_1_615' title='bbox 884 4140 1012 4195; x_wconf 90' lang='lat' dir='ltr'>sensibus</span> <span class='ocrx_word' id='word_1_616' title='bbox 1053 4139 1105 4193; x_wconf 89' lang='lat' dir='ltr'>etsi</span> <span class='ocrx_word' id='word_1_617' title='bbox 1127 4136 1259 4192; x_wconf 88' lang='lat' dir='ltr'>nonnulla</span> <span class='ocrx_word' id='word_1_618' title='bbox 1276 4154 1313 4190; x_wconf 87' lang='lat' dir='ltr'>ex</span> <span class='ocrx_word' id='word_1_619' title='bbox 1333 4135 1375 4199; x_wconf 88' lang='lat' dir='ltr'>iis,</span> <span class='ocrx_word' id='word_1_620' title='bbox 1389 4153 1452 4190; x_wconf 89' lang='lat' dir='ltr'>cum</span> <span class='ocrx_word' id='word_1_621' title='bbox 1472 4153 1616 4200; x_wconf 89' lang='lat' dir='ltr'>consensu,</span> <span class='ocrx_word' id='word_1_622' title='bbox 1631 4135 1775 4192; x_wconf 89' lang='lat' dir='ltr'>interdum</span> <span class='ocrx_word' id='word_1_623' title='bbox 1795 4136 1857 4206; x_wconf 79' lang='lat' dir='ltr'>regi.</span> 
     </span>
     <span class='ocr_line' id='line_1_49' title="bbox 204 4213 1857 4287; baseline 0.002 -20"><span class='ocrx_word' id='word_1_624' title='bbox 204 4213 365 4283; x_wconf 85' lang='lat' dir='ltr'>imponere;</span> <span class='ocrx_word' id='word_1_625' title='bbox 387 4219 411 4272; x_wconf 90' lang='lat' dir='ltr'>si</span> <span class='ocrx_word' id='word_1_626' title='bbox 432 4220 515 4274; x_wconf 91' lang='lat' dir='ltr'>eain</span> <span class='ocrx_word' id='word_1_627' title='bbox 533 4220 696 4275; x_wconf 89' lang='lat' dir='ltr'>miraculum</span> <span class='ocrx_word' id='word_1_628' title='bbox 717 4238 821 4287; x_wconf 88' lang='lat' dir='ltr'>ornare,</span> <span class='ocrx_word' id='word_1_629' title='bbox 844 4229 871 4275; x_wconf 88' lang='lat' dir='ltr'>st</span> <span class='ocrx_word' id='word_1_630' title='bbox 891 4219 1013 4275; x_wconf 87' lang='lat' dir='ltr'>exaltare</span> <span class='ocrx_word' id='word_1_631' title='bbox 1053 4225 1100 4272; x_wconf 93' lang='lat' dir='ltr'>aut</span> <span class='ocrx_word' id='word_1_632' title='bbox 1115 4219 1229 4282; x_wconf 89' lang='lat' dir='ltr'>senatui,</span> <span class='ocrx_word' id='word_1_633' title='bbox 1244 4215 1404 4280; x_wconf 89' lang='lat' dir='ltr'>revelemus,</span> <span class='ocrx_word' id='word_1_634' title='bbox 1413 4216 1470 4270; x_wconf 91' lang='lat' dir='ltr'>alia</span> <span class='ocrx_word' id='word_1_635' title='bbox 1478 4224 1571 4271; x_wconf 91' lang='lat' dir='ltr'>autem</span> <span class='ocrx_word' id='word_1_636' title='bbox 1581 4217 1694 4271; x_wconf 90' lang='lat' dir='ltr'>omnino</span> <span class='ocrx_word' id='word_1_637' title='bbox 1707 4218 1784 4273; x_wconf 84' lang='lat' dir='ltr'>intra</span> <span class='ocrx_word' id='word_1_638' title='bbox 1795 4215 1857 4271; x_wconf 87' lang='lat' dir='ltr'>noti·</span> 
     </span>
     <span class='ocr_line' id='line_1_50' title="bbox 205 4291 1435 4371; baseline 0.004 -25"><span class='ocrx_word' id='word_1_639' title='bbox 205 4291 346 4351; x_wconf 81' lang='lat' dir='ltr'>vellemus.</span> <span class='ocrx_word' id='word_1_640' title='bbox 387 4298 489 4353; x_wconf 88' lang='lat' dir='ltr'>Verum</span> <span class='ocrx_word' id='word_1_641' title='bbox 503 4317 552 4355; x_wconf 92' lang='lat' dir='ltr'>nos</span> <span class='ocrx_word' id='word_1_642' title='bbox 567 4317 675 4356; x_wconf 88' lang='lat' dir='ltr'>omnem</span> <span class='ocrx_word' id='word_1_643' title='bbox 688 4301 875 4371; x_wconf 87' lang='lat' dir='ltr'>imposturam,</span> <span class='ocrx_word' id='word_1_644' title='bbox 893 4307 922 4354; x_wconf 87' lang='lat' dir='ltr'>et</span> <span class='ocrx_word' id='word_1_645' title='bbox 939 4318 1014 4355; x_wconf 89' lang='lat' dir='ltr'>men·</span> <span class='ocrx_word' id='word_1_646' title='bbox 1054 4299 1120 4352; x_wconf 89' lang='lat' dir='ltr'>tiam</span> <span class='ocrx_word' id='word_1_647' title='bbox 1131 4306 1253 4353; x_wconf 91' lang='lat' dir='ltr'>nostram</span> <span class='ocrx_word' id='word_1_648' title='bbox 1267 4296 1435 4351; x_wconf 89' lang='lat' dir='ltr'>cohibemus.</span> 
     </span>
     <span class='ocr_line' id='line_1_51' title="bbox 205 4372 1856 4442; baseline 0.001 -16"><span class='ocrx_word' id='word_1_649' title='bbox 205 4372 322 4441; x_wconf 89' lang='lat' dir='ltr'>dacium,</span> <span class='ocrx_word' id='word_1_650' title='bbox 336 4376 400 4432; x_wconf 92' lang='lat' dir='ltr'>odio</span> <span class='ocrx_word' id='word_1_651' title='bbox 418 4378 563 4436; x_wconf 90' lang='lat' dir='ltr'>habemus.</span> <span class='ocrx_word' id='word_1_652' title='bbox 604 4381 761 4442; x_wconf 90' lang='lat' dir='ltr'>Quinetiam</span> <span class='ocrx_word' id='word_1_653' title='bbox 783 4382 865 4437; x_wconf 90' lang='lat' dir='ltr'>sociis</span> <span class='ocrx_word' id='word_1_654' title='bbox 888 4382 1013 4437; x_wconf 91' lang='lat' dir='ltr'>omnibus</span> <span class='ocrx_word' id='word_1_655' title='bbox 1093 4378 1268 4439; x_wconf 74' lang='lat' dir='ltr'>“Quassus</span> <span class='ocrx_word' id='word_1_656' title='bbox 1296 4376 1331 4430; x_wconf 91' lang='lat' dir='ltr'>ad</span> <span class='ocrx_word' id='word_1_657' title='bbox 1358 4377 1552 4442; x_wconf 89' lang='lat' dir='ltr'>ordinationes,</span> <span class='ocrx_word' id='word_1_658' title='bbox 1581 4383 1610 4431; x_wconf 89' lang='lat' dir='ltr'>et</span> <span class='ocrx_word' id='word_1_659' title='bbox 1637 4377 1708 4432; x_wconf 89' lang='lat' dir='ltr'>ritus</span> <span class='ocrx_word' id='word_1_660' title='bbox 1740 4385 1856 4433; x_wconf 74' lang='lat' dir='ltr'>nosnos:</span> 
     </span>
     <span class='ocr_line' id='line_1_52' title="bbox 205 4453 1857 4532; baseline 0.001 -25"><span class='ocrx_word' id='word_1_661' title='bbox 205 4453 303 4510; x_wconf 90' lang='lat' dir='ltr'>domus</span> <span class='ocrx_word' id='word_1_662' title='bbox 329 4464 436 4522; x_wconf 82' lang='lat' dir='ltr'>nostrae,</span> <span class='ocrx_word' id='word_1_663' title='bbox 464 4461 516 4515; x_wconf 92' lang='lat' dir='ltr'>sub</span> <span class='ocrx_word' id='word_1_664' title='bbox 545 4478 629 4532; x_wconf 87' lang='lat' dir='ltr'>poena</span> <span class='ocrx_word' id='word_1_665' title='bbox 656 4461 817 4532; x_wconf 71' lang='lat' dir='ltr'>ignominiae</span> <span class='ocrx_word' id='word_1_666' title='bbox 842 4469 870 4517; x_wconf 86' lang='lat' dir='ltr'>et</span> <span class='ocrx_word' id='word_1_667' title='bbox 896 4461 1012 4526; x_wconf 73' lang='lat' dir='ltr'>mulctae,</span> <span class='ocrx_word' id='word_1_668' title='bbox 1053 4459 1186 4513; x_wconf 90' lang='lat' dir='ltr'>habemus</span> <span class='ocrx_word' id='word_1_669' title='bbox 1207 4458 1328 4529; x_wconf 88' lang='lat' dir='ltr'>porticus</span> <span class='ocrx_word' id='word_1_670' title='bbox 1341 4457 1409 4511; x_wconf 90' lang='lat' dir='ltr'>duas</span> <span class='ocrx_word' id='word_1_671' title='bbox 1430 4457 1572 4527; x_wconf 88' lang='lat' dir='ltr'>spatiosas,</span> <span class='ocrx_word' id='word_1_672' title='bbox 1595 4464 1623 4510; x_wconf 88' lang='lat' dir='ltr'>ct</span> <span class='ocrx_word' id='word_1_673' title='bbox 1643 4457 1788 4528; x_wconf 89' lang='lat' dir='ltr'>pulchras.</span> <span class='ocrx_word' id='word_1_674' title='bbox 1828 4457 1857 4510; x_wconf 88' lang='lat' dir='ltr'>lu</span> 
     </span>
     <span class='ocr_line' id='line_1_53' title="bbox 206 4536 1859 4613; baseline 0.002 -25"><span class='ocrx_word' id='word_1_675' title='bbox 206 4550 300 4591; x_wconf 85' lang='lat' dir='ltr'>severe</span> <span class='ocrx_word' id='word_1_676' title='bbox 308 4536 506 4603; x_wconf 86' lang='lat' dir='ltr'>interdiximus,</span> <span class='ocrx_word' id='word_1_677' title='bbox 513 4557 548 4595; x_wconf 88' lang='lat' dir='ltr'>ne</span> <span class='ocrx_word' id='word_1_678' title='bbox 557 4541 623 4613; x_wconf 90' lang='lat' dir='ltr'>quid</span> <span class='ocrx_word' id='word_1_679' title='bbox 631 4541 853 4608; x_wconf 87' lang='lat' dir='ltr'>exnaturalibus,</span> <span class='ocrx_word' id='word_1_680' title='bbox 866 4541 1013 4596; x_wconf 87' lang='lat' dir='ltr'>artificioso</span> <span class='ocrx_word' id='word_1_681' title='bbox 1053 4557 1168 4611; x_wconf 88' lang='lat' dir='ltr'>quarum</span> <span class='ocrx_word' id='word_1_682' title='bbox 1181 4557 1238 4594; x_wconf 91' lang='lat' dir='ltr'>una</span> <span class='ocrx_word' id='word_1_683' title='bbox 1251 4538 1345 4592; x_wconf 88' lang='lat' dir='ltr'>ordine</span> <span class='ocrx_word' id='word_1_684' title='bbox 1359 4537 1527 4592; x_wconf 89' lang='lat' dir='ltr'>collocamus</span> <span class='ocrx_word' id='word_1_685' title='bbox 1544 4536 1716 4607; x_wconf 86' lang='lat' dir='ltr'>exemplaria</span> <span class='ocrx_word' id='word_1_686' title='bbox 1730 4539 1859 4593; x_wconf 69' lang='lat' dir='ltr'>rariorw</span> 
     </span>
     <span class='ocr_line' id='line_1_54' title="bbox 205 4617 1859 4692; baseline -0.001 -21"><span class='ocrx_word' id='word_1_687' title='bbox 205 4623 341 4685; x_wconf 84' lang='lat' dir='ltr'>apparatu</span> <span class='ocrx_word' id='word_1_688' title='bbox 355 4619 517 4675; x_wconf 88' lang='lat' dir='ltr'>ementitum</span> <span class='ocrx_word' id='word_1_689' title='bbox 531 4630 684 4686; x_wconf 84' lang='lat' dir='ltr'>ostentent;</span> <span class='ocrx_word' id='word_1_690' title='bbox 700 4622 748 4676; x_wconf 90' lang='lat' dir='ltr'>sed</span> <span class='ocrx_word' id='word_1_691' title='bbox 762 4638 860 4692; x_wconf 92' lang='lat' dir='ltr'>purum</span> <span class='ocrx_word' id='word_1_692' title='bbox 875 4621 971 4688; x_wconf 89' lang='lat' dir='ltr'>solum,</span> <span class='ocrx_word' id='word_1_693' title='bbox 987 4628 1014 4677; x_wconf 90' lang='lat' dir='ltr'>et</span> <span class='ocrx_word' id='word_1_694' title='bbox 1053 4621 1174 4674; x_wconf 92' lang='lat' dir='ltr'>omnium</span> <span class='ocrx_word' id='word_1_695' title='bbox 1198 4628 1225 4673; x_wconf 90' lang='lat' dir='ltr'>et</span> <span class='ocrx_word' id='word_1_696' title='bbox 1247 4618 1468 4689; x_wconf 77' lang='lat' dir='ltr'>praestantiorum</span> <span class='ocrx_word' id='word_1_697' title='bbox 1491 4619 1700 4684; x_wconf 68' lang='lat' dir='ltr'>inventionum</span> <span class='ocrx_word' id='word_1_698' title='bbox 1726 4619 1758 4672; x_wconf 92' lang='lat' dir='ltr'>in</span> <span class='ocrx_word' id='word_1_699' title='bbox 1779 4617 1859 4671; x_wconf 84' lang='lat' dir='ltr'>altera</span> 
     </span>
     <span class='ocr_line' id='line_1_55' title="bbox 206 4690 1860 4769; baseline 0 -19"><span class='ocrx_word' id='word_1_700' title='bbox 206 4695 241 4749; x_wconf 84' lang='lat' dir='ltr'>ab</span> <span class='ocrx_word' id='word_1_701' title='bbox 255 4698 331 4752; x_wconf 90' lang='lat' dir='ltr'>omni</span> <span class='ocrx_word' id='word_1_702' title='bbox 345 4698 415 4765; x_wconf 82' lang='lat' dir='ltr'>fuco,</span> <span class='ocrx_word' id='word_1_703' title='bbox 430 4706 458 4753; x_wconf 90' lang='lat' dir='ltr'>et</span> <span class='ocrx_word' id='word_1_704' title='bbox 472 4700 645 4756; x_wconf 84' lang='lat' dir='ltr'>affectatione</span> <span class='ocrx_word' id='word_1_705' title='bbox 655 4703 789 4767; x_wconf 90' lang='lat' dir='ltr'>miraculi,</span> <span class='ocrx_word' id='word_1_706' title='bbox 800 4704 932 4758; x_wconf 90' lang='lat' dir='ltr'>immune.</span> <span class='ocrx_word' id='word_1_707' title='bbox 1054 4709 1153 4766; x_wconf 92' lang='lat' dir='ltr'>autem,</span> <span class='ocrx_word' id='word_1_708' title='bbox 1164 4708 1269 4753; x_wconf 88' lang='lat' dir='ltr'>statuas</span> <span class='ocrx_word' id='word_1_709' title='bbox 1283 4700 1454 4753; x_wconf 79' lang='lat' dir='ltr'>inventorum</span> <span class='ocrx_word' id='word_1_710' title='bbox 1468 4699 1660 4769; x_wconf 82' lang='lat' dir='ltr'>insigniorum.</span> <span class='ocrx_word' id='word_1_711' title='bbox 1684 4698 1729 4753; x_wconf 89' lang='lat' dir='ltr'>lbi</span> <span class='ocrx_word' id='word_1_712' title='bbox 1745 4690 1860 4753; x_wconf 83' lang='lat' dir='ltr'>staluam</span> 
     </span>
     <span class='ocr_line' id='line_1_56' title="bbox 245 4778 1860 4850; baseline 0.001 -18"><span class='ocrx_word' id='word_1_713' title='bbox 245 4779 262 4810; x_wconf 77' lang='lat'>⁴⁴</span> <span class='ocrx_word' id='word_1_714' title='bbox 276 4778 367 4849; x_wconf 83' lang='lat' dir='ltr'>Atque</span> <span class='ocrx_word' id='word_1_715' title='bbox 381 4778 426 4834; x_wconf 83' lang='lat' dir='ltr'>hta</span> <span class='ocrx_word' id='word_1_716' title='bbox 440 4788 511 4847; x_wconf 84' lang='lat' dir='ltr'>suut,</span> <span class='ocrx_word' id='word_1_717' title='bbox 526 4781 574 4847; x_wconf 90' lang='lat' dir='ltr'>fili,</span> <span class='ocrx_word' id='word_1_718' title='bbox 588 4782 684 4837; x_wconf 89' lang='lat' dir='ltr'>domus</span> <span class='ocrx_word' id='word_1_719' title='bbox 698 4781 853 4839; x_wconf 90' lang='lat' dir='ltr'>Salomonis</span> <span class='ocrx_word' id='word_1_720' title='bbox 867 4783 979 4838; x_wconf 75' lang='lat' dir='ltr'>divitica.</span> <span class='ocrx_word' id='word_1_721' title='bbox 1054 4782 1145 4835; x_wconf 90' lang='lat' dir='ltr'>videre</span> <span class='ocrx_word' id='word_1_722' title='bbox 1165 4789 1207 4834; x_wconf 90' lang='lat' dir='ltr'>est</span> <span class='ocrx_word' id='word_1_723' title='bbox 1226 4779 1354 4833; x_wconf 89' lang='lat' dir='ltr'>Columbi</span> <span class='ocrx_word' id='word_1_724' title='bbox 1374 4780 1467 4844; x_wconf 87' lang='lat' dir='ltr'>vestri,</span> <span class='ocrx_word' id='word_1_725' title='bbox 1483 4779 1531 4850; x_wconf 91' lang='lat' dir='ltr'>qui</span> <span class='ocrx_word' id='word_1_726' title='bbox 1553 4780 1660 4849; x_wconf 91' lang='lat' dir='ltr'>primus</span> <span class='ocrx_word' id='word_1_727' title='bbox 1681 4778 1779 4833; x_wconf 87' lang='lat' dir='ltr'>Indias</span> <span class='ocrx_word' id='word_1_728' title='bbox 1797 4779 1860 4832; x_wconf 77' lang='lat' dir='ltr'>occi</span> 
     </span>
     <span class='ocr_line' id='line_1_57' title="bbox 249 4858 1858 4931; baseline -0.001 -17"><span class='ocrx_word' id='word_1_729' title='bbox 249 4864 266 4890; x_wconf 88' lang='lat'>“</span> <span class='ocrx_word' id='word_1_730' title='bbox 281 4859 428 4920; x_wconf 83' lang='lat' dir='ltr'>Quaurun</span> <span class='ocrx_word' id='word_1_731' title='bbox 450 4861 485 4915; x_wconf 90' lang='lat' dir='ltr'>ad</span> <span class='ocrx_word' id='word_1_732' title='bbox 509 4861 663 4918; x_wconf 76' lang='lat' dir='ltr'>lauchones</span> <span class='ocrx_word' id='word_1_733' title='bbox 687 4870 854 4918; x_wconf 89' lang='lat' dir='ltr'>et·muuera</span> <span class='ocrx_word' id='word_1_734' title='bbox 878 4863 1014 4919; x_wconf 89' lang='lat' dir='ltr'>sociorum</span> <span class='ocrx_word' id='word_1_735' title='bbox 1053 4861 1177 4915; x_wconf 90' lang='lat' dir='ltr'>dentales</span> <span class='ocrx_word' id='word_1_736' title='bbox 1191 4860 1307 4931; x_wconf 91' lang='lat' dir='ltr'>aperuit.</span> <span class='ocrx_word' id='word_1_737' title='bbox 1351 4859 1452 4913; x_wconf 82' lang='lat' dir='ltr'>Itidem</span> <span class='ocrx_word' id='word_1_738' title='bbox 1465 4858 1639 4913; x_wconf 76' lang='lat' dir='ltr'>fabricatoris</span> <span class='ocrx_word' id='word_1_739' title='bbox 1648 4859 1733 4930; x_wconf 90' lang='lat' dir='ltr'>primi</span> <span class='ocrx_word' id='word_1_740' title='bbox 1743 4860 1858 4913; x_wconf 83' lang='lat' dir='ltr'>navium</span> 
     </span>
     <span class='ocr_line' id='line_1_58' title="bbox 206 4939 1859 5015; baseline -0.004 -21"><span class='ocrx_word' id='word_1_741' title='bbox 206 4947 376 5005; x_wconf 68' lang='lat' dir='ltr'>nostrorum</span> <span class='ocrx_word' id='word_1_742' title='bbox 398 4940 542 4997; x_wconf 89' lang='lat' dir='ltr'>duodecim</span> <span class='ocrx_word' id='word_1_743' title='bbox 563 4942 704 5009; x_wconf 89' lang='lat' dir='ltr'>habemus,</span> <span class='ocrx_word' id='word_1_744' title='bbox 720 4944 767 5014; x_wconf 92' lang='lat' dir='ltr'>qui</span> <span class='ocrx_word' id='word_1_745' title='bbox 781 4944 810 4998; x_wconf 88' lang='lat' dir='ltr'>in</span> <span class='ocrx_word' id='word_1_746' title='bbox 824 4945 950 5015; x_wconf 80' lang='lat' dir='ltr'>regiones</span> <span class='ocrx_word' id='word_1_747' title='bbox 966 4962 1013 4998; x_wconf 89' lang='lat' dir='ltr'>ex·</span> <span class='ocrx_word' id='word_1_748' title='bbox 1055 4941 1127 4995; x_wconf 92' lang='lat' dir='ltr'>ltem</span> <span class='ocrx_word' id='word_1_749' title='bbox 1148 4940 1275 4995; x_wconf 90' lang='lat' dir='ltr'>monachi</span> <span class='ocrx_word' id='word_1_750' title='bbox 1298 4939 1390 5006; x_wconf 86' lang='lat' dir='ltr'>vestri,</span> <span class='ocrx_word' id='word_1_751' title='bbox 1406 4941 1455 5010; x_wconf 91' lang='lat' dir='ltr'>qui</span> <span class='ocrx_word' id='word_1_752' title='bbox 1476 4940 1580 5010; x_wconf 88' lang='lat' dir='ltr'>primus</span> <span class='ocrx_word' id='word_1_753' title='bbox 1601 4946 1742 4994; x_wconf 87' lang='lat' dir='ltr'>tormenta</span> <span class='ocrx_word' id='word_1_754' title='bbox 1762 4939 1859 4994; x_wconf 87' lang='lat' dir='ltr'>invenit</span> 
     </span>
     <span class='ocr_line' id='line_1_59' title="bbox 206 5020 1858 5098; baseline -0.002 -24"><span class='ocrx_word' id='word_1_755' title='bbox 206 5028 280 5076; x_wconf 88' lang='lat' dir='ltr'>teras</span> <span class='ocrx_word' id='word_1_756' title='bbox 299 5022 439 5093; x_wconf 78' lang='lat' dir='ltr'>navigant,</span> <span class='ocrx_word' id='word_1_757' title='bbox 455 5023 507 5077; x_wconf 92' lang='lat' dir='ltr'>sub</span> <span class='ocrx_word' id='word_1_758' title='bbox 520 5022 636 5078; x_wconf 89' lang='lat' dir='ltr'>aliarum</span> <span class='ocrx_word' id='word_1_759' title='bbox 649 5024 791 5078; x_wconf 90' lang='lat' dir='ltr'>nationum</span> <span class='ocrx_word' id='word_1_760' title='bbox 805 5025 922 5089; x_wconf 90' lang='lat' dir='ltr'>nomine,</span> <span class='ocrx_word' id='word_1_761' title='bbox 938 5026 1014 5098; x_wconf 91' lang='lat' dir='ltr'>(nos·</span> <span class='ocrx_word' id='word_1_762' title='bbox 1053 5021 1144 5091; x_wconf 84' lang='lat' dir='ltr'>ignea,</span> <span class='ocrx_word' id='word_1_763' title='bbox 1167 5030 1195 5075; x_wconf 91' lang='lat' dir='ltr'>et</span> <span class='ocrx_word' id='word_1_764' title='bbox 1218 5020 1359 5092; x_wconf 89' lang='lat' dir='ltr'>pulverem</span> <span class='ocrx_word' id='word_1_765' title='bbox 1380 5021 1499 5091; x_wconf 81' lang='lat' dir='ltr'>pyrium.</span> <span class='ocrx_word' id='word_1_766' title='bbox 1543 5020 1615 5074; x_wconf 89' lang='lat' dir='ltr'>ltem</span> <span class='ocrx_word' id='word_1_767' title='bbox 1635 5021 1791 5076; x_wconf 68' lang='lat' dir='ltr'>inventoris</span> <span class='ocrx_word' id='word_1_768' title='bbox 1809 5036 1858 5074; x_wconf 83' lang='lat' dir='ltr'>ms·</span> 
     </span>
     <span class='ocr_line' id='line_1_60' title="bbox 206 5097 1855 5175; baseline 0 -19"><span class='ocrx_word' id='word_1_769' title='bbox 206 5108 276 5156; x_wconf 89' lang='lat' dir='ltr'>tram</span> <span class='ocrx_word' id='word_1_770' title='bbox 289 5101 363 5155; x_wconf 87' lang='lat' dir='ltr'>enim</span> <span class='ocrx_word' id='word_1_771' title='bbox 377 5110 543 5159; x_wconf 88' lang='lat' dir='ltr'>terramuon</span> <span class='ocrx_word' id='word_1_772' title='bbox 557 5103 731 5172; x_wconf 74' lang='lat' dir='ltr'>revelamus)</span> <span class='ocrx_word' id='word_1_773' title='bbox 747 5105 795 5175; x_wconf 89' lang='lat' dir='ltr'>qui</span> <span class='ocrx_word' id='word_1_774' title='bbox 814 5103 908 5169; x_wconf 88' lang='lat' dir='ltr'>libros,</span> <span class='ocrx_word' id='word_1_775' title='bbox 926 5112 1014 5160; x_wconf 89' lang='lat' dir='ltr'>mate·</span> <span class='ocrx_word' id='word_1_776' title='bbox 1053 5103 1125 5157; x_wconf 84' lang='lat' dir='ltr'>sicae.</span> <span class='ocrx_word' id='word_1_777' title='bbox 1170 5102 1239 5156; x_wconf 85' lang='lat' dir='ltr'>Item</span> <span class='ocrx_word' id='word_1_778' title='bbox 1263 5101 1412 5155; x_wconf 88' lang='lat' dir='ltr'>inventoris</span> <span class='ocrx_word' id='word_1_779' title='bbox 1429 5100 1581 5156; x_wconf 88' lang='lat' dir='ltr'>literarum.</span> <span class='ocrx_word' id='word_1_780' title='bbox 1622 5100 1694 5155; x_wconf 88' lang='lat' dir='ltr'>Item</span> <span class='ocrx_word' id='word_1_781' title='bbox 1714 5097 1855 5156; x_wconf 73' lang='lat' dir='ltr'>inventerit</span> 
     </span>
     <span class='ocr_line' id='line_1_61' title="bbox 205 5180 1854 5257; baseline 0 -22"><span class='ocrx_word' id='word_1_782' title='bbox 205 5182 312 5245; x_wconf 76' lang='lat' dir='ltr'>risset</span> <span class='ocrx_word' id='word_1_783' title='bbox 333 5183 504 5254; x_wconf 87' lang='lat' dir='ltr'>exemplaria</span> <span class='ocrx_word' id='word_1_784' title='bbox 524 5185 778 5255; x_wconf 86' lang='lat' dir='ltr'>experimentorum</span> <span class='ocrx_word' id='word_1_785' title='bbox 800 5185 836 5238; x_wconf 90' lang='lat' dir='ltr'>ad</span> <span class='ocrx_word' id='word_1_786' title='bbox 856 5201 906 5240; x_wconf 90' lang='lat' dir='ltr'>nos</span> <span class='ocrx_word' id='word_1_787' title='bbox 918 5186 1015 5257; x_wconf 83' lang='lat' dir='ltr'>perfe-</span> <span class='ocrx_word' id='word_1_788' title='bbox 1053 5182 1226 5253; x_wconf 87' lang='lat' dir='ltr'>imprimendi</span> <span class='ocrx_word' id='word_1_789' title='bbox 1241 5182 1323 5252; x_wconf 84' lang='lat' dir='ltr'>typis.</span> <span class='ocrx_word' id='word_1_790' title='bbox 1366 5182 1439 5236; x_wconf 89' lang='lat' dir='ltr'>Item</span> <span class='ocrx_word' id='word_1_791' title='bbox 1453 5182 1604 5236; x_wconf 87' lang='lat' dir='ltr'>inventoris</span> <span class='ocrx_word' id='word_1_792' title='bbox 1617 5180 1854 5251; x_wconf 72' lang='lat' dir='ltr'>phanomeuorun</span> 
     </span>
     <span class='ocr_line' id='line_1_62' title="bbox 206 5258 1857 5332; baseline 0 -17"><span class='ocrx_word' id='word_1_793' title='bbox 206 5269 278 5316; x_wconf 76' lang='lat' dir='ltr'>runt.</span> <span class='ocrx_word' id='word_1_794' title='bbox 320 5261 381 5317; x_wconf 90' lang='lat' dir='ltr'>Hos</span> <span class='ocrx_word' id='word_1_795' title='bbox 395 5264 566 5319; x_wconf 88' lang='lat' dir='ltr'>Mercatores</span> <span class='ocrx_word' id='word_1_796' title='bbox 580 5264 650 5319; x_wconf 87' lang='lat' dir='ltr'>lucis</span> <span class='ocrx_word' id='word_1_797' title='bbox 664 5281 802 5319; x_wconf 85' lang='lat' dir='ltr'>vocamus.</span> <span class='ocrx_word' id='word_1_798' title='bbox 1053 5264 1235 5318; x_wconf 76' lang='lat' dir='ltr'>astronomiae.</span> <span class='ocrx_word' id='word_1_799' title='bbox 1279 5262 1349 5316; x_wconf 89' lang='lat' dir='ltr'>Item</span> <span class='ocrx_word' id='word_1_800' title='bbox 1370 5262 1524 5317; x_wconf 89' lang='lat' dir='ltr'>inventuris</span> <span class='ocrx_word' id='word_1_801' title='bbox 1537 5260 1670 5332; x_wconf 88' lang='lat' dir='ltr'>operandi</span> <span class='ocrx_word' id='word_1_802' title='bbox 1691 5262 1720 5315; x_wconf 88' lang='lat' dir='ltr'>in</span> <span class='ocrx_word' id='word_1_803' title='bbox 1736 5258 1857 5316; x_wconf 72' lang='lat' dir='ltr'>mentis</span> 
     </span>
     <span class='ocr_line' id='line_1_63' title="bbox 247 5338 1859 5417; baseline -0.002 -22"><span class='ocrx_word' id='word_1_804' title='bbox 247 5347 264 5373; x_wconf 85' lang='lat'>“</span> <span class='ocrx_word' id='word_1_805' title='bbox 278 5342 346 5396; x_wconf 79' lang='lat' dir='ltr'>&#39;l&#39;res</span> <span class='ocrx_word' id='word_1_806' title='bbox 360 5342 503 5409; x_wconf 89' lang='lat' dir='ltr'>habemus,</span> <span class='ocrx_word' id='word_1_807' title='bbox 523 5346 569 5416; x_wconf 93' lang='lat' dir='ltr'>qui</span> <span class='ocrx_word' id='word_1_808' title='bbox 581 5345 777 5413; x_wconf 86' lang='lat' dir='ltr'>experimenta,</span> <span class='ocrx_word' id='word_1_809' title='bbox 792 5362 965 5417; x_wconf 72' lang='lat' dir='ltr'>quaecunque</span> <span class='ocrx_word' id='word_1_810' title='bbox 982 5346 1014 5400; x_wconf 92' lang='lat' dir='ltr'>in</span> <span class='ocrx_word' id='word_1_811' title='bbox 1055 5343 1124 5397; x_wconf 91' lang='lat' dir='ltr'>Item</span> <span class='ocrx_word' id='word_1_812' title='bbox 1135 5342 1361 5398; x_wconf 88' lang='lat' dir='ltr'>inventorisvitri.</span> <span class='ocrx_word' id='word_1_813' title='bbox 1403 5340 1684 5398; x_wconf 87' lang='lat' dir='ltr'>lteminventorisfili</span> <span class='ocrx_word' id='word_1_814' title='bbox 1698 5338 1859 5411; x_wconf 73' lang='lat' dir='ltr'>bombycini</span> 
     </span>
     <span class='ocr_line' id='line_1_64' title="bbox 207 5417 1859 5496; baseline 0.002 -25"><span class='ocrx_word' id='word_1_815' title='bbox 207 5417 285 5473; x_wconf 90' lang='lat' dir='ltr'>libris</span> <span class='ocrx_word' id='word_1_816' title='bbox 312 5421 496 5488; x_wconf 88' lang='lat' dir='ltr'>inveniuntur,</span> <span class='ocrx_word' id='word_1_817' title='bbox 524 5424 665 5496; x_wconf 81' lang='lat' dir='ltr'>colligunt.</span> <span class='ocrx_word' id='word_1_818' title='bbox 717 5423 778 5479; x_wconf 88' lang='lat' dir='ltr'>Hos</span> <span class='ocrx_word' id='word_1_819' title='bbox 804 5425 1014 5495; x_wconf 81' lang='lat' dir='ltr'>Deproedatores</span> <span class='ocrx_word' id='word_1_820' title='bbox 1055 5423 1125 5478; x_wconf 89' lang='lat' dir='ltr'>Item</span> <span class='ocrx_word' id='word_1_821' title='bbox 1140 5423 1296 5480; x_wconf 79' lang='lat' dir='ltr'>inventoris</span> <span class='ocrx_word' id='word_1_822' title='bbox 1319 5423 1385 5477; x_wconf 84' lang='lat' dir='ltr'>vini.</span> <span class='ocrx_word' id='word_1_823' title='bbox 1427 5422 1497 5478; x_wconf 90' lang='lat' dir='ltr'>Item</span> <span class='ocrx_word' id='word_1_824' title='bbox 1522 5422 1671 5477; x_wconf 78' lang='lat' dir='ltr'>inventoris</span> <span class='ocrx_word' id='word_1_825' title='bbox 1693 5430 1815 5493; x_wconf 79' lang='lat' dir='ltr'>segetum</span> <span class='ocrx_word' id='word_1_826' title='bbox 1836 5427 1859 5469; x_wconf 86' lang='lat' dir='ltr'>et</span> 
     </span>
     <span class='ocr_line' id='line_1_65' title="bbox 210 5501 1858 5575; baseline -0.003 -15"><span class='ocrx_word' id='word_1_827' title='bbox 210 5513 346 5553; x_wconf 64' lang='lat' dir='ltr'>voeflmus·</span> <span class='ocrx_word' id='word_1_828' title='bbox 1053 5504 1141 5573; x_wconf 88' lang='lat' dir='ltr'>panis.</span> <span class='ocrx_word' id='word_1_829' title='bbox 1185 5504 1255 5558; x_wconf 88' lang='lat' dir='ltr'>Item</span> <span class='ocrx_word' id='word_1_830' title='bbox 1270 5502 1564 5559; x_wconf 86' lang='lat' dir='ltr'>inventorissacchari.</span> <span class='ocrx_word' id='word_1_831' title='bbox 1607 5501 1858 5575; x_wconf 73' lang='lat' dir='ltr'>Atqueinreutorev</span> 
     </span>
    </p>
   </div>
   <div class='ocr_carea' id='block_1_3' title="bbox 0 0 1908 5875">
    <p class='ocr_par' dir='ltr' id='par_1_3' title="bbox 0 0 1908 5875">
     <span class='ocr_line' id='line_1_66' title="bbox 0 0 1908 5875; baseline 0 0"><span class='ocrx_word' id='word_1_832' title='bbox 0 0 1908 5875; x_wconf 95' lang='lat' dir='ltr'> </span> 
     </span>
    </p>
   </div>
  </div>
 </body>
</html>
