3800 5875
216 324 273 380 506
757 319 981 377 PARASCEVE
1003 320 1055 376 tu
1077 320 1293 378 HISTORIAM

216 498 379 537 assuescere.
430 481 491 536 Erit
518 480 633 535 tortasse
660 484 768 549 tempus
794 478 953 550 (postquam
980 479 1009 534 iu
1045 480 1107 546 hoc,
1117 479 1191 552 quod
1201 479 1231 534 iu
1241 477 1358 550 ungulis
1368 477 1533 535 mentionem
1541 476 1619 543 airis,
1628 484 1845 548 aqure,etterra

215 561 420 632 inquisitionem
443 566 548 615 naturae
571 557 654 630 paulo
670 558 752 613 altius
771 566 941 628 penetratum
959 558 1008 626 sit)
1046 560 1170 615 fecimus.
1199 555 1231 612 ln
1243 557 1361 613 secunda
1369 556 1442 612 euim
1455 564 1483 612 et
1496 557 1576 613 tertia
1588 557 1722 627 recipitur
1731 556 1846 612 historia

215 640 370 710 hujusmodi
386 656 428 694 res
438 639 534 694 leviter
547 637 736 709 percurrendis
751 645 781 692 ut
794 638 818 692 si
831 638 897 709 quid
909 639 939 692 in
953 637 1008 692 illis
1047 655 1149 703 eorum,
1175 646 1303 708 tanquam
1327 636 1422 691 muudi
1453 637 1573 708 partium
1598 634 1786 707 integralium,
1819 645 1845 691 et

216 720 328 775 faecibus
348 718 453 774 hereat
468 719 575 774 virtum
594 717 734 782 naturalis,
753 733 787 770 ea
804 716 911 771 extrahi
933 723 960 771 et
980 718 1009 770 in
1047 727 1183 787 qnatenus
1203 716 1341 787 pertinent
1354 716 1390 770 sd
1410 716 1541 771 iabuioam
1554 723 1583 771 et
1599 716 1846 786 configurationem

215 797 384 855 usumccndi
393 799 487 868 possit.
522 796 809 867 luterimsepcneudte
818 803 888 850 sunt
917 796 1009 850 Etiam
1047 797 1183 861 universi3
1202 803 1231 850 at
1242 796 1272 849 in
1285 803 1383 867 quarta
1395 795 1545 850 continetur
1557 795 1673 850 historia
1686 795 1846 849 ecumbe

215 878 315 949 magite
341 878 473 932 namralis
502 876 690 947 experimenta
716 875 862 947 diligenter
888 883 917 930 et
947 893 1009 930 cum
1047 882 1076 929 et
1092 883 1197 930 naturae
1210 875 1338 946 ipsorum,
1353 875 1587 946 quteinsiugulis
1607 890 1705 929 eorum
1722 875 1847 944 partibus

216 957 357 1012 mvcritste
383 956 540 1011 ventilanda
562 964 634 1020 sunt,
658 963 804 1026 antequam
826 955 1007 1025 recipiantur3
1047 954 1214 1010 simileribus
1233 954 1315 1025 viget,
1337 970 1388 1008 uec
1412 953 1446 1008 ad
1469 960 1554 1009 totum
1576 954 1702 1009 refertur.
1744 952 1846 1014 Quinta

215 1036 367 1107 prasertim
392 1037 449 1101 ills,
473 1052 534 1107 quae
557 1052 593 1089 ex
616 1034 773 1105 uulgaribus
797 1034 959 1103 sympathiis
981 1040 1010 1088 et
1046 1034 1163 1105 denique
1183 1049 1248 1104 pars
1267 1034 1387 1088 historie
1407 1032 1521 1104 collegia
1535 1035 1647 1097 minora,
1661 1033 1723 1087 sire
1741 1034 1845 1104 speeies

216 1114 380 1184 antipathiis,
389 1131 490 1187 magna
499 1132 561 1170 cnm
570 1114 693 1168 socordia
702 1120 730 1168 et
740 1114 871 1168 facilitate
881 1114 1008 1169 credendi
1047 1113 1184 1178 continete
1213 1113 1286 1167 circa
1313 1129 1382 1185 quas
1407 1111 1522 1168 historia
1547 1111 1683 1167 naturalis
1711 1111 1845 1167 bamam

216 1194 296 1249 simul
310 1202 337 1248 et
351 1194 476 1264 fingendi,
486 1193 602 1249 derivari
612 1193 707 1248 solent
1046 1192 1185 1264 praecipue
1197 1200 1329 1261 occupata
1342 1198 1394 1246 est.

255 1275 353 1344 Neque
373 1274 422 1339 nil,
434 1281 480 1328 ant
500 1290 597 1344 parum
617 1280 706 1327 actum
726 1277 774 1337 est,
789 1272 818 1325 in
836 1271 1009 1326 exoneranda
1086 1271 1240 1326 Historiam
1251 1287 1316 1328 vero
1325 1270 1720 1343 praetergeneratioauisquod
1733 1270 1844 1335 attinet;

215 1351 331 1408 historia
351 1353 470 1409 naturali
496 1353 582 1407 tribus
603 1351 648 1406 his
672 1354 747 1423 (qua
770 1351 902 1418 diximus)
927 1351 1009 1406 rebus
1044 1349 1204 1420 jamdudum
1222 1367 1240 1404 a
1257 1350 1336 1406 nobis
1358 1350 1461 1405 dictum
1482 1357 1532 1415 est,
1547 1349 1620 1420 qnod
1638 1348 1691 1403 illa
1708 1367 1775 1405 cum
1793 1349 1846 1405 his·

216 1431 377 1502 superficiei
399 1451 461 1504 qum
482 1432 550 1487 alias
563 1431 702 1486 volumina
719 1429 873 1499 impleturus
885 1430 1008 1486 fuissent
1047 1431 1116 1486 toria
1130 1431 1336 1502 generationum
1354 1429 1572 1485 commodissime
1588 1429 1723 1500 conjungi
1741 1430 1843 1500 possit:

215 1512 314 1582 Neque
333 1519 424 1566 tamen
445 1512 491 1566 hic
513 1511 584 1566 finis.
627 1512 714 1582 AEque
734 1510 808 1564 enim
821 1510 967 1580 requiritur
979 1509 1009 1563 in
1047 1510 1205 1575 eascilicet,
1221 1527 1283 1580 quta
1301 1510 1338 1564 sit
1356 1508 1511 1581 prodigiosa
1524 1516 1638 1572 tantum,
1653 1514 1684 1562 et
1704 1508 1843 1563 naturalis

214 1607 297 1660 opere
311 1608 421 1663 magno,
436 1600 466 1645 ut
480 1598 536 1645 tam
550 1607 590 1655 ea
605 1608 667 1661 qum
686 1588 859 1660 recipiuntur,
874 1590 1009 1644 succincte
1047 1589 1122 1644 Nam
1135 1588 1353 1660 superstitiosam
1371 1588 1565 1643 miraculorum
1577 1586 1726 1643 historiam
1746 1589 1844 1657 (eujus-

215 1671 381 1734 mnbsntun
403 1686 484 1741 qnam
510 1677 539 1726 ut
563 1670 698 1740 superflua
717 1668 924 1725 abscindantur:
946 1668 1011 1723 licet
1047 1685 1154 1739 cunque
1168 1669 1204 1723 sit
1222 1666 1343 1739 generis)
1357 1667 1468 1722 omuino
1481 1667 1635 1738 relegemus
1649 1667 1681 1721 in
1698 1673 1842 1721 tractatum

215 1750 313 1803 nimioi
327 1750 438 1804 dubium
457 1766 517 1804 esse
534 1750 629 1819 possit,
642 1750 708 1819 quin
728 1747 884 1817 hujusmodi
898 1748 1009 1803 castitas
1047 1747 1202 1819 proprium3
1216 1763 1305 1818 neque
1319 1747 1410 1816 ipsum
1427 1747 1488 1815 jam
1500 1746 1564 1801 inda
1578 1763 1596 1800 a
1609 1747 1751 1817 principio
1764 1749 1842 1802 susei-

215 1828 370 1884 etbreritas
378 1827 586 1883 delectationem
596 1828 682 1883 multo
691 1828 824 1882 minorem
832 1827 1008 1898 tumlegenti,
1047 1827 1183 1897 piendum,
1203 1827 1251 1882 sed
1271 1826 1354 1896 paulo
1373 1835 1442 1897 post,
1461 1827 1570 1897 quando
1590 1825 1675 1881 altius
1693 1826 1725 1881 iu
1743 1835 1841 1881 natura

215 1916 274 1962 tum
294 1908 432 1973 scribenti,
446 1908 594 1980 prebitura
607 1908 651 1962 sit.
691 1907 794 1961 Verum
813 1906 879 1960 illud
901 1923 1010 1977 semper
1047 1905 1251 1978 inquisitionem
1265 1912 1436 1977 penetratum
1449 1905 1538 1960 fuerit.

215 1987 404 2041 inculcandum
419 1996 476 2052 est3
498 1986 558 2051 hoc,
573 1987 645 2057 quod
666 1993 786 2057 paratur,
800 1984 927 2041 horreum
947 2003 1008 2041 esse
1086 1986 1124 2039 At
1137 1986 1277 2041 historiast
1289 1987 1399 2051 artium,
1413 1990 1441 2039 et
1453 1992 1556 2039 naturae
1577 1982 1613 2036 ab
1631 1982 1749 2039 homine
1763 2002 1840 2039 verm

215 2065 400 2121 tantummodo
422 2073 450 2119 et
470 2066 684 2136 promptuarium
705 2083 812 2129 rerum;
833 2066 863 2120 in
884 2083 940 2136 quo
955 2082 1009 2120 uon
1047 2065 1243 2130 etimmutatte,
1260 2064 1317 2119 sire
1330 2064 1473 2119 historiam
1486 2062 1746 2134 experimentalem,
1761 2064 1839 2134 tripli-

215 2145 379 2199 manendum
393 2144 628 2200 authsbitandnm
642 2143 963 2214 sitcumroluptate,sed
976 2162 1011 2199 eo
1048 2160 1108 2198 cem
1134 2143 1330 2199 constituimus.
1370 2142 1427 2198 Aut
1451 2144 1525 2197 euim
1553 2144 1717 2212 deprompta
1745 2149 1786 2198 est
1809 2160 1841 2198 es

216 2224 438 2289 descendendum,
459 2230 540 2295 prout
562 2241 606 2279 res
627 2223 753 2293 postulat,
768 2239 831 2277 cum
850 2224 955 2295 aliquid
975 2225 1009 2279 ad
1047 2224 1152 2279 artibus
1172 2222 1353 2289 mechanicis;
1373 2230 1421 2277 aut
1439 2239 1476 2277 ex
1494 2222 1637 2293 operativa
1658 2228 1741 2291 parte
1763 2224 1842 2277 seien-

215 2320 294 2358 usum
318 2304 477 2358 sumendum
504 2303 539 2357 sit
561 2303 633 2357 circa
656 2319 724 2373 opus
749 2304 915 2376 interpretis,
937 2305 1010 2376 quod
1048 2303 1147 2358 tiarum
1164 2302 1334 2367 liberalium
1355 2310 1403 2357 aut
1417 2319 1453 2356 ex
1470 2302 1598 2371 practicis
1612 2301 1804 2372 compluribus
1815 2312 1839 2355 et

216 2381 345 2437 succedit.
1047 2383 1248 2452 experimentis,
1270 2398 1330 2453 quar
1353 2383 1381 2435 in
1399 2389 1485 2436 artem
1507 2381 1647 2452 propriam
1665 2397 1723 2434 non
1742 2381 1840 2436 coelae

1047 2468 1127 2527 runt,
1149 2461 1206 2516 imo
1225 2478 1286 2531 quse
1304 2460 1464 2531 quandoque
1478 2478 1514 2515 ex
1531 2460 1727 2531 uulgatissima
1740 2462 1840 2532 experi-

1048 2542 1121 2595 entia
1148 2546 1298 2605 occurrunt,
1325 2557 1375 2594 nec
1408 2548 1494 2595 artem
1529 2540 1643 2594 omniuo
1676 2539 1837 2596 desiderant.

257 2617 290 2670 ln
298 2616 422 2683 historia,
429 2632 511 2687 quam
522 2615 690 2687 requirimus,
700 2622 727 2670 et
735 2616 828 2671 animo
835 2616 1008 2683 destinamus,
1047 2619 1229 2681 Quamobrem
1242 2619 1266 2674 si
1280 2636 1316 2674 ex
1333 2619 1379 2673 his
1392 2619 1526 2683 omnibus,
1540 2636 1603 2690 quse
1621 2618 1756 2685 diximus,
1767 2637 1840 2692 gese·

216 2703 279 2750 ante
293 2696 386 2751 omnia
398 2696 545 2751 videndum
558 2702 606 2761 est,
621 2703 651 2750 ut
664 2694 718 2750 late
736 2702 828 2765 pateat
841 2704 870 2751 et
889 2697 961 2751 iusta
974 2698 1011 2752 sit
1047 2700 1209 2767 rationibus,
1215 2700 1551 2770 praetergeaeratioaibss,
1566 2698 1684 2764 artibus,
1699 2707 1728 2753 et
1742 2700 1840 2771 espen'-

216 2776 252 2830 sd
271 2792 425 2831 mensuram
444 2776 571 2831 universi.
612 2775 710 2847 Neque
724 2776 798 2830 enim
811 2777 955 2831 arctandus
968 2783 1009 2830 est
1046 2781 1143 2833 mentis
1156 2779 1280 2833 coniecta
1298 2777 1523 2843 iuerithistoria;
1537 2775 1609 2831 nihil
1630 2779 1838 2849 pretermissum

215 2855 332 2911 mundus
345 2855 380 2909 ad
389 2855 530 2926 angustias
543 2854 694 2909 intellectus
709 2855 794 2926 (quod
807 2855 895 2911 adhuc
909 2854 1010 2912 luctum
1046 2858 1160 2924 videtur,
1167 2874 1217 2928 per
1225 2857 1298 2928 quod
1311 2873 1407 2911 sensus
1416 2857 1451 2910 ad
1464 2857 1666 2912 informandum
1675 2858 1838 2913 intellectum

216 2934 269 3007 est)
297 2935 345 2991 sed
372 2934 565 3007 expandendus
587 2933 741 2990 intellectus
761 2943 789 2990 et
811 2933 953 3001 laxandus,
974 2937 1009 2992 ad
1046 2938 1145 2994 instrui
1158 2938 1253 3008 possit.
1294 2937 1393 3010 Neque
1411 2935 1628 3008 igituramplius
1642 2938 1718 2992 intra
1730 2939 1838 2994 circulos

215 3015 309 3070 mundi
342 3016 490 3087 imaginem
521 3014 713 3085 recipiendam,
742 3013 831 3086 qualis
863 3015 1007 3072 invenitur.
1047 3033 1145 3088 parvos
1159 3017 1257 3090 (celati
1278 3016 1425 3085 incantati)
1446 3016 1669 3084 subsultabimus,
1684 3018 1735 3073 sed
1753 3018 1838 3074 mundi

216 3094 293 3150 Istud
312 3094 393 3160 enim,
415 3094 593 3165 “Respicere
613 3111 709 3166 pauca,
724 3100 751 3148 et
767 3095 947 3166 pronunciare
968 3113 1009 3151 se·
1046 3097 1180 3167 pornoeria
1192 3095 1351 3153 circuitione
1365 3096 1543 3168 aequabimur.

215 3175 333 3229 cundum
343 3174 454 3244 pauca,''
470 3174 562 3228 omnis
574 3174 700 3244 perdidit.
730 3173 911 3229 Resumentes
924 3175 1009 3246 igitur

215 3253 395 3323 partitionem,
423 3270 505 3325 quam
537 3252 620 3323 paulo
647 3260 709 3309 ante
737 3253 858 3319 ierimus,
887 3253 1009 3311 historia

215 3332 348 3387 naturalis
376 3332 462 3405 (qaod
488 3334 525 3387 sit
551 3335 761 3404 generationum,
794 3341 1010 3405 pretergerera·
1086 3335 1161 3392 Inter
1177 3341 1269 3407 partes
1283 3352 1338 3401 eas,
1352 3351 1420 3407 quas
1437 3334 1565 3399 diximus,
1579 3333 1714 3400 historia,
1728 3332 1838 3390 maximi

215 3413 324 3477 tionum,
339 3419 367 3466 et
380 3414 499 3478 artium)
513 3412 637 3469 historice
648 3413 853 3484 generationum
870 3413 1009 3467 constitui·
1046 3429 1111 3469 usus
1127 3422 1170 3470 est
1188 3415 1303 3470 historia
1324 3417 1443 3469 artium:
1463 3421 1610 3485 propterea
1630 3415 1705 3486 qnod
1721 3414 1840 3469 ostendat

214 3507 276 3547 mus
295 3498 387 3563 partes
408 3491 537 3562 quinque.
578 3491 620 3546 sit
635 3491 731 3563 prima,
746 3491 857 3546 etheris
870 3500 898 3547 et
916 3492 1009 3548 creles·
1047 3495 1132 3548 resin
1146 3502 1228 3560 motu,
1243 3500 1271 3549 et
1284 3495 1459 3567 magisrecta
1473 3492 1726 3563 ducatadprsxiu.
1765 3493 1840 3555 Quin

214 3569 292 3625 tium
334 3570 466 3636 Secunda,
489 3577 678 3636 meteororum,
707 3577 736 3625 et
762 3570 904 3642 regionum
927 3572 1008 3643 (quas
1046 3573 1129 3627 etiam
1150 3573 1221 3628 tollit
1241 3573 1346 3630 larvam
1366 3580 1395 3628 et
1412 3572 1502 3628 velum
1523 3589 1541 3625 a
1559 3573 1644 3628 rebus
1664 3573 1838 3634 naturalibus.

214 3651 324 3718 vocant)
349 3650 436 3715 airis3
458 3657 590 3705 tractuum
603 3649 730 3705 videlicet
747 3667 765 3704 s
783 3650 849 3705 luna
869 3652 1009 3722 usquead
1047 3669 1107 3722 quas
1121 3652 1270 3724 plerunque
1281 3653 1332 3708 sub
1340 3653 1468 3707 rametate
1479 3652 1628 3722 figurarum
1638 3652 1839 3722 etspparentie

214 3730 386 3800 superficiem
406 3737 503 3795 terroer
524 3729 568 3785 cui
593 3729 675 3784 etiam
693 3730 765 3800 parti
782 3737 900 3784 cometus
920 3731 1009 3798 cujns·
1046 3739 1166 3787 externe
1192 3731 1361 3787 oceultsntur
1394 3739 1442 3787 aut
1471 3731 1659 3786 obscurantur.
1713 3731 1837 3801 Denique

214 3824 320 3880 cunque
343 3808 459 3880 generis,
483 3816 540 3864 tum
561 3806 740 3874 sublimiores,
759 3817 816 3863 tum
837 3808 1007 3876 humiliores,
1045 3812 1204 3866 vexationes
1214 3810 1720 3882 artissuutcertetanquamviuculset
1729 3811 1839 3865 menies

215 3887 365 3959 (utcunque
380 3906 410 3944 se
430 3888 531 3943 habeat
550 3888 591 3941 rei
603 3888 726 3956 veritas)
748 3888 849 3943 ordinis
863 3905 953 3953 causa,
968 3906 1009 3944 as·
1046 3888 1145 3956 Protei,
1160 3907 1221 3961 quae
1234 3890 1344 3945 ultimos
1364 3891 1485 3945 materiae
1499 3889 1582 3944 nixus
1602 3897 1631 3945 et
1651 3899 1769 3945 conatus
1783 3906 1839 3961 pro

214 3966 362 4037 signamus.
402 3968 503 4033 Tertio,
528 3975 607 4023 terrae
635 3974 662 4020 et
684 3967 778 4023 maris.
821 3966 929 4033 Quarta,
955 3967 1008 4023 ele·
1045 3968 1119 4023 dunt.
1160 3969 1283 4040 Corpora
1301 3970 1375 4024 enirn
1396 3969 1472 4039 perdi
1494 3976 1541 4023 sut
1559 3968 1711 4024 annihilari
1731 3969 1837 4032 uolanti

213 4053 368 4102 mentorum
389 4046 463 4118 (qurc
480 4044 591 4116 vocant)
613 4046 729 4101 flammae
749 4045 807 4101 sive
824 4047 905 4118 ignis,
928 4048 1006 4113 airis,
1046 4047 1193 4118 sedpotius
1207 4048 1335 4104 invarias
1348 4048 1488 4103 formasse
1502 4055 1616 4104 mutant.
1659 4049 1759 4118 ltaque
1772 4049 1839 4102 eirea

215 4139 300 4194 squoe,
315 4132 342 4180 et
356 4133 441 4180 terrm.
481 4126 626 4181 Elementa
649 4133 740 4181 autem
764 4142 797 4179 eo
819 4141 901 4180 sensu
920 4128 1008 4198 accipi
1045 4126 1117 4180 hanc
1131 4127 1275 4184 historiam
1287 4127 1353 4183 licet
1369 4127 1559 4182 mechanicam
1581 4128 1625 4196 (ut
1638 4127 1728 4182 videri
1743 4125 1836 4198 pmit)

214 4201 347 4268 volumus,
361 4211 393 4258 nt
405 4204 592 4277 intelligantur
608 4220 662 4259 nou
677 4221 726 4275 pro
738 4204 895 4274 primordiis
909 4222 1006 4273 rerum,
1045 4213 1073 4260 et
1086 4208 1175 4261 minus
1184 4206 1325 4261 liberalem
1336 4208 1431 4275 (missa
1440 4205 1726 4277 arrogantiaetisstu)
1736 4221 1837 4262 summ

214 4281 262 4337 sed
275 4299 325 4352 pro
338 4299 479 4353 corporum
489 4282 651 4339 naturalium
664 4284 762 4339 massis
774 4281 932 4358 majoribus.
965 4285 1008 4340 lta
1045 4292 1087 4340 est
1100 4285 1254 4340 adhibenda
1264 4286 1414 4357 diligentia.

214 4360 288 4414 enim
310 4369 407 4416 natura
428 4379 519 4419 renim
539 4362 717 4428 distribuitur,
731 4368 762 4416 nt
783 4362 820 4416 sit
839 4364 1006 4433 quorundam
1086 4364 1198 4431 Rursus,
1211 4366 1283 4419 inter
1296 4374 1367 4420 artes
1387 4363 1564 4435 praeieumtur
1581 4381 1630 4429 ear,
1645 4381 1709 4435 quse
1729 4380 1838 4435 corpora

214 4455 357 4509 corporum
371 4442 506 4510 quantitas
520 4442 577 4497 sire
591 4442 725 4497 massaio
738 4441 862 4497 universo
875 4458 1007 4514 perquam
1044 4444 1180 4501 naturalia
1193 4453 1220 4499 et
1240 4461 1330 4499 rerum
1344 4442 1497 4499 materialia
1516 4443 1659 4509 exhibent,
1672 4444 1798 4507 alteraut,
1810 4451 1836 4498 et

214 4534 334 4589 magna;
364 4519 428 4590 quia
460 4520 565 4576 scilicet
596 4521 631 4576 ad
664 4521 886 4577 schematismum
913 4539 1007 4578 eorum
1044 4530 1212 4593 praeparant3
1233 4530 1264 4578 ut
1284 4522 1465 4595 agricultum
1492 4523 1670 4593 coquinaria3
1698 4523 1835 4586 chemisa3

214 4597 360 4668 requiritur
380 4604 487 4653 textura
508 4600 628 4655 materiae
648 4600 738 4655 facilis
752 4608 780 4655 et
797 4599 892 4665 obvim
914 4602 1008 4672 qualia
1045 4602 1187 4668 tinctoria3
1207 4603 1401 4674 opificiavitri,
1415 4600 1544 4666 esmaltae,
1562 4601 1697 4666 sacchari,
1720 4603 1837 4674 pulveris

214 4683 277 4731 sunt
291 4692 325 4731 ea
338 4683 453 4747 quatuor
467 4679 541 4749 (quae
556 4678 689 4750 diximus)
703 4696 835 4750 corpora:
850 4686 878 4733 st
891 4697 1007 4751 quorun·
1044 4681 1125 4749 pyrii,
1150 4681 1255 4752 ignium
1277 4681 1469 4746 artificialium,
1489 4682 1596 4752 papyri,
1619 4691 1648 4735 et
1672 4681 1834 4750 hujusmodi.

213 4755 277 4810 dam
300 4755 415 4812 aliorum
442 4773 584 4828 corporum
611 4758 647 4814 sit
670 4760 805 4831 quantitas
828 4758 857 4812 iu
880 4760 1006 4814 universo
1043 4758 1190 4829 Jejunioris
1204 4767 1293 4816 autem
1307 4768 1370 4816 sunt
1382 4777 1455 4825 usus,
1470 4778 1530 4831 quse
1540 4761 1678 4831 prrecipue
1692 4762 1836 4816 consistunt

212 4851 305 4904 parva,
320 4843 347 4890 et
360 4851 441 4906 parce
455 4836 637 4906 suppeditata,
649 4847 760 4909 propter
772 4845 906 4893 texturam
922 4847 1007 4893 mate-
1043 4838 1072 4891 in
1086 4851 1161 4895 motu
1173 4839 1266 4894 subtili
1280 4857 1409 4895 manuum
1423 4847 1451 4895 et
1464 4840 1724 4906 instrumentorum
1745 4839 1835 4912 qusles

212 4914 261 4970 rite
274 4916 352 4970 valde
370 4915 561 4972 dissimilarem
581 4923 609 4970 et
628 4917 762 4982 subtilem,
782 4926 811 4971 et
830 4916 860 4970 in
881 4915 1006 4987 plurimis
1044 4926 1107 4972 sunt
1121 4920 1250 4985 textoria3
1263 4919 1383 4984 fabrilis3
1398 4918 1598 4973 architectura:
1614 4920 1725 4989 opificia
1737 4919 1834 4974 molen·

213 4993 426 5058 determinatam,
447 5002 476 5048 et
499 4994 674 5065 organicam
696 4996 788 5068 qualia
814 5003 877 5050 sunt
900 4997 1006 5068 species
1043 4996 1176 5062 diuorum,
1190 4997 1402 5069 horologiorum,
1416 5015 1477 5052 cum
1491 4997 1627 5052 similibus
1639 5020 1646 5061 ς
1661 4998 1727 5053 lieet
1739 5007 1768 5052 et
1779 4999 1834 5051 irre

212 5089 303 5128 rerum
316 5073 487 5139 manualium,
500 5073 887 5143 metallaplantmanimalia.
916 5077 1005 5137 Quare
1042 5076 1213 5131 nullomodo
1231 5077 1405 5149 negligenda
1425 5076 1494 5132 sint:
1516 5084 1574 5131 tum
1592 5077 1659 5147 quis
1678 5078 1709 5131 in
1725 5076 1779 5131 illis
1792 5092 1834 5130 oc·

212 5152 288 5221 prius
310 5170 397 5223 genus
417 5169 567 5224 corporum,
591 5154 707 5224 collegia
729 5158 850 5223 majora.-
871 5156 1006 5225 posterius
1043 5164 1154 5210 currunt
1166 5155 1258 5222 multa,
1274 5174 1335 5228 quae
1354 5158 1389 5211 ad
1402 5172 1545 5227 corporum
1557 5156 1725 5211 naturalium
1737 5155 1832 5209 alten·

212 5233 326 5303 cottegio
348 5234 450 5286 minora
472 5231 611 5303 appellare
635 5235 832 5288 consuevimus.
873 5236 910 5288 At
930 5237 1007 5289 colte-
1043 5235 1131 5289 tiones
1155 5243 1295 5305 spectanti
1318 5245 1374 5290 tum
1399 5236 1463 5307 quis
1485 5241 1612 5289 accurate
1635 5236 1781 5291 informant
1800 5231 1832 5286 de

210 5310 318 5379 giorum
337 5311 452 5367 istorum
472 5316 602 5382 majorum
619 5320 661 5366 est
680 5327 745 5381 pars
765 5311 887 5368 historiae
901 5321 1005 5384 quarta,
1042 5322 1117 5369 motu
1130 5313 1254 5380 lationis,
1269 5314 1539 5386 quaeresestmsgni
1552 5330 1664 5385 prorsus
1677 5312 1832 5386 adpluriusa

212 5389 263 5442 sub
277 5390 386 5444 nomine
401 5392 605 5456 elementorum,
619 5397 650 5446 ut
664 5390 791 5446 diximus.
832 5392 932 5462 Neque
942 5411 1007 5449 vero
1042 5394 1182 5449 momenti.

211 5468 386 5523 confunditur
407 5489 470 5541 pars
490 5479 662 5543 quartarum
675 5469 794 5527 secunda
810 5477 858 5525 aut
877 5473 957 5528 tertia
977 5474 1007 5529 in
1081 5474 1183 5528 Verum
1196 5473 1359 5545 incongerie
1369 5474 1494 5529 universa
1507 5471 1585 5527 istius
1596 5468 1829 5532 artienir'storie,

588 2506 629 2546 tr.

1427 3242 1453 3280 V·

1769 5725 1779 5770 t

1763 5783 1773 5844 t
