3800 5875
226 280 285 336 292
741 281 791 336 DE
813 280 1039 337 AUGMENTIS
1061 278 1337 335 SCIENTIARUM.
1745 276 1803 331 Lta.
1816 277 1836 332 l.

226 448 255 494 et
276 440 383 504 limites,
408 441 505 511 quibus
526 439 644 494 humana
668 438 780 493 scientia
798 438 1019 509 circumsepitur3
1058 439 1153 503 dicam,
1175 453 1264 502 nemo,
1292 436 1363 491 male
1388 436 1532 509 applicatae
1556 434 1712 490 sobrietatis
1733 436 1840 490 modera-

227 521 267 573 ita
280 527 371 573 tamen
385 529 415 573 ut
426 520 541 574 liberum
549 521 586 572 sit
599 518 633 582 ei,
643 518 746 588 absque
755 519 829 572 omni
838 520 1020 572 coarctatione
1059 518 1192 587 donisque
1203 518 1303 571 famam
1316 527 1436 586 captans,
1445 532 1524 587 posse
1534 514 1709 570 unanimium
1719 517 1845 586 progredi,

227 600 381 652 universam
403 617 494 653 rerum
514 608 636 652 naturam
658 597 796 667 amplecti.
849 598 918 652 Sunt
947 598 1020 651 enim
1058 597 1086 650 in
1100 597 1178 650 libris
1198 597 1254 650 sive
1274 595 1484 666 Scripturarum,
1499 596 1555 649 sire
1570 603 1767 659 creaturarum,
1780 594 1842 648 theo

227 678 329 732 limites
343 686 404 731 tres.
446 679 562 738 Primus,
577 695 611 730 ne
625 678 664 730 ita
683 675 842 731 felicitatem
855 677 1020 731 collocemus
1057 674 1140 747 logia,
1157 684 1204 729 aut
1223 675 1408 746 philosophia,
1423 675 1574 752 existimem
1593 674 1718 743 quinimo
1736 675 1843 728 excitent

227 758 381 821 inscientia,
391 758 533 811 utinterim
545 756 717 811 mortalitatis
730 765 830 809 nostrae
845 755 946 810 oblivio
959 756 1020 809 sub
1057 772 1087 808 se
1108 756 1240 818 homines,
1256 761 1285 809 et
1305 754 1424 809 infinitos
1441 754 1576 825 profectus
1591 754 1722 806 audacter
1741 762 1844 824 urgeant

227 847 313 906 repat.
349 837 495 900 Secundus,
509 853 543 888 ne
557 837 597 889 sic
607 845 715 888 utamur
723 835 845 899 scientia,
859 845 887 889 ut
897 836 1020 889 auxieta-
1058 835 1209 903 utrobique,
1238 845 1266 889 et
1290 842 1505 904 persequentum
1532 841 1659 886 caventes
1687 838 1793 886 tantum
1815 849 1843 885 ne

224 924 282 968 tem
298 917 394 984 pariat,
415 932 468 969 non
483 915 566 968 animi
579 914 811 984 tranquillitatem.
852 915 969 977 Tertius,
984 931 1019 968 ne
1057 914 1172 967 seientia
1186 914 1498 978 utanturadtumorem,
1512 929 1566 966 non
1580 912 1615 965 ad
1635 911 1803 974 charitatem,
1815 912 1843 964 ad

227 1004 361 1064 putemus,
380 1011 460 1063 posse
481 1012 538 1056 nos,
561 1010 611 1062 per
629 1003 733 1046 naturas
755 993 1018 1064 coratemplationem,
1057 993 1275 1056 ostentationem,
1289 1009 1345 1045 uon
1358 993 1394 1046 ad
1406 998 1540 1056 usumret
1553 1008 1702 1054 rursusne
1717 990 1843 1044 obtineas
1874 1015 1875 1018 ¹

228 1075 356 1142 mysteria
370 1074 460 1126 dimna
474 1075 589 1143 assequi.
622 1074 695 1126 Nam
709 1082 839 1141 quantum
848 1074 882 1126 ad
893 1074 1018 1143 primum,
1057 1071 1119 1126 illas
1133 1071 1280 1143 theologia
1294 1071 1530 1142 philosophiaque
1545 1071 1693 1135 doctrinas,
1709 1087 1843 1140 earumque

227 1155 329 1222 optime
343 1153 371 1205 in
391 1153 484 1206 eodem
507 1152 577 1206 libro
595 1152 662 1206 alibi
681 1169 710 1205 se
732 1152 859 1206 Salomon
880 1152 1018 1222 explicat:
1057 1150 1152 1206 latices
1166 1151 1291 1222 imperite
1306 1152 1478 1205 misceantac
1492 1150 1668 1205 confundant.

229 1239 245 1262 “
259 1231 355 1295 Satis,”
371 1232 468 1301 inquit,
484 1238 500 1263 “
508 1233 645 1302 perspexi,
657 1232 820 1301 sapientiam
830 1238 934 1285 tantum
948 1248 1019 1285 rece·

226 1312 290 1364 dere
305 1327 322 1363 a
335 1310 460 1373 stultitia,
474 1311 701 1382 quantumlucem
716 1310 870 1364 ateuebris.
906 1311 1020 1380 Sapien·
1098 1308 1272 1364 Aooeutuus
1287 1326 1358 1363 nunc
1373 1309 1408 1362 ad
1423 1309 1575 1380 opprobria,
1592 1307 1693 1379 quibus
1707 1307 1844 1362 literasss

227 1390 263 1442 tis
276 1390 345 1443 oculi
359 1390 389 1443 in
403 1392 493 1460 capite
508 1392 575 1457 ejus,
591 1389 691 1444 stultus
709 1390 737 1442 in
755 1390 874 1443 tenebris
896 1390 1018 1452 oberrat;
1058 1397 1175 1459 pergunt
1188 1388 1302 1458 politici.
1338 1388 1390 1442 llla
1401 1387 1531 1456 ejusmodi
1547 1398 1626 1442 sunt:
1650 1396 1724 1442 artes
1735 1387 1843 1442 emollire
1874 1411 1875 1420 ¹

227 1469 275 1523 sed
289 1469 370 1522 simul
384 1469 466 1523 didici
481 1469 613 1523 mouendi
628 1469 817 1523 necessitatem
838 1469 945 1539 utrique
959 1484 1019 1522 esse
1057 1469 1171 1531 animos,
1185 1467 1351 1538 militarique
1366 1467 1459 1539 glorias
1473 1469 1580 1538 ineptos
1599 1467 1737 1522 reddere:
1759 1468 1845 1520 morin
1874 1481 1875 1534 t

227 1550 424 1602 communem’'
455 1549 497 1602 De
512 1549 629 1602 secundo
642 1557 744 1602 certum
759 1556 807 1612 est,
822 1547 925 1602 nullam
936 1548 1020 1601 animi
1058 1547 1178 1616 politicis
1191 1564 1299 1619 quoque
1313 1564 1484 1617 corrumpere
1498 1547 1625 1618 ingenia3
1642 1547 1762 1617 quaevel
1775 1547 1844 1600 nimis
1874 1553 1875 1606 t

227 1629 401 1692 anxietatem,
415 1636 464 1682 aut
476 1627 707 1697 perturbationem
721 1628 787 1681 oriri
800 1644 816 1681 e
830 1627 953 1690 scientia,
966 1627 1019 1681 uisi
1058 1626 1164 1680 curiosa
1183 1626 1303 1680 efficiunt
1330 1643 1366 1681 ex
1389 1627 1519 1680 varietate
1543 1625 1685 1689 lectionis;
1708 1626 1755 1680 rel
1775 1626 1845 1680 nimis

227 1713 331 1761 tantum
346 1724 395 1776 per
408 1708 541 1761 accidens.
583 1707 679 1761 Omnis
699 1706 772 1760 enim
789 1707 910 1768 scientia,
926 1714 955 1760 et
975 1705 1019 1759 ad·
1058 1706 1209 1775 pertinacia
1227 1720 1263 1759 ex
1286 1705 1377 1776 rigore
1396 1705 1569 1776 regularum
1590 1704 1635 1759 vel
1656 1706 1740 1759 nimis
1756 1705 1845 1758 tumida
1874 1723 1875 1766 t

227 1787 336 1840 miratio
349 1787 424 1857 (quae
438 1794 466 1840 et
479 1803 571 1840 semea
586 1785 727 1850 scientim),
738 1802 787 1854 per
800 1802 830 1840 se
841 1786 1019 1854 jucundaest.
1058 1800 1094 1839 ex
1118 1783 1305 1855 magnitudine
1333 1785 1534 1855 exemplorum
1562 1784 1607 1838 vel
1628 1786 1714 1838 nimis
1735 1794 1845 1840 extrava-
1874 1775 1875 1850 i

228 1864 298 1919 Cum
324 1873 414 1919 autern
441 1865 627 1919 conclusiones
660 1865 723 1918 inde
751 1865 926 1930 deducuntur,
959 1882 1020 1935 quse
1058 1864 1153 1934 gantis
1166 1881 1202 1918 ex
1214 1862 1436 1919 dissimilitudine
1450 1863 1655 1935 exemplorum
1678 1866 1746 1934 quin
1762 1865 1846 1918 saltem
1874 1871 1875 1916 t

228 1944 337 2015 oblique
352 1944 432 1998 rebus
445 1945 545 1998 nostris
564 1944 715 2013 applicata,
728 1945 772 1997 vel
792 1944 915 1998 infirmos
933 1953 1021 1998 metus
1059 1950 1194 2013 utcunque
1209 1952 1339 2008 avertere,
1357 1954 1386 1998 et
1398 1944 1518 1998 alienare
1532 1943 1640 1997 animos
1654 1959 1671 1995 a
1685 1943 1812 2015 negotiis,
1825 1953 1846 1997 et
1874 2009 1875 2016 ἵ

228 2024 352 2095 gignunt,
376 2022 420 2077 vel
446 2023 604 2077 immodicas
631 2023 801 2092 cupiditates,
829 2031 886 2076 tum
912 2024 1020 2077 demum
1058 2024 1172 2087 scaone,
1187 2022 1235 2076 otii
1256 2038 1288 2076 ac
1302 2039 1426 2078 secessus
1448 2040 1568 2077 amomm
1589 2021 1774 2077 instillantes:
1794 2024 1847 2076 dein

227 2100 347 2156 nascitur
357 2103 493 2157 cruciatus
507 2102 561 2167 ille,
576 2109 605 2157 et
617 2102 786 2172 perturbatio
800 2102 978 2173 mentis‚qua
987 2103 1020 2157 de
1059 2100 1257 2172 rebuspublicis
1266 2102 1556 2173 induceredisciplinae
1571 2102 1783 2167 relaxationem,
1792 2102 1847 2155 dum
1874 2101 1875 2158 l

227 2179 379 2256 loquimur:
400 2188 462 2235 tunc
477 2182 738 2235 enimsoientianon
753 2180 1020 2251 estampliuslumen
1059 2181 1244 2252 unusquisque
1265 2183 1415 2252 promptior
1434 2182 1531 2236 estad
1553 2180 1761 2251 disputandum,
1775 2198 1847 2253 quam
1874 2167 1875 2244 Ῐ

228 2261 329 2314 siccum
344 2263 388 2329 (ut
401 2260 489 2315 voluit
504 2261 658 2315 Heraclitus
671 2260 718 2315 ille
732 2261 869 2326 obscurus,
884 2267 900 2291 “
913 2260 1021 2316 Lumen
1059 2261 1093 2313 sd
1116 2259 1364 2331 obtemperandum.
1407 2261 1486 2316 Unde
1513 2261 1583 2316 Cato
1608 2260 1769 2326 Censorius,
1795 2279 1848 2315 cum
1874 2261 1875 2276 ¹

228 2340 329 2392 siecum
349 2340 451 2409 optima
471 2341 617 2410 anima'’);
643 2341 691 2394 sed
708 2341 739 2394 iit
757 2340 849 2394 lumen
872 2340 1019 2406 madidum,
1059 2340 1155 2409 primis
1168 2339 1322 2394 mortalium
1339 2341 1458 2412 sapiens,
1472 2341 1519 2396 ubi
1536 2341 1666 2408 juventus
1681 2340 1848 2394 Romanaad

228 2427 310 2489 atque
342 2418 502 2473 humoribus
529 2419 673 2474 affectuum
688 2427 873 2491 maceratum.
928 2420 1021 2474 Tertia
1060 2419 1226 2473 Carneadem
1241 2418 1443 2490 philosophum,
1458 2420 1504 2490 qui
1518 2429 1630 2474 venerat
1649 2419 1848 2490 Romamlega·

228 2498 324 2568 regula
342 2500 535 2553 accuratiorem
555 2498 637 2570 paulo
656 2499 872 2568 disquisitionem
892 2499 1020 2569 postulat,
1059 2497 1349 2569 tus,dulcedineatque
1363 2500 1504 2567 majestate
1518 2499 1759 2569 eloquentireejus
1772 2509 1848 2568 capto,

227 2593 315 2648 neque
330 2578 403 2631 sicco
413 2579 482 2647 pede
496 2579 682 2648 praetereunda
695 2586 744 2632 est.
787 2579 879 2648 Siquis
893 2579 967 2632 enim
986 2595 1022 2633 ex
1060 2578 1178 2648 undique
1192 2578 1349 2643 conflueret,
1369 2578 1505 2649 frequenti
1519 2586 1616 2633 senatu
1630 2587 1731 2633 auctor
1746 2579 1803 2642 suit,
1816 2585 1848 2640 ut,

228 2673 317 2710 rerum
340 2656 512 2712 sensibilium
532 2666 560 2712 et
582 2659 781 2713 materiatarum
795 2658 901 2722 intuitu,
916 2665 1020 2711 tantum
1059 2657 1195 2727 expeditis
1205 2657 1332 2728 negotiis,
1343 2659 1432 2727 primo
1441 2675 1547 2729 quoque
1559 2666 1681 2727 tempore
1692 2658 1850 2712 dimitterent

228 2736 338 2789 luminis
359 2737 468 2806 assequi
486 2744 585 2807 speret,
600 2746 729 2808 quantum
749 2737 784 2791 ad
804 2737 1020 2806 patefaciendam
1059 2735 1207 2801 hominem,
1221 2753 1256 2791 ne
1269 2737 1371 2792 civium
1388 2738 1495 2791 animos
1507 2738 1638 2801 inficeret,
1655 2746 1684 2791 et
1702 2738 1848 2798 fascinaret,

226 2816 346 2868 'divinam
366 2822 498 2881 naturam,
513 2825 561 2871 aut
575 2817 741 2872 voluntatem
760 2816 883 2881 sufficiet,
906 2834 950 2870 nm
968 2817 1021 2870 iste
1059 2823 1147 2871 etnec
1162 2816 1335 2886 opinantibus
1348 2832 1454 2871 morum
1471 2817 1755 2888 consuetudinumque
1775 2817 1850 2886 patri·

228 2892 363 2965 decipitur
382 2912 431 2965 per
447 2896 557 2950 inanem
577 2895 789 2967 philosophiam.
833 2895 945 2951 Etenim
959 2912 1021 2950 con·
1059 2911 1134 2951 arum
1149 2896 1326 2952 mutationem
1346 2896 1493 2952 induceret.
1535 2896 1597 2951 Hoc
1616 2896 1703 2951 etiam
1726 2896 1850 2968 permovit

228 2975 370 3045 templatio
383 2985 574 3041 creaturarum,
592 2987 723 3046 quantum
737 2977 772 3030 ad
785 2983 924 3030 creaturas
938 2976 1020 3045 ipsas,
1059 2975 1206 3047 Virgilium
1232 2975 1309 3047 (dum
1337 2977 1428 3030 studia
1455 2994 1506 3031 sua
1532 2977 1629 3046 patriae
1658 2976 1849 3032 existimationi

225 3048 352 3122 'producit
362 3055 515 3119 scientiam3
525 3065 653 3125 quantum
661 3057 695 3109 ad
704 3056 801 3121 Deum,
812 3056 1021 3110 admirationem
1059 3055 1247 3125 posthaberet)
1257 3063 1367 3109 utartes
1381 3055 1530 3125 politicasa
1539 3054 1671 3109 literariis
1685 3064 1848 3127 segregaret,

228 3142 347 3196 tanturm
369 3151 429 3204 quas
446 3143 489 3188 est
508 3136 586 3205 quasi
603 3135 718 3205 abrupta
737 3136 859 3189 scientia.
902 3135 1019 3205 Ideoque
1059 3134 1121 3189 illas
1135 3135 1267 3189 Romanis
1281 3135 1434 3200 vendicans,
1456 3135 1508 3190 has
1523 3135 1627 3190 Gracia
1647 3135 1812 3205 relinquens,
1825 3136 1849 3188 in

227 3212 372 3266 scitissime
386 3214 458 3267 dixit
471 3215 581 3284 quidam
591 3214 765 3279 Platonicum
782 3220 798 3246 “
809 3214 910 3268 Sensus
925 3214 1020 3268 huma·
1059 3215 1181 3269 versibus
1195 3212 1251 3268 illis
1265 3213 1431 3269 decantatis:

228 3307 279 3345 nos
303 3291 388 3346 solem
409 3293 517 3358 referre,
539 3294 586 3363 qui
610 3293 718 3364 quidem
742 3293 845 3349 revelat
866 3301 1020 3348 terrestrem

229 3369 347 3440 globum,
368 3371 507 3427 coelestem
528 3388 593 3426 vero
612 3380 641 3426 et
663 3373 757 3427 stellas
778 3373 933 3444 obsignat.”
975 3372 1020 3427 Sic
1144 3353 1218 3459 ffli
1234 3353 1493 3459 iffiffiflffpffioe’
1507 3353 1773 3461 Βοωῗῂῗᾜῗὲῗ

228 3466 323 3505 sensus
336 3459 457 3505 reserant
471 3451 611 3516 naturalia,
625 3453 715 3506 divina
733 3452 887 3507 occludunt.
930 3454 1020 3523 Atque
1874 3506 1875 3519 ,

229 3528 293 3583 hinc
320 3531 416 3594 evenit,
444 3531 591 3585 nonnullos
617 3549 632 3586 e
659 3531 807 3586 doctiorum
832 3532 971 3601 manipulo
991 3532 1020 3585 ia
1059 3534 1190 3589 Videmus
1208 3536 1290 3590 etiam
1308 3534 1437 3604 Anytum,
1453 3534 1573 3590 Socratis
1594 3543 1790 3598 accusatorem,
1808 3550 1851 3605 pro

226 3608 345 3662 haeresin
372 3609 465 3679 lapsos
492 3627 560 3675 esse,
582 3628 671 3682 quum,
694 3613 793 3665 ceratis
818 3627 945 3665 sensuum
969 3610 1021 3666 alis
1058 3608 1208 3668 crimine'ei
1223 3615 1364 3683 objecisse,
1379 3614 1452 3685 quod
1465 3614 1492 3668 vi
1507 3621 1533 3668 et
1548 3614 1679 3668 vadetate
1693 3632 1851 3677 sermonum,

228 3687 325 3752 innixi,
345 3690 380 3743 ad
404 3689 496 3745 divina
521 3692 629 3745 evolare
651 3691 850 3745 contenderent.
891 3691 1020 3762 Namque
1058 3710 1090 3746 ac
1105 3694 1314 3765 disputationum
1335 3710 1452 3756 suarum,
1474 3694 1661 3748 auctoritatem
1686 3702 1713 3746 et
1733 3711 1852 3749 reveren·

229 3783 284 3831 eos,
299 3767 346 3838 qui
364 3776 501 3822 autument
514 3770 627 3825 nimiam
642 3770 781 3824 scientiam
801 3768 932 3823 inclinare
946 3787 1020 3824 men·
1059 3772 1125 3828 tiam
1160 3773 1253 3844 legum
1286 3773 1564 3843 consuetudinumque
1594 3774 1759 3842 patriarum,
1787 3771 1853 3844 apud

228 3852 285 3898 tem
311 3847 340 3900 in
373 3847 543 3912 atheismum,
572 3850 807 3921 ignorantiamque
842 3849 1019 3904 secundarum
1058 3852 1243 3907 adolescentes
1262 3852 1453 3915 imminuerem
1475 3852 1601 3924 quodque
1616 3861 1705 3907 artem
1720 3855 1854 3924 profitere·

229 3940 369 3980 causarum
383 3928 477 3997 pietati
496 3946 562 3998 erga
583 3929 698 3999 primam
716 3927 891 3991 obstetricari,
905 3927 1022 3983 libenter
1059 3938 1102 3985 tur
1124 3932 1305 4001 perniciosam
1325 3940 1352 3986 et
1372 3931 1494 4003 periculo
1515 3932 1635 4003 plenam,
1659 3950 1715 4003 qua
1736 3933 1799 4004 quis
1818 3934 1854 3984 irs

223 4003 420 4073 compellarem
436 4006 451 4058 J
455 4008 498 4061 obi
513 4010 672 4078 quaestione:
688 4015 703 4040 ‘⁸
718 4008 760 4061 Aa
775 4015 898 4077 oporteat
911 4009 1019 4062 mentiri
1059 4018 1183 4075 structus,
1198 4011 1360 4066 deteriorem
1374 4028 1484 4067 causam
1497 4010 1640 4066 meliorem
1661 4012 1772 4079 faceret,
1787 4012 1852 4065 reri-

225 4099 279 4151 ·pro
301 4081 367 4147 Deo,
382 4092 409 4139 et
430 4087 489 4154 ejus
511 4088 600 4157 gratia
618 4087 710 4142 dolum
730 4088 805 4158 loqui
824 4088 975 4151 conveniat,
990 4096 1021 4142 ut
1058 4097 1196 4160 tatemque
1209 4091 1299 4160 ipsam
1313 4092 1475 4162 eloquentiae
1489 4100 1622 4162 apparatu
1637 4092 1777 4146 obrueret.

230 4161 282 4229 ipsi
295 4163 516 4231 gratificamur?’'
537 4166 637 4237 Liquet
649 4168 728 4232 enim,
738 4166 825 4220 Deum
834 4165 906 4219 nihil
913 4168 1019 4237 operari
1098 4170 1199 4225 Vemm
1218 4170 1263 4224 hm
1283 4169 1491 4237 criminationes,
1505 4179 1666 4242 caeteraque
1683 4172 1807 4239 ejusdem
1821 4170 1857 4223 fa-

228 4240 365 4295 ordinario
378 4244 408 4296 in
421 4252 524 4309 natura,
543 4246 596 4299 nisi
615 4263 664 4316 per
680 4248 811 4299 secundas
825 4261 928 4309 causas,
943 4247 1020 4315 cujus
1059 4249 1134 4314 riute,
1148 4250 1238 4318 potius
1253 4259 1423 4320 personatam
1445 4251 1607 4322 gravitatem
1626 4268 1686 4321 prre
1707 4270 1736 4306 se
1760 4252 1855 4311 ferunt,

229 4319 363 4374 diversum
390 4322 462 4376 credi
490 4325 514 4377 si
539 4324 647 4389 vellent,
671 4325 823 4394 impostura
844 4341 920 4378 mera
940 4335 1019 4390 esset,
1059 4329 1436 4398 quamveritatiscandorem.
1459 4330 1855 4402 Tesmaaeuimerperientia.

229 4399 307 4467 quasi
329 4399 358 4452 in
379 4402 496 4469 gratiam
516 4403 577 4468 Dei,
593 4413 620 4457 et
634 4404 704 4457 nihii
724 4404 807 4466 aliud,
823 4420 903 4473 quam
917 4406 1019 4459 auctori
1059 4409 1127 4461 sicut
1142 4425 1210 4461 unos
1224 4416 1304 4479 atquc
1317 4409 1427 4464 eosdem
1440 4409 1623 4473 hommensis
1637 4427 1693 4464 una
1707 4411 1856 4480 eademque

230 4478 351 4530 veritatis
379 4479 546 4535 immundam
570 4483 704 4537 mendacii
725 4483 843 4536 hostiam
869 4484 1019 4538 immolare.
1059 4494 1189 4557 tempora,
1204 4494 1232 4541 ct
1246 4505 1335 4543 rerum
1352 4489 1521 4553 bellicarum,
1535 4498 1563 4544 et
1576 4490 1741 4559 optimarum
1757 4491 1855 4543 artium

229 4556 299 4615 Quin
314 4557 403 4626 potius
416 4560 596 4615 certissimum
611 4572 658 4626 est,
673 4572 752 4633 atque
767 4563 937 4631 experientia
950 4581 1021 4617 com·
1059 4566 1146 4636 gloria
1169 4567 1300 4622 floruisse.
1342 4568 1422 4623 Viros
1445 4570 1516 4639 quod
1540 4569 1643 4632 attinet,
1669 4570 1802 4641 exemplo
1823 4568 1857 4622 sit

229 4635 380 4704 probatum,
395 4636 470 4692 leves
491 4647 585 4709 gustus
604 4643 631 4694 in
654 4642 829 4711 philosophia
847 4658 955 4697 movere
969 4643 1021 4696 for-
1059 4645 1149 4699 nobile
1179 4663 1229 4716 par
1254 4647 1457 4718 imperatorum,
1485 4648 1642 4703 Alexander
1671 4647 1804 4720 Magnus,
1831 4658 1856 4701 et

229 4723 300 4767 tasse
319 4716 353 4769 ad
371 4715 540 4781 atheismum,
555 4720 601 4773 sed
622 4720 756 4791 pleniores
773 4721 887 4775 haustus
906 4722 940 4775 ad
961 4722 1020 4775 reli·
1059 4724 1150 4779 Julius
1171 4725 1264 4780 Cacsar
1285 4728 1405 4792 dictator,
1419 4726 1488 4781 alter
1510 4726 1664 4782 Aristotelis
1685 4729 1715 4782 in
1734 4729 1855 4799 philoso-

229 4794 339 4863 gionem
355 4795 489 4850 reducere.
530 4799 657 4870 Namque
671 4801 699 4853 in
713 4801 808 4854 limine
829 4800 1019 4871 philosophia,
1059 4803 1126 4872 phia
1146 4805 1303 4875 discipulus,
1317 4806 1387 4860 ulter
1407 4806 1548 4861 Ciceronis
1567 4807 1594 4859 in
1616 4806 1734 4861 dicendo
1756 4807 1855 4861 rivalis.

229 4890 292 4962 cum
317 4875 441 4929 secundae
464 4892 560 4941 causa,
582 4888 709 4948 tanquam
734 4880 858 4934 sensibus
881 4882 1019 4949 proxima,
1061 4883 1114 4936 Aut
1134 4886 1159 4937 si
1181 4884 1242 4954 quis
1255 4885 1375 4954 requirat
1395 4886 1485 4956 potius
1504 4884 1635 4951 literatos,
1648 4888 1694 4957 qui
1716 4888 1745 4940 in
1770 4888 1855 4940 claros

229 4960 355 5022 ingerant
376 4970 406 5008 se
428 4957 512 5008 menti
532 4955 664 5021 humanae,
685 4976 814 5031 mensque
837 4961 944 5030 ipsein
966 4960 1020 5013 illis
1059 4962 1236 5033 imperatores
1258 4973 1410 5029 evaseruut,
1432 4982 1514 5035 quam
1534 4966 1723 5034 imperatores,
1746 4967 1796 5036 qni
1819 4967 1856 5017 in

229 5032 332 5087 baereat
346 5041 427 5104 atque
441 5044 629 5099 commoretur,
644 5037 744 5091 oblivio
757 5040 853 5107 primae
867 5057 956 5093 causta
974 5040 1019 5093 ob
1059 5043 1173 5113 signiter
1183 5042 1255 5097 docti
1267 5044 1392 5108 fuerunt3
1407 5053 1506 5115 praesto
1515 5052 1557 5098 est
1565 5044 1776 5115 Epaminondas
1787 5046 1856 5099 The·

230 5128 324 5182 repere
339 5113 441 5183 possit:
456 5115 497 5166 sin
512 5114 573 5185 quis
582 5116 694 5195 ulterius
709 5127 810 5187 pergat,
825 5136 1020 5190 causarumque
1059 5121 1154 5184 luanus,
1168 5130 1215 5175 aut
1228 5122 1384 5193 Xenophon
1397 5123 1590 5179 Atheniensis:
1613 5141 1729 5194 quorum
1743 5124 1794 5180 ille
1804 5124 1857 5195 pri·

229 5191 445 5261 dependendam,
472 5194 579 5258 seriem,
607 5203 634 5248 et
658 5199 917 5262 concatenationem,
939 5209 1021 5269 atque
1059 5218 1120 5255 mua
1142 5200 1200 5264 fuit,
1220 5202 1268 5271 qui
1287 5201 1372 5271 fregit
1393 5203 1543 5272 potentiam
1565 5202 1783 5272 Spartanorum
1812 5204 1856 5257 hic

229 5287 312 5338 opera
326 5272 501 5341 providentiae
513 5273 658 5336 intueatur,
679 5282 750 5338 tunc,
771 5277 916 5331 secundum
932 5282 1021 5347 poeta-
1059 5288 1149 5333 autem
1165 5281 1275 5349 primus,
1291 5282 1338 5351 qui
1351 5283 1446 5335 stravit
1459 5283 1531 5337 viam
1546 5282 1582 5335 ad
1596 5284 1768 5338 eversionem
1783 5300 1856 5337 moa·

230 5366 289 5402 rum
310 5351 515 5422 mythologiam,
530 5353 609 5406 facile
628 5355 719 5407 credet
739 5373 874 5410 summum
889 5358 1020 5410 naturalis
1059 5358 1319 5414 architePersarum.
1362 5361 1856 5433 lstudveroarmurumliterarumque

230 5436 331 5483 eatena
348 5431 477 5486 annrtlum
495 5433 557 5502 pedi
577 5433 639 5487 solii
660 5433 735 5491 lovis
757 5436 841 5506 afligi.
884 5436 922 5489 Ut
936 5438 1021 5492 semel
1059 5438 1135 5509 quasi
1150 5440 1315 5511 conjugium,
1327 5439 1426 5495 clarius
1440 5441 1528 5497 adhuc
1543 5442 1572 5496 in
1586 5442 1762 5513 temporibus,
1773 5458 1855 5513 quam
