3800 5875
222 271 280 325 3⁴10
731 270 781 325 DE
803 269 1026 325 aucmentis
1047 268 1319 325 scintillarum
1713 265 1776 320 Lan.
1799 264 1835 319 ll.

222 429 303 483 tionis
325 443 368 482 res
389 435 479 498 gestas
498 425 699 499 complectitun
719 426 768 480 illa
788 427 907 482 universi
927 427 1009 482 orbis.
1046 426 1267 498 expeditionibus
1279 424 1433 490 bellicinin
1445 441 1496 480 usu
1509 430 1578 480 snut
1619 422 1839 493 Apndantiqnos

222 508 321 582 Neque
340 507 413 560 euim
432 507 581 569 defuerunt,
595 506 642 578 qui
659 505 802 560 historiam
821 506 914 560 mundi
928 506 1010 560 etiam
1046 514 1120 560 certe
1140 523 1235 577 regum
1255 505 1351 559 honori
1370 505 1492 569 dabatur,
1509 511 1538 558 ut
1556 509 1615 556 acta
1631 501 1727 572 palatii
1748 503 1794 556 sni
1810 502 1839 555 in

223 586 259 640 ab
272 585 377 655 origine
396 586 537 655 scripsisse
550 584 634 638 videri
654 583 764 648 volunt;
785 584 951 655 farraginem
970 601 1011 637 re·
1047 585 1134 639 diaria
1147 586 1324 648 referrentur,
1345 584 1418 655 quod
1429 584 1551 638 videmus
1564 582 1666 636 iactum
1682 581 1770 636 tuisse
1788 580 1839 634 sub

222 682 283 718 rum
301 673 330 717 et
349 664 509 734 compendia
527 664 710 717 narrationum
732 679 781 731 pro
802 662 916 717 historia
933 662 1010 717 exhi·
1047 663 1189 718 Abasuero
1202 663 1353 736 <Persarum
1375 679 1459 733 regei
1479 661 1604 733 quicum
1622 667 1731 716 noctem
1744 666 1841 729 ageret

223 743 334 797 bentes:
355 743 410 796 Alii
424 743 466 796 sui
486 742 615 812 temporis
632 757 746 810 reaper
766 741 859 795 orbem
878 748 1010 796 terrarum
1047 744 1206 806 insomnem,
1219 742 1306 796 diaria
1319 742 1471 812 proposcit;
1495 740 1540 795 ubi
1555 739 1770 807 conjurationem
1792 755 1840 792 eu·

223 822 419 884 memorabiles,
431 830 559 892 tanquam
566 819 642 890 justa
650 819 765 873 historia
775 819 916 890 complecti
930 836 1009 889 posse
1047 822 1197 876 nuohorum
1207 820 1379 891 recognovit:
1393 829 1422 874 at
1431 821 1460 873 in
1468 817 1617 873 Alexandri
1627 817 1725 889 Magni
1734 817 1839 878 diariis,

223 900 317 954 conlisi
344 907 412 963 sunt,
439 909 537 954 conatu
569 898 690 969 proiecto
719 899 900 968 magnanimo,
927 907 1009 970 atque
1047 909 1103 956 tam
1126 899 1227 970 pusilla
1248 899 1460 962 continebantur,
1483 906 1514 952 ut
1540 899 1628 960 etiam
1653 897 1678 950 si
1706 896 1778 951 forte
1805 895 1839 948 ad

224 980 311 1032 fructu
330 977 403 1031 haud
422 979 528 1048 exiguo.
569 978 668 1049 Neque
689 976 762 1031 enim
776 994 819 1032 res
832 977 1010 1032 humanaeita
1047 995 1169 1034 mensam
1195 979 1344 1046 dormiret„
1357 979 1386 1032 in
1413 985 1474 1031 acta
1500 982 1685 1047 reponeretur.
1737 976 1839 1044 Neque

223 1057 344 1128 imperiis
358 1065 403 1111 aut
416 1057 572 1127 regionibus
588 1056 682 1111 divisse
695 1063 764 1121 sunt,
778 1063 809 1110 ut
822 1072 876 1110 non
891 1056 1009 1110 habeant
1047 1060 1120 1113 enim
1135 1058 1204 1113 sieut
1217 1056 1328 1111 annales
1341 1063 1444 1111 tantum
1457 1056 1561 1126 gravia,
1574 1055 1613 1109 ita
1626 1053 1716 1110 diaria
1733 1060 1840 1108 tantum

223 1136 308 1190 multa
324 1152 461 1190 connexa:
482 1152 565 1206 quare
582 1135 661 1204 jurat
680 1144 758 1199 certe,
774 1134 853 1199 t'acta,
868 1133 949 1189 elicui
970 1151 1010 1188 se-
1046 1136 1117 1191 levia
1129 1136 1272 1207 complexa
1284 1143 1358 1200 sunt3
1379 1135 1427 1189 sed
1437 1134 1528 1188 omnia
1536 1133 1689 1204 promiscue
1698 1140 1728 1188 et
1737 1131 1839 1188 cursim

223 1215 284 1269 culo
297 1221 343 1268 eut
356 1214 429 1268 atati
443 1214 583 1278 destinata,
601 1213 683 1268 veluti
702 1230 755 1267 una
773 1213 865 1267 tabula
885 1221 1010 1269 contenta
1046 1217 1140 1271 diariis
1155 1215 1366 1287 excipiebantur,
1380 1231 1430 1269 seu
1447 1213 1558 1282 majoris
1577 1229 1626 1267 seu
1646 1213 1763 1268 minoris
1784 1227 1837 1266 mo·

223 1302 250 1348 et
268 1293 401 1362 descripta
416 1294 525 1348 intueri.
566 1293 611 1348 Fit
632 1293 713 1346 etiam
727 1300 757 1346 ut
773 1291 890 1361 plurima
909 1293 1010 1361 scripta
1047 1296 1139 1351 menti

223 1388 277 1425 non
296 1372 472 1426 cotemnenda
491 1371 596 1444 (qualia
615 1380 678 1425 sunt
697 1388 744 1435 em,
758 1371 792 1424 de
812 1370 910 1441 quibus
929 1379 1010 1425 antea

222 1450 304 1505 locuti
317 1467 416 1515 murus,
430 1450 588 1520 relationes)
609 1450 677 1505 alias
697 1449 765 1504 iorte
779 1451 907 1519 peritura,
921 1465 1009 1521 neque

223 1529 326 1599 prelum
347 1530 445 1599 saepius
459 1545 580 1599 passura,
601 1537 649 1583 aut
662 1528 756 1583 saltem
771 1529 861 1598 capita
880 1529 1009 1598 ipsorum,
1270 1527 1393 1584 CAPUT
1413 1527 1604 1583 naculum.

222 1609 252 1661 in
265 1608 418 1677 hujusmodi
428 1608 570 1662 historiam
580 1607 735 1678 generalem
744 1606 916 1678 recipiantur,
928 1615 1010 1678 atque

222 1686 274 1741 hoc
292 1696 372 1758 pacto
391 1688 507 1758 figantur
525 1695 553 1741 et
573 1694 771 1741 conserventur.
816 1686 1009 1750 Veruntamen,
1087 1687 1209 1744 Partitis
1225 1687 1342 1743 secundo
1360 1687 1480 1741 historic
1502 1686 1601 1750 ciuilis,
1615 1686 1646 1737 in
1660 1701 1760 1738 mons
1774 1692 1798 1737 el

222 1767 245 1820 si
267 1768 327 1837 quis
353 1783 410 1820 rem
430 1766 530 1820 rectius
552 1766 707 1836 perpendat,
730 1764 932 1829 animadvertet,
955 1772 1010 1818 tam
1380 1767 1496 1821 mictum

222 1861 329 1900 severas
343 1861 403 1899 esse
416 1844 538 1899 historin
548 1846 628 1912 insta
640 1843 724 1915 leges,
738 1852 767 1897 ut
781 1859 827 1897 eas
840 1844 870 1896 in
883 1851 957 1896 muta
970 1860 1011 1897 ar·

222 1924 344 1995 gumenti
357 1924 481 1976 vastitate
495 1940 622 1977 exercere
636 1923 684 1977 vix
696 1921 791 1986 liceat;
806 1922 911 1976 adeout
924 1922 1011 1976 minu·
1086 1924 1238 1979 Posraaara
1250 1940 1315 1979 vero
1335 1923 1445 1994 partitio
1460 1922 1580 1978 historias
1597 1921 1688 1977 civilis
1703 1936 1739 1975 ea
1752 1920 1796 1984 ait,
1809 1927 1836 1974 ut

222 2011 282 2056 atur
295 2002 385 2072 potius
396 2001 515 2055 historin.
527 2002 654 2069 majestas
667 2001 748 2055 molis
758 2000 916 2071 granditate,
928 2017 1010 2070 quam
1047 2004 1182 2059 dividatur
1195 2004 1223 2057 in
1237 2002 1538 2066 memmantmixtnm.
1571 2001 1705 2056 Μίκωνα
1717 1998 1835 2053 celebres

222 2080 406 2151 amplificetur.
448 2080 510 2135 Fiet
523 2082 595 2133 enim
608 2088 645 2144 ut,
658 2080 704 2151 qui
718 2085 774 2133 tam
787 2080 861 2133 varia
876 2079 1010 2149 undequa-
1047 2084 1115 2139 dum
1156 2083 1250 2137 Altera
1263 2100 1299 2137 ex
1311 2081 1426 2136 scientia
1439 2081 1526 2136 civili:
1547 2079 1634 2135 altera
1647 2080 1836 2150 praecipueex

222 2177 274 2231 que
288 2158 463 2230 persequitur,
478 2160 509 2221 is,
524 2158 721 2213 informationis
735 2158 865 2228 religione
878 2157 1010 2228 paulatim
1047 2161 1171 2216 naturali.
1213 2162 1395 2215 Introductum
1408 2168 1450 2214 est
1463 2161 1537 2215 enim
1550 2159 1586 2213 ab
1598 2157 1740 2230 aliquibus
1753 2174 1836 2229 genna

222 2238 343 2301 remissa,
358 2249 387 2291 et
398 2237 539 2308 diligentia
551 2253 608 2303 sua,
619 2256 679 2309 qnae
693 2237 728 2291 ad
741 2244 780 2291 tot
794 2254 837 2291 res
848 2237 1007 2301 extenditur,
1047 2241 1189 2304 scribendi,
1203 2247 1232 2294 ut
1245 2241 1306 2311 quis
1327 2240 1495 2294 narrationes
1512 2237 1625 2310 aliquas,
1642 2254 1699 2291 non
1720 2237 1752 2290 in
1769 2237 1836 2290 serie

221 2317 251 2371 in
274 2316 389 2388 singulis
412 2316 625 2388 elanguescente,
648 2332 728 2371 auras
750 2315 896 2388 populares
917 2324 945 2368 et
967 2333 1010 2369 ru·
1048 2320 1168 2375 historiae
1182 2319 1358 2383 continuatas,
1367 2318 1415 2372 sed
1428 2336 1464 2372 ex
1477 2317 1584 2372 delectu
1596 2316 1718 2370 auctoris
1729 2332 1837 2385 excerp

222 2412 312 2450 mores
325 2404 429 2466 captet3
451 2404 478 2448 et
492 2413 528 2449 ex
541 2395 717 2450 relationibus
729 2411 785 2449 non
804 2394 947 2448 admodum
962 2412 1010 2448 au·
1047 2406 1090 2453 tas
1111 2399 1276 2454 conscribats
1297 2397 1393 2451 deinde
1414 2398 1522 2451 easdem
1544 2395 1652 2460 recolat,
1667 2403 1696 2449 et
1709 2402 1837 2466 tanquam

222 2474 358 2539 theotinis,
379 2481 428 2527 ant
449 2474 604 2543 hujusmodi
624 2474 716 2545 aliqua
736 2474 867 2528 levidensi
889 2474 1009 2536 materia,
1048 2479 1180 2542 ruminet,
1201 2485 1229 2531 et
1249 2485 1357 2547 sumpta
1377 2476 1412 2529 ab
1434 2477 1502 2546 ipsis
1524 2475 1674 2537 occasione,
1700 2473 1738 2528 dc
1760 2473 1837 2528 rebus

221 2553 363 2608 historiam
376 2553 509 2607 conficiat
550 2553 704 2614 Quinetiam
723 2569 833 2608 neeesse
854 2553 880 2607 ei
897 2552 948 2607 erit
963 2554 1009 2621 (ne
1047 2557 1163 2627 politicis
1184 2556 1308 2612 dimersa
1353 2555 1431 2617 Quod
1450 2571 1535 2626 geum
1552 2553 1674 2608 historiae
1692 2552 1837 2607 ruminatae

222 2649 289 2703 opus
303 2632 332 2685 in
345 2633 506 2686 immensum
527 2635 676 2701 excrescat)
692 2632 809 2703 plurima
827 2628 914 2687 relatu
926 2631 1010 2701 digna
1047 2654 1097 2691 nos
1123 2653 1187 2691 sane
1214 2652 1377 2707 magnopere
1401 2635 1553 2705 probamus,
1576 2633 1657 2687 modo
1680 2631 1837 2700 hujusmodi

221 2710 343 2766 consulto
356 2711 568 2781 pretermittere,
588 2721 667 2784 atque
681 2712 714 2766 ad
734 2713 912 2781 epitomemm
930 2710 1011 2765 ratio
1047 2715 1226 2786 scriptnrhoe
1239 2714 1415 2786 ngnqethoe
1428 2713 1734 2783 supernominant,
1778 2711 1838 2764 His.

221 2807 270 2845 nea
283 2790 381 2860 saepius
395 2790 493 2845 delabi.
530 2791 664 2846 Incumbit
677 2792 759 2845 etiam
773 2790 846 2846 aliud
858 2789 1010 2862 periculum
1048 2796 1144 2850 toriam
1157 2804 1248 2849 antem
1260 2796 1361 2862 iustam
1381 2809 1417 2847 ex
1431 2794 1553 2862 protenso
1573 2789 1716 2852 scribenti,
1730 2789 1838 2861 politica

221 2885 276 2923 non
289 2886 410 2941 parvum,
424 2878 505 2941 atque
522 2869 633 2925 utilitati
647 2870 689 2924 illi
709 2870 829 2924 historiae
850 2868 1010 2924 universalia
1047 2875 1147 2946 ubique
1161 2873 1293 2946 ingerere,
1308 2880 1390 2945 atque
1400 2888 1449 2943 per
1461 2871 1517 2935 illa,
1528 2870 1603 2925 filum
1616 2869 1744 2924 historin
1757 2871 1837 2923 inter·

221 2967 258 3004 ex
273 2949 405 3004 diametro
422 2950 589 3020 oppositum:
611 2951 835 3022 quemadmodum
857 2951 929 3004 enim
950 2949 1009 3003 uui·
1048 2971 1179 3025 rumpere,
1199 2955 1417 3023 intempestivum
1437 2951 1564 3023 quiddam
1583 2959 1611 3004 et
1624 2947 1774 3005 molestum
1790 2957 1836 3003 est

222 3028 334 3083 vernalis
348 3028 468 3092 historia,
478 3030 646 3084 narrationes
659 3030 772 3100 aliquas,
787 3047 847 3101 quac
861 3029 928 3083 alias
942 3028 1009 3082 forte
1048 3032 1127 3088 Licet
1153 3033 1224 3088 enim
1247 3032 1361 3087 historia
1386 3048 1499 3102 quaeque
1527 3029 1694 3100 prudentior,
1722 3027 1837 3099 politicis

222 3107 336 3162 luissent
348 3109 480 3177 periturae,
495 3117 647 3173 comeciam
669 3109 707 3162 ita
719 3117 813 3162 contra
827 3123 1010 3178 sepenumero
1047 3113 1190 3183 praeeeptis
1208 3119 1237 3166 et
1256 3111 1368 3166 monitis
1383 3111 1465 3164 veluti
1484 3111 1665 3181 impraegnata
1686 3108 1734 3174 sit,
1751 3116 1837 3162 tamen

221 3188 387 3241 narrationes
400 3185 469 3241 alias
482 3188 549 3241 satis
563 3186 720 3251 fructuosas,
735 3204 795 3257 quse
809 3187 886 3240 aliter
901 3188 1010 3240 victurae
1048 3193 1163 3262 scriptor
1176 3192 1234 3260 ipse
1248 3191 1301 3246 sibi
1315 3190 1480 3244 obstetricati
1493 3206 1548 3243 non
1561 3189 1649 3243 debet

222 3265 342 3331 fuissent,
354 3275 464 3336 propter
476 3274 555 3336 grata
568 3265 726 3321 mortalibus
740 3283 829 3320 rerum
842 3265 1009 3336 compendia,
1088 3271 1179 3325 Mixta
1196 3271 1278 3325 etiam
1300 3277 1340 3324 est
1364 3268 1479 3323 historia
1498 3266 1738 3338 cosmographiae,
1761 3265 1837 3337 idque

223 3345 341 3414 perimit·
1047 3349 1242 3420 multipliciter:
1263 3349 1347 3403 habet
1356 3349 1428 3401 enim
1437 3365 1473 3402 ex
1486 3347 1601 3402 historia
1614 3346 1745 3410 naturali,
1757 3345 1838 3415 regio·

1048 3446 1097 3483 nes
1117 3431 1198 3499 ipsas,
1213 3436 1293 3499 atque
1307 3444 1400 3482 earum
1413 3427 1481 3480 situs
1494 3435 1522 3481 et
1535 3427 1653 3487 fructum
1676 3442 1714 3479 ex
1727 3424 1838 3479 historia

463 3500 588 3556 CAPUT
608 3501 759 3557 NONUM.
1048 3507 1129 3573 civili,
1140 3508 1226 3571 nrbes,
1242 3507 1367 3577 imperia,
1382 3522 1490 3560 mores:
1511 3522 1547 3560 ex
1566 3504 1781 3567 mathematicis,
1794 3502 1836 3555 cli·

1048 3596 1122 3641 mata
1143 3594 1172 3641 et
1185 3585 1410 3657 configurationes
1423 3585 1493 3647 coeli,
1509 3585 1605 3656 quibus
1624 3591 1728 3637 tractus
1750 3580 1837 3636 mundi

226 3657 348 3714 Partitis
360 3660 416 3713 olio
430 3659 550 3713 historie
564 3668 713 3731 temporum,
727 3661 756 3713 in
778 3660 888 3713 annales
909 3668 935 3712 et
948 3668 1010 3713 acto
1048 3666 1194 3734 subjacent
1237 3665 1270 3720 Iu
1293 3682 1347 3736 qno
1367 3680 1466 3735 genere
1486 3663 1616 3728 historiae,
1630 3662 1689 3716 sive
1712 3660 1836 3722 seientia,

562 3739 670 3792 diurna.
1050 3753 1100 3809 est,
1121 3744 1191 3815 quod
1208 3745 1299 3800 seculo
1321 3752 1414 3798 nostro
1437 3742 1610 3813 gratulemur.
1662 3740 1746 3795 Orbis
1769 3739 1837 3793 enim

1049 3832 1179 3878 terrarum
1193 3824 1279 3878 iactus
1292 3830 1339 3887 est,
1353 3822 1405 3876 hae
1416 3830 1509 3876 nostra
1522 3830 1610 3885 aetate,
1625 3821 1729 3875 mirum
1743 3820 1773 3873 iu
1785 3835 1837 3872 mo

261 3896 357 3950 Ετωί
377 3894 491 3949 historia
512 3901 662 3966 temporum
683 3904 754 3951 recte
776 3895 905 3950 dividitur
918 3896 946 3949 in
961 3913 1010 3949 811·
1048 3903 1112 3957 dum
1126 3903 1286 3958 fenestratus
1300 3909 1380 3972 atque
1394 3907 1499 3972 pateus
1540 3899 1654 3971 Antiqui
1669 3908 1745 3954 certe
1760 3911 1837 3953 sonas

223 3974 299 4029 nales
313 3984 340 4028 et
352 3974 453 4028 diaria:
476 3992 536 4045 quae
549 3975 652 4040 divisio,
666 3975 732 4029 licet
753 3992 788 4028 ex
808 3975 926 4045 periodis
943 3983 1011 4028 tem·
1049 3989 1077 4036 et
1088 3981 1228 4052 antipodis
1242 3987 1379 4045 noverint,

223 4069 319 4123 porum
342 4054 453 4107 nomina
474 4062 570 4118 sumat,
594 4060 685 4107 tamen
707 4055 741 4108 ad
764 4052 896 4107 delectum
920 4070 1011 4108 rerum

223 4132 304 4186 etiam
318 4132 442 4201 pertinet
483 4130 569 4186 Recte
583 4134 655 4186 enim
668 4132 809 4187 Cornelius
821 4132 936 4195 Tacitus,
949 4149 1011 4185 cum

224 4211 252 4263 in
261 4211 423 4263 mentionem
432 4211 637 4280 magnificentiae
647 4211 1011 4281 quarundamstructurarum

224 4289 325 4351 incidit,
338 4289 429 4343 statim
443 4289 545 4344 subdit:
567 4296 582 4320 “
593 4290 637 4344 Ex
646 4290 774 4361 dignitate
788 4289 882 4360 populi
894 4289 1010 4343 Romani
1049 4290 1128 4362 idque
1142 4291 1231 4361 ipsum
1252 4290 1339 4360 magis
1360 4307 1408 4360 per
1427 4288 1677 4351 demonstrationes,
1693 4304 1778 4360 quam
1792 4303 1838 4356 per

224 4375 361 4437 repertum
377 4383 445 4432 esse,
461 4385 505 4422 res
522 4368 640 4423 illustres
661 4368 812 4432 annalibus,
826 4367 892 4422 talia
908 4368 1011 4422 diurnis
1049 4372 1286 4441 peregrinationes.
1342 4367 1445 4423 Verum
1468 4377 1497 4423 ut
1519 4369 1612 4423 carim
1635 4367 1732 4437 aliqua
1757 4382 1838 4436 parve

225 4447 299 4500 urbis
323 4445 391 4500 actis
414 4447 581 4501 mandare:”
610 4446 772 4517 applicando
793 4446 934 4501 annalibus
958 4464 1010 4511 res,
1048 4450 1146 4504 coelum
1160 4449 1246 4519 ipsum
1261 4447 1445 4511 aemularemr3
1467 4456 1546 4517 atque
1560 4448 1716 4501 universum
1729 4445 1838 4517 globum

224 4543 285 4595 ques
307 4525 341 4578 ad
362 4533 459 4579 statum
479 4526 635 4595 reipublice
658 4525 808 4594 pertinent,
829 4534 891 4578 acta
906 4542 971 4579 vero
984 4534 1011 4579 et
1049 4536 1209 4592 terrestrem,
1224 4528 1312 4598 magis
1332 4527 1413 4580 etiam
1434 4525 1544 4597 obliquo
1564 4535 1591 4579 et
1610 4525 1744 4590 flexuoso,
1759 4540 1838 4595 qnam

224 4603 375 4657 accidentia
387 4604 497 4668 leviora,
512 4605 614 4658 diariis.
657 4604 723 4657 Meo
736 4604 829 4673 utique
842 4603 953 4671 judicio,
967 4621 1011 4657 va·
1048 4607 1168 4661 coelestia
1182 4606 1274 4669 solent,
1289 4606 1383 4659 itinere
1395 4605 1581 4668 circumiverit,
1595 4621 1629 4658 ea
1642 4611 1684 4657 est
1697 4603 1787 4659 nostri
1800 4620 1838 4656 ae·

224 4681 279 4736 lere
294 4684 446 4738 conveniret
459 4682 629 4752 disciplinam
645 4682 779 4753 quandam
795 4683 968 4749 heraldicam,
982 4683 1011 4736 in
1049 4686 1103 4739 culi
1116 4685 1310 4756 praerogativa:
1331 4685 1371 4738 ita
1391 4691 1421 4737 ut
1434 4700 1551 4754 praesens
1567 4691 1632 4737 aetas
1643 4683 1706 4751 jure
1723 4683 1754 4735 in
1768 4698 1837 4751 sym·

225 4761 397 4831 disponendis
411 4779 465 4815 non
479 4762 567 4815 minus
580 4760 716 4824 librorum,
731 4778 811 4831 quam
826 4779 1008 4831 personarum,
1049 4764 1111 4818 bolo
1121 4781 1170 4818 auo
1182 4780 1309 4832 usurpare
1323 4763 1417 4832 possit,
1430 4780 1484 4816 non
1495 4769 1595 4816 tantum
1606 4760 1674 4815 illud
1684 4759 1836 4821 Plusultre,

224 4841 409 4912 dignitatibus.
450 4840 525 4893 Sicut
544 4839 616 4892 enim
634 4839 704 4893 nihil
726 4840 805 4893 rebus
818 4841 942 4894 civilibus
956 4857 1011 4893 ma·
1048 4843 1095 4897 ubi
1109 4843 1211 4914 antiqui
1226 4843 1390 4912 usurpabant
1403 4842 1468 4895 Non
1482 4841 1564 4904 ultra3
1585 4840 1793 4911 atqueinsuper
1807 4838 1837 4891 it

225 4921 268 4990 gis
289 4919 413 4983 detrahit,
429 4933 509 4989 quam
529 4919 652 4972 ordinum
674 4926 702 4971 et
722 4920 853 4988 graduum
873 4920 1010 4982 confusior
1048 4921 1095 4976 lud
1110 4919 1245 4975 imitabile
1258 4921 1369 4986 fulmen,
1380 4921 1426 4975 ubi
1440 4920 1552 4991 antiqui,
1559 4920 1626 4977 Non
1640 4918 1775 4973 imitabile
1789 4916 1836 4970 iul·

225 5000 264 5051 ita
277 5000 359 5052 etiam
373 4996 523 5051 auctoritati
536 4996 656 5051 historiae
670 4997 759 5068 gravis
773 4998 845 5051 haud
859 5015 954 5068 parum
968 4997 1012 5050 de-
1049 5017 1124 5065 men3

225 5086 309 5148 rogat,
320 5076 549 5132 siadmisceantur
561 5075 679 5145 politicis
695 5092 737 5128 ves
748 5076 859 5130 levioris
868 5077 1010 5140 momenti,

225 5155 318 5227 quales
338 5164 400 5210 suut
419 5170 533 5223 pompm,
554 5163 582 5207 et
601 5153 782 5218 solennitates,
804 5163 831 5209 et
851 5155 1011 5226 spectacula,

225 5245 252 5287 et
267 5233 428 5303 hujusmodi.
471 5234 557 5301 Atque
576 5249 640 5286 sane
661 5234 805 5302 optandum
821 5245 899 5298 esset,
915 5244 944 5288 ut
964 5233 1013 5288 illa
1049 5250 1141 5287 verum
1153 5241 1179 5284 et
1193 5230 1266 5295 illud,
1282 5231 1352 5302 quod
1370 5248 1476 5284 omnem
1494 5230 1698 5283 admirationem
1719 5232 1833 5296 superni,

226 5313 287 5382 ipsa
307 5311 442 5367 distinctio
463 5311 731 5365 inconsuetudinem
750 5313 861 5366 veniret.
903 5313 1013 5367 Nostris
1051 5310 1185 5366 imitabile
1200 5309 1306 5373 coelum,
1321 5319 1430 5379 propter
1443 5309 1629 5379 navigationes
1646 5314 1760 5367 nostrus,
1779 5303 1834 5374 qui·

226 5408 289 5446 vero
303 5391 475 5463 temporibus,
490 5390 574 5445 diaria
587 5391 616 5444 in
629 5392 845 5461 navigationibus
866 5400 970 5447 tantum
987 5398 1013 5444 et
1048 5391 1099 5445 bus
1113 5390 1184 5444 circa
1198 5390 1349 5444 universum
1370 5398 1448 5444 terrae
1463 5388 1601 5453 ambitum,
1616 5386 1766 5441 coelestium
1781 5399 1833 5435 eor·

1150 4114 1166 4137 “
1177 4110 1274 4171 Nosque
1283 4109 1323 4156 ubi
1334 4110 1422 4170 primm
1432 4108 1497 4168 cquis
1507 4108 1583 4154 oriens
1593 4106 1683 4154 afflavit
1690 4107 1784 4155 anhelis

1134 4167 1189 4216 illic
1199 4184 1252 4216 sera
1261 4167 1347 4215 rubeus
1356 4166 1463 4215 acceudit
1472 4166 1561 4213 lumina
1569 4180 1652 4225 vesper
1659 4167 1684 4211 ι’·

1135 5112 1150 5134 “
1161 5108 1266 5156 Demens
1274 5110 1314 5169 qui
1325 5108 1416 5156 nimbos
1425 5114 1451 5155 et
1459 5122 1506 5155 non
1515 5107 1628 5155 imitabile
1639 5105 1732 5155 lislmen
1740 5108 1766 5153 ι’·
