3800 5875
587 306 772 362 HISTORIA
793 307 892 363 Vl‘l'AE
917 309 967 365 ΕΤ
987 310 1142 367 MOR'l'lS.
1616 317 1673 377 591

27 475 101 513 sera
115 458 255 516 roscidam
268 460 528 517 omninocontraria
545 471 603 529 est3
622 464 715 535 itaque
729 465 842 520 elisatio
879 468 950 538 quod
965 468 1055 523 officio
1068 468 1190 524 dentium
1203 469 1233 525 in
1247 471 1454 528 manducatione
1469 473 1555 544 (quod
1569 492 1677 549 praepa·
1730 528 1734 537 ,

27 538 162 594 ciborum
175 539 258 611 longe
271 542 385 596 inferior
398 550 448 605 est,
462 541 498 595 ad
519 542 699 598 intentionem
712 552 841 611 nostram,
879 547 996 602 rationis
1010 549 1180 618 praecipuum
1189 566 1277 619 genos
1291 552 1344 620 est)
1360 552 1416 607 fere
1430 552 1622 610 destituantur.

27 619 184 685 mationa,
199 629 229 674 et
242 621 365 675 coctione
379 621 407 674 iu
422 621 509 685 furno,
523 628 551 675 et
565 623 707 678 similibus.
922 624 968 680 16.
990 626 1079 698 Atque
1094 629 1128 691 de
1146 629 1313 696 juvamentis
1331 630 1391 698 eius
1404 631 1527 687 defectus
1542 634 1677 702 (dentium

72 698 106 758 7.
126 698 242 753 &satio
254 699 336 755 debet
348 701 408 754 lieri
421 701 486 770 igne
498 701 598 767 vivido,
612 709 639 758 et
652 702 769 759 celerius
781 720 841 774 per-
879 705 985 759 scilicet
998 706 1111 772 roboris,
1126 707 1161 761 ad
1181 707 1272 762 cibum
1286 707 1455 781 molendum)
1470 712 1599 767 trissant
1617 733 1678 785 quae

28 778 95 842 liei3
112 794 170 832 uon
184 779 251 852 igne
264 778 340 833 lento
353 787 382 833 et
394 780 480 833 nimia
492 796 578 835 mora.
878 784 1001 839 conferre
1014 786 1129 855 possint,
1169 786 1302 852 Primum,
1316 796 1347 842 ut
1362 790 1410 843 alii
1426 790 1522 845 dentes
1535 808 1678 849 unmean-

71 856 104 912 8.
127 856 235 912 Carnes
256 874 351 913 omues
374 858 517 914 solidiores
540 861 570 914 in
591 877 643 915 usu
663 877 723 916 esse
742 860 841 916 debent
878 870 937 928 tur;
951 864 981 918 id
992 865 1064 934 quod
1079 865 1189 920 difficile
1204 866 1315 921 omniuo
1328 885 1389 923 esee
1402 869 1517 935 videtur,
1531 888 1582 926 nec
1596 889 1677 942 posse

28 953 90 989 non
105 952 221 1004 prorsus
231 946 362 1002 recentes,
376 938 425 993 sed
437 938 564 993 nonnihil
577 939 643 994 salis
656 948 790 1011 expertoe3
805 958 841 996 ex
878 943 972 1012 perfici
994 944 1096 1015 absque
1116 945 1311 1000 instauratione
1325 948 1447 1018 corporis
1466 949 1564 1005 intima
1577 957 1605 1005 et
1625 968 1676 1022 po·

29 1015 92 1069 sale
108 1016 174 1084 ipso
186 1025 280 1072 autern
292 1019 322 1071 in
335 1034 438 1082 mensa,
453 1018 590 1073 eominus
607 1020 779 1085 sumidebet,
793 1028 842 1075 aut
879 1022 955 1077 tenti.
997 1022 1151 1079 Secundum
1160 1033 1209 1089 est,
1222 1033 1254 1078 ut
1266 1027 1423 1081 mandibula
1436 1045 1485 1098 per
1495 1031 1677 1101 astringentis

29 1094 244 1151 nihilomnino.
266 1097 402 1152 Salenim
412 1096 542 1152 alimento
552 1098 740 1167 incorporatus
750 1100 840 1170 magis
877 1100 971 1156 debita
993 1102 1033 1156 ita
1050 1103 1197 1168 firmentur,
1220 1110 1250 1159 ιιι
1269 1105 1358 1159 officio
1378 1107 1499 1162 dentium
1522 1108 1616 1180 aliqua
1638 1129 1674 1167 ex

29 1173 109 1228 valet
121 1175 161 1229 ad
174 1173 400 1241 distributionem,
415 1194 497 1247 quam
510 1193 561 1247 per
574 1193 603 1231 se
615 1187 747 1247 sumptus.
877 1187 954 1250 parte
969 1182 1092 1237 sufficere
1107 1184 1231 1253 possint)
1246 1185 1319 1254 quod
1332 1202 1387 1239 non
1401 1185 1472 1241 male
1485 1188 1580 1243 cedere
1594 1207 1675 1260 posse

72 1252 105 1309 9.
128 1253 242 1310 Debent
257 1256 381 1311 iuusum
394 1256 491 1311 adduci
509 1257 706 1311 macerationes
720 1265 748 1311 et
765 1257 839 1313 infu-
878 1260 992 1316 videtur.
1033 1261 1156 1317 Tertium
1180 1270 1210 1316 ιιι
1230 1263 1307 1317 cibus
1328 1264 1365 1319 sit
1383 1264 1424 1319 ita
1445 1276 1620 1336 praeparatus,
1642 1279 1673 1326 ut

28 1334 129 1389 aiones
143 1335 270 1390 earnium
280 1336 363 1390 variae
380 1344 408 1389 et
421 1336 499 1390 bona
512 1336 543 1390 iu
559 1334 710 1406 liquoribus
724 1337 838 1403 idoneis,
877 1338 931 1394 ista
943 1339 1133 1396 masticatione
1147 1358 1201 1396 non
1214 1352 1295 1414 egeat
1300 1364 1308 1408 ι
1330 1344 1403 1414 quod
1420 1354 1576 1416 promptum
1589 1356 1631 1404 est
1645 1358 1674 1405 et

29 1420 98 1467 ante
120 1413 289 1480 “sadonem
311 1415 539 1486 quemadmodum
558 1416 719 1486 quandoque
739 1417 768 1470 in
787 1433 838 1471 usu
877 1420 1044 1489 expeditum.

29 1500 99 1546 sunt
120 1492 230 1547 nmilia
250 1500 312 1548 ante
334 1494 471 1549 coctiones
490 1494 522 1548 iu
542 1494 632 1559 furno,
646 1502 674 1550 et
691 1496 721 1550 iu
739 1497 838 1551 mariis
919 1496 964 1559 17.
987 1499 1066 1554 Subit
1084 1500 1167 1555 etiam
1188 1501 1317 1571 cogitatio
1337 1502 1371 1557 de
1393 1504 1543 1574 quantitate
1567 1506 1621 1559 cibi
1645 1516 1673 1563 et

29 1572 196 1642 aliquorum
208 1572 333 1642 piscium.
876 1587 973 1647 potus3
994 1595 1056 1633 eam
1074 1579 1104 1633 in
1118 1596 1233 1634 excessu
1245 1581 1376 1635 nonnullo
1388 1582 1550 1653 quandoque
1564 1585 1600 1638 ad
1613 1585 1672 1639 irri-

74 1651 127 1705 to.
149 1652 189 1705 At
202 1651 370 1722 pulsationes
382 1660 411 1707 et
424 1660 554 1724 tanquam
567 1653 768 1710 verberationes
782 1670 838 1710 car·
876 1658 1013 1726 gatiam
1023 1658 1144 1728 corporis
1156 1659 1255 1713 utilem
1269 1675 1346 1715 esse:
1360 1661 1452 1733 itaque
1466 1669 1495 1716 et
1508 1660 1597 1732 epula
1610 1682 1672 1735 pro·

29 1730 120 1795 nium,
133 1739 284 1801 antequam
301 1739 456 1803 coquantur,
468 1731 544 1788 haud
562 1749 679 1803 parvum
696 1751 755 1789 rem
771 1750 838 1804 pras-
876 1735 944 1792 fusas
957 1745 985 1792 et
1003 1739 1205 1807 perpotationes
1218 1754 1273 1793 nou
1293 1740 1404 1794 omnino
1423 1741 1583 1798 inhibenda
1597 1753 1669 1799 saut.

29 1817 128 1864 stant:
143 1818 219 1865 certe
232 1811 261 1864 in
271 1810 397 1867 confesso
406 1818 484 1867 estet
497 1812 628 1882 perdices,
639 1821 668 1867 et
681 1812 837 1883 phasianas,
875 1815 967 1887 Atque
989 1816 1024 1871 de
1047 1818 1205 1886 operatione
1227 1834 1311 1888 super
1330 1819 1462 1875 masna
1478 1829 1506 1876 et
1524 1823 1670 1879 eorundem

28 1888 61 1942 in
69 1890 215 1960 aucupio;
230 1897 259 1944 et
267 1890 371 1957 damas,
385 1897 414 1944 et
426 1908 527 1956 cervos,
538 1891 567 1946 in
577 1891 719 1947 venatione
733 1893 837 1947 occisos
874 1896 1102 1967 preparationem
1115 1896 1175 1952 haec
1188 1897 1320 1968 inquisita
1332 1905 1405 1956 sunt.

31 1969 104 2035 (uisi
119 1969 206 2024 fuerit
220 1986 253 2023 ea
266 1970 333 2041 fuga
346 1969 466 2041 longior)
485 1971 618 2041 gratiores
632 1988 692 2026 esse
706 1972 837 2026 etiamad

30 2054 160 2117 gustum.
187 2048 282 2103 Pisces
292 2057 383 2105 autem
392 2049 514 2105 nonnulli
522 2049 836 2121 flagellatietverbersti,
1240 2051 1301 2091 ⁹¹¹¹·

31 2128 318 2220 ‘'⁸³⁰”²‚P¹‘¹¹⁰¹‘⁸‚
353 2129 447 2184 Eum
465 2146 535 2200 Ι)γῐίι
554 2130 706 2222 (11901191
721 2138 836 2196 ⁸⁰⁸¹‘fflt
875 2175 1017 2216 ornaarro
1040 2177 1132 2217 saraa
1152 2175 1252 2215 aaran
1270 2174 1411 2215 ιιιτιιιιιιι
1430 2177 1668 2221 assrarrnarronrs.

31 2213 120 2277 atque
133 2207 186 2261 alu
197 2207 320 2263 nonulla
333 2207 443 2273 ductus,
458 2225 658 2280 compressione
672 2209 835 2266 dulcescunt.

31 2285 147 2341 Bonum
162 2294 236 2342 esset
248 2287 278 2341 in
290 2287 481 2352 usumsdduci,
490 2289 612 2344 carnium
621 2289 760 2344 duriorum
770 2304 837 2343 non·
913 2280 958 2336 De
970 2290 1032 2337 fletu
1045 2282 1142 2337 ultimo
1155 2284 1361 2341 fflifflfllliiffll'
1378 2286 1476 2357 (quem

32 2366 146 2420 aunam
160 2365 836 2440 pulsationemerconmonuemantequamignem
875 2361 1048 2432 egentiores
1064 2370 1118 2417 tres
1141 2364 1267 2433 proxime
1287 2365 1474 2434 precedentes

31 2446 197 2515 μιῑῃηως
212 2434 294 2517 inqui,
307 2462 344 2501 0¹
353 2446 465 2517 optimi
478 2447 721 2518 praeparationibus
735 2448 795 2502 erit,
874 2437 1033 2514 intuentur)
1047 2441 1137 2496 brevis
1149 2450 1177 2498 et
1190 2442 1308 2513 simplex
1322 2445 1374 2499 erit
1387 2443 1552 2514 praeceptio:
1574 2461 1672 2515 resque

77 2521 126 2577 11.
149 2522 238 2577 Panis
255 2525 362 2580 modice
380 2527 567 2591 fermentatus,
590 2533 619 2580 et
637 2523 716 2580 valde
737 2542 836 2597 parum
875 2521 965 2591 magis
979 2520 1166 2592 explicatione
1174 2521 1288 2594 indiget,
1297 2540 1379 2594 quam
1386 2524 1569 2595 praeceptione
1578 2523 1672 2594 aliqua

1524 2330 1647 2373 connexio.

31 2601 143 2665 salitus,
154 2603 276 2672 optimus
286 2614 348 2670 est;
369 2606 470 2676 quique
486 2605 569 2659 etiam
582 2605 613 2659 in
627 2604 707 2659 furno
721 2605 838 2661 ferventi
875 2601 961 2655 vorio-

31 2682 112 2745 saria
126 2697 182 2735 nec
196 2682 340 2737 admodum
355 2685 509 2755 elanguida
523 2691 616 2739 coctus
630 2691 678 2738 est.

76 2759 127 2814 12.
149 2759 239 2816 Potus
258 2762 423 2832 preparatio
442 2763 477 2817 sd
490 2764 574 2818 vitam
592 2762 703 2835 longam
716 2764 835 2835 simplici
916 2759 941 2816 1.
964 2760 1074 2816 Certum
1088 2767 1131 2814 est
1143 2775 1257 2830 corpora
1266 2757 1359 2813 omnia
1366 2758 1472 2813 assimi-
1495 2803 1669 2849 comm

31 2840 93 2893 fere
117 2847 260 2910 precepto
285 2850 410 2897 constat:
432 2850 513 2914 atque
533 2843 568 2898 de
591 2860 671 2914 aqaae
694 2845 835 2913 potoribus
873 2838 956 2904 laudi,
972 2856 1033 2910 que
1052 2840 1081 2894 in
1103 2839 1231 2910 eoniigtw
1251 2835 1321 2903 ⁸[111b
1336 2838 1472 2892 desidem
1662 2836 1668 2848 ⁹

30 2917 108 2973 nihil
135 2919 237 2974 attinet
259 2919 364 2987 dicem
392 2929 482 2992 potest
507 2921 664 2992 hujusmodi
686 2923 769 2978 diets
793 2926 836 2992 (ut
873 2918 1004 2975 nonnullo
1026 2919 1110 2975 indui.
1152 2919 1185 2974 ld
1210 2917 1314 2973 faciunt
1335 2935 1469 2989 generose
1492 2923 1519 2972 et
1542 2916 1669 2976 alacriter

32 2999 105 3053 alibi
118 2998 257 3067 diximus)
270 3001 355 3056 vitam
374 3000 533 3073 aliquandiu
545 3002 685 3067 remorari,
704 3004 752 3058 sed
765 3019 834 3057 nun·
874 3000 969 3054 tenuia
982 3007 1011 3053 et
1029 2999 1218 3071 pneumatica;
1240 2998 1324 3054 veluti
1338 2999 1456 3065 flamma,
1469 2997 1589 3067 spiritus,
1604 2999 1667 3060 aiir:

31 3095 119 3148 quam
140 3079 275 3147 majorem
292 3080 322 3134 in
342 3081 454 3136 modurn
474 3082 653 3153 prolongare;
676 3089 704 3136 at
724 3082 754 3136 in
774 3082 836 3138 aliis
874 3087 1085 3151 utcasusque
1099 3078 1198 3134 molem
1211 3078 1316 3133 babent
1326 3094 1449 3133 crassum
1459 3087 1486 3132 et
1500 3078 1667 3148 tangibilenr,

31 3158 147 3226 potibus
163 3158 325 3227 spirituosis,
341 3159 433 3231 qualia
447 3170 512 3216 sunt
524 3157 624 3226 vinum,
644 3161 767 3226 cervisia,
781 3161 835 3231 hy.
873 3158 999 3213 debiliter
1012 3160 1170 3225 admodum
1194 3175 1227 3212 eo
1241 3158 1312 3229 quod
1332 3158 1495 3213 desiderium
1509 3156 1578 3212 illud
1597 3159 1667 3213 assi-

31 3237 162 3300 drorneli‚
177 3245 206 3291 et
223 3236 387 3306 hujusmodi,
401 3239 430 3293 id
451 3248 582 3311 tauquam
599 3256 835 3296 summasumma·
873 3238 987 3293 milandi
1012 3255 1029 3292 a
1056 3238 1161 3294 fortiori
1186 3237 1323 3293 desiderio
1350 3237 1459 3309 quietis,
1486 3245 1515 3292 et
1549 3255 1579 3293 se
1613 3255 1668 3293 nnn

31 3335 94 3371 rum
109 3316 237 3371 affectari
254 3327 281 3372 et
301 3318 440 3374 observari
460 3320 547 3385 debet,
561 3328 592 3374 ιιι
612 3327 702 3390 partes
722 3318 835 3389 liquoris
874 3317 1007 3382 movendi,
1021 3318 1130 3389 ligetur.

32 3396 90 3449 sint
103 3395 301 3461 subtilissimas,
315 3404 344 3452 et
356 3398 467 3469 spiritus
485 3398 656 3455 lenissimusr
677 3398 730 3453 hoc
744 3407 835 3455 setus·
912 3397 941 3452 2.
965 3396 1076 3453 Certum
1094 3404 1137 3452 est
1157 3397 1261 3462 itidem,
1285 3396 1451 3452 desiderium
1472 3395 1542 3451 illud
1563 3396 1668 3452 assimi-

33 3484 90 3529 tate
106 3475 231 3544 simplici
245 3475 354 3531 difficile
368 3476 420 3531 erit
433 3479 547 3542 efficere,
563 3495 623 3548 quae
639 3478 730 3550 gignit
743 3485 836 3548 partes
873 3474 955 3542 landi,
969 3476 999 3530 in
1019 3476 1091 3532 mole
1110 3493 1239 3546 corporea
1258 3475 1427 3548 ligatum,ut
1443 3477 1571 3540 diximus,
1586 3477 1668 3531 etin·

31 3554 118 3623 paulo
128 3554 297 3620 subtiliores,
305 3556 417 3626 spiritus
424 3574 488 3612 vero
496 3556 583 3612 multo
595 3558 727 3621 acriorem
742 3557 834 3629 itaque
873 3555 940 3610 utile
954 3556 1096 3621 redditum,
1111 3573 1129 3611 a
1141 3555 1230 3611 calore
1244 3566 1292 3611 aut
1305 3556 1404 3627 spiritu
1416 3557 1445 3610 in
1458 3557 1585 3627 proximo
1601 3556 1668 3611 libe·

32 3635 65 3688 de
86 3634 232 3689 infusione
252 3634 282 3688 in
300 3635 381 3690 doliis
402 3636 562 3691 substantias
582 3635 699 3706 alicujus
717 3637 834 3708 pinguis,
873 3636 929 3689 rari
949 3636 1076 3690 nonnihil
1095 3643 1123 3690 et
1141 3636 1265 3701 excitari,
1278 3643 1310 3689 ut
1330 3644 1387 3689 tum
1407 3637 1516 3690 demum
1530 3642 1666 3700 catastam

32 3730 96 3784 que
118 3713 267 3783 spirituum
290 3714 467 3770 acrimoniam
490 3722 653 3787 compescat,
675 3716 734 3784 jam
755 3724 835 3771 antea
874 3730 935 3785 qua
948 3715 1030 3770 unica
1043 3722 1188 3781 estcausa,
1202 3731 1251 3771 cur
1267 3714 1416 3770 inanimata
1434 3731 1489 3770 nou
1508 3713 1666 3780 assimilent,

31 3800 207 3864 preceptum
221 3800 277 3847 est:
298 3801 340 3848 est
353 3794 460 3849 etalius
473 3796 569 3851 modus
582 3796 683 3867 absque
698 3795 835 3851 infusione
873 3794 993 3849 animata
1006 3795 1167 3850 assimilent.

32 3880 82 3926 ant
102 3872 241 3938 mistura3
262 3872 287 3928 is
306 3881 355 3939 est,
368 3881 399 3928 ut
411 3873 502 3946 liquor
514 3883 595 3946 potus
608 3875 736 3930 continuo
748 3875 835 3946 agite·
912 3873 940 3928 3.
962 3872 1074 3929 Certum
1087 3881 1115 3929 et
1127 3873 1181 3928 hoc
1195 3889 1302 3945 quoqne
1316 3880 1373 3939 est;
1394 3889 1448 3945 quo
1461 3872 1553 3928 durior
1565 3871 1601 3926 sit
1611 3888 1668 3928 cor·

32 3961 84 4017 tur,
100 3951 163 4006 sire
177 3968 228 4022 per
240 3960 378 4008 vecturam
393 3954 422 4008 in
436 3953 514 4020 mari,
529 3954 586 4008 sive
595 3971 645 4025 per
654 3961 793 4010 vecturam
805 3955 835 4009 in
872 3953 948 4023 poris
961 3953 1144 4017 consistentia,
1158 3970 1191 4008 eo
1204 3952 1272 4007 illud
1285 3951 1407 4022 indigere
1418 3952 1521 4021 majore
1532 3950 1622 4006 calore
1632 3953 1668 4009 ad

32 4033 127 4095 carris,
152 4030 212 4085 sive
233 4032 423 4102 suspendendo
445 4040 519 4088 utres
539 4051 576 4089 ex
596 4033 714 4098 funibus,
734 4051 835 4105 eosque
873 4030 1011 4087 stimulum
1024 4032 1244 4096 assimilationis3
1266 4032 1338 4104 quod
1351 4031 1380 4086 in
1397 4033 1506 4087 senibus
1523 4029 1594 4086 male
1609 4049 1667 4087 om·

33 4111 159 4180 qnotidie
170 4110 306 4180 agitando,
313 4121 358 4166 aut
368 4112 432 4166 aliis
445 4111 599 4181 hujusmodi
613 4113 717 4168 modist
731 4121 834 4168 certum
872 4112 937 4165 nino
950 4112 1029 4177 cedit,
1044 4112 1109 4183 quis
1121 4118 1213 4182 partes
1227 4120 1289 4166 sunt
1307 4111 1504 4176 obstinatiores,
1523 4109 1597 4165 calor
1614 4111 1668 4167 im·

32 4191 171 4254 animast,
186 4196 290 4244 motum
303 4190 381 4245 illum
392 4190 508 4246 localem
521 4199 612 4262 partes
624 4191 787 4256 subtiliaare,
802 4210 834 4247 sc
872 4190 1003 4246 becillior.
1045 4192 1140 4262 Itaque
1153 4189 1358 4245 dntobstinatio
1378 4191 1495 4261 partium
1512 4188 1667 4256 mollienda,

32 4268 190 4338 spiritusin
203 4269 324 4338 partibus
332 4270 443 4325 interim
457 4272 496 4326 ita
509 4271 680 4335 fermentare,
689 4278 720 4325 ut
728 4272 834 4326 acedini
872 4277 919 4324 aut
945 4269 1020 4324 calor
1045 4270 1241 4335 intendendus;
1279 4276 1360 4340 atque
1387 4271 1420 4325 de
1448 4269 1667 4326 malacissatione

32 4349 124 4420 (qnod
138 4348 346 4419 putrefactionis
356 4366 443 4421 genus
456 4352 510 4419 est)
525 4367 580 4405 non
592 4357 697 4406 vacent.
872 4349 1056 4405 membrorum
1076 4357 1173 4420 postea
1191 4350 1319 4414 dicemus,
1338 4366 1400 4403 cum
1422 4350 1481 4417 jam
1499 4357 1563 4403 ante
1584 4351 1668 4405 etiam

77 4427 124 4481 13.
146 4427 283 4498 vergente
304 4437 396 4483 autem
415 4437 562 4495 senectute,
577 4430 660 4485 etiam
681 4429 744 4485 talis
763 4447 834 4501 pras·
871 4429 959 4499 plura,
985 4446 1046 4501 quar
1069 4429 1104 4483 ad
1130 4429 1254 4483 dandam
1277 4427 1433 4497 hujusmodi
1460 4428 1667 4499 prohibendam,

31 4508 145 4576 paratio
157 4506 280 4563 ciborum
292 4508 459 4563 instituenda
472 4516 522 4575 est,
538 4527 598 4581 quoe
612 4509 650 4564 sit
662 4517 792 4580 tanquam
804 4510 834 4563 in
872 4516 900 4561 et
925 4509 1143 4580 praeveniendam
1169 4508 1313 4579 pertinent,
1340 4509 1569 4578 proposuerimus.
1624 4508 1668 4564 De

30 4586 127 4641 media
151 4585 197 4641 via
220 4586 255 4639 sd
278 4586 399 4656 chylum.
439 4588 529 4659 Atque
553 4589 586 4643 de
613 4587 833 4644 distillationibus
871 4586 962 4642 calore
990 4597 1081 4642 autem
1104 4588 1267 4643 intendendo
1291 4586 1349 4654 jam
1380 4586 1498 4657 simplici
1531 4595 1669 4658 praecepto

29 4666 167 4728 cibonrm,
182 4682 265 4720 meras
278 4684 361 4737 nugae
375 4674 451 4732 sunt;
474 4668 575 4723 etenim
593 4667 684 4738 portio
703 4667 834 4722 nutritiva
871 4672 988 4732 utemur,
1009 4668 1033 4722 si
1059 4668 1136 4738 prius
1161 4666 1246 4721 etiam
1268 4664 1383 4721 alterum
1406 4666 1516 4722 axioma
1542 4683 1667 4738 assump-

30 4743 78 4800 rel
93 4745 199 4814 optima
211 4761 267 4799 non
280 4746 441 4801 ascenditin
453 4764 590 4817 vaporem.
871 4746 995 4801 serimus.

75 4824 123 4878 14.
145 4824 332 4894 Incorporatio
345 4825 399 4879 cibi
413 4832 441 4880 et
458 4835 546 4897 potus,
560 4834 706 4897 antequam
719 4842 833 4880 concur·
910 4825 939 4880 4.
960 4826 1046 4881 Actus
1059 4823 1271 4887 assimilationis,
1287 4823 1347 4894 (qui
1361 4840 1378 4878 a
1391 4824 1488 4890 calore,
1498 4831 1530 4878 ut
1539 4824 1666 4890 diximus,

28 4909 100 4958 rant
118 4903 149 4957 in
174 4903 324 4966 stomacho,
348 4905 449 4976 gradus
470 4913 512 4959 est
532 4906 567 4960 ad
590 4905 716 4975 chylum;
740 4905 833 4977 itaque
871 4903 1034 4960 circumfuso
1047 4903 1191 4974 excitatur)
1203 4911 1247 4958 est
1259 4913 1349 4958 motus
1367 4904 1512 4959 admodum
1526 4912 1668 4958 accuratus

28 4989 178 5037 sumantur
203 4982 248 5037 vel
274 4982 353 5053 pulli,
380 4983 425 5038 vel
450 4984 573 5055 perdices
595 4987 624 5039 et
649 4983 785 5055 phasiani,
805 4992 834 5038 et
871 4990 899 5037 et
912 4984 1030 5049 subtilis,
1043 4984 1112 5037 etin
1125 4984 1255 5038 minimis.
1296 4983 1502 5038 Omnesantem
1511 4982 1668 5052 hujusmodi

27 5061 157 5125 similia;
180 5067 209 5115 et
227 5070 379 5132 coquantur
401 5064 431 5118 iu
455 5081 526 5136 aqua
548 5081 611 5119 cum
632 5080 728 5135 parurn
749 5064 832 5129 salis3
870 5071 960 5117 motus
973 5063 1150 5118 tamdemum
1163 5072 1227 5116 sunt
1239 5063 1268 5117 in
1281 5062 1383 5134 vigore,
1398 5079 1461 5117 cum
1474 5061 1668 5119 omuislocalis

27 5141 133 5196 deinde
147 5141 311 5196 mundentur
321 5148 349 5196 et
362 5142 510 5205 siccentur;
525 5151 621 5214 postea
630 5143 833 5208 siveinmusto,
870 5151 960 5197 motus
985 5150 1081 5206 cesset,
1103 5141 1151 5213 qui
1177 5158 1241 5197 eum
1265 5142 1400 5197 obturbet.
1439 5141 1549 5196 Etenim
1576 5148 1667 5198 motus

29 5220 92 5273 sire
105 5221 136 5275 in
150 5219 267 5275 cervisia
280 5220 454 5288 senescente,
465 5222 647 5288 infundantur,
661 5239 724 5276 cum
737 5238 834 5292 parum
870 5221 1049 5291 separationis
1062 5221 1092 5275 in
1110 5221 1290 5292 homogenea,
1305 5221 1351 5292 qui
1369 5221 1400 5275 in
1417 5218 1488 5274 lacte
1506 5226 1556 5284 est,
1570 5229 1601 5275 ut
1616 5221 1668 5276 tios

28 5300 169 5355 euchari.
871 5308 1035 5370 supernatet,
1059 5316 1150 5355 serum
1177 5299 1305 5364 subsidat,
1328 5315 1467 5370 nunquam
1494 5300 1549 5364 fiet,
1573 5300 1597 5354 si
1623 5300 1667 5356 lac

73 5377 121 5434 15.
143 5379 237 5433 Etiam
260 5381 451 5450 expressiones
475 5380 599 5435 ciborum
616 5388 645 5435 et
664 5380 834 5435 concisiones
869 5379 968 5434 leniter
980 5381 1117 5451 agitetur:
1138 5397 1227 5452 neque
1244 5380 1406 5449 putrefactio
1423 5377 1481 5431 ulla
1493 5377 1523 5433 in
1536 5395 1607 5452 aqua
1620 5388 1669 5436 aut

27 5459 154 5526 minutae
167 5459 237 5514 bene
248 5458 371 5528 condita,
386 5460 496 5518 senibus
509 5457 590 5516 utiles
604 5468 682 5526 eunte
697 5477 732 5516 eo
745 5461 834 5532 magis
869 5460 957 5515 mistis
970 5460 1106 5532 procedet,
1121 5459 1145 5516 si
1158 5458 1208 5514 illa
1224 5458 1352 5513 continuo
1363 5456 1487 5514 localiter
1501 5467 1666 5517 moveantar.
