3800 5875
202 288 259 350 idi
766 293 815 348 Dli
837 292 1040 348 stellantia
1062 292 1257 349 VETERUM.

202 450 360 507 cadaverum
389 450 597 506 inhumatorum.
653 451 724 505 Huic
752 450 824 505 malo
848 451 996 505 remedium
1034 450 1198 517 Huiusmodi
1225 450 1297 505 enim
1319 450 1528 506 doctrinaalas
1555 450 1698 504 Musarum
1722 448 1828 505 coronis

202 539 339 599 repertum
363 539 404 583 eet
420 548 520 599 genere
538 539 565 583 et
589 530 669 584 modo
688 529 805 599 duplex;
826 529 941 583 alterum
962 529 997 582 eb
1031 545 1123 583 rursus
1137 529 1287 593 detrahere,
1301 538 1329 584 et
1343 530 1483 585 sirenibus
1497 530 1641 584 restituere
1654 528 1726 583 velle
1740 528 1829 584 viden-

203 608 309 677 Ulysse,
325 609 438 663 alterum
452 610 487 662 ab
506 610 632 679 Orpheos
653 608 767 679 Ulysees
787 608 868 662 sociis
887 609 997 661 omuino
1031 615 1081 661 tur.
1124 609 1256 663 Habitare
1266 616 1356 663 eutem
1370 609 1547 679 perhibentur
1557 609 1668 662 Sirenes
1683 609 1713 662 in
1726 607 1828 673 insulis,

201 699 280 741 eures
293 704 356 741 cere
369 688 486 742 obturari
501 688 597 755 jussit;
619 689 685 758 ipse,
700 705 763 742 cum
781 687 995 755 experimentum
1030 687 1096 755 quie
1108 686 1263 757 voluptates
1277 689 1335 742 sere
1349 704 1472 742 secessus
1490 697 1623 759 quaerunt,
1638 696 1723 758 etque
1741 687 1828 740 homi·

201 767 240 820 rei
255 767 344 820 fecere
360 766 449 831 vellet,
465 767 615 837 periculum
638 777 730 821 eutem
750 765 894 837 depellere,
916 767 995 819 seed
1030 775 1194 820 numcoetus
1208 783 1281 838 soepe
1292 766 1395 823 vitem:
1417 767 1544 822 Sirenum
1558 775 1652 820 entem
1666 774 1829 821 mntusom-

200 844 301 899 melum
322 848 399 900 nevis
420 846 528 917 alligari
550 845 643 908 voluit,
659 846 855 908 interminatus,
878 861 912 898 ne
935 847 995 916 quis
1029 844 1109 899 nibus
1122 845 1281 900 decantetur
1295 853 1344 910 est,
1358 847 1472 918 ejusque
1486 846 1622 917 pernicies
1637 855 1665 899 et
1684 846 1828 900 artificium

200 941 271 988 enm,
287 924 349 978 licet
369 934 488 993 rogetus,
507 925 640 979 solveret:
662 924 789 995 Orpheus
809 940 883 986 vero,
903 925 994 978 missis
1030 924 1152 979 varium:
1187 925 1280 996 itaque
1301 926 1450 996 interprete
1470 923 1530 979 brec
1549 941 1604 978 noo
1626 931 1719 994 egent
1761 924 1828 979 lllud

199 1003 354 1072 hujusmodi
376 1004 499 1069 vinculis,
513 1003 588 1058 clare
607 1021 673 1059 voce
691 1004 803 1059 deorum
823 1002 918 1057 leudes
932 1021 995 1057 ean·
1028 1004 1116 1073 magis
1133 1013 1244 1058 acutum
1263 1004 1296 1059 tle
1317 1006 1423 1059 ossibus
1441 1004 1525 1059 veluti
1544 1004 1624 1058 clivis
1642 1003 1798 1057 albentibus
1813 1022 1828 1058 e

200 1091 260 1137 tane
274 1082 309 1136 sd
322 1083 417 1152 lyram,
432 1101 511 1138 voces
525 1084 650 1138 Sirenum
665 1084 772 1148 retudit,
785 1091 812 1138 et
825 1090 904 1138 extra
914 1100 994 1137 omne
1028 1079 1178 1154 longinquo
1190 1084 1255 1138 visis
1267 1104 1274 1137 ε
1295 1100 1331 1138 ex
1349 1100 1405 1156 quo
1420 1083 1488 1138 illud
1506 1084 1688 1154 significatur,
1702 1083 1827 1153 exempla

200 1161 350 1232 periculum
364 1162 422 1217 luit.
1027 1160 1220 1227 calamitatum,
1235 1161 1299 1217 licet
1318 1162 1392 1217 clere
1409 1170 1437 1218 et
1454 1163 1610 1232 conspicua,
1625 1170 1725 1215 contn
1738 1161 1827 1232 volup-

239 1241 344 1296 Fabula
357 1241 391 1294 ad
405 1258 494 1296 mores
508 1242 630 1312 pertinet,
645 1248 726 1312 etque
747 1241 858 1295 minime
879 1240 994 1294 obscura
1027 1245 1111 1294 tatum
1139 1242 1304 1312 corruptelas
1331 1260 1386 1296 non
1409 1242 1524 1297 mulsum
1548 1242 1693 1312 proficere.
1737 1241 1827 1294 Restat

199 1337 272 1384 sene,
287 1337 337 1374 nec
351 1330 441 1375 tamen
451 1321 591 1392 inelegans
601 1320 852 1390 parabolavidetnr.
893 1318 993 1389 Volup
1027 1319 1060 1372 de
1080 1321 1207 1374 remediis
1225 1320 1363 1391 parabole,
1376 1338 1433 1376 non
1448 1322 1575 1377 absim
1590 1337 1624 1376 ea
1646 1319 1770 1392 quidem,
1784 1319 1827 1373 sed

199 1408 267 1454 tetes
281 1417 316 1454 ex
330 1401 409 1470 eopia
423 1417 513 1454 rerum
527 1417 559 1454 ec
577 1400 732 1463 affluentiae
753 1408 833 1469 atque
850 1416 885 1452 ex
899 1398 992 1452 hilari-
1027 1405 1117 1452 tamen
1132 1399 1249 1469 prudens
1263 1408 1291 1454 et
1304 1400 1412 1454 nobilis
1453 1400 1648 1470 Proponuntur
1670 1399 1748 1453 enim
1766 1399 1826 1453 mali

198 1487 254 1533 tete
275 1480 332 1533 eive
353 1478 518 1534 exultatione
539 1479 623 1533 animi
646 1479 823 1550 proveniunt:
851 1477 905 1531 illae
925 1477 992 1532 olim
1026 1485 1081 1532 tam
1095 1477 1194 1542 callidi,
1206 1487 1233 1532 et
1246 1487 1303 1534 tem
1315 1479 1435 1543 violenti,
1445 1480 1568 1533 remedia
1582 1480 1653 1534 tria:
1676 1479 1760 1533 duos
1773 1478 1826 1548 pbi

199 1558 295 1628 primis
317 1558 385 1628 ipsis
412 1558 549 1612 illecebris
574 1558 670 1622 subito,
692 1566 720 1613 et
745 1566 875 1628 tanquam
904 1556 990 1620 alatae,
1025 1555 1166 1625 loeophia;
1185 1559 1471 1630 tertiumereligione.
1512 1558 1603 1629 Atque
1614 1559 1727 1629 primus
1737 1558 1824 1629 effugii

198 1637 326 1692 mortales
346 1653 442 1707 rapere
464 1638 595 1692 solebant.
634 1638 764 1692 Doctrina
784 1647 875 1691 autem
892 1646 920 1689 et
933 1653 991 1689 eru-
1025 1636 1120 1689 modus
1140 1644 1187 1701 est,
1208 1647 1240 1691 ut
1261 1639 1322 1708 quis
1344 1638 1486 1708 principiis
1507 1638 1605 1700 obstet,
1628 1646 1717 1709 atque
1738 1653 1825 1691 omnes

197 1717 266 1771 ditio
279 1716 331 1771 hoe
345 1716 442 1770 saltem
456 1718 554 1780 effecit,
569 1724 598 1771 ut
611 1717 717 1771 enimus
735 1717 868 1770 humanus
883 1732 912 1768 se
926 1731 991 1769 non·
1025 1715 1187 1778 occasiones,
1198 1734 1258 1787 quoe
1269 1718 1391 1771 animum
1401 1724 1507 1771 tentare
1519 1725 1547 1771 et
1557 1718 1702 1771 solicitere
1716 1717 1823 1787 pooiet,

197 1795 268 1850 nihil
281 1795 416 1860 cohibeat,
430 1805 458 1850 et
472 1797 575 1851 exitum
593 1796 634 1850 rei
653 1813 745 1851 secum
758 1794 922 1865 perpendam
943 1796 991 1848 ita·
1025 1794 1119 1847 sedulo
1130 1795 1247 1849 devitet:
1267 1796 1296 1849 id
1309 1796 1381 1866 quod
1395 1796 1532 1851 obturatio
1551 1795 1601 1849 illa
1619 1797 1733 1850 aurium
1746 1795 1823 1849 deno·

198 1892 249 1945 que
277 1876 336 1930 ales
363 1875 548 1946 voluptatibus
576 1875 700 1930 detraxit.
750 1875 811 1928 Hoc
843 1881 934 1927 autem
961 1873 990 1927 in
1025 1880 1080 1936 tat3
1101 1881 1182 1944 atque
1202 1874 1254 1928 boc
1274 1875 1424 1932 remedium
1444 1874 1480 1929 ad
1499 1875 1607 1929 animos
1628 1876 1783 1929 mediocres
1801 1883 1826 1928 et

197 1954 339 2009 Musarum
352 1953 433 2008 decus
444 1963 471 2008 et
492 1954 622 2008 honorem
639 1954 779 2025 egregium
798 1954 897 2006 cessit:
918 1961 991 2022 post·
1025 1951 1146 2020 plebeios
1163 1954 1317 2009 necessario
1335 1955 1488 2018 adhibetur,
1502 1963 1637 2024 tanquam
1657 1955 1696 2008 ad
1716 1955 1824 2009 comites

198 2051 279 2103 quem
303 2034 375 2087 enim
397 2032 599 2104 philosophiam
620 2039 802 2102 contemptum
823 2031 990 2101 voluptatum
1026 2031 1140 2099 Ulyssis.
1182 2033 1274 2087 Animi
1287 2043 1378 2089 autem
1390 2034 1519 2089 celsiores
1535 2034 1620 2088 etiem
1636 2035 1743 2088 versari
1757 2035 1825 2087 inter

196 2111 323 2167 inducere
337 2128 417 2180 posse
430 2112 619 2166 nonnullorum
633 2112 760 2182 exemplo
773 2113 875 2181 patuit3
895 2110 989 2165 statim
1024 2111 1127 2164 medies
1148 2108 1300 2182 voluptates
1319 2113 1479 2184 mmontsi
1498 2113 1601 2167 decreti
1621 2114 1780 2167 constantia
1797 2129 1824 2166 se

196 2206 240 2245 res
266 2190 390 2245 sublimis
413 2190 473 2245 vise
499 2199 548 2256 est,
572 2208 633 2262 quea
659 2192 778 2244 animem
801 2190 882 2244 veluti
906 2190 991 2245 humo
1024 2190 1161 2245 munient:
1183 2192 1249 2261 quin
1264 2198 1293 2245 et
1306 2208 1354 2263 per
1367 2191 1428 2257 hoc,
1441 2192 1549 2247 vinctis
1567 2210 1628 2246 susa
1649 2193 1824 2263 experimen·

196 2270 307 2325 affixam
321 2268 426 2323 attollet
439 2277 467 2324 et
479 2269 585 2334 evehat,
604 2278 634 2325 et
653 2270 795 2324 hominum
812 2270 990 2341 cogitationes
1025 2275 1081 2322 tum
1092 2270 1181 2341 magis
1191 2271 1357 2341 exquisitum
1366 2287 1465 2341 capere
1476 2271 1614 2342 gaudent3
1638 2273 1727 2326 etiam
1737 2271 1826 2342 volup

196 2350 271 2419 (quie
292 2349 321 2403 in
334 2349 424 2418 capite
436 2349 544 2420 vigent)
558 2358 691 2419 pennatae
709 2357 738 2404 et
749 2348 834 2404 veluti
858 2348 990 2404 ethereas
1025 2355 1110 2402 tetum
1131 2349 1248 2419 ineptias
1270 2357 1298 2404 et
1320 2351 1440 2404 insanias
1462 2350 1629 2420 perdiscunt,
1650 2351 1747 2420 potins
1767 2367 1825 2404 ocn-

197 2427 288 2482 isciet.
329 2427 395 2482 Sola
415 2427 540 2483 Sirenum
557 2436 644 2484 meter
663 2429 803 2499 pedestris,
817 2435 845 2482 et
861 2428 921 2482 sine
937 2429 990 2483 aiis
1024 2425 1186 2497 templantes
1212 2445 1294 2499 quarn
1317 2430 1514 2502 obsequentes:
1548 2430 1624 2500 quod
1647 2438 1676 2484 et
1700 2430 1824 2485 seomoo

195 2506 309 2571 mensim
330 2523 364 2561 ee
376 2506 553 2578 proculdubio
559 2507 604 2562 nil
619 2509 692 2563 eliud
705 2515 752 2572 est,
764 2524 845 2579 quarn
860 2508 990 2562 doctrinae
1023 2505 1057 2559 de
1070 2524 1100 2562 se
1113 2508 1250 2576 professus
1264 2516 1312 2572 est,
1323 2526 1385 2563 cum
1398 2509 1633 2565 enumerationem
1644 2509 1823 2580 voluptatum,

195 2584 269 2640 leves
279 2586 353 2640 etad
363 2586 563 2654 jucunditatem
573 2587 876 2652 inventaetadhibite3
895 2586 989 2657 quales
1024 2586 1122 2656 quibus
1142 2586 1287 2651 diffluebat,
1302 2604 1336 2641 ee
1351 2589 1486 2643 mande
1503 2587 1630 2643 claudat:
1653 2595 1670 2620 “
1686 2589 1823 2660 Sapientia

194 2664 319 2720 videntur
330 2665 459 2721 Petronio
472 2665 514 2721 illi
530 2666 559 2721 in
573 2667 662 2737 pretio
675 2668 768 2731 fuisse,
782 2666 829 2737 qui
844 2673 989 2736 postquem
1024 2681 1130 2736 quoque
1153 2668 1336 2736 perseveravit
1358 2668 1491 2722 mecum.”
1541 2666 1641 2738 ltaque
1667 2667 1822 2744 hujusmodi

195 2745 357 2799 sententiam
379 2745 474 2800 mortis
493 2746 651 2817 accepisset,
664 2747 694 2801 in
713 2746 782 2817 ipsis
800 2747 876 2800 atriis
895 2747 989 2801 mortis
1023 2742 1121 2799 heroes
1135 2744 1207 2799 inter
1220 2746 1354 2801 maximas
1368 2747 1537 2818 voluptatum
1553 2745 1704 2802 illecebras
1724 2764 1754 2802 se
1773 2748 1822 2801 im·

194 2822 307 2880 delicias
320 2825 451 2896 qnaesivit,
465 2842 579 2896 cumque
600 2826 683 2880 etiam
702 2825 794 2879 literas
814 2825 842 2879 in
863 2824 989 2880 solatium
1023 2823 1138 2877 mobiles
1155 2834 1292 2893 praestare,
1312 2833 1394 2896 etque
1412 2827 1442 2880 in
1462 2826 1530 2896 ipsis
1546 2842 1643 2880 earum
1664 2827 1822 2898 praecipitiis

194 2901 324 2960 adhibere
346 2902 436 2969 vellet,
457 2903 497 2959 nil
522 2905 624 2977 (inquit
650 2903 773 2973 Tacitus)
795 2904 864 2976 legit
887 2921 988 2970 corum,
1023 2918 1052 2957 se
1066 2903 1198 2959 sustinere
1213 2912 1331 2976 queent3
1352 2914 1465 2971 tantum,
1480 2904 1515 2960 cd
1533 2904 1643 2975 Ulyssis
1657 2906 1822 2978 exemplem,

195 3000 256 3054 quse
269 2984 304 3039 ed
317 2984 496 3039 constantiam
515 2985 626 3051 iaciunt,
645 2986 694 3041 sed
711 2985 785 3040 leves
799 3002 903 3041 versus.
944 2985 989 3040 Ex
1023 2983 1174 3037 interdictis
1186 2984 1348 3054 perniciosis
1363 3003 1474 3039 suorum
1495 2986 1619 3039 consiliis
1634 2995 1663 3040 et
1677 2988 1822 3058 obsequiis,

195 3061 248 3117 boc
262 3079 362 3135 genere
376 3070 418 3118 est
430 3062 512 3119 illud:
1024 3079 1084 3132 quse
1097 3062 1217 3117 animum
1230 3064 1349 3118 maxime
1364 3065 1484 3120 omnium
1495 3064 1663 3119 labefactare
1678 3074 1708 3120 et
1721 3067 1822 3120 solvere

332 3166 852 3230 avim,mfflbmqumemu,‚
1024 3142 1135 3210 possint.
1176 3142 1431 3198 Praestantissimum
1455 3151 1546 3198 autem
1569 3143 1599 3197 in
1623 3146 1701 3199 omni
1726 3162 1822 3216 geom

333 3224 495 3293 Remumque
505 3240 588 3294 senum
597 3228 744 3309 severiorum,
1023 3228 1065 3274 eet
1085 3221 1234 3276 remedium
1255 3220 1374 3292 Orphei;
1396 3223 1443 3293 qui
1462 3223 1556 3277 leudes
1577 3223 1692 3279 deorum
1713 3232 1823 3279 tantm

937 3358 957 3391 ν·
1022 3379 1634 3436 „a

192 3419 231 3474 Et
243 3417 327 3476 fflud:
1637 3389 1748 3453 upum
1764 3398 1822 3437 Μ’

1023 3475 1069 3512 eus
1095 3475 1151 3513 non
1178 3466 1282 3514 tantum
1313 3467 1456 3531 potestate,
1483 3459 1533 3516 sed
1563 3460 1650 3517 etiem
1683 3464 1822 3526 mariae,

287 3538 303 3562 “
313 3536 374 3604 lora
384 3551 452 3606 mnes
462 3539 548 3597 norint,
557 3539 645 3600 etquid
654 3542 685 3588 sit
694 3541 775 3602 hique
785 3542 897 3602 nctesque
1023 3544 1160 3608 superent.

285 3593 410 3656 loquerent
420 3602 504 3657 huten,
515 3596 640 3659 lepusque
649 3600 760 3648 examina
769 3602 888 3649 unentJ'

649 4101 864 4183 Nova
923 4086 1360 4191 Arenaria.

767 4320 884 4385 OPUS
909 4323 1255 4392 IMPERFEOTUM.

899 4567 1064 4626 LECTORI
1086 4572 1115 4627 S.

231 4719 371 4775 Fauonii«
387 4720 461 4776 hanc
480 4724 580 4792 (Novae
591 4722 750 4796 Atlantidis)
769 4742 803 4781 eo
815 4727 906 4782 animo
918 4730 1032 4784 confixit
1044 4730 1271 4785 honoratissimus
1284 4736 1383 4795 auctor,
1399 4738 1430 4785 ut
1443 4730 1473 4785 in
1486 4747 1519 4786 ee
1533 4728 1675 4786 modulum
1691 4733 1823 4804 quendem

190 4804 219 4852 et
238 4798 448 4869 descriptionem
467 4803 584 4875 collegii,
603 4804 638 4858 ad
657 4806 907 4877 interpretationem
923 4816 1036 4871 neturae,
1057 4818 1085 4862 et
1104 4826 1217 4879 operum
1236 4810 1449 4881 magnitudinem
1469 4828 1501 4865 ec
1522 4810 1686 4881 potentiam,
1701 4812 1824 4873 instituti,

190 4876 348 4933 exhiberet:
376 4880 458 4951 idque
476 4884 585 4937 nomine
604 4883 708 4939 Domus
727 4885 888 4949 Salomonis,
907 4888 965 4940 eive
982 4887 1100 4957 collegii
1122 4906 1234 4958 operum
1255 4906 1304 4944 sex
1318 4890 1431 4954 dierum,
1444 4889 1598 4960 insigniret.
1640 4889 1733 4962 Atque
1746 4907 1824 4945 eous·

192 4973 244 5027 que
266 4960 399 5014 sermonis
421 4960 496 5015 iilum
517 4963 651 5032 produxit,
673 4964 758 5018 donec
780 4965 832 5019 hoc
852 4967 1003 5021 conficeret.
1059 4966 1194 5032 Modulus,
1216 4969 1309 5032 fateor,
1329 4985 1379 5037 pro
1405 4984 1480 5023 more
1500 4970 1629 5038 poetices,
1651 4970 1782 5040 grandior
1799 4978 1824 5023 et

190 5036 289 5090 celsim
308 5045 357 5102 eet,
380 5055 461 5108 quam
475 5042 522 5112 qui
536 5042 564 5094 in
576 5042 701 5097 omnibus
715 5044 862 5097 imitationi
876 5053 982 5114 pateat,
1004 5038 1180 5101 veruntamen
1199 5048 1226 5100 in
1237 5048 1373 5119 plerisque
1392 5046 1526 5101 industrie
1539 5047 1682 5101 hominum
1697 5050 1749 5102 sibi
1772 5066 1825 5102 non

190 5114 302 5170 diffidat
358 5117 390 5171 In
412 5120 504 5172 animo
522 5121 605 5174 etiam
629 5119 732 5187 hebuit,
753 5123 806 5177 hee
826 5124 934 5193 ipsein
956 5124 1055 5189 fabule,
1076 5124 1175 5182 librum
1203 5132 1218 5158 “
1237 5126 1279 5180 De
1299 5126 1428 5197 Legn'bus,
1449 5127 1506 5181 sive
1527 5126 1561 5180 de
1581 5127 1688 5196 optimo
1707 5128 1824 5181 civitatis

190 5196 287 5259 statu,'’
310 5213 453 5252 exarasse:
474 5199 521 5252 sed
535 5216 597 5253 cum
619 5215 687 5268 opus
700 5200 752 5254 hoc
766 5201 903 5272 prolixum
918 5203 1037 5258 futurum
1050 5208 1224 5274 previderet,
1245 5221 1351 5260 necnon
1369 5203 1491 5260 historiae
1503 5206 1637 5260 namralis
1656 5204 1824 5275 colligenda,

190 5271 359 5344 aliarumque
379 5281 395 5307 “
411 5276 641 5331 instaurationis”
663 5280 779 5347 partium
797 5283 1029 5337 contexendarum
1051 5286 1131 5355 (quas
1150 5285 1231 5357 longe
1246 5285 1364 5356 potiores
1378 5284 1470 5355 duxit)
1488 5284 1626 5339 desiderio
1640 5285 1822 5355 abriperetur,

191 5349 237 5403 liic
252 5353 349 5419 pedem
363 5355 431 5409 fixit
474 5356 543 5411 Haec
557 5355 641 5410 hebui
656 5357 685 5410 in
700 5359 833 5413 mandatis
842 5384 849 5426 3
871 5360 942 5432 lege,
957 5370 984 5417 et
998 5362 1066 5417 vale.

1485 5441 1587 5497 GUIL.
1610 5438 1781 5497 sawaai'.
