3800 5875
704 310 896 368 coartare
917 311 967 367 ΕΤ
988 312 1085 369 visa.
1648 312 1706 369 639

70 468 165 537 iastar,
174 470 258 526 duras
267 471 393 527 senmbns
404 470 548 526 hominum
558 470 687 526 amedera
699 486 812 527 neeesse
821 481 872 537 est,
910 470 1067 526 discrimine
1090 470 1245 526 incredulos
1268 486 1329 527 esse
1351 485 1465 526 summa
1488 470 1525 526 sit
1547 470 1708 543 imperitiae

70 550 139 605 oriri
158 551 308 621 aliqnando
320 566 409 622 posse,
423 550 472 604 sed
485 550 542 605 iere
556 567 612 606 nou
630 549 718 604 multo
730 559 793 620 post
806 552 873 622 (nisi
911 550 999 605 visrrm
1012 558 1102 605 umen
1116 556 1158 606 est
1176 551 1211 616 ei,
1225 549 1347 606 veritatis
1360 550 1464 605 aditum
1482 567 1532 620 per
1551 551 1709 620 huiusmodi

69 630 193 685 evidenti
208 638 236 684 et
248 631 395 685 excellenti
409 629 526 685 utilitate
537 629 755 685 demonstrentur
764 637 793 685 et
800 647 873 684 com·
910 638 1065 684 commenta
1078 629 1252 685 interclusum
1262 639 1308 684 aut
1317 636 1390 685 certe
1399 637 1533 685 arctatum
1543 630 1708 702 jampridem

70 710 243 773 mendentur,
258 710 330 782 quod
343 709 398 764 hue
412 724 497 780 uque
510 709 614 764 lactum
627 711 752 778 nonest)
767 709 872 780 opinio·
910 724 979 773 esse,
993 717 1022 763 et
1035 709 1162 764 vanitatis
1175 725 1305 765 excessus
1318 708 1402 765 etiam
1415 725 1488 765 nune
1501 726 1611 765 omnem
1629 728 1708 783 mag·

70 806 140 843 num
152 789 307 860 vulgan‘um
321 789 409 843 ventis
423 789 523 859 agitari
537 797 565 843 et
583 788 738 859 exstinguir
761 790 830 843 adeo
841 797 873 844 ut
910 789 1097 843 nanimitatem
1112 789 1260 844 destruere.

69 877 189 939 tempus,
211 880 341 939 tanquam
364 869 470 932 fluvius,
491 868 563 922 lesia
590 875 619 922 et
645 868 739 922 indata
762 868 871 934 vehere,
951 867 1091 938 Cogitavit
1102 876 1130 923 et
1144 867 1224 933 illud,
1245 867 1360 937 reperiri
1373 867 1402 922 in
1422 868 1514 923 animo
1531 867 1708 925 humanoiu·

71 950 168 1018 mavia
181 956 208 1002 et
222 947 309 1003 solida
323 964 446 1019 mergere
460 948 638 1003 consueverit.
680 946 775 1001 Visum
790 957 831 1002 est
844 948 871 1002 ei
910 944 1085 1002 clinationem
1099 947 1237 1018 quandam
1250 965 1268 1001 a
1281 955 1378 1002 natura
1391 948 1512 1012 insitam,
1526 956 1553 1003 et
1567 948 1709 1005 homiuum

72 1029 166 1098 itaque
180 1027 377 1098 impedimenta
392 1025 514 1082 melioris
528 1027 703 1082 scientiarum
717 1034 803 1081 status
816 1043 871 1081 uon
910 1025 1038 1095 opinione
1056 1034 1085 1080 et
1104 1026 1251 1098 disciplina
1268 1025 1401 1081 nonnulla
1420 1027 1627 1092 corroboratam,
1646 1045 1708 1099 quae

72 1114 178 1161 tantum
198 1115 312 1162 externa
336 1114 363 1160 et
383 1107 539 1173 adventitia,
553 1106 601 1162 sed
622 1114 651 1161 et
671 1107 765 1161 innata
787 1114 815 1161 et
835 1123 872 1161 ex
910 1105 1043 1159 naturalis
1056 1104 1247 1176 philosophia,
1261 1106 1357 1160 actirre
1370 1105 1499 1161 nimimm
1512 1115 1541 1161 et
1553 1109 1708 1177 operativae,

72 1186 141 1256 ipsis
154 1187 281 1241 sensibus
295 1187 393 1241 hausta
406 1202 476 1240 esse.
910 1199 1070 1254 progressus
1097 1193 1232 1239 remorata
1259 1185 1295 1240 sit
1319 1193 1347 1239 et
1373 1186 1510 1240 averterit.
1549 1186 1619 1240 Eam
1645 1204 1707 1242 esse

111 1265 252 1337 Cogitavit
262 1274 289 1320 et
299 1265 380 1329 illud;
391 1264 625 1319 etismrerborum
637 1271 762 1318 naturam
771 1280 870 1335 ragam
909 1262 1065 1333 opinionem
1087 1265 1146 1319 eise
1164 1264 1373 1319 estimationem
1393 1264 1533 1319 htunidam
1546 1271 1575 1319 et
1591 1265 1707 1320 &mno-

71 1352 99 1399 et
112 1341 187 1398 male
201 1346 373 1399 terminatam
380 1344 531 1399 intellectui
544 1343 685 1398 hominurn
701 1342 827 1409 illudere,
842 1352 872 1397 et
909 1357 975 1406 sam,
991 1343 1076 1397 minui
1086 1360 1185 1415 nempe
1199 1344 1370 1413 majestatem
1383 1344 1481 1398 mentia
1491 1344 1625 1409 humanae,
1640 1346 1708 1402 siin

72 1425 129 1478 lere
143 1425 200 1478 rim
215 1426 321 1480 lacere:
343 1424 427 1479 rerba
440 1425 514 1479 enim
528 1430 602 1477 certa
621 1430 749 1494 tanquam
767 1424 871 1478 numis-
909 1422 1104 1492 experimentis
1125 1431 1154 1478 et
1179 1424 1261 1479 reboo
1287 1423 1504 1494 particularibus,
1526 1425 1619 1479 sensui
1643 1427 1708 1479 sub·

71 1512 145 1557 mata
172 1520 242 1568 esse,
266 1521 327 1575 qum
350 1503 425 1575 vulgi
452 1503 602 1573 imaginem
630 1510 658 1556 et
685 1502 870 1573 principatum
906 1500 995 1569 jectis,
1005 1510 1033 1556 et
1046 1504 1074 1556 in
1089 1502 1203 1557 materia
1216 1502 1376 1566 terminatis,
1387 1503 1434 1558 diu
1447 1520 1480 1556 ac
1491 1503 1605 1558 multum
1618 1521 1708 1559 verse·

71 1592 281 1654 representent:
311 1581 361 1638 illa
387 1582 521 1654 siquidem
548 1582 696 1636 amandum
724 1582 871 1652 populares
909 1587 972 1635 tur:
992 1582 1143 1650 presertim
1156 1600 1218 1637 cum
1232 1582 1386 1651 hujusmodi
1401 1599 1446 1637 res
1464 1583 1499 1636 ad
1517 1583 1707 1654 inquirendum

71 1665 197 1716 oenones
221 1670 251 1715 et
274 1680 363 1718 rerum
390 1663 561 1733 acceptiones
590 1664 664 1731 (quta
689 1661 812 1715 maxima
835 1678 872 1716 ex
909 1659 1059 1725 laboriosae,
1079 1661 1115 1716 ad
1134 1662 1319 1717 meditandum
1337 1661 1481 1732 ignobiles,
1503 1662 1539 1715 ad
1562 1663 1707 1719 dicendum

72 1750 147 1811 parte
162 1758 286 1796 mroncae
298 1750 360 1796 sunt
373 1750 401 1796 et
419 1741 630 1808 confusissime)
648 1741 741 1795 omnia
759 1756 871 1811 compo·
909 1754 1022 1808 asperae,
1037 1740 1071 1793 ad
1082 1741 1232 1811 practicam
1245 1740 1403 1806 illiberales,
1417 1756 1532 1796 numero
1542 1742 1663 1807 infinitae,
1678 1750 1707 1797 et

71 1837 135 1875 nere
149 1828 179 1875 et
192 1821 331 1885 dividerc;
352 1827 382 1875 ot
396 1821 479 1875 etiam
498 1821 700 1884 intumescam
720 1818 796 1890 loqui
814 1821 870 1874 dis·
909 1818 1057 1873 subtilitate
1081 1819 1188 1889 pusilla
1206 1821 1291 1875 rideri
1313 1819 1425 1884 soleant,
1445 1828 1474 1875 et
1492 1821 1528 1876 ob
1549 1820 1707 1890 hujusmodi

71 1909 142 1964 cunt,
148 1900 289 1955 infelicem
303 1918 425 1955 errorum
437 1898 561 1953 cabalam
576 1898 686 1953 haurire
701 1906 729 1952 et
738 1899 871 1953 imbibere
909 1898 1079 1952 conditiones
1092 1898 1187 1971 glorius
1199 1900 1297 1954 artium
1312 1901 1401 1954 miuus
1414 1900 1470 1954 sint
1487 1901 1706 1957 accommodatae.

71 1988 213 2050 rogantur.
257 1979 297 2033 dc
325 1979 390 2034 licet
415 1979 595 2049 sapientiores
622 1984 651 2031 et
678 1979 812 2033 doctiores
841 1995 871 2033 se
909 1975 997 2037 Quam
1021 1978 1185 2049 opinionem,
1205 1979 1262 2034 sive
1286 1979 1371 2034 animi
1395 1979 1610 2049 dispositionem,
1634 1980 1707 2035 sires

70 2059 154 2113 variis
176 2059 284 2113 artibus
304 2059 340 2113 ab
360 2059 411 2113 hac
429 2059 559 2113 servitute
575 2056 714 2112 vindicare
731 2065 871 2123 conentur,
909 2056 1045 2111 maximas
1057 2059 1206 2129 sumpsisse
1225 2075 1262 2113 ex
1275 2058 1323 2112 illa
1337 2058 1425 2113 altera
1442 2059 1569 2129 opinione
1587 2058 1659 2114 elata
1678 2068 1707 2114 et

69 2153 140 2191 nova
153 2137 290 2192 vocabula
303 2139 438 2209 lingendo,
453 2137 524 2210 quod
538 2138 643 2201 durum,
658 2144 686 2191 et
699 2136 871 2192 definitiones
909 2137 1115 2203 commentitiar
1143 2154 1198 2209 qus
1218 2138 1319 2192 veritas
1345 2137 1473 2193 humanae
1497 2139 1600 2193 mentis
1620 2139 1707 2194 veluti

68 2216 279 2287 interponendo,
292 2217 364 2288 quod
378 2217 523 2273 molestum
538 2226 587 2282 est,
604 2214 687 2270 nullis
701 2224 792 2270 tamen
806 2217 871 2270 riri-
909 2213 1049 2286 indigena,
1063 2232 1114 2271 nec
1127 2217 1238 2272 aliunde
1252 2218 1452 2289 commigrasse
1473 2225 1503 2273 et
1517 2234 1614 2273 sensns
1627 2218 1707 2274 intei-

68 2296 119 2350 bns
140 2298 242 2367 jugum
265 2306 392 2352 excutere
412 2313 500 2368 posse,
518 2297 583 2368 quin
606 2295 720 2350 infinitis
738 2295 821 2350 etiarn
841 2296 871 2350 in
909 2292 1010 2349 lectum
1022 2296 1112 2366 magis
1132 2297 1261 2361 excitare,
1275 2314 1357 2368 quam
1367 2297 1514 2351 informare
1528 2298 1707 2355 asserebatur.

66 2377 239 2430 acutissimis
263 2376 489 2447 disputationibus
512 2375 703 2430 controversias
726 2375 760 2429 de
782 2375 872 2430 serbis
909 2374 1008 2445 Neque
1030 2382 1121 2429 tamen
1144 2392 1262 2431 errorem
1283 2376 1365 2441 hunc,
1380 2383 1409 2431 et
1429 2377 1530 2431 mentis
1552 2377 1588 2446 (si
1612 2395 1707 2433 rernm

64 2464 241 2519 moveantur,
262 2463 292 2509 et
314 2457 386 2526 quod
409 2456 498 2510 multo
518 2454 636 2508 deterius
657 2462 707 2517 est,
721 2454 782 2509 istra
802 2455 871 2525 ipsa
909 2469 1010 2508 nornen
1024 2458 1172 2525 queratur)
1187 2455 1380 2510 alienationem
1397 2456 1433 2509 ab
1448 2456 1483 2510 iis
1499 2455 1554 2511 ulla
1574 2473 1610 2511 ex
1630 2468 1707 2528 parte

66 2551 162 2604 pravae
176 2535 323 2589 rerbomrn
337 2536 485 2606 signaturis
498 2534 581 2588 etiam
599 2533 628 2586 iu
648 2541 767 2588 mentem
781 2534 872 2588 radios
909 2540 1066 2598 correctam,
1082 2534 1128 2605 qui
1142 2535 1233 2589 sensui
1248 2535 1360 2599 debitas,
1375 2535 1405 2589 id
1425 2543 1475 2599 est,
1491 2536 1594 2606 primas
1614 2544 1708 2607 partes

66 2630 132 2667 suos
145 2624 176 2668 et
190 2614 388 2684 impressiones
406 2615 562 2675 reflectantr
584 2629 635 2667 nec
650 2620 754 2667 nutum
774 2613 803 2668 iu
817 2629 871 2667 ser-
911 2611 1071 2667 tribuerunt.
1113 2613 1184 2674 Quin
1198 2623 1227 2668 et
1245 2612 1297 2667 hos
1318 2632 1425 2686 quoque
1439 2613 1567 2685 exemplo
1586 2623 1614 2670 et
1636 2616 1708 2670 iacto

67 2709 149 2747 mone
174 2693 308 2756 molestas,
322 2693 369 2748 sed
389 2694 472 2747 etiarn
492 2693 595 2761 judicio
616 2701 644 2747 et
663 2692 814 2747 intellectui
832 2694 872 2746 in·
910 2707 968 2755 suo,
990 2691 1084 2746 relicta
1107 2709 1218 2763 prorsus
1240 2693 1357 2747 naturali
1379 2694 1500 2757 historia,
1522 2702 1551 2748 et
1572 2695 1708 2751 mundans

67 2772 148 2827 iestis
177 2780 252 2827 sunt.
298 2772 394 2844 ltaque
420 2773 508 2827 risum
529 2780 571 2827 est
598 2773 631 2837 ei,
655 2772 726 2826 inter
753 2772 873 2827 internas
910 2770 1153 2840 perambulatione,
1164 2773 1291 2827 omniain
1302 2773 1405 2845 ingenii
1414 2774 1561 2844 agitatione
1575 2775 1707 2844 posuisse,

66 2867 167 2904 musas
189 2868 314 2906 errorum
334 2851 405 2906 hanc
426 2852 564 2923 ipsamet
582 2868 693 2924 gravem
707 2867 772 2905 sane
786 2859 814 2905 et
833 2853 872 2907 iu·
911 2858 937 2903 et
957 2851 1028 2905 inter
1047 2852 1211 2922 opacissima
1228 2853 1328 2908 mentis
1344 2852 1426 2916 idola,
1439 2852 1490 2907 sub
1504 2853 1628 2923 specioso
1642 2870 1707 2908 con·

65 2932 183 2986 noriam
197 2948 312 3002 ponere.
911 2929 1094 3001 templationis
1114 2940 1143 2986 et
1164 2932 1337 2987 rationalium
1351 2932 1468 2999 nomine,
1483 2940 1615 3003 perpetuo
1629 2932 1706 2989 volu-

106 3011 254 3082 Cogitarit
267 3020 295 3066 et
311 3010 394 3076 illud;
409 3019 679 3082 pratercommunes
699 3010 873 3066 scientiamm
912 3018 993 3065 tasse.
1021 3010 1206 3072 Quarevisum
1215 3019 1259 3066 est
1268 3012 1303 3076 ei,
1312 3012 1383 3067 istud
1396 3029 1487 3067 rerum
1501 3013 1708 3083 particularium

66 3101 94 3144 et
104 3090 295 3144 doctrinarum
303 3091 483 3154 diillcultates,
492 3089 698 3162 philosophiam
708 3091 871 3154 naturalem,
910 3090 1054 3159 repudium
1076 3100 1105 3146 et
1127 3091 1273 3147 divortium
1297 3092 1389 3147 omnia
1409 3092 1440 3148 in
1461 3091 1567 3147 familia
1587 3092 1709 3148 bumana

65 3171 226 3240 praesertim
240 3171 356 3224 audeam
371 3179 399 3225 et
411 3172 588 3240 operatium,
597 3172 680 3227 etiam
694 3169 749 3225 alia
762 3170 873 3240 propria
911 3170 1040 3224 turbasse.

65 3250 173 3304 babere
193 3250 356 3320 prejudicia
375 3256 404 3304 et
421 3251 627 3321 impedimenta.
668 3252 733 3305 Non
757 3266 870 3320 parram
951 3247 1089 3320 Cogitavit
1102 3249 1224 3315 etillud3
1238 3266 1293 3304 noo
1307 3251 1580 3323 tantumexiiaque
1590 3251 1706 3319 obstant,

66 3329 142 3382 enim
169 3329 385 3383 existimationis
409 3330 544 3398 jacturam
563 3339 591 3385 et
615 3330 678 3385 fidei
702 3329 801 3384 fecisse
824 3344 873 3399 per
911 3329 1093 3396 conjecturam
1105 3329 1284 3399 capiendam3
1299 3329 1442 3386 lieriemm
1452 3346 1541 3401 posse,
1551 3339 1582 3386 ut
1594 3330 1708 3388 humani

65 3409 203 3479 maedam
218 3417 407 3478 procuratores
420 3426 491 3475 snos,
506 3410 580 3465 leves
595 3418 622 3464 et
639 3426 731 3473 vanos,
747 3408 793 3479 qui
808 3424 871 3478 par·
911 3409 1019 3477 generis
1033 3409 1141 3463 fortuna
1154 3410 1220 3464 istas
1235 3409 1416 3475 difficultates,
1430 3418 1459 3464 et
1473 3409 1581 3465 vincula
1600 3411 1707 3481 perire-

63 3490 117 3541 tiar
136 3504 177 3541 ex
190 3486 361 3552 credulitate,
376 3489 475 3559 partim
495 3506 532 3545 ex
549 3490 707 3559 impostura,
722 3488 872 3542 humanum
911 3488 983 3558 gerit
1010 3496 1039 3541 ct
1060 3490 1237 3559 superaverit.
1288 3489 1384 3560 itaque
1411 3489 1479 3545 illud
1505 3490 1651 3545 videndum
1674 3507 1707 3545 ac

64 3583 156 3636 genus
186 3567 331 3637 promissis
359 3577 509 3632 oneramnt,
536 3569 599 3623 riter
628 3566 871 3639 prolongationem,
911 3567 1020 3636 penitus
1040 3567 1290 3637 introspiciendum,
1305 3568 1393 3638 qualis
1413 3570 1450 3624 sit
1469 3586 1503 3624 ea
1522 3569 1707 3641 philosophis,

63 3648 221 3700 oeneetutm
235 3647 455 3710 retardationem,
471 3648 593 3702 dolorum
608 3647 779 3709 levationem,
791 3653 871 3701 natu·
911 3662 973 3716 quea
987 3655 1097 3718 recepta
1111 3648 1154 3712 sit,
1172 3655 1220 3702 aut
1233 3647 1287 3701 alia
1302 3649 1438 3719 quispiam
1451 3665 1488 3703 ex
1502 3649 1630 3719 antiquis,
1646 3667 1708 3720 quta

64 3725 168 3780 mlium
179 3724 334 3780 defectuum
344 3727 549 3797 reparationem,
555 3743 684 3782 sensuum
692 3725 871 3795 deceptiones,
910 3726 996 3779 instar
1010 3725 1109 3781 tabulae
1119 3727 1254 3797 naufragii
1270 3727 1304 3781 ad
1318 3727 1409 3782 littora
1421 3736 1515 3783 nostra
1527 3727 1646 3798 impulsa
1659 3730 1706 3783 sit.

63 3806 220 3859 affectuum
234 3804 381 3874 ligationes
400 3813 428 3860 et
447 3804 627 3871 incitationes,
647 3804 872 3859 intellectualium
911 3805 1001 3874 Atque
1024 3806 1137 3870 invenit,
1164 3805 1370 3878 philosophiam
1397 3807 1556 3870 naturalem,
1581 3824 1663 3878 quam
1690 3824 1708 3861 a

63 3882 230 3937 facultatum
237 3883 458 3949 illuminationes,
467 3884 653 3950 exaltationes,
661 3884 872 3941 substantiarum
912 3884 1016 3940 Graecis
1026 3886 1190 3956 accepimus,
1204 3886 1351 3956 pueritiam
1365 3886 1501 3957 quandam
1514 3887 1637 3942 scientiae
1647 3904 1708 3941 een-

62 3963 318 4027 tmsmutationes,
343 3973 463 4019 motuum
483 3965 516 4018 ad
538 3965 646 4020 libitum
671 3963 873 4035 multiplicatio
911 3964 981 4017 seri:
1002 3973 1084 4035 atque
1098 3964 1200 4019 habere
1213 3964 1242 4019 id
1255 3965 1328 4036 quod
1343 3966 1481 4036 proprium
1498 3982 1643 4036 pueronrm
1656 3973 1707 4032 est,

62 4059 125 4107 aes,
136 4040 213 4096 alitis
227 4043 421 4112 impressiones
434 4052 462 4098 et
471 4043 655 4108 alterationes,
667 4061 757 4098 rerum
771 4044 873 4097 lutura·
912 4050 941 4095 ut
950 4042 985 4096 ad
999 4043 1174 4114 garriendum
1188 4053 1321 4115 prompta,
1331 4044 1366 4098 ad
1380 4045 1564 4116 generandum
1575 4045 1708 4101 inhabilis

62 4139 129 4176 rom
154 4121 345 4186 divinationes,
366 4131 533 4179 remotarum
553 4123 815 4194 mpraeaeotationes,
829 4138 873 4176 oc·
911 4129 939 4175 et
962 4122 1108 4178 immatura
1129 4125 1174 4178 sit.
1215 4123 1308 4191 Hujus
1331 4131 1421 4179 autem
1443 4122 1628 4195 philosophice
1648 4126 1708 4194 jam

62 4200 208 4256 cultarum
222 4200 407 4266 revelationes,
422 4209 450 4256 et
463 4203 519 4257 alia
532 4201 672 4273 complura
687 4202 871 4272 pollicitando.
911 4218 1045 4256 consemu
1059 4203 1211 4273 principem
1224 4202 1409 4268 Aristotelem,
1424 4204 1524 4258 intacta
1538 4204 1595 4259 iere
1609 4221 1641 4258 sc
1654 4205 1709 4260 iili-

65 4280 177 4333 Verum
201 4279 236 4333 de
259 4280 320 4336 istis
343 4280 519 4355 largitoribus
543 4283 657 4352 opinari,
679 4298 733 4335 non
757 4281 872 4336 multum
911 4282 974 4334 bata
987 4288 1091 4347 natura,
1103 4282 1131 4336 in
1143 4282 1332 4336 communibus
1345 4283 1507 4348 notionibus,
1518 4294 1600 4355 atque
1613 4301 1708 4340 earum

63 4359 271 4422 aberraturum,
286 4360 332 4430 qui
345 4360 499 4416 istiusmodi
511 4362 643 4430 judicium
658 4362 762 4417 fecerit.
798 4361 872 4416 Tan·
911 4361 984 4415 inter
1005 4378 1035 4415 sc
1056 4362 1266 4432 comparatione,
1279 4361 1428 4427 collisione,
1442 4371 1470 4417 et
1490 4363 1653 4428 reductione,
1668 4365 1708 4417 in-

64 4449 129 4491 turn
156 4438 288 4492 nimirum
314 4440 444 4494 iuteresse
472 4441 545 4495 inter
567 4441 665 4496 horam
685 4441 819 4495 sanitates
844 4447 873 4493 et
910 4440 1013 4495 utiliter
1026 4450 1163 4495 versatum
1178 4457 1246 4496 esse.
1278 4441 1375 4512 Neque
1386 4458 1452 4496 sanc
1467 4443 1614 4513 quicquam
1628 4440 1707 4498 solidi

62 4511 149 4571 seras
170 4526 245 4571 artes
265 4518 295 4571 iu
315 4517 502 4590 philosophia,
520 4527 650 4591 quautam
669 4520 779 4574 intersit
800 4520 873 4574 inter
910 4520 945 4572 ab
960 4537 994 4574 eo
1007 4521 1119 4591 sperari,
1134 4522 1180 4591 qui
1198 4521 1280 4575 etiam
1302 4520 1431 4576 mundum
1445 4538 1461 4576 e
1475 4523 1622 4593 categoriis
1643 4524 1708 4578 effe·

62 4595 259 4667 pognasJulii
274 4597 449 4652 emmeant
462 4598 627 4664 Alexandri3
643 4608 672 4653 et
688 4615 781 4654 rursus
792 4599 872 4653 Ama·
910 4600 985 4654 uerit.
1027 4600 1129 4655 Parum
1142 4600 1216 4654 enim
1230 4601 1468 4663 iuteresse,utrum
1482 4603 1544 4673 quis
1557 4602 1706 4666 materiam,

61 4676 133 4729 dieii
148 4692 188 4730 ex
202 4675 301 4740 Gallia,
313 4685 360 4731 aut
369 4676 482 4732 Arthuri
497 4696 533 4733 ex
543 4679 694 4742 Britannia,
704 4680 733 4731 in
747 4677 870 4733 historia.
912 4679 1033 4744 turmam,
1048 4688 1075 4733 et
1088 4680 1275 4750 privationem,
1290 4696 1325 4734 an
1339 4680 1527 4744 substantiam,
1539 4680 1707 4752 qualitatem,

63 4755 188 4809 Constat
207 4756 281 4810 euim
299 4756 466 4811 clarissimos
487 4757 550 4813 illos
567 4759 745 4829 imperatores
765 4758 870 4826 majora
910 4768 937 4810 et
950 4757 1109 4813 relationem
1124 4758 1258 4829 principia
1271 4775 1362 4813 rerum
1375 4761 1512 4830 posuerit:
1535 4777 1628 4814 verum
1646 4760 1708 4815 istis

62 4850 167 4889 resera
199 4834 370 4904 prestitisse,
398 4853 480 4906 quam
510 4836 671 4893 umbratiles
698 4836 744 4891 isti
771 4835 870 4891 herois
910 4838 1080 4893 sermonibus
1100 4838 1269 4908 supersederi
1290 4847 1423 4908 oportere.
1463 4840 1537 4895 Nam
1560 4848 1588 4893 et
1605 4839 1707 4907 jartam

62 4913 170 4968 iecisse
182 4914 332 4983 linguatum
346 4913 394 4969 sed
404 4915 492 4970 modis
502 4924 531 4970 et
541 4917 593 4970 viis
605 4917 744 4970 actionum
759 4916 871 4971 minime
910 4916 1126 4971 confutationum
1139 4917 1279 4972 instituere
1301 4921 1375 4987 (cum
1394 4936 1482 4990 neque
1503 4919 1536 4973 de
1557 4917 1707 4988 principiis,

61 4991 203 5046 fabulosis
223 5001 251 5046 et
275 4993 449 5064 prodigiosis.
492 4995 588 5067 ltaque
605 5012 713 5065 requam
733 5010 788 5048 noo
812 5011 871 5049 esse
910 5012 961 5049 nee
975 4996 1009 5049 de
1023 4995 1282 5052 demonstrationum
1300 4998 1388 5052 modis
1400 4999 1556 5066 conveniat)
1568 4997 1708 5052 immemo-

61 5071 152 5126 tidem
168 5087 241 5126 verse
265 5073 404 5128 memorias
422 5074 563 5145 derogare,
578 5077 642 5146 quia
664 5074 714 5127 illa
735 5091 752 5127 a
772 5073 872 5128 tabulis
911 5075 948 5128 ris
969 5091 1039 5130 esse.
1081 5076 1117 5129 Et
1130 5092 1224 5130 rursus
1238 5076 1385 5142 hominem,
1400 5086 1504 5132 tantam
1518 5076 1708 5131 auctoritatem

60 5150 235 5222 quandoque
262 5149 329 5207 lrsss
352 5158 380 5206 et
402 5152 504 5207 violata
527 5155 572 5208 sit.
612 5154 687 5208 Nam
712 5153 871 5208 lxioneme
911 5163 939 5208 et
967 5153 1024 5209 iere
1051 5154 1214 5210 dictaturam
1238 5157 1267 5210 in
1293 5155 1470 5227 philosophia
1493 5156 1630 5225 adeptum,
1658 5172 1708 5226 per

59 5229 141 5284 nube
169 5228 330 5295 Centauros,
353 5247 405 5285 nec
431 5232 494 5286 ideo
521 5233 612 5288 minus
639 5231 735 5287 Jorern
764 5249 780 5287 e
806 5248 872 5287 rere
911 5233 1023 5287 satiram
1043 5235 1243 5306 praestringere,
1258 5234 1344 5290 levius
1365 5252 1415 5306 pro
1428 5235 1559 5305 dignitate
1573 5237 1708 5291 sermonis

60 5309 180 5365 Juuone
196 5308 296 5364 Heben
310 5316 338 5364 et
350 5309 512 5374 Vulcanum,
532 5313 644 5366 virttrtes
662 5311 766 5366 scilicet
785 5311 871 5368 admi-
911 5312 1036 5377 instituti,
1051 5320 1183 5368 ettamen
1197 5315 1347 5384 superbum
1362 5315 1428 5368 iore.
1470 5314 1553 5368 illum
1567 5330 1632 5368 sane
1647 5314 1707 5367 dia-

60 5388 170 5443 rsndas
190 5394 219 5441 et
239 5388 353 5454 divinas,
367 5397 474 5445 nature
491 5397 519 5445 et
538 5391 612 5454 artis,
627 5391 764 5463 genuisse.
805 5392 872 5453 Quas
910 5390 1015 5446 lecticis
1028 5393 1187 5457 rationibus,
1202 5402 1296 5464 utpote
1315 5409 1333 5445 a
1349 5410 1379 5447 se
1399 5393 1484 5464 (qood
1501 5393 1562 5464 ipse
1581 5391 1708 5450 licentius

61 5469 132 5524 lieet
152 5483 220 5522 sera
238 5469 446 5539 comperiantur,
464 5477 492 5524 et
510 5470 637 5525 homines
657 5471 762 5542 absque
781 5487 872 5552 rerum
911 5470 1055 5542 gloriatur)
1078 5473 1208 5538 oriundis,
1221 5472 1375 5528 naturalem
1390 5472 1595 5543 philosophiam
1615 5489 1707 5529 corru-
