3800 5875
192 322 251 377 660
665 312 893 373 DESCRIPTIO
915 314 1030 371 GLOBl
1053 314 1391 371 intumuerunt&

191 480 303 545 lumine,
318 480 389 552 quud
403 481 462 549 ejas
475 488 600 533 censetur
611 477 711 546 imago,
723 474 897 537 confundens,
911 476 987 541 (nam
1025 473 1144 528 cernitur
1157 475 1253 528 eadem
1267 474 1357 541 specie
1380 483 1508 544 tauquam
1530 470 1653 541 reliquus
1675 469 1779 523 aether:
1801 477 1831 523 et

192 569 221 617 et
238 572 361 616 nostrum
382 577 456 613 marc
478 576 514 612 ex
527 574 587 612 sese
601 555 690 610 lucem
704 554 739 608 ad
756 554 859 608 distans
878 569 987 623 propor-
1026 551 1142 607 stellulis
1155 552 1210 606 illae
1223 554 1347 607 erratica
1361 553 1432 606 circa
1445 550 1570 606 Jovema
1584 549 1752 617 Gdssaeotai
1765 548 1830 603 fides

192 642 324 695 tionatum
339 639 468 707 ejaculari
481 636 606 703 censuit)
621 634 725 689 nullam
739 643 829 687 autem
843 631 987 702 congloba·
1025 635 1143 697 constet)
1169 642 1291 702 repertae.
1313 639 1473 702 merguntur
1491 631 1526 683 ad
1546 632 1635 683 visum
1657 639 1783 682 nostrum
1800 629 1829 683 in

192 721 294 774 tionem
304 720 415 789 agnovit
428 717 572 779 Gilbertus,
582 715 633 768 nisi
645 715 674 768 in
683 714 797 766 materia
805 711 900 774 solida,
909 714 987 780 cujus
1026 711 1124 781 pelago
1137 710 1186 765 illo
1199 711 1317 775 aetheris,
1332 720 1462 782 tanquam
1476 709 1573 764 iusulae
1590 708 1714 762 minores
1735 716 1764 761 et
1775 725 1828 763 nou

191 815 307 869 corpora
321 797 369 851 illa
382 796 546 852 circumfusa
559 811 622 849 rara
635 803 662 847 et
675 793 775 855 tenuia,
790 791 897 845 effluvia
911 808 987 862 qure-
1025 793 1192 861 conspicuam
1214 789 1339 845 similiter
1352 799 1381 844 et
1394 789 1448 843 illae
1460 788 1582 851 stellulae,
1594 804 1713 857 quarum
1727 788 1829 858 glome-

192 877 256 932 dam
285 886 388 931 tantum
416 884 512 939 essent,
537 881 564 928 et
590 882 719 943 tanquam
741 870 924 933 delectionem
960 878 988 924 et
1025 870 1095 924 ratio
1109 870 1200 924 effecit
1213 870 1360 940 galaxiam,
1374 871 1397 923 si
1413 867 1528 939 singulae
1549 868 1676 937 sparsim,
1692 884 1749 920 nou
1768 885 1828 920 con-

197 957 294 1011 deinde
309 974 431 1011 vacuum.
472 956 574 1008 Verum
589 951 789 1024 diligentissimi
808 950 939 1020 cujusque
960 958 988 1003 et
1026 958 1145 1020 gregatae
1155 950 1305 1012 confertim,
1314 948 1454 1003 collocatae
1465 958 1564 1010 essent,
1576 964 1690 1017 prorsus
1701 964 1828 1016 conspee-

193 1038 313 1091 maxime
335 1036 418 1089 sobrii
440 1034 639 1104 investigatoris
662 1040 766 1084 natura
788 1029 908 1083 animum
928 1045 987 1100 per·
1026 1039 1083 1083 tum
1103 1038 1224 1083 nostrum
1245 1028 1414 1100 effugerent3
1445 1026 1677 1099 quemadmodum
1702 1034 1732 1079 et
1755 1044 1827 1080 com-

194 1116 327 1185 stringere
349 1122 441 1185 posset
456 1114 584 1184 cogitatio
602 1112 651 1166 illa
664 1110 697 1163 de
716 1110 789 1174 luna,
804 1109 876 1180 quod
895 1109 931 1162 sit
950 1126 987 1163 ex
1026 1108 1116 1178 plures
1140 1108 1210 1172 aliae,
1232 1126 1293 1179 quaa
1314 1108 1438 1162 noctibus
1462 1109 1573 1169 serenis,
1600 1106 1758 1175 praesertim
1780 1123 1828 1175 per

194 1194 308 1257 materia
322 1194 416 1248 solida.
437 1193 511 1247 Nam
520 1202 547 1247 et
560 1191 649 1245 lucem
662 1190 823 1251 reverberat,
838 1205 887 1241 nec
898 1187 986 1242 lucem
1025 1188 1152 1251 hiemem,
1176 1188 1290 1251 micant3
1316 1188 1401 1242 etiam
1423 1185 1561 1241 nebulosas
1581 1185 1638 1239 illae
1660 1184 1753 1239 stella
1772 1186 1827 1239 sire

194 1274 358 1338 transmittit,
373 1283 400 1326 et
420 1273 537 1343 propriae
552 1271 620 1325 lucis
639 1279 768 1341 tanquam
782 1284 880 1336 expers
894 1276 942 1331 est,
958 1277 987 1321 et
1025 1267 1158 1321 foramina
1170 1268 1204 1321 ad
1219 1284 1340 1337 praesepe
1352 1268 1411 1335 jam
1424 1267 1557 1320 distinctae
1571 1282 1621 1335 per
1640 1262 1760 1334 specilla
1779 1283 1826 1320 uu·

194 1354 276 1423 plena
290 1363 330 1407 est
343 1350 548 1424 inaequalitatis3
568 1367 630 1422 qum
646 1347 738 1403 omnia
752 1347 900 1402 solidorum
915 1355 985 1401 aunt.
1025 1355 1180 1411 meranturr
1202 1347 1267 1417 quin
1288 1364 1337 1416 per
1359 1346 1456 1400 eadem
1476 1346 1590 1415 specilla
1609 1345 1640 1398 in
1663 1345 1740 1397 fonte
1760 1344 1826 1398 lueis

194 1432 325 1486 Videmus
339 1432 411 1486 enim
425 1431 529 1485 athera
542 1430 632 1499 ipsum
646 1437 673 1482 et
693 1427 793 1490 a'erem,
815 1443 875 1498 quae
894 1427 987 1480 tenuia
1025 1426 1147 1480 omnium
1167 1426 1313 1495 purissimo
1333 1426 1431 1494 (solem
1449 1427 1577 1490 dicimus)
1598 1422 1780 1487 macularum,
1799 1436 1825 1478 et

194 1524 256 1567 sunt
270 1528 390 1582 corpora,
404 1512 470 1564 solis
488 1511 578 1564 lucem
597 1508 731 1577 excipere,
746 1506 795 1560 sed
810 1506 922 1560 minime
943 1524 985 1560 re·
1025 1505 1112 1576 opaci,
1126 1514 1154 1559 et
1174 1504 1365 1575 iuaequalitatis
1379 1505 1522 1576 scrupulus
1542 1503 1693 1558 nonnullus
1707 1504 1824 1571 objectus

195 1591 395 1663 flecterc,quod
409 1590 473 1644 luna
487 1589 558 1643 iacit
599 1588 671 1643 Solis
682 1604 746 1642 vero
757 1586 893 1640 radiorum
908 1586 932 1638 is
946 1593 987 1640 est
1025 1601 1084 1638 esse
1105 1585 1218 1640 videtur.
1260 1583 1336 1645 Quod
1359 1585 1384 1639 si
1405 1585 1475 1639 nihil
1499 1584 1582 1647 aliud,
1602 1593 1680 1637 certe
1704 1583 1824 1653 gradatio

194 1670 280 1741 vigor,
294 1680 325 1725 ut
338 1671 435 1723 densas
449 1670 593 1724 admodum
606 1666 699 1730 nubes,
714 1684 776 1737 quae
789 1667 910 1720 materia
923 1672 987 1719 suut
1025 1665 1086 1734 ipsa
1104 1665 1174 1718 inter
1196 1674 1268 1718 astra
1281 1664 1403 1718 coelestia
1416 1664 1505 1735 quoad
1519 1663 1618 1727 lucem,
1634 1680 1652 1715 a
1665 1662 1824 1717 clarissimis

195 1767 297 1821 aquea,
311 1750 436 1818 trajicere
457 1757 486 1802 et
506 1756 648 1820 penetrare
664 1747 768 1817 possit;
789 1743 881 1800 lunam
896 1752 987 1798 tanim
1025 1743 1191 1798 descendens
1205 1751 1233 1797 et
1245 1745 1402 1814 pertingens
1422 1744 1457 1797 ad
1478 1743 1595 1797 obscura
1614 1751 1643 1796 at
1664 1743 1824 1812 caliginosa,

194 1830 360 1901 neutiquam.
401 1828 437 1881 At
450 1827 498 1882 lux
512 1827 583 1882 luna
596 1827 682 1896 ipsius
692 1825 721 1878 in
731 1823 877 1895 eclipsibus
890 1823 988 1895 aliqui-
1025 1840 1059 1877 eo
1072 1840 1130 1877 rem
1143 1822 1258 1890 deducit,
1272 1831 1302 1878 ut
1315 1824 1394 1878 fidem
1410 1823 1492 1876 faciat
1506 1840 1586 1894 posse
1605 1839 1669 1876 esse
1684 1830 1713 1876 et
1734 1822 1825 1891 globos

194 1907 246 1962 bus
268 1909 388 1963 cernitur
409 1906 539 1962 nonnulla
560 1907 624 1961 licet
643 1904 773 1968 obscurar
795 1905 824 1957 in
841 1902 987 1958 noviluniis
1025 1903 1136 1957 omniuo
1149 1920 1257 1973 opacos.
1298 1900 1391 1957 Minor
1408 1904 1482 1957 enim
1496 1902 1597 1972 gradus
1612 1919 1675 1956 esse
1690 1903 1825 1956 ridetura

153 2049 158 2059 ¹
195 1994 285 2042 autem
299 1996 327 2042 et
338 1987 465 2041 aetatibus
483 1985 562 2049 lunae,
576 1984 659 2049 nulla,
680 1991 779 2053 preater
799 1990 903 2053 partem
922 1983 987 2036 irra-
1026 1980 1104 2035 stella
1118 1981 1249 2036 nebulosa
1262 1983 1297 2036 ad
1311 1998 1432 2053 opacam,
1448 2000 1531 2054 quam
1545 2001 1562 2035 a
1576 1980 1658 2036 stella
1672 1981 1825 2037 clarissima

194 2067 296 2121 mamm
310 2083 327 2119 a
340 2065 405 2121 sole.
447 2065 538 2129 Porro,
548 2067 665 2119 tiammo>
674 2062 788 2132 impurae
797 2071 825 2116 et
838 2061 987 2118 faeculentae
1025 2062 1060 2115 ad
1074 2061 1238 2116 nebulosam
1268 2062 1401 2133 Aspectus
1415 2073 1505 2117 antem
1519 2072 1611 2115 noster
1625 2060 1709 2132 plane
1725 2062 1825 2115 fallitur

196 2146 244 2215 (ex
267 2162 320 2216 quo
344 2162 443 2215 genere
471 2144 628 2199 substantiae
655 2140 835 2213 Empedocles
862 2149 986 2198 constare
1025 2150 1053 2195 et
1079 2141 1313 2196 circumscribitur.
1366 2142 1500 2213 Quicquid
1527 2142 1601 2195 enim
1630 2143 1770 2211 spargitur
1796 2143 1824 2194 in

195 2224 287 2279 lunam
302 2224 426 2295 opinatus
439 2226 492 2291 est)
507 2231 569 2278 suut
582 2231 654 2277 certe
668 2220 824 2292 inaequales,
838 2220 885 2275 sed
896 2230 986 2277 tamen
1025 2219 1102 2285 coelo,
1122 2236 1210 2291 neque
1229 2220 1314 2275 habet
1332 2222 1548 2293 magnitudinem
1573 2220 1721 2291 insignem,
1745 2232 1823 2290 atque

194 2320 236 2359 ea
249 2303 446 2374 inaequalitates
459 2320 513 2357 nou
534 2304 664 2365 locantur,
679 2302 727 2355 sed
741 2299 854 2355 mobiles
868 2299 987 2371 plerum·
1025 2301 1107 2354 etiam
1127 2299 1217 2354 lucem
1235 2300 1353 2354 vividam
1374 2311 1402 2355 et
1423 2302 1528 2363 fortem,
1553 2299 1628 2363 latet,
1653 2317 1706 2354 uec
1727 2300 1823 2354 faciem

195 2399 247 2454 que
262 2390 338 2447 matr
360 2400 421 2437 cum
434 2382 548 2437 macules
561 2383 589 2437 in
603 2380 669 2436 luna
682 2388 836 2436 constantes
849 2388 985 2451 putentur.
1025 2379 1086 2433 coeli
1107 2387 1201 2434 mutat
1246 2380 1345 2451 Neque
1364 2398 1428 2435 vero
1444 2381 1563 2451 imperiti
1585 2381 1749 2449 cujusquam
1770 2382 1824 2433 ani·

196 2462 308 2515 Accedit
321 2479 428 2534 quoque
440 2462 511 2533 quod
524 2460 637 2516 maculae
649 2460 705 2515 illes
719 2460 802 2514 ctiam
818 2476 881 2514 suas
895 2461 985 2515 subiu-
1024 2476 1099 2514 mum
1113 2459 1249 2530 percellat,
1263 2460 1287 2514 si
1307 2460 1336 2514 in
1355 2460 1469 2515 dubium
1489 2461 1581 2513 veniat
1595 2469 1689 2513 utrum
1702 2459 1776 2529 globi
1789 2478 1823 2514 ex

195 2542 363 2612 aequalitates
390 2540 492 2596 habere
523 2540 760 2610 deprehendantur
793 2556 842 2610 per
873 2539 988 2610 specilla
1024 2540 1139 2594 materia
1159 2545 1300 2610 compacta
1323 2540 1443 2609 pensiles
1464 2540 1525 2594 sisti
1545 2539 1662 2609 possint.
1704 2540 1778 2593 Nam
1797 2552 1823 2592 et

195 2622 294 2689 optica,
307 2631 338 2675 ut
348 2622 405 2689 jam
420 2620 500 2691 plane
510 2619 695 2691 multipliciter
708 2620 823 2690 figurata
837 2620 987 2689 reperiatur
1025 2626 1097 2672 terra
1110 2620 1171 2689 ipsa
1184 2619 1213 2673 in
1226 2619 1316 2674 medio
1329 2620 1408 2683 aeris,
1423 2619 1462 2673 rei
1473 2618 1651 2682 mollissima,
1666 2618 1822 2673 circumfusi

194 2698 267 2763 luna,
282 2709 310 2754 et
331 2699 541 2771 selenographia
560 2700 607 2754 illa
630 2700 687 2753 sive
708 2707 789 2769 typus
810 2698 890 2762 luuae,
905 2715 986 2769 quem
1025 2698 1138 2767 pensilis
1151 2706 1243 2753 natat:
1265 2707 1292 2752 et
1306 2716 1413 2770 magna
1426 2698 1540 2753 nubium
1559 2715 1725 2769 aquosarum
1740 2698 1823 2753 mdes

136 2831 137 2834 ,
195 2780 287 2833 animo
300 2780 421 2850 agitabat
435 2780 583 2844 Gilbertus,
594 2780 653 2848 jam
667 2796 703 2834 ex
713 2778 820 2832 Galilsei
835 2785 862 2831 et
871 2777 986 2833 aliorum
1025 2786 1052 2832 et
1064 2777 1203 2848 grandinis
1217 2780 1358 2849 congeries
1372 2779 1478 2833 haerent
1490 2779 1520 2832 in
1532 2778 1692 2848 regionibus
1706 2778 1786 2841 aeris,
1796 2788 1823 2831 et

194 2858 326 2914 industria
346 2870 447 2929 praeato
468 2877 528 2914 esse
551 2860 682 2914 videatur.
720 2857 799 2920 Quod
821 2858 844 2911 si
865 2857 931 2911 luna
951 2875 987 2913 ex
1025 2857 1087 2911 inde
1102 2858 1189 2928 magis
1202 2857 1370 2925 dejiciuntur,
1385 2875 1467 2930 quam
1486 2858 1663 2924 descendunt,
1678 2869 1822 2928 antequam

196 2940 310 2994 materia
335 2941 464 3012 quapiam
490 2940 576 2994 solida
600 2937 725 2993 constitui
748 2937 834 3009 possit
859 2945 889 2991 ut
908 2945 987 2994 terrea
1024 2939 1279 2994 terrrevicinitatem
1293 2939 1498 3009 persentiscant.
1541 2938 1638 3009 ltaque
1660 2939 1761 3008 optime
1776 2956 1822 2990 no·

195 3019 293 3083 affinis,
308 3033 354 3073 aut
367 3019 422 3074 sax
436 3019 499 3073 coeli
520 3018 686 3088 (hujusmodi
702 3018 825 3089 quiedam
836 3018 986 3086 jactantur)
1026 3018 1092 3071 tavit
1107 3017 1251 3082 Gilbertus,
1266 3035 1376 3088 corpora
1395 3019 1491 3089 gravia
1508 3027 1570 3089 post
1585 3017 1696 3088 longam
1718 3035 1736 3070 a
1755 3028 1823 3072 terra

195 3098 339 3152 videndum
350 3116 441 3163 rursus
454 3117 487 3152 an
496 3098 544 3152 illa
552 3100 588 3152 sit
600 3099 629 3151 in
644 3098 696 3151 lroc
709 3114 809 3168 genere
818 3096 884 3151 sola.
912 3098 987 3152 Nam
1025 3097 1179 3152 distantiam
1197 3107 1299 3151 motum
1313 3115 1406 3152 versus
1420 3098 1549 3152 inferiora
1566 3097 1702 3168 paulatim
1715 3115 1822 3160 exuere,

195 3186 225 3232 et
238 3178 390 3233 Mercurius
404 3179 564 3250 quandoque
576 3186 698 3249 repertus
706 3185 747 3230 eat
760 3179 789 3231 in
799 3177 986 3244 conjunctione
1026 3186 1119 3247 utpote
1134 3178 1180 3249 qui
1192 3195 1208 3231 a
1221 3175 1296 3231 nullo
1308 3177 1363 3231 alio
1375 3194 1520 3248 corporum
1534 3178 1666 3248 appetitu,
1681 3194 1764 3247 quam
1777 3176 1823 3230 illo

196 3256 269 3320 solis,
284 3265 409 3329 tanquam
425 3257 531 3312 macula
545 3258 676 3339 quaedam,
688 3257 745 3311 sive
761 3256 858 3326 pusilla
867 3255 985 3327 eclipsis.
1025 3256 1140 3311 coeundi
1154 3265 1222 3310 etse
1236 3257 1419 3328 congregandi
1442 3257 1476 3310 ad
1496 3265 1597 3311 terram
1617 3257 1692 3328 (quae
1714 3267 1756 3310 est
1768 3274 1822 3309 cor·

195 3335 234 3390 At
251 3337 364 3391 maculae
384 3336 440 3391 illae
466 3338 639 3408 nigricantes,
662 3354 723 3407 qum
746 3337 776 3389 in
794 3335 987 3406 hemisphaerio
1025 3352 1120 3406 porum
1134 3353 1196 3391 cum
1209 3337 1305 3390 iisdem
1316 3337 1532 3391 connaturalium
1542 3338 1648 3402 massa)
1664 3344 1755 3390 ortum
1774 3335 1821 3388 ha·

195 3417 343 3471 antarctico
365 3417 545 3482 inveniuntur,
560 3424 674 3487 suntque
696 3416 765 3480 fiam,
780 3432 834 3469 nou
857 3432 934 3470 secus
955 3433 986 3470 ac
1025 3416 1077 3482 bet,
1089 3423 1170 3487 atque
1179 3416 1252 3470 iutra
1262 3417 1354 3470 orbem
1363 3417 1470 3470 virtutis
1478 3434 1535 3470 suae
1546 3417 1716 3470 terminatur.
1751 3415 1820 3469 Nam

196 3493 315 3566 galaxia,
329 3497 460 3565 majorem
482 3497 607 3566 injiciunt
627 3495 823 3550 dubitationem
845 3495 878 3549 de
897 3494 987 3566 globis
1026 3496 1099 3566 quod
1112 3496 1145 3549 de
1159 3503 1234 3550 motu
1247 3496 1282 3549 ad
1293 3504 1369 3550 terroe
1383 3504 1507 3550 centrum
1522 3496 1663 3558 asseritur,
1679 3503 1753 3549 esset
1766 3511 1821 3565 pro-

194 3575 296 3646 opacis,
308 3575 389 3629 etiam
404 3576 432 3629 in
449 3576 571 3645 partibus
584 3574 646 3629 coeli
661 3574 871 3629 sublimioribus.
913 3576 987 3630 Nam
1026 3575 1098 3629 secto
1111 3576 1260 3630 virtuosum
1274 3593 1361 3646 genus
1371 3574 1460 3640 nihili,
1476 3576 1548 3647 quod
1563 3584 1641 3629 tauta
1655 3574 1691 3628 ad
1705 3592 1735 3628 se
1750 3591 1821 3644 rape

195 3656 268 3725 quod
281 3654 349 3709 illud
363 3656 392 3708 in
406 3671 487 3710 causa
501 3656 545 3720 sit,
560 3657 624 3726 quia
637 3654 737 3709 coelum
751 3655 780 3708 in
794 3652 849 3708 illis
862 3652 931 3709 locis
951 3656 988 3708 ait
1026 3663 1081 3719 retr
1102 3671 1190 3726 neque
1213 3672 1310 3724 corpus
1330 3655 1382 3708 nisi
1400 3672 1418 3708 a
1439 3672 1550 3725 corpore
1574 3656 1686 3725 patitur.
1731 3654 1821 3723 ltaque

195 3744 276 3789 tenue
297 3744 325 3788 et
350 3742 478 3806 tanquam
499 3734 671 3805 perforatum,
691 3734 720 3788 id
738 3734 827 3787 minus
839 3734 986 3789 verisimile
1026 3735 1139 3805 quaestio
1153 3734 1204 3789 ista
1216 3734 1250 3788 de
1265 3733 1353 3804 globis
1367 3734 1460 3803 opacis
1474 3745 1501 3788 et
1515 3734 1617 3797 solidis,
1633 3734 1701 3788 licet
1714 3750 1783 3786 nora
1794 3740 1822 3786 et

195 3821 254 3878 est,
283 3822 427 3885 propterea
455 3814 526 3885 quod
550 3813 706 3883 hujusmodi
732 3814 932 3868 decrementum
959 3821 987 3867 et
1026 3814 1060 3867 ad
1074 3814 1215 3884 opiniones
1234 3813 1360 3885 vulgares
1382 3813 1473 3868 durior
1487 3815 1649 3884 recipiatur;
1671 3823 1753 3885 atque
1772 3829 1822 3866 aaa

195 3901 327 3965 tanquam
351 3895 469 3963 privatio
492 3894 532 3948 rei
557 3892 673 3947 risibilis
700 3910 737 3948 ex
759 3901 834 3947 tanta
858 3893 987 3947 distantia
1026 3895 1202 3964 conjungatur
1212 3892 1384 3965 quoestioilla
1394 3903 1481 3958 uetus,
1490 3911 1541 3948 nec
1552 3904 1645 3948 tamen
1654 3892 1822 3956 decisaQua

194 3973 283 4027 visum
302 3982 424 4028 nostrum
447 3973 523 4029 nullo
548 3972 627 4027 modo
651 3980 791 4043 percutere
810 3973 904 4042 possit,
924 3990 987 4027 cum
1026 3991 1061 4042 en
1075 3974 1154 4027 astris
1168 3971 1256 4027 lucem
1271 3980 1394 4044 promant
1408 3973 1584 4043 primitivam,
1598 3982 1682 4045 atque
1697 3989 1733 4027 ex
1746 3973 1821 4026 sese?

194 4052 276 4106 etiam
295 4050 431 4124 reliquum
453 4070 551 4123 corpus
574 4051 685 4107 retheris
711 4052 847 4106 invisibile
871 4053 913 4115 sit,
936 4069 987 4106 nec
1026 4061 1053 4106 et
1066 4052 1132 4113 Qua
1152 4070 1244 4106 rursus
1265 4070 1301 4106 ex
1321 4051 1501 4107 illustratione
1522 4053 1595 4116 solis,
1610 4070 1728 4123 quarum
1741 4052 1822 4105 altera

192 4131 247 4185 nisi
259 4146 307 4203 per
323 4133 552 4202 comparationem
565 4132 601 4186 ad
614 4147 726 4202 corpora
740 4131 877 4186 stellarum
893 4148 987 4185 cerna·
1025 4131 1265 4186 consubstantialia
1274 4131 1465 4196 videntursoli,
1476 4130 1562 4186 altera
1572 4130 1668 4187 lunae?
1700 4132 1821 4201 Denique

194 4217 245 4263 tur.
288 4210 358 4264 Illud
378 4211 490 4266 fortasse
508 4212 597 4284 magis
610 4211 750 4282 probabile
771 4210 848 4275 foret,
863 4211 987 4281 nigrores
1026 4228 1133 4265 omnem
1144 4211 1345 4282 inquisitionem
1356 4211 1390 4265 de
1401 4211 1557 4266 diversitate
1568 4211 1729 4266 substantiae
1743 4222 1822 4263 astro-

192 4288 256 4343 illos
283 4288 394 4344 luminis
420 4291 562 4362 imputare,
586 4291 651 4363 quia
674 4290 789 4344 rariores
814 4291 987 4346 inveniuntur
1025 4308 1085 4345 rum
1106 4291 1141 4343 ad
1160 4292 1287 4357 invicem,
1302 4309 1363 4362 quar
1383 4289 1534 4346 multifaria
1551 4291 1668 4357 videtur,
1690 4309 1751 4345 cum
1770 4290 1822 4343 alia

193 4368 283 4424 stelloe
301 4370 447 4424 circaeam
462 4369 655 4440 partemcoeli,
671 4369 897 4441 quemadmodum
915 4369 988 4424 circa
1026 4371 1114 4433 rutila,
1134 4370 1189 4423 alia
1212 4370 1347 4440 plumbea,
1370 4370 1427 4424 alia
1449 4370 1573 4433 candida,
1595 4369 1652 4424 alia
1675 4369 1820 4440 splendida,

192 4447 331 4519 galaxiam
345 4450 508 4515 crebriores,
529 4457 560 4504 ut
576 4449 645 4503 alter
659 4448 734 4504 locus
757 4449 928 4504 continenter
948 4450 988 4504 lu·
1026 4450 1081 4503 alia
1094 4448 1224 4504 nebulosa
1238 4449 1382 4505 manifesto
1400 4458 1429 4504 et
1449 4459 1605 4505 constanter
1625 4458 1777 4513 cernantur,
1790 4449 1822 4502 ad

191 4526 314 4583 miaosus
327 4527 455 4592 videatur,
467 4528 537 4584 alter
545 4529 695 4584 umbrosus.
726 4527 987 4599 Magisanimcom-
1025 4531 1168 4600 septimam
1190 4531 1365 4601 quaestionem
1383 4528 1562 4601 intelligimus
1586 4530 1692 4584 referri.
1734 4529 1823 4584 Altera

190 4608 263 4661 mitti
283 4607 406 4662 videntur
425 4608 505 4679 ignes
528 4608 653 4663 coelestes
676 4609 705 4662 iu
727 4608 877 4662 antarctico
901 4607 988 4663 hemi·
1026 4611 1140 4681 queastio
1154 4626 1188 4663 ea
1201 4619 1249 4674 est,
1263 4609 1304 4663 An
1318 4617 1392 4663 astra
1405 4609 1528 4664 sintveri
1542 4611 1642 4680 ignea?
1663 4627 1725 4681 quie
1735 4618 1821 4664 tamen

191 4686 319 4758 sphrario,
335 4704 416 4759 quarn
433 4688 462 4740 in
480 4697 587 4752 nostro;
609 4689 727 4756 majores
744 4687 879 4758 siquidem
893 4688 988 4742 stellas
1026 4690 1140 4760 quaetio
1153 4689 1289 4743 desiderat
1301 4688 1474 4759 prudentiam
1487 4689 1625 4760 quandam
1645 4688 1822 4760 intelligendi

191 4765 299 4831 lrabeat,
314 4766 362 4820 sed
376 4768 523 4837 pauciores,
535 4778 563 4823 et
576 4768 664 4838 spatia
673 4766 862 4821 interstellaria
875 4768 986 4837 majora
1026 4767 1108 4823 anau
1123 4778 1164 4823 est
1178 4770 1250 4823 enim
1265 4769 1361 4831 dicere,
1373 4777 1448 4822 astra
1458 4785 1518 4822 esse
1533 4786 1612 4823 veroa
1626 4769 1724 4840 ignes,
1744 4767 1822 4830 aliud.

191 4846 294 4902 Verum
308 4847 369 4917 ipsa
382 4846 492 4901 traditio
514 4848 547 4901 de
571 4847 685 4902 maculis
705 4845 760 4900 illia
773 4864 828 4900 non
842 4847 988 4902 admodum
1026 4857 1098 4901 astra
1121 4850 1188 4917 (sint
1208 4848 1273 4902 licet
1290 4849 1346 4902 veri
1369 4848 1459 4918 ignes)
1474 4857 1586 4902 cunctas
1608 4865 1736 4903 exercere
1755 4850 1823 4902 vires

190 4926 244 4979 fida
258 4934 307 4991 est,
321 4925 418 4980 saltem
431 4943 486 4981 non
501 4934 556 4979 tarn
571 4943 672 4996 magna
690 4927 762 4980 circa
782 4943 850 5001 eam
863 4925 987 4981 observa·
1026 4937 1107 4998 atque
1122 4928 1229 5002 easdem
1245 4927 1324 4982 edere
1344 4928 1473 4991 actiones,
1492 4944 1560 4998 quas
1579 4928 1652 4999 ignis
1666 4929 1823 4982 eommunis.

191 5004 293 5059 tionem
308 5005 432 5060 adhibita
445 5016 486 5060 est
499 5005 649 5077 diligentia,
663 5012 694 5059 ut
711 5007 912 5078 consequentiae
925 5006 987 5061 inde
1026 5008 1124 5078 Neque
1139 5017 1283 5079 propterea
1299 5007 1335 5060 ad
1348 5007 1441 5077 ignem
1460 5002 1580 5078 aliquem
1593 5007 1761 5061 notionalem
1780 5015 1824 5060 aut

191 5084 287 5139 deduci
301 5085 390 5140 adhuc
405 5085 531 5140 debeant.
574 5084 645 5138 Illud
659 5086 747 5156 magis
761 5086 861 5155 premit
873 5086 987 5158 inquisi-
1026 5087 1228 5157 phantasticum
1243 5087 1440 5141 deveniendum
1459 5094 1508 5150 est,
1523 5087 1570 5157 qui
1583 5104 1685 5140 nomen
1698 5088 1770 5158 ignis
1784 5104 1823 5140 re·

190 5163 293 5218 tionem
315 5174 484 5235 praesentem,
508 5163 579 5236 quod
595 5164 700 5233 possint
720 5181 780 5219 esse
802 5166 894 5236 plures
913 5165 987 5236 globi
1026 5168 1117 5232 tineat,
1135 5168 1317 5238 proprietates
1331 5167 1455 5236 abneget.
1496 5166 1571 5220 Nam
1592 5175 1620 5220 et
1641 5176 1733 5221 noster
1746 5167 1822 5236 ignis.

190 5243 270 5313 opaci
284 5260 334 5313 per
347 5241 452 5299 aethera
465 5243 560 5314 sparsi,
576 5244 622 5314 qui
640 5243 749 5297 omnino
764 5260 817 5298 nou
831 5254 986 5300 cernuntur.
1026 5246 1050 5300 si
1065 5247 1093 5301 in
1109 5247 1155 5300 tali
1171 5256 1279 5319 quanto,
1294 5244 1374 5316 quale
1389 5256 1431 5300 est
1450 5255 1579 5318 quantum
1594 5248 1668 5310 astri,
1683 5246 1711 5300 iu
1726 5245 1822 5302 athera

190 5321 266 5376 Nam
279 5332 307 5376 et
321 5322 386 5376 luna
408 5322 469 5393 ipsa
483 5325 511 5376 in
525 5322 621 5393 primia
642 5322 752 5386 ortibus,
767 5333 901 5394 quatenus
915 5324 989 5380 illua·
1026 5325 1211 5392 collocaretur,
1236 5326 1393 5380 differentes
1416 5325 1527 5380 daturus
1552 5324 1634 5379 fuerit
1656 5327 1823 5395 operationes

191 5409 278 5455 tratur
300 5418 317 5455 a
339 5401 405 5466 sole,
420 5405 507 5457 visum
525 5419 590 5456 sane
611 5403 680 5466 ierit,
695 5417 780 5455 cornu
800 5411 827 5456 et
845 5403 923 5457 labro
940 5404 989 5460 illo
1026 5405 1061 5459 ab
1074 5406 1117 5471 iis,
1143 5424 1205 5478 quae
1225 5406 1399 5477 reperiuntur
1418 5405 1464 5459 hic
1486 5404 1558 5474 apud
1579 5421 1649 5468 nos,
1672 5423 1732 5459 cnm
1752 5405 1824 5458 entia

192 5480 268 5533 tenui
281 5480 375 5534 circuli
389 5482 493 5549 extimi,
508 5483 536 5536 in
549 5480 682 5553 profundo
702 5487 793 5536 autem
805 5482 926 5549 minime,
942 5485 989 5540 sed
1026 5485 1106 5558 longe
1126 5485 1247 5542 diversas
1267 5486 1458 5541 nanciscantur
1477 5485 1598 5551 virtutes,
1619 5494 1647 5539 et
1669 5503 1705 5540 ex
1725 5494 1823 5556 quanto
