3800 5875
46 308 116 365 Car.
135 310 158 366 l.
570 312 620 368 DE
642 311 866 369 AUGMRNTIS
888 312 1162 370 SClEN'l'lARUM.
1620 314 1677 371 389

42 477 70 521 et
93 468 217 522 radicum
241 467 352 523 illarum
376 469 458 523 libras
475 469 668 542 indagassem,
698 472 844 543 ingentem,
882 473 1084 543 comparationi,
1112 489 1165 543 qua
1185 488 1251 526 usus
1272 478 1313 525 est
1334 471 1515 543 Pythagoraa,
1536 481 1564 527 ut
1591 473 1677 543 philo-

42 564 103 601 meo
123 547 238 616 judicio,
258 547 351 603 lucem
371 548 427 602 illis
448 550 581 615 omnibus,
608 568 669 620 quae
695 559 789 620 postea
816 553 844 606 in
882 551 1248 622 sophiaeetcontemplationi
1258 551 1427 604 honoremac
1438 552 1520 606 decus
1528 562 1673 609 assereret:

42 627 250 696 inquisitionem
278 637 394 682 ventura
420 629 540 693 fuissent,
569 630 745 683 effudissent:
781 638 844 685 aute
883 633 929 700 qui
943 631 978 683 ab
990 632 1119 694 Hierone,
1132 631 1256 702 quisnam
1271 637 1351 696 esset,
1364 630 1553 700 interrogatus,
1567 649 1676 701 respon·

42 707 142 770 omnia,
154 708 316 760 sinaturam
329 724 419 762 rerum
433 723 488 761 noa
502 709 599 772 minus,
611 725 690 779 quarn
706 709 844 763 axiomata
882 710 934 774 dit:
950 711 1100 764 Hieronem
1110 727 1164 763 non
1175 710 1258 763 latere
1270 709 1305 780 (si
1317 709 1386 763 torte
1397 726 1516 780 unquam
1525 710 1675 780 Olympicis

42 784 166 849 moralia,
175 785 528 851 consuluissent,doctrinas
539 804 601 841 suas
613 788 701 842 minus
710 788 843 857 prolixas,
882 790 1075 843 certaminibus
1095 789 1273 855 interfuisset)
1288 788 1316 841 id
1336 788 1376 842 ibi
1393 787 1446 842 loci
1467 789 1632 860 contingere,
1647 798 1677 844 ut

42 865 130 936 magis
144 874 239 918 autem
253 865 404 935 profundas
417 866 605 921 reddidissent
646 866 723 927 Quod
737 885 799 927 cnm
810 869 844 920 ab
883 869 993 922 veniant
1009 868 1101 923 eoalii
1120 869 1233 921 fortunae
1254 884 1310 920 sum
1324 866 1352 920 iu
1373 869 1504 939 agonibus
1525 867 1676 938 periculum

42 943 96 997 illis
122 952 172 997 aut
199 946 313 998 omnino
340 945 480 1010 omissum,
501 952 548 999 aut
568 945 678 1000 contuse
699 946 843 1000 admodum
882 946 993 1012 iactari:
1015 948 1062 1001 alii
1083 964 1146 1001 vero
1165 955 1194 1000 ut
1214 953 1384 1011 mercatores,
1404 946 1437 1000 ad
1457 964 1561 1001 merces
1580 948 1675 1003 distra-

43 1029 187 1076 tractatnm
196 1024 288 1087 fuerit,
297 1041 349 1079 nos
359 1024 478 1078 breviter
486 1024 704 1088 retractabimus:
720 1032 748 1078 et
758 1025 844 1079 fontes
882 1026 1003 1091 handus,
1026 1025 1073 1080 alii
1086 1034 1116 1079 ut
1131 1026 1231 1079 amicos
1249 1024 1369 1096 undique
1390 1027 1558 1080 confluentes
1578 1043 1675 1081 conve·

43 1102 114 1171 ipsos
128 1120 221 1157 rerum
233 1103 379 1158 moralium
393 1104 499 1175 aperire
508 1111 535 1157 et
547 1121 663 1175 purgare
677 1104 842 1168 conabimur,
881 1104 979 1170 nirent,
995 1112 1023 1159 et
1036 1105 1125 1175 epulis
1138 1121 1169 1157 ac
1184 1104 1314 1158 hilaritati
1329 1103 1515 1175 indulgerent;
1537 1104 1584 1159 alii
1598 1106 1674 1160 deni·

41 1189 188 1252 antequam
203 1182 239 1236 ad
259 1183 411 1237 doctrinam
424 1183 457 1237 de
471 1182 578 1237 cultura
590 1182 682 1247 animi,
699 1200 780 1253 quam
794 1201 842 1253 po·
882 1191 1238 1255 queutcaeterorumesaent
1248 1189 1427 1253 spectatores:
1448 1200 1477 1238 se
1487 1191 1577 1238 autem
1587 1202 1672 1240 unum

43 1262 129 1314 nimus
144 1268 178 1315 nt
191 1261 384 1328 desideratam,
396 1263 592 1333 perveniamus.
635 1263 696 1315 Hoc
711 1263 783 1316 enim
799 1266 843 1331 (ut
881 1280 940 1317 esse
959 1281 996 1318 ex
1012 1262 1075 1327 illis,
1091 1263 1139 1334 qui
1159 1263 1298 1333 spectandi
1315 1263 1404 1333 gratia
1417 1264 1531 1317 venerit.
1570 1264 1673 1319 Verum

41 1341 218 1409 arbitramur)
233 1342 385 1396 doctrinam
399 1343 432 1396 de
446 1341 597 1412 exemplari
615 1341 693 1394 novis
712 1342 842 1413 quodam·
881 1342 1005 1397 homines
1019 1359 1098 1396 nosse
1112 1342 1217 1407 debent,
1231 1342 1260 1395 in
1272 1341 1325 1394 hoc
1339 1340 1466 1396 humanae
1480 1343 1543 1397 vitre
1558 1342 1671 1407 theatro,

42 1421 120 1474 modo
133 1421 242 1474 viribus
252 1421 372 1476 donabit
883 1419 944 1476 Deo
959 1429 986 1476 et
999 1419 1105 1492 angelis
1119 1422 1206 1475 solum
1220 1420 1369 1484 convenire,
1384 1428 1415 1475 ut
1429 1430 1593 1491 spectatores
1607 1422 1671 1476 sint.

81 1500 190 1553 inditus
205 1508 247 1553 est
263 1509 346 1571 atque
360 1501 507 1570 impressus
520 1499 665 1569 unicuique
678 1499 719 1552 rei
738 1500 842 1568 appeti·
880 1502 979 1572 Neque
998 1517 1065 1555 sane
1087 1500 1147 1554 fieri
1166 1501 1261 1570 potnit,
1276 1507 1306 1553 ut
1324 1498 1376 1552 hac
1396 1500 1474 1554 dere
1492 1500 1622 1554 dubitatio
1642 1503 1672 1555 in

41 1588 81 1631 tus
103 1580 139 1631 ad
161 1579 301 1649 duplicem
325 1588 450 1633 usturam
473 1579 555 1641 boni:
577 1577 691 1632 alteram
719 1595 772 1648 qua
798 1596 842 1633 res
880 1581 996 1634 ecclesia
1015 1595 1134 1650 unquam
1148 1580 1322 1633 suscitaretur
1336 1580 1484 1649 (utcunque
1504 1580 1630 1649 plurimis
1642 1580 1671 1633 in

42 1666 126 1711 torum
140 1659 275 1729 quiddam
289 1664 333 1712 est
347 1660 376 1712 in
391 1658 499 1729 seipsa:
521 1658 643 1720 alteram,
658 1674 712 1728 qua
725 1664 841 1727 estpars
880 1674 926 1713 ore
940 1660 1022 1713 inerit
1036 1660 1138 1712 dictum
1151 1658 1226 1721 illud,
1241 1657 1395 1711 “Pretiosa
1414 1659 1442 1712 iu
1458 1658 1542 1712 oculis
1560 1659 1670 1713 Domini

43 1738 122 1790 totius
147 1736 267 1806 alicujus
282 1738 402 1807 majoris,
443 1738 533 1808 Atque
554 1735 690 1808 posterior
712 1736 772 1791 hoec
794 1736 842 1790 illa
880 1755 953 1792 mors
974 1746 1127 1792 sanctorum
1142 1740 1201 1805 ejus
1213 1739 1237 1791 :”
1260 1754 1295 1790 ex
1310 1754 1364 1807 quo
1383 1737 1443 1790 loco
1463 1745 1576 1791 mortem
1594 1737 1671 1793 illam

41 1815 126 1869 altera
147 1816 260 1886 dignior
274 1824 323 1882 est,
344 1824 372 1871 et
388 1818 530 1887 potentior,
547 1834 608 1869 cum
623 1815 716 1868 tendat
730 1816 764 1868 ad
777 1833 841 1869 con·
879 1817 994 1882 civilem,
1010 1824 1038 1870 et
1050 1818 1174 1871 instituta
1187 1816 1250 1871 vitae
1267 1816 1423 1870 monasticas
1441 1824 1468 1869 et
1483 1815 1616 1887 regularis
1632 1824 1671 1870 at·

40 1897 226 1949 servationem
252 1897 347 1950 sormoe
361 1895 508 1966 amplioris.
558 1895 722 1949 Nominetur
744 1895 840 1964 prima,
879 1896 973 1951 tollere
987 1896 1123 1963 solebant)
1138 1895 1268 1949 nisiillud
1283 1895 1365 1948 etiarn
1384 1911 1438 1948 una
1452 1895 1583 1960 subesset,
1599 1897 1671 1967 quod

41 1976 140 2028 bonum
162 1975 344 2039 individuale,
362 1976 420 2030 sive
442 1975 561 2039 enitatis:
583 1975 723 2045 posterior,
740 1974 840 2028 bonnm
879 1977 935 2029 vita
959 1975 1009 2030 illa
1036 1976 1187 2029 monastica
1211 1991 1285 2028 mere
1315 1973 1523 2043 contemplativa
1544 1991 1597 2029 non
1627 1976 1670 2040 sit,

42 2054 256 2109 communionis.
300 2055 413 2108 Ferrum
425 2055 580 2124 sympathia
590 2053 744 2124 particulari
755 2052 841 2108 fertur
879 2073 972 2109 verum
987 2054 1067 2125 plane
1076 2057 1105 2109 iu
1117 2054 1212 2108 officiis
1223 2053 1413 2109 ecclesiasticis
1425 2061 1559 2118 versetur:
1581 2054 1671 2125 qualia

42 2134 74 2184 ad
90 2140 268 2204 magnetem:
290 2132 438 2203 atsipaulo
451 2133 625 2203 ponderosius
637 2133 723 2196 tuerit,
735 2150 841 2187 amores
879 2142 943 2189 sunt
958 2134 1032 2205 jugis
1046 2134 1139 2195 oratio,
1153 2143 1182 2188 et
1194 2141 1314 2188 votorum
1330 2133 1464 2186 sacrificia
1486 2133 1547 2187 Deo
1563 2132 1669 2200 oblata;

41 2212 102 2265 illos
117 2213 230 2277 deserit,
245 2220 274 2266 et
288 2221 419 2284 tanquam
435 2214 523 2267 bonus
543 2214 616 2277 civis,
631 2220 659 2266 et
677 2221 779 2266 amator
793 2229 841 2282 pa·
879 2214 1009 2268 librorum
1035 2213 1100 2267 item
1122 2212 1343 2284 theologicorum,
1367 2210 1454 2266 multo
1473 2212 1503 2266 in
1523 2213 1585 2276 otio,
1610 2229 1671 2266 con-

43 2294 106 2355 tria,
121 2302 227 2346 terram
250 2293 326 2362 petit,
347 2293 485 2363 regionem
507 2291 611 2346 scilicet
629 2291 840 2345 connaturalium
879 2293 997 2364 scriptio,
1017 2292 1051 2346 ad
1069 2293 1138 2363 legis
1157 2293 1256 2347 divinas
1277 2291 1426 2345 doctrinam
1446 2291 1669 2362 propagandum:

41 2389 159 2425 suorum.
203 2370 326 2426 Ulterius
346 2372 429 2442 paulo
448 2386 607 2442 pergamus:
629 2387 741 2440 corpora
758 2372 840 2424 densa
879 2372 1102 2444 quemadmodum
1123 2372 1260 2425 etMoses
1279 2370 1426 2432 iecitcum
1446 2378 1548 2440 pertot
1566 2370 1671 2425 diesin

42 2460 69 2503 et
86 2452 185 2521 gravia
210 2458 310 2504 terram
332 2459 433 2521 petunt,
455 2450 694 2523 congregationem
713 2466 840 2520 magnam
879 2453 979 2506 montis
993 2468 1101 2507 secessu
1122 2458 1239 2504 moratus
1254 2457 1335 2503 esset.
1377 2449 1531 2511 Quinetiam
1546 2449 1669 2516 Henocb,

42 2548 188 2601 corporum
206 2531 367 2584 densorum:
389 2538 515 2595 attamen,
534 2531 624 2600 potins
644 2546 725 2599 quam
745 2537 840 2583 natura
878 2531 913 2583 ab
928 2531 1033 2584 Adamo
1046 2529 1183 2600 septimus,
1195 2531 1239 2600 qui
1251 2530 1357 2583 videtur
1370 2529 1453 2583 tuisse
1467 2529 1594 2599 princeps
1607 2530 1670 2584 vitae

43 2628 130 2663 rernm
146 2609 329 2664 divulsionem
350 2610 475 2679 patiatur,
489 2618 516 2663 et
529 2609 607 2663 detur
621 2611 663 2676 (ut
680 2607 838 2679 loquuntur)
878 2609 1094 2679 contemplativa:
1109 2609 1222 2675 (etenim
1237 2613 1253 2638 ‘⁴
1267 2625 1329 2661 cum
1348 2608 1409 2661 Deo
1423 2606 1597 2661 ambulasse’'
1612 2624 1672 2677 per·

44 2707 166 2752 vacnum,
187 2706 302 2758 corpora
323 2688 480 2758 hujusmodi
498 2689 527 2742 iu
548 2705 653 2742 sursum
671 2688 797 2752 serentur,
812 2696 841 2741 et
878 2689 998 2756 bibetur)
1009 2688 1186 2742 nibilominus
1200 2686 1344 2740 ecclesiam
1359 2686 1510 2756 prophetia
1521 2686 1592 2741 libro
1606 2684 1670 2761 (qui

43 2768 189 2821 cessabant
210 2767 246 2821 ab
265 2767 356 2822 officio
376 2784 425 2821 suo
449 2784 514 2838 erga
534 2775 640 2830 terram,
661 2775 692 2821 ut
713 2774 841 2837 prestent
878 2769 961 2822 enam
981 2785 998 2821 a
1018 2776 1111 2822 sancto
1131 2765 1203 2819 Juda
1220 2767 1329 2833 citatur)
1347 2765 1457 2819 dotavit.
1498 2764 1670 2836 Contempla-

44 2846 161 2900 ntlicinm
178 2864 257 2902 sunm
272 2848 374 2901 mundo
390 2846 444 2919 ipsi
460 2846 587 2901 debitum.
629 2847 672 2900 Ita
686 2847 762 2917 quasi
776 2863 839 2917 per·
878 2849 961 2902 nram
975 2864 1040 2901 vero
1054 2846 1125 2918 quod
1139 2845 1235 2898 attinet
1246 2860 1358 2909 meram,
1373 2851 1400 2897 et
1414 2843 1442 2897 in
1457 2860 1486 2898 se
1503 2844 1563 2913 ipsa
1578 2846 1669 2897 termi-

45 2937 124 2996 petno
137 2927 253 2991 obtinet,
263 2935 292 2982 ut
300 2927 469 2981 conservatio
482 2926 575 2982 lormae
589 2926 678 2998 magis
691 2926 840 2981 communis
877 2935 976 2991 natam,
992 2944 1106 2998 queque
1120 2924 1210 2980 radios
1219 2922 1317 2987 nullos,
1332 2924 1389 2978 sive
1404 2921 1508 2988 caloris,
1523 2924 1580 2978 sive
1591 2922 1670 2979 lumi·

43 3007 162 3060 minores
178 3008 317 3077 appetitus
328 3008 357 3060 in
368 3006 489 3061 ordinem
501 3007 614 3077 redigat.
654 3005 838 3077 Atpraroga-
877 3008 928 3072 nis,
948 3007 978 3062 in
1002 3007 1160 3060 societatem
1178 3004 1326 3059 humanam
1346 3002 1484 3070 diffundat,
1502 3004 1589 3057 nescit
1609 3019 1670 3057 eam

44 3087 98 3137 tiva
119 3087 175 3139 ista
196 3086 262 3139 boni
280 3086 479 3140 communionis
501 3087 626 3157 signatur
650 3086 786 3155 praecipue
810 3086 839 3139 in
878 3093 950 3141 certe
964 3085 1111 3157 theologia.

44 3165 266 3228 hominesinon
273 3165 492 3237 degeneraverit,
505 3165 584 3232 juxta
591 3164 765 3219 memorabile
772 3164 840 3219 illud
917 3165 1087 3220 Determinat
1106 3163 1190 3219 etism
1209 3163 1391 3234 questionem,
1406 3168 1481 3216 tants
1501 3162 1669 3216 contentione

44 3243 170 3315 Pompeii
194 3244 294 3316 Magni
314 3244 422 3309 dictum,
437 3245 491 3314 qui,
510 3261 564 3315 qno
582 3251 705 3314 tempora
722 3245 839 3299 Romam
877 3246 1016 3316 agitatam,
1035 3245 1105 3298 inter
1125 3242 1233 3297 scholas
1255 3243 1372 3296 Zenonis
1386 3249 1414 3296 et
1433 3240 1551 3295 Socratis
1565 3258 1601 3294 ex
1614 3258 1667 3295 una

45 3324 128 3377 tames
156 3330 302 3394 premeret,
328 3339 442 3378 annona:
469 3323 647 3394 importaodae
668 3325 838 3395 prepositus,
878 3332 962 3393 parte,
974 3324 1020 3396 qui
1030 3322 1187 3378 felicitatem
1196 3322 1224 3375 in
1234 3321 1340 3385 virtute,
1352 3328 1398 3374 aut
1407 3320 1473 3383 sola,
1484 3327 1530 3373 aut
1540 3320 1670 3373 adornata

44 3404 284 3458 vehementissime
309 3410 398 3457 antem
425 3403 460 3456 ab
480 3403 574 3457 amicis
598 3403 784 3474 interpellatus
805 3420 839 3457 ne
878 3401 971 3478 (cujus
982 3419 1089 3472 semper
1100 3402 1129 3456 in
1139 3402 1234 3456 officiis
1242 3402 1402 3470 vitaepartes
1416 3392 1579 3471 potissimae)
1590 3399 1671 3453 collo·

44 3483 119 3547 mari,
139 3491 234 3536 atroce
252 3490 411 3553 tempestate
431 3483 580 3553 ingruente,
599 3500 628 3537 se
643 3483 838 3548 committeret:
877 3491 987 3538 carunt:
1009 3490 1036 3536 et
1049 3483 1167 3552 reliquas
1187 3480 1337 3548 complures
1355 3488 1443 3532 sectas
1456 3485 1485 3531 et
1503 3477 1669 3540 scholenses

44 3562 108 3616 illud
122 3569 232 3616 tanturn
245 3562 391 3632 respoudit,
407 3563 550 3616 “Necesse
564 3570 606 3616 est
620 3571 649 3616 ut
662 3579 730 3628 eam,
741 3578 797 3615 non
810 3569 840 3616 ut
877 3563 965 3617 altera
978 3570 1071 3632 parte:
1091 3560 1173 3616 veluti
1186 3559 1293 3614 scholas
1304 3558 1513 3628 Cyrenaicorum
1527 3565 1553 3610 et
1566 3557 1669 3626 Epicu-

45 3643 130 3695 vivam
142 3643 168 3694 :”
191 3642 262 3695 adeo
276 3651 306 3696 ut
318 3642 381 3695 vitre
394 3641 554 3697 desiderium
565 3642 649 3712 (quod
659 3642 688 3695 in
702 3641 840 3695 individuo
877 3659 1000 3706 reorum:
1023 3642 1068 3713 qui
1083 3658 1143 3695 earn
1161 3641 1190 3693 ia
1203 3639 1340 3709 voluptate
1354 3638 1563 3690 constituerunt:
1584 3637 1669 3690 virtu·

45 3722 193 3775 memorum
207 3723 264 3789 eat)
280 3721 365 3774 amori
381 3732 408 3774 et
428 3722 490 3775 fidei
510 3723 539 3776 in
553 3719 747 3791 rempublicam
767 3721 840 3791 apud
877 3730 930 3775 tem
945 3730 1037 3775 autem
1051 3720 1136 3791 (sicut
1148 3721 1179 3773 tit
1188 3719 1217 3771 in
1231 3717 1370 3772 comoediis
1385 3716 1527 3786 aliquibus,
1541 3715 1588 3768 ubi
1602 3714 1671 3768 hera

47 3800 406 3871 enmnonpraeponderaret.
435 3800 488 3855 Sed
496 3801 560 3872 quid
573 3801 724 3854 moramur?
746 3799 838 3864 Nulla,
877 3818 938 3855 cum
948 3800 1050 3855 famula
1059 3806 1161 3853 vestem
1171 3800 1267 3862 mutet)
1277 3796 1357 3866 plane
1367 3795 1492 3849 ancillam
1504 3801 1668 3848 statuerunt:

46 3878 838 3950 omnibosscculis,repertaestvelphilosophiavelsecta,
878 3887 969 3949 utpote
989 3881 1048 3934 sine
1070 3896 1123 3949 qua
1135 3878 1268 3947 voluptati
1289 3876 1428 3929 commode
1447 3874 1593 3928 ministrari
1615 3890 1691 3966 nun}

47 3958 88 4011 vel
110 3959 218 4029 religio,
233 3957 278 4012 vel
297 3960 352 4023 lex,
371 3966 418 4014 aut
438 3958 588 4029 disciplina,
610 3976 671 4030 quar
689 3959 718 4011 in
737 3967 838 4012 tantum
878 3970 985 4028 posset:
1008 3975 1057 4011 nec
1074 3959 1163 4011 minus
1184 3956 1260 4009 illam
1274 3955 1389 4009 alteram
1406 3954 1518 4024 Epicuri
1539 3951 1668 4018 scholam,

47 4038 243 4092 communionis
261 4038 365 4092 bonum
386 4038 522 4101 exaltavit,
543 4039 644 4092 bonum
660 4055 723 4092 vero
743 4039 839 4092 indivi-
879 4040 955 4109 quasi
974 4039 1164 4101 reformatam
1186 4053 1246 4106 quea
1261 4033 1418 4088 felicitatem
1432 4032 1502 4086 nihil
1524 4031 1669 4087 aliudesse

48 4116 121 4171 drale
144 4117 290 4187 depressit,
311 4124 441 4189 quantum
464 4125 557 4171 sancta
578 4117 645 4171 tides
664 4117 838 4173 Christiana:
878 4119 1049 4188 predicabat,
1072 4133 1151 4188 quam
1169 4114 1245 4168 inimi
1265 4112 1486 4183 tranquillitatem
1499 4118 1526 4165 et
1539 4112 1670 4165 serenita-

47 4196 113 4249 unde
126 4195 348 4267 liquidoepateat,
363 4213 448 4251 unum
462 4198 629 4266 eundemque
643 4197 731 4251 Deum
746 4198 837 4261 fuisse,
879 4205 940 4258 tem,
950 4215 967 4250 a
978 4194 1221 4267 perturbationibus
1235 4192 1321 4255 liberi,
1333 4202 1360 4246 et
1374 4191 1450 4245 vacui
1463 4214 1470 4254 3
1493 4207 1524 4244 ac
1538 4190 1670 4246 silerem

48 4276 90 4344 qni
114 4277 250 4330 creaturis
272 4277 349 4347 leges
373 4275 436 4331 illas
461 4285 571 4340 nature,
595 4276 752 4331 hominibus
776 4293 840 4330 vero
877 4278 910 4329 de
927 4276 996 4331 solio
1016 4275 1157 4329 deturbare
1170 4272 1277 4336 vellent,
1298 4280 1325 4325 et
1345 4271 1490 4325 Saturnum
1507 4287 1568 4324 cum
1589 4287 1671 4325 aureo

48 4353 132 4424 legem
157 4355 347 4409 Christianam
368 4354 493 4410 dedisset
543 4356 692 4425 Propterea
715 4355 838 4426 legimus,
878 4356 969 4410 seculo
991 4356 1127 4417 reducere,
1149 4352 1256 4424 quaudo
1281 4367 1368 4422 neque
1393 4358 1471 4404 aestas
1498 4366 1548 4403 nec
1572 4350 1670 4404 bruma

47 4433 189 4488 monellus
204 4434 344 4489 exelectis
358 4442 385 4489 et
398 4435 570 4489 sanctisviris
585 4443 691 4505 optasse
705 4451 734 4488 se
748 4436 839 4504 potius
878 4436 1000 4499 luissent,
1014 4451 1068 4488 non
1082 4451 1136 4498 ver,
1147 4449 1198 4486 nec
1209 4438 1361 4494 autumnus,
1371 4430 1418 4484 sed
1431 4436 1521 4483 uuaet
1530 4428 1670 4499 aequabilis

47 4528 134 4566 masos
147 4531 185 4568 cx
205 4513 279 4569 libro
291 4515 362 4578 vitae,
378 4530 460 4585 quam
474 4523 505 4568 ut
518 4515 591 4568 salus
605 4514 639 4567 ad
661 4515 757 4568 naues
776 4532 840 4569 suos
878 4514 949 4569 aeris
963 4514 1124 4583 temperies:
1146 4511 1262 4581 denique
1271 4519 1298 4563 et
1309 4509 1386 4564 illam
1399 4509 1541 4580 explosam
1551 4507 1670 4577 Pyrrho-

48 4609 98 4645 non
113 4595 288 4662 perveniret:
309 4594 406 4648 ecstasi
421 4594 536 4664 quadam
547 4593 697 4656 charitatis,
712 4601 740 4647 et
750 4594 838 4665 impo-
878 4595 920 4648 nis
935 4601 964 4648 et
978 4592 1077 4648 Herilli
1094 4591 1224 4653 scholam,
1239 4589 1285 4660 qui
1300 4589 1381 4642 sitam
1395 4594 1600 4643 autumaverunt
1612 4586 1671 4641 icli-

48 4675 111 4727 tenti
125 4673 264 4727 desiderio
272 4673 336 4727 boni
350 4674 546 4727 communionis
559 4673 673 4727 incitati.
878 4674 989 4726 citatem
1002 4672 1031 4725 in
1050 4670 1183 4740 scrupulis
1198 4670 1348 4739 quibusque
1363 4669 1449 4722 animi
1463 4684 1572 4737 prorsus
1585 4665 1671 4720 elimi-

85 4753 146 4807 Hoc
163 4753 291 4823 positum,
311 4753 351 4806 ita
367 4760 396 4807 nt
417 4752 559 4807 immotum
578 4759 686 4806 maneat
702 4759 729 4806 et
749 4745 851 4806 incon·¹
877 4753 981 4815 nandis,
1001 4751 1104 4805 nullam
1124 4755 1272 4804 statuentes
1289 4750 1372 4802 mam
1387 4757 1414 4802 et
1426 4753 1591 4801 constantem
1606 4745 1670 4799 boni

47 4848 162 4894 camum,
175 4831 316 4886 nonnullis
330 4848 366 4885 ex
379 4832 544 4902 mamammis
557 4832 587 4884 in
602 4831 698 4885 morali
716 4830 839 4902 philoso-
878 4841 925 4886 aut
939 4830 1003 4885 mali
1023 4840 1154 4890 naturam,
1168 4828 1216 4882 sed
1230 4828 1350 4881 actiones
1370 4845 1419 4897 pro
1436 4827 1514 4880 bonis
1528 4830 1576 4877 aut
1589 4823 1669 4878 malis

48 4910 401 4979 phiaeontroversiistinem
412 4911 534 4981 imponit
565 4910 659 4965 Primo
667 4911 739 4964 enim
752 4927 839 4981 ques·
877 4910 1017 4973 habentes,
1038 4915 1116 4978 prout
1130 4925 1166 4962 ex
1186 4908 1283 4970 animo,
1298 4914 1373 4960 motu
1393 4923 1462 4976 puro
1481 4911 1509 4958 et
1522 4903 1669 4966 irretracto,

48 4990 143 5045 nonem
154 4990 414 5054 illamdetermiuat,
424 4990 517 5044 devita
525 4989 736 5060 contemplativa
745 4990 840 5043 activa
878 4998 925 5043 aut
945 4998 1045 5052 contra,
1060 5005 1122 5041 cum
1142 4986 1310 5040 aversatione
1325 4995 1352 5039 et
1372 4983 1555 5046 reluctatione,
1576 4981 1673 5051 prodis

48 5070 236 5138 preferenda:
264 5070 347 5141 idque
371 5077 465 5123 contm
490 5069 652 5123 sententiam
676 5068 837 5123 Aristotelia
878 5075 953 5131 rent:
974 5084 1035 5138 qua:
1056 5074 1146 5121 tamen
1160 5066 1251 5135 opinio
1271 5065 1300 5119 in
1314 5065 1412 5119 haeresi
1433 5060 1669 5130 Anabaptistarum

48 5147 146 5205 Omnes
166 5149 303 5221 siqnidem
323 5149 452 5211 ιιιιίοιιεε.
466 5166 526 5219 quta
539 5147 635 5202 abillo
649 5164 699 5218 pro
719 5155 840 5202 contem·
877 5147 985 5212 revixit,
1006 5146 1052 5218 qui
1074 5156 1172 5201 cuncta
1192 5144 1370 5198 metiebantur
1386 5144 1466 5211 juxta
1486 5149 1573 5193 motus
1587 5148 1614 5192 et
1626 5139 1669 5192 in·

49 5225 146 5295 plativa
158 5228 313 5292 afferuntur,
327 5227 429 5283 bonnm
442 5228 575 5296 privatum
588 5228 743 5298 respiciunt,
757 5234 839 5299 atque
877 5227 991 5281 stinctus
1014 5225 1132 5296 spiritus,
1157 5231 1185 5278 et
1205 5224 1384 5279 constantiam
1405 5220 1449 5275 vel
1471 5216 1669 5273 vacillationem

48 5306 175 5362 iadimdni
190 5315 297 5362 tanturn
310 5308 399 5378 ipsius
411 5306 586 5376 voluptatem,
600 5315 647 5360 aut
660 5306 838 5377 signinum
877 5306 949 5360 fidei.
977 5304 1079 5376 Liquet
1089 5312 1180 5359 autem
1188 5303 1249 5368 ista,
1261 5319 1321 5374 quae
1331 5299 1522 5361 recensuimus,
1533 5296 1670 5351 omniaad

48 5386 142 5456 qubus
160 5387 190 5442 in
204 5388 286 5442 rebus
302 5384 513 5455 contemplativa
526 5386 644 5456 palmam
664 5386 739 5440 baud
759 5386 839 5441 dubie
877 5376 1668 5455 privatamauimorumtranquillitatem,etcomplacentiam,

48 5474 171 5536 reportat
216 5463 327 5523 Etenim
347 5463 557 5537 contemplativa
575 5481 631 5521 non
651 5464 784 5522 absimilis
799 5472 840 5521 est
876 5463 952 5521 nullo
966 5464 1046 5520 modo
1059 5469 1151 5518 autem
1164 5462 1198 5516 ad
1208 5462 1309 5517 bonum
1318 5456 1523 5521 communionis,
1535 5462 1668 5527 spectare.
