3800 5875
599 312 784 370 nlstoala
805 312 904 368 VlTAE
925 313 974 369 ET
994 314 1149 370 MORTIS.
1631 310 1689 367 593

53 486 115 540 pus,
138 488 222 542 quarn
242 488 330 544 aquea
345 488 409 544 pars
429 471 553 543 liquoris.
593 471 707 538 Deinde,
728 478 856 543 sequatur
893 470 1001 543 regulas
1013 472 1164 543 rigidiores,
1178 471 1337 527 universum
1350 471 1591 541 corporissuccum
1604 472 1693 541 primo

53 550 188 605 balneum
202 552 299 621 ipsum,
314 553 349 606 ad
363 552 446 606 horas
458 550 616 606 iorteduas.
656 554 682 606 A
695 554 793 606 balneo
806 568 856 606 au·
893 559 1041 615 attenuare,
1061 552 1159 606 deinde
1178 568 1337 607 consumere
1359 559 1442 622 atque
1462 549 1588 614 sorbere3
1620 550 1691 620 quod

53 637 114 684 tem
127 632 322 701 emplastretur
335 647 436 702 corpus
455 648 492 686 ex
510 629 651 696 mastiche,
666 631 786 701 myrrha,
800 638 856 684 tra·
893 629 1144 686 mauiiestissimum
1162 631 1291 701 estquis
1310 631 1432 686 morbum
1455 627 1593 684 Gallicum
1607 646 1692 701 usque

54 710 206 780 gacaatbc,
220 710 366 782 diapalma,
381 716 513 775 croco,ut
534 708 691 765 cohibeatur
713 713 857 783 (quantum
894 709 929 763 ad
953 710 1159 780 gummositstes
1182 717 1348 780 provectum,
1374 710 1475 782 quique
1498 708 1610 762 infimos
1637 725 1694 762 cor·

54 790 118 843 heri
140 792 244 860 potest)
265 790 437 861 perspiratio,
460 790 545 844 donec
566 789 701 843 malacum
725 789 857 860 paulatim
893 788 968 858 poris
994 805 1089 843 succos
1110 789 1283 859 occupaverit
1306 797 1334 843 et
1357 788 1554 859 depravaverit,
1578 803 1615 840 ex
1637 787 1694 842 illis

55 877 179 923 vertebar
191 868 362 934 insolidum3
377 869 459 939 idque
469 885 519 939 per
528 868 627 938 viginti
637 876 754 940 quatuor
762 868 855 932 horas,
889 867 983 922 ‚diaefis
1004 884 1084 938 posse
1103 868 1193 922 curari
1216 867 1360 938 probatum
1384 876 1443 922 est:
1477 875 1558 938 atque
1579 866 1694 937 insuper

56 948 103 1002 vel
122 948 252 1019 amplius.
292 948 442 1013 Postremo,
462 956 553 1002 amota
568 947 796 1017 emplastratioue,
811 948 858 1000 fiat
895 947 960 1018 quia
980 963 1058 1018 arque
1081 946 1256 1002 manifestum
1277 954 1326 1012 est,
1348 964 1398 1022 per
1418 946 1576 1016 hujusmodi
1599 944 1694 999 dimtas

57 1027 152 1082 unctio
164 1045 228 1083 cum
248 1027 317 1093 oleo,
332 1028 424 1082 addito
443 1027 501 1083 sale
522 1035 551 1081 et
570 1043 657 1090 croco,
671 1034 699 1081 et
714 1033 858 1082 renovetur
894 1025 1021 1080 homines
1035 1025 1120 1081 iactos
1133 1026 1301 1092 macilentos,
1312 1026 1437 1098 pallidos,
1448 1033 1477 1080 et
1490 1025 1568 1096 quasi
1582 1024 1694 1078 cadave-

57 1106 190 1162 balueum
212 1114 275 1180 post
298 1107 478 1178 quatriduum,
502 1123 565 1161 cum
585 1105 806 1176 emplastratione
830 1111 858 1160 et
897 1120 981 1169 rcsos,
996 1104 1080 1175 paulo
1099 1113 1161 1176 post
1173 1105 1347 1177 impinguari,
1362 1104 1485 1169 colorari,
1499 1112 1528 1158 et
1549 1103 1694 1158 manifesto

57 1187 198 1252 ιιιιιιίοιιι,
213 1184 259 1260 (ut
272 1183 592 1261 prius,)etcontiuuetur
606 1184 762 1254 hujusmodi
775 1183 859 1239 mala·
895 1184 1028 1238 renovari.
1069 1184 1250 1245 Quamobrem
1270 1184 1426 1253 hujusmodi
1446 1183 1550 1247 diaetas,
1564 1189 1692 1253 vergente

57 1265 172 1320 citatio
184 1282 236 1336 per
248 1282 370 1321 mensem
384 1283 476 1320 unum.
895 1270 983 1327 aetate,
998 1263 1084 1319 semel
1096 1264 1214 1328 biennio,
1227 1264 1262 1317 ad
1275 1264 1454 1319 intentionem
1472 1270 1593 1317 nostram
1612 1262 1693 1315 utiles

99 1345 150 1401 23.
171 1345 264 1400 Etiam
281 1346 394 1400 durante
406 1351 529 1414 tempore
542 1342 776 1410 ,malacissationis
789 1343 857 1398 utile
895 1359 955 1397 esse
969 1343 1080 1398 omniuo
1099 1343 1295 1409 existimamus,
1309 1350 1439 1414 tanquam
1457 1341 1571 1397 exuvias
1592 1348 1620 1395 et
1633 1357 1694 1411 spo

55 1424 224 1493 judicamus,
248 1433 276 1480 et
296 1425 443 1496 proprium,
464 1431 493 1478 et
514 1422 662 1477 secuudum
681 1422 858 1478 intentionem
895 1421 935 1476 lis
948 1431 1112 1491 serpentum.

57 1512 191 1569 notham,
205 1512 235 1559 ιιι
247 1521 344 1576 corpus
358 1504 429 1559 bene
439 1502 582 1565 nutriatur,
593 1508 620 1556 et
633 1502 669 1555 ab
681 1500 744 1557 aire
758 1502 859 1575 frigido
934 1501 963 1556 3.
982 1501 1111 1556 Fidenter
1132 1502 1247 1557 dicimus
1261 1499 1366 1577 (neque
1387 1514 1452 1555 vero
1469 1499 1538 1571 quia,
1553 1516 1628 1569 rogo,
1641 1515 1692 1554 nos

58 1583 238 1649 abstineatur,
253 1591 281 1637 ιι
292 1583 333 1638 nil
345 1582 398 1637 nisi
412 1582 531 1636 calidum
544 1581 661 1636 bibatur.
895 1581 967 1635 inter
979 1580 1122 1635 hereticos
1136 1580 1272 1636 Catharoa
1284 1577 1416 1654 reponat)
1427 1580 1604 1651 purgationes
1615 1595 1693 1649 repe-

101 1663 151 1718 24.
173 1663 236 1717 Hoc
249 1680 314 1718 rero
328 1665 370 1734 (ut
387 1663 465 1717 initio
478 1663 508 1718 in
521 1678 621 1733 genere
635 1659 802 1732 monuimus)
816 1667 859 1716 eat
895 1659 966 1724 titas,
980 1668 1061 1732 atque
1076 1660 1163 1715 factas
1177 1659 1332 1724 familiares,
1346 1658 1428 1731 longe
1441 1659 1530 1729 magis
1539 1657 1579 1712 'ad
1592 1659 1693 1712 diutur-

59 1759 99 1797 ιιι
112 1743 158 1806 iis,
169 1760 231 1814 que
241 1743 320 1797 nobis
333 1742 521 1812 experimento
534 1740 650 1812 probata
661 1757 717 1795 nou
730 1741 859 1806 suntsed
895 1740 1008 1794 uitatem
1021 1740 1084 1795 vitas
1097 1740 1195 1805 facere,
1211 1756 1292 1811 quam
1307 1739 1438 1793 exercitia
1458 1744 1485 1792 et
1498 1738 1616 1792 sudores.
1658 1736 1691 1791 ld

60 1821 201 1893 descripta
226 1822 413 1876 tautummodo
440 1839 477 1876 ex
499 1820 681 1875 collimationc
705 1819 741 1873 ad
767 1821 857 1875 finem.
895 1827 988 1874 antem
1000 1820 1060 1874 fieri
1072 1836 1184 1875 necesse
1193 1820 1278 1883 estsi
1291 1826 1416 1874 teneatur
1426 1817 1496 1889 quod
1505 1817 1624 1888 positum
1634 1823 1690 1881 est;

59 1901 175 1956 Etenim
189 1910 263 1956 meta
274 1902 371 1971 posita,
385 1900 448 1955 aliis
460 1899 588 1971 lampada
600 1899 739 1955 tradimus.
894 1898 1036 1954 motiones
1046 1899 1174 1969 corporis,
1189 1908 1218 1953 et
1226 1905 1366 1954 meatuum
1375 1898 1411 1951 ab
1423 1904 1503 1951 extra
1513 1895 1691 1967 oppletioncs,

103 1981 153 2035 25.
173 1981 274 2052 Neque
283 1980 448 2052 negligenda
455 1987 519 2034 sunt
529 1979 647 2034 tomenta
656 1996 693 2033 ex
702 1978 859 2049 corporibus
895 1985 923 2032 et
944 1976 1018 2033 aeris
1039 1977 1218 2043 exclusiones,
1234 1985 1262 2033 ct
1282 1977 1393 2048 spiritus
1414 1977 1443 2030 iu
1462 1991 1554 2030 massa
1571 1976 1692 2046 corporis

61 2060 143 2116 vivis.
185 2060 297 2115 Ficinus
317 2061 356 2115 ait
374 2062 474 2131 (neque
492 2059 521 2113 id
540 2075 590 2129 per
606 2057 712 2128 jocum)
725 2057 858 2113 Davidem
895 2057 1070 2123 detentiones,
1079 2057 1228 2128 plurimum
1239 2058 1389 2112 conducere
1397 2056 1433 2110 ad
1440 2054 1691 2125 vitamlongaevam.

61 2140 243 2195 contubernia
255 2138 361 2211 puellae,
375 2138 444 2193 alies
457 2138 611 2205 salubriter,
626 2138 675 2194 sed
693 2138 777 2192 nimis
797 2154 859 2192 sero
895 2137 1007 2192 Etenim
1025 2137 1206 2193 certissimum
1230 2144 1279 2202 est,
1302 2153 1352 2207 per
1372 2135 1484 2191 sudores
1504 2142 1532 2189 et
1552 2134 1690 2205 perspira-

62 2236 145 2274 asum
159 2219 258 2285 fuisse,
279 2219 409 2274 debuerat
428 2225 520 2273 autem
533 2218 639 2283 addere,
654 2217 726 2290 quod
738 2217 859 2287 puellam
896 2216 984 2272 tiones
1008 2217 1168 2281 exteriores,
1189 2233 1244 2271 uon
1268 2215 1356 2271 solum
1379 2214 1507 2270 humores
1531 2221 1560 2269 et
1578 2230 1693 2285 vapores

63 2298 152 2362 sliam,
177 2314 253 2354 more
277 2299 414 2370 virgiuum
439 2298 549 2362 Persiae,
573 2298 738 2369 oportuisset
762 2297 859 2368 inungi
895 2296 1115 2351 excrementitios
1129 2297 1253 2352 exhalari
1275 2303 1304 2349 et
1321 2295 1444 2358 absumis
1465 2294 1514 2350 sed
1533 2309 1589 2349 una
1609 2293 1693 2348 etiam

63 2378 179 2448 myrrha
192 2385 221 2433 et
232 2377 373 2442 similibus,
387 2393 443 2432 non
460 2377 495 2431 ad
507 2376 628 2442 delicias,
641 2376 690 2432 sed
702 2376 738 2431 ad
758 2393 859 2449 augen-
896 2392 991 2431 succos
1004 2383 1032 2430 et
1044 2376 1157 2446 spiritus
1169 2377 1263 2439 bonos,
1284 2374 1331 2446 qui
1345 2392 1400 2430 uon
1413 2382 1505 2429 tamen
1519 2371 1598 2428 facile
1613 2389 1693 2444 repa-

62 2459 128 2512 darn
141 2459 271 2512 virtutem
284 2458 395 2513 lomenti
408 2474 445 2512 ex
457 2473 569 2527 corpore
582 2457 654 2512 vivo.
895 2465 1006 2511 rantur:
1027 2456 1058 2510 in
1076 2456 1282 2527 purgationibus
1295 2461 1385 2509 autem
1400 2450 1470 2529 (nisi
1490 2453 1590 2509 luerint
1603 2453 1693 2507 admo·

105 2537 156 2591 26.
177 2537 350 2603 Barbarcssa,
359 2544 438 2593 atate
448 2545 578 2602 extrema,
588 2553 624 2592 ex
636 2536 750 2593 consilio
760 2536 858 2592 medici
895 2535 961 2590 dum
980 2532 1181 2609 immoderatas)
1203 2551 1259 2589 nou
1279 2535 1354 2598 item,
1375 2550 1437 2588 cum
1461 2550 1543 2603 super
1564 2531 1693 2586 humores

63 2617 158 2672 ludaei
170 2616 297 2687 puerulos
318 2617 442 2672 ιοιιιίιιιιι
462 2616 603 2671 stomacho
623 2625 652 2671 et
672 2617 727 2672 iliis
740 2615 860 2688 applica·
895 2614 1033 2685 precipue
1055 2622 1208 2684 operentur.
1248 2613 1431 2683 Purgationes
1453 2619 1545 2666 autem
1565 2612 1601 2666 ad
1621 2611 1692 2666 hanc

64 2697 114 2750 bat
134 2696 171 2750 ad
194 2696 335 2751 fomenta:
370 2697 453 2751 etiam
476 2712 554 2752 senes
575 2695 697 2751 nonnulli
721 2695 860 2751 caniculas
896 2689 1074 2750 intentionem
1087 2695 1197 2764 optimae
1211 2700 1281 2758 sunt,
1296 2710 1357 2763 quae
1371 2691 1454 2764 paulo
1467 2699 1531 2746 aute
1545 2691 1635 2746 cibum
1650 2708 1694 2745 su·

65 2774 212 2847 (animalia
224 2776 326 2831 scilicet
338 2776 411 2831 iuter
424 2774 603 2845 calidissima)
618 2775 760 2831 stomacho
778 2782 860 2831 noctu
896 2781 1014 2839 manhu,
1029 2773 1094 2844 quia
1107 2774 1245 2828 desiccant
1259 2771 1364 2835 minus,
1386 2771 1501 2842 ideoque
1519 2770 1620 2824 debent
1632 2786 1693 2824 esse

64 2854 206 2926 applicare
219 2864 425 2911 consueverunt.
897 2870 932 2908 ex
943 2853 978 2908 iis
992 2852 1157 2918 catharticis,
1172 2870 1233 2923 qum
1246 2850 1424 2906 ventriculum
1443 2851 1554 2905 minime
1573 2849 1692 2904 turbant.

105 2934 156 2996 27.
176 2935 219 2991 De
233 2935 388 2991 hominibus
401 2934 562 3008 quibusdam
576 2934 724 2991 nasonibus
738 2931 809 3011 (qui,
820 2935 859 2991 ir·

65 3016 176 3070 nocuis
189 3017 305 3086 pertaesi,
325 3032 452 3070 nasorum
464 3015 572 3070 tuberes
594 3021 622 3070 et
640 3015 719 3086 quasi
739 3014 861 3070 surculos
937 3012 1106 3069 Intentiones
1128 3012 1322 3083 operationum,
1346 3027 1414 3082 quas
1432 3010 1631 3081 proposuimus,
1651 3008 1695 3079 (ιιι

65 3103 251 3167 amputarunt,
275 3104 357 3167 atque
380 3096 409 3149 in
430 3094 603 3149 brachiorum
622 3095 709 3160 ιιΙιιιιι,
728 3095 860 3150 incisione
897 3091 1342 3162 arbitramur,)veriasi1naesunt;
1363 3090 1484 3145 remedia
1499 3088 1694 3144 intentionibus

65 3174 199 3230 nonnulla
211 3175 363 3247 adapertas,
377 3175 412 3229 ad
425 3184 533 3245 tempus
545 3175 692 3239 inruerunt,
706 3174 860 3246 atqueiude
897 3173 959 3227 lida,
999 3174 1099 3244 Neque
1113 3171 1241 3228 credibile
1256 3177 1299 3226 est
1318 3170 1399 3235 dictu,
1414 3168 1494 3246 (licet
1514 3168 1588 3224 haud
1605 3184 1694 3238 pauca

65 3271 148 3309 nawa
161 3256 251 3326 magis
265 3255 392 3310 decentes
410 3247 600 3326 efformarunt)
614 3253 750 3309 increbuit
765 3252 861 3309 relatio
897 3269 934 3308 ex
955 3252 1024 3322 ipsis
1045 3251 1121 3306 velut
1141 3251 1250 3321 plebeia
1264 3250 1348 3305 rideri
1365 3244 1495 3322 possint)
1510 3255 1613 3320 quanta
1631 3264 1694 3301 cum

65 3334 148 3407 quasi
160 3343 250 3389 certa:
270 3335 353 3406 idque
366 3334 396 3388 iu
408 3333 500 3389 multis
513 3333 685 3389 nominibus:
706 3350 740 3387 ea
759 3333 861 3388 sivera
897 3348 963 3387 cura
983 3338 1011 3386 et
1033 3330 1141 3386 delectu
1161 3348 1195 3385 ea
1214 3347 1232 3384 a
1252 3329 1332 3385 nobis
1350 3328 1506 3384 examinata
1527 3328 1642 3391 iueriutr
1663 3334 1695 3381 ut

63 3417 108 3478 sit,
123 3414 558 3479 consensumcarnisadcarnem,
569 3413 720 3483 praesertim
729 3412 860 3479 vivarum,
897 3411 953 3466 sint
974 3409 1064 3480 (salva
1081 3428 1190 3482 semper
1210 3410 1373 3477 intentione)
1397 3417 1425 3462 et
1444 3415 1501 3462 tuta
1518 3414 1545 3463 et
1563 3407 1693 3461 efficacia.

63 3493 148 3564 plane
163 3501 287 3549 testatur.
898 3491 970 3545 Rem
983 3491 1072 3561 ipsam
1085 3491 1301 3560 experimentum
1311 3495 1339 3543 et
1348 3487 1534 3558 comprobavit
1546 3493 1574 3542 et
1587 3501 1694 3557 promo·

105 3574 154 3629 28.
175 3574 220 3628 De
233 3573 428 3629 inteneratioue
442 3571 598 3643 particulari
616 3572 749 3626 viscerum
762 3571 861 3643 princi·
898 3570 980 3624 vehit.
1021 3569 1101 3624 'l'alia
1122 3569 1261 3624 antemio
1281 3568 1407 3622 omuibus
1427 3567 1508 3621 rebus
1528 3573 1591 3620 sunt
1611 3581 1695 3636 opera

64 3654 179 3725 palium,
195 3653 338 3719 stomachi,
351 3652 519 3723 pulmonum,
538 3649 648 3726 jecoris,
666 3652 763 3717 cordis,
784 3667 860 3706 cere-
898 3648 1006 3704 consilii
1019 3649 1150 3722 cujusque
1164 3648 1362 3720 prudentioris,
1384 3664 1445 3718 quea
1458 3653 1522 3700 suut
1531 3646 1630 3700 effectu
1645 3645 1694 3697 ad·

63 3734 115 3799 bri,
126 3732 243 3804 spinalis
253 3732 385 3797 medulla,
396 3749 498 3796 renum,
509 3729 588 3796 fellis,
597 3729 713 3796 iliorum,
723 3748 860 3797 venarum,
897 3728 1030 3794 miranda,
1043 3729 1137 3784 ordine
1148 3744 1256 3800 quoque
1270 3727 1389 3799 egregia,
1404 3725 1492 3781 modis
1505 3723 1623 3779 faciendi
1637 3730 1695 3778 tau·

64 3814 236 3877 arteriarum,
257 3829 409 3877 nervorum,
430 3811 628 3881 cartilaginum,
649 3811 759 3875 ossium
779 3810 861 3865 nimis
899 3827 981 3881 quam
990 3807 1122 3880 vulgaria.

63 3893 147 3964 longa
168 3891 242 3947 t'oret
260 3891 401 3963 inquisitio
415 3897 442 3946 et
455 3889 639 3961 prascriptior
660 3907 723 3945 cum
733 3890 792 3959 jam
805 3906 860 3944 uon

64 3973 172 4043 praxim
186 3972 362 4037 instruamus,
376 3970 424 4025 sed
436 3968 615 4024 iudicationes
627 3969 662 4023 ad
675 3969 792 4039 praxim.
1169 3949 1288 3987 mm*
1309 3947 1424 3986 mm·

938 4045 982 4099 De
993 4043 1097 4100 atriolis
1111 4044 1208 4098 mortis
1219 4043 1279 4111 jam
1292 4039 1497 4113 inquirendum

451 4145 481 4182 x.
899 4123 989 4188 idest,
1004 4124 1037 4178 de
1051 4123 1094 4188 iis,
1109 4140 1170 4194 quar
1184 4122 1308 4176 accidant
1321 4120 1499 4175 morientibus
1530 4104 1669 4197 {23¹2ss

899 4202 1047 4259 inerticula
1055 4204 1158 4267 mortis,
1170 4209 1198 4256 ιι
1210 4200 1293 4271 paulo
1303 4207 1375 4265 aute,
1387 4205 1497 4269 etpost:

899 4290 929 4336 ut
942 4300 1004 4337 cum
1017 4281 1111 4337 multis
1123 4282 1176 4336 viis
1190 4280 1363 4351 perveniatur
1382 4278 1417 4333 ad
1438 4285 1561 4342 mortem,
1576 4277 1695 4350 intelligi

899 4362 986 4431 possit
998 4362 1029 4416 in
1043 4378 1104 4431 qum
1117 4358 1271 4414 communia
1284 4357 1339 4414 illae
1356 4358 1496 4423 desinant,
1516 4358 1652 4430 precipue
1666 4359 1695 4413 in

899 4441 1039 4506 mortibus,
1061 4458 1123 4512 qum
1141 4440 1293 4494 inseruntur
1311 4455 1361 4510 per
1380 4438 1559 4509 indigentiam
1581 4446 1694 4502 nature,

303 4520 457 4593 Licetque
470 4521 516 4576 hic
527 4537 660 4593 ponemus
671 4521 794 4590 superius
805 4520 861 4575 sere
900 4520 1086 4592 potiusquam
1100 4537 1150 4591 per
1169 4517 1341 4581 violentiam3
1363 4517 1470 4571 tametsi
1490 4518 1573 4573 etiam
1591 4516 1695 4588 aliquid

261 4606 450 4671 praeoccupata
462 4601 524 4666 sint,
533 4609 624 4655 tamen
635 4600 699 4670 quia
705 4599 759 4654 ista
769 4616 862 4670 opera·
900 4616 934 4653 ex
943 4599 988 4654 his
996 4604 1108 4670 propter
1118 4615 1208 4653 rerum
1218 4597 1415 4652 connexionem
1428 4596 1639 4668 inspergendum
1649 4597 1694 4650 sit.

63 4681 101 4734 tio
106 4689 190 4735 estex
198 4679 404 4751 principalibus,
415 4681 619 4735 retractabimus
628 4696 662 4733 ea
671 4678 754 4750 paulo
764 4679 860 4734 fusius.

106 4761 130 4814 l.
153 4759 268 4815 Certum
292 4768 343 4824 est,
363 4760 446 4814 boves
468 4767 595 4823 aratores,
619 4766 701 4830 atque
724 4758 862 4814 laboribus
942 4756 967 4811 l.
988 4756 1106 4828 Spiritus
1120 4757 1196 4811 virus
1210 4755 1317 4810 videtur
1330 4755 1416 4811 tribus
1432 4755 1502 4810 indi·
1575 4806 1580 4815 ,
1630 4805 1634 4813 ,

63 4839 222 4903 exhaustos,
235 4840 265 4892 in
279 4855 381 4909 pascua
393 4855 464 4893 nova
485 4846 513 4893 et
531 4838 595 4894 lata
611 4838 752 4903 admissos,
767 4853 862 4892 carues
899 4845 1009 4909 gere,ut
1017 4837 1160 4892 subsistat:
1175 4836 1412 4900 motucommodo;
1427 4835 1503 4889 relri·
1551 4806 1659 4848 mn*

62 4919 186 4990 recipere
211 4925 319 4973 teneras
337 4927 365 4974 et
382 4918 531 4987 juveniles:
552 4918 634 4988 idque
654 4933 704 4972 esu
723 4925 752 4971 et
770 4916 862 4988 palato
899 4917 976 4988 gerio
990 4923 1153 4986 temperato,
1167 4921 1195 4969 et
1204 4913 1334 4969 alimento
1346 4915 1453 4970 idoneo.
1494 4912 1620 4969 Flamma
1632 4927 1697 4964 vero

62 4998 253 5069 comprobarir
274 5006 305 5052 ut
326 4997 501 5052 manifestum
523 4996 561 5051 sit
580 4997 704 5051 carnium
722 4997 860 5051 intenera-
899 4996 1003 5051 duobus
1017 5012 1053 5049 ex
1066 4995 1111 5049 his
1125 5000 1229 5049 tantum
1241 4994 1366 5065 indigere
1378 4993 1501 5058 videm,
1522 4997 1597 5046 motu
1617 4989 1697 5042 uimi-

63 5078 168 5132 tionem
179 5093 236 5131 non
247 5094 307 5132 esse
321 5076 473 5142 difficilem,
486 5093 579 5131 verum
590 5084 618 5131 et
626 5076 717 5130 carnis
729 5076 862 5130 intenera-
899 5092 960 5130 rum
981 5083 1009 5130 et
1026 5073 1170 5138 alimento;
1191 5080 1336 5144 propterea
1356 5074 1428 5145 quod
1446 5073 1558 5126 flamma
1578 5067 1697 5137 simplex

64 5157 166 5211 tionem
180 5156 283 5226 sapius
297 5156 450 5226 repetitam,
463 5156 546 5210 etiam
562 5156 597 5210 sd
610 5172 672 5210 ossa
685 5163 713 5210 et
730 5156 861 5210 membra·
899 5156 935 5210 sit
947 5154 1107 5219 substantia,
1122 5153 1231 5222 spiritua
1244 5155 1410 5222 composita3
1430 5152 1469 5205 ita
1483 5158 1512 5205 ιιι
1533 5150 1557 5204 si
1577 5154 1698 5202 trauseat

64 5252 122 5301 uas,
136 5243 165 5290 et
178 5235 289 5299 similia,
301 5237 444 5305 pervenire
453 5252 533 5306 posse
547 5234 693 5290 verisimile
707 5242 758 5289 cst.
899 5234 983 5306 paulo
995 5234 1106 5303 propius
1119 5233 1149 5286 in
1162 5240 1288 5287 naturam
1302 5233 1465 5294 flammeam,
1480 5247 1509 5284 se
1523 5227 1626 5299 perdat

103 5314 132 5370 2.
153 5314 267 5370 Certum
282 5323 332 5379 est,
345 5315 448 5379 dietas,
464 5331 525 5385 quae
538 5314 567 5368 in
584 5331 634 5369 usu
648 5322 718 5379 sunt,
733 5331 770 5369 ex
782 5313 860 5383 guai-
938 5314 966 5367 2.
987 5313 1079 5367 Etiam
1092 5313 1204 5366 tiamma
1216 5314 1320 5382 majore
1331 5312 1441 5366 flamma
1454 5317 1482 5363 et
1494 5306 1645 5379 potentiore
1656 5322 1697 5359 re·

67 5410 115 5448 aec
134 5394 283 5465 precipue,
303 5402 385 5465 atque
404 5411 440 5449 ex
461 5393 657 5464 saraa-perillo,
676 5400 703 5448 et
724 5393 813 5459 chion,
834 5401 862 5447 et
899 5394 1014 5448 solvitur
1037 5400 1065 5446 ιι
1087 5400 1206 5456 necatur,
1231 5400 1262 5446 ut
1289 5392 1357 5445 bene
1381 5388 1485 5442 notavit
1512 5385 1695 5450 Aristotelen

67 5474 205 5537 austras,
216 5475 368 5546 presertim
376 5473 484 5544 longius
493 5474 671 5538 continuatas,
682 5474 862 5529 etsecundum
899 5472 1084 5545 multomagis
1098 5472 1216 5543 spiritus.

107 5569 168 5609 vor„
191 5570 221 5608 rr.
431 5554 449 5605 2
471 5569 490 5613 u

64 4271 208 4310 ΟΡῙΒΔΤΙΟ
229 4268 322 4309 SUPER
343 4267 582 4309 EXPUBGATIONEM
598 4268 677 4307 succt
693 4267 811 4306 ansata
826 4268 861 4306 at·

103 4349 347 4389 Rts'l’l'l'li'l'loldffl
367 4348 447 4388 succi
469 4348 546 4397 NOVI,
562 4347 626 4385 dlv!
644 4347 862 4386 RBNOVATIONEH

103 4431 159 4469 Pu
181 4429 276 4467 VlCES.

99 4574 210 4617 Historia.
