3800 5875
221 308 280 364 «tib
852 309 992 364 NOVUM
1014 307 1214 365 ORGANUM.
1740 312 1797 369 Lm.
1812 316 1830 371 l.

220 478 307 523 sortes
323 469 353 523 iu
368 467 492 538 quaedam
514 467 625 531 incidat,
639 474 687 522 aut
704 467 765 538 ipsa
783 467 854 523 facie
876 485 955 531 nova,
970 474 1017 523 aut
1052 467 1274 524 intellectualium
1289 468 1448 524 facultatum
1461 468 1670 524 illuminationes
1690 477 1718 524 et
1737 472 1831 526 exalta·

220 547 341 602 utilitate
368 562 423 600 non
446 548 650 610 contemnenda,
674 546 830 614 hujusmodi
853 547 1016 618 pignoribus
1053 548 1147 611 tiones,
1163 547 1372 603 substantiarum
1384 549 1629 613 transmutationes,
1643 558 1671 602 et
1679 553 1832 605 motuumad

220 627 343 681 animum
357 626 453 697 pascit,
463 644 550 698 eaque
561 627 589 680 in
604 626 691 693 majus
706 633 825 680 ostentat
838 635 867 680 et
880 625 1013 689 celebrate
1051 625 1161 681 libitum
1180 626 1368 682 roborationea
1385 636 1415 680 et
1434 627 1682 697 multiplicationes,
1702 627 1772 683 einr
1790 629 1832 685 im·

219 705 327 777 reliqua
341 721 390 776 ape
404 714 544 760 sustentat.
587 706 685 775 Neque
697 712 788 758 tamen
800 705 1014 775 negandumeat,
1052 706 1205 774 pressiones
1223 711 1252 759 et
1266 705 1447 770 alterationes,
1469 706 1622 760 caelestium
1643 707 1831 763 induentiamm

220 784 395 839 alchemistaa
407 800 460 839 non
475 800 562 855 pauca
575 783 718 848 invenisse,
728 793 756 838 et
769 784 886 838 inventia
899 784 1013 838 utilibus
1051 783 1225 839 deductiones
1238 792 1266 839 et
1279 786 1488 855 procurationes,
1503 802 1592 839 rerum
1608 785 1759 840 suturarum
1775 786 1832 842 disi·

219 863 346 918 homines
365 863 486 917 donasse.
527 862 629 918 Verum
650 862 743 917 fabula
761 861 810 917 illa
831 878 885 917 non
898 861 970 917 male
984 863 1013 917 in
1050 863 1183 929 nationes,
1203 873 1366 919 remotarum
1391 865 1653 934 representationes,
1680 865 1830 921 occultarum

219 941 281 997 illos
302 942 416 1015 quadrat
436 944 470 996 de
483 958 555 1007 sene,
571 943 617 1013 qui
639 941 703 996 filiis
717 958 812 996 aurum
826 943 855 996 in
870 942 952 994 vinea
968 942 1013 995 de·
1051 941 1238 1007 revelationes,
1252 950 1280 996 et
1296 943 1352 996 alia
1365 942 1505 1014 complura
1524 941 1702 1012 pollicitando
1720 952 1745 998 et
1757 953 1831 998 osten·

219 1021 323 1077 fossum
339 1021 398 1090 (sed
419 1020 508 1075 locum
525 1038 554 1075 ae
568 1021 673 1075 nescire
697 1020 841 1089 simulans)
862 1019 1011 1091 legaverit3
1049 1021 1140 1076 tando.
1181 1021 1283 1076 Verum
1309 1022 1344 1076 de
1367 1021 1428 1075 istis
1454 1020 1628 1093 largitoribus
1651 1038 1707 1077 nou
1730 1022 1829 1078 multum

218 1102 290 1155 unde
302 1101 344 1155 illi
357 1102 444 1155 sinere
464 1100 598 1155 fodiendus
619 1100 766 1171 diligenter
784 1100 970 1163 incubuerunt,
985 1108 1013 1155 et
1049 1099 1222 1166 aberraverit,
1237 1101 1284 1171 qui
1296 1100 1447 1155 istiusmodi
1468 1101 1602 1168 judicium
1623 1102 1727 1165 iecerit,
1739 1110 1828 1156 tantum

218 1195 313 1234 aurum
334 1179 443 1250 quidem
461 1178 567 1234 nullum
587 1188 740 1249 repertum
762 1178 810 1234 sed
823 1178 961 1239 rindemia
976 1196 1011 1233 ex
1049 1179 1178 1234 nimirum
1190 1180 1220 1232 in
1234 1179 1362 1234 doctrinis
1374 1179 1563 1250 philosophias,
1575 1180 1648 1234 inter
1661 1181 1829 1235 horumvani·

218 1273 252 1312 ea
265 1258 369 1314 cultura
384 1259 454 1313 sacta
467 1266 508 1313 est
521 1258 637 1313 uberior.
1049 1264 1126 1323 tates,
1147 1266 1176 1312 et
1198 1274 1277 1313 veras
1294 1266 1373 1323 artes,
1394 1258 1533 1323 iuteresse,
1556 1268 1690 1329 quantum
1709 1261 1777 1315 inter
1792 1278 1828 1315 rea

257 1338 436 1392 Atuaturalis
450 1337 549 1409 magiae
566 1337 690 1401 cultores,
705 1337 751 1408 qui
772 1353 923 1406 perranum
936 1354 1011 1406 sym·
1048 1344 1140 1406 geataa
1153 1336 1222 1391 iulii
1242 1336 1367 1402 casaris,
1386 1346 1433 1393 aut
1451 1337 1603 1392 Alexandri
1625 1337 1733 1410 Magni,
1750 1347 1777 1393 et
1792 1356 1827 1393 res

216 1417 325 1487 pathias
339 1424 366 1471 et
379 1416 547 1487 antipathian
568 1417 660 1471 omnia
681 1416 837 1487 expediunt,
853 1433 889 1470 ex
906 1417 1010 1485 conjec·
1048 1423 1138 1485 gestus
1151 1416 1287 1471 Amsdicii
1306 1433 1341 1472 ex
1362 1416 1460 1480 Gallia,
1480 1424 1528 1471 aut
1546 1417 1665 1472 Artburi
1682 1435 1719 1473 ex
1736 1417 1827 1472 Britan

217 1497 285 1550 turia
299 1497 394 1552 otiosis
407 1503 434 1549 et
447 1496 636 1566 supinissimis,
656 1496 737 1550 rebus
751 1496 863 1549 virtutes
878 1504 906 1549 et
916 1512 1010 1565 opera·
1047 1494 1101 1558 nia,
1115 1495 1144 1548 in
1157 1494 1280 1550 historiae
1294 1496 1494 1551 narrationibus
1506 1496 1623 1551 intersit„
1667 1496 1826 1552 Inveniuntur

216 1575 303 1630 tiones
324 1574 498 1629 admirabiles
526 1575 709 1639 affinxerunt;
741 1582 823 1645 atquc
851 1574 874 1628 ai
902 1574 1010 1645 qnando
1047 1574 1120 1628 enim
1135 1574 1279 1629 clarissimi
1292 1573 1334 1628 illi
1351 1575 1530 1644 imperatores
1549 1592 1649 1629 revera
1667 1576 1826 1646 majorages·

216 1669 299 1724 opera
319 1653 502 1717 exhibuerint,
516 1670 549 1708 ea
562 1653 636 1709 iliius
656 1661 719 1708 sunt
740 1653 857 1724 generis,
872 1653 951 1707 atad
965 1652 1009 1706 ad·
1047 1652 1122 1717 sisae,
1138 1669 1220 1725 quam
1233 1653 1393 1709 umbratiles
1407 1654 1453 1707 isti
1466 1653 1565 1709 herois
1579 1655 1667 1709 etiam
1679 1655 1772 1710 t'eeiaae
1784 1656 1824 1709 iu·

215 1733 386 1788 mirationem
400 1741 428 1787 et
441 1734 597 1798 novitatem,
609 1749 666 1787 non
678 1733 713 1787 ad
734 1732 850 1787 fructum
866 1742 895 1786 et
908 1733 1009 1789 utilita-
1046 1739 1160 1802 gentum
1180 1733 1228 1787 aed
1242 1733 1329 1787 modia
1342 1741 1370 1787 et
1381 1732 1434 1787 viia
1448 1733 1553 1788 scilicet
1570 1734 1713 1788 actionum
1729 1733 1825 1788 minime

215 1819 269 1867 tem
284 1813 484 1867 accommodata
497 1813 559 1868 sint.
1047 1810 1177 1865 fabulosis
1191 1820 1220 1866 et
1236 1812 1410 1884 prodigiosis.
1452 1812 1551 1882 Neque
1570 1820 1718 1884 propterea
1734 1830 1824 1884 eqmm

255 1892 288 1946 ln
302 1891 488 1963 superstitiosa
502 1898 594 1945 autem
607 1891 700 1962 magia
714 1889 751 1959 (si
766 1891 839 1945 etde
853 1891 905 1945 hac
919 1890 1008 1944 dicen·
1046 1897 1089 1943 eat
1106 1907 1177 1945 aerae
1197 1893 1335 1946 memorie
1351 1892 1434 1946 fidem
1455 1891 1589 1963 derogari,
1605 1891 1682 1963 quod
1703 1909 1721 1945 a
1741 1891 1824 1946 fabrilia

214 1970 279 2025 dum
292 1971 342 2042 ait)
360 1971 427 2026 illud
441 1971 577 2041 imprimis
596 1970 865 2025 animadvertendum
884 1977 932 2033 est,
947 1988 1007 2023 esse
1045 1967 1093 2022 illa
1113 1970 1273 2041 quandoque
1296 1969 1362 2026 laesa
1384 1971 1421 2025 sit
1441 1977 1470 2026 et
1491 1970 1601 2025 violata.
1651 1971 1706 2025 Sed
1731 1971 1824 2025 interim

214 2051 400 2105 tantummodo
413 2050 481 2104 certi
501 2050 641 2119 cujusdam
660 2056 687 2103 et
705 2049 808 2104 definiti
825 2049 933 2119 generis
946 2050 1007 2104 sub
1045 2048 1156 2103 minime
1170 2049 1269 2104 mirum
1282 2057 1332 2114 eat,
1346 2050 1370 2104 si
1384 2050 1616 2120 propositionibus
1628 2051 1707 2105 novis
1717 2054 1825 2122 (praser-

211 2128 294 2197 jecta,
308 2130 336 2182 iu
352 2130 450 2199 quibus
467 2136 539 2183 artes
559 2129 674 2183 curiosre
694 2135 721 2182 et
737 2129 939 2197 superstitiose,
958 2145 1008 2198 per
1046 2127 1093 2181 tim
1107 2145 1169 2182 cnm
1183 2129 1319 2183 mentione
1333 2128 1459 2199 operum)
1470 2145 1599 2200 magnum
1610 2130 1650 2183 sit
1663 2129 1824 2199 iactumprn·

212 2224 309 2263 omnes
323 2209 448 2262 usdonea
459 2215 540 2279 atque
551 2216 652 2271 aetates,
665 2214 746 2277 atque
758 2207 840 2261 etiam
851 2208 1006 2278 religiones,
1041 2206 1176 2274 judicium
1190 2224 1239 2276 per
1256 2208 1323 2263 istos
1342 2209 1508 2278 impostores,
1528 2208 1575 2279 qui
1596 2207 1703 2263 similia
1723 2216 1823 2262 tentare·

212 2287 318 2358 aliquid
338 2287 475 2357 potuerint
498 2295 546 2342 aut
567 2286 690 2341 luserint.
732 2287 827 2356 ltaque
846 2288 899 2341 ista
922 2288 1007 2340 missa
1044 2292 1122 2351 rante
1151 2303 1213 2341 cum
1240 2287 1367 2342 vanitatis
1391 2303 1519 2342 excessus
1541 2294 1570 2340 et
1590 2287 1736 2343 lutidium
1755 2287 1823 2341 etiam

214 2366 355 2421 iaciamus.
397 2367 509 2421 Interim
529 2365 569 2420 nil
586 2366 685 2421 mirum
703 2374 751 2430 eat,
766 2366 789 2420 si
809 2366 903 2437 opinio
920 2366 1007 2437 copiae
1044 2381 1114 2418 nuuc
1128 2381 1235 2421 omnem
1249 2367 1278 2421 in
1292 2366 1424 2436 eiusmodi
1434 2366 1574 2421 conadbua
1583 2366 1823 2438 magnanimitatem

212 2462 324 2501 canaam
338 2447 437 2517 inopiae
450 2445 561 2501 dederit
1044 2445 1215 2500 destruxerit.

551 2585 669 2624 axxxw.
1370 2584 1508 2624 uxxxvnt.

252 2675 343 2748 Atque
363 2677 506 2734 hominum
525 2679 697 2733 admirationi
717 2680 805 2751 quoad
823 2680 959 2735 doctrinas
979 2688 1006 2736 et
1082 2675 1119 2731 At
1132 2676 1214 2747 longe
1227 2675 1333 2745 majora
1353 2693 1371 2730 a
1387 2676 1622 2747 pusillanimitate,
1642 2684 1671 2732 et
1686 2693 1822 2748 pensorum,

213 2763 294 2819 artes,
310 2773 359 2826 per
374 2772 403 2812 se
422 2760 488 2812 sada
507 2758 624 2828 simplici
643 2766 671 2813 ct
688 2776 773 2829 prope
792 2760 898 2828 puerili,
918 2761 1004 2815 incre·
1044 2772 1105 2827 quta
1128 2756 1250 2811 humana
1270 2755 1402 2809 industria
1421 2756 1474 2810 sibi
1495 2755 1648 2826 proposuit,
1662 2757 1788 2827 parvitate
1800 2764 1823 2809 et

213 2843 333 2890 mentum
348 2838 463 2891 accessit
476 2838 512 2891 ab
525 2854 617 2893 eorum
631 2845 690 2892 astu
704 2845 732 2891 et
749 2839 871 2903 artificio,
886 2840 933 2910 qui
950 2840 1003 2894 sci·
1044 2836 1181 2900 tenuitate,
1196 2835 1358 2889 detrimenta
1370 2835 1400 2889 in
1418 2836 1545 2890 scientias
1565 2836 1677 2890 inrecta
1694 2844 1759 2890 sunt.
1793 2834 1822 2889 Et

213 2915 302 2970 entiaa
328 2922 507 2972 tractaverunt
534 2925 563 2972 et
593 2917 765 2974 tradiderunt
807 2917 852 2973 llli
877 2919 949 2974 enim
972 2937 1006 2975 ec
1044 2922 1134 2970 tanam
1150 2914 1234 2987 (quod
1247 2915 1397 2984 pessimum
1410 2918 1464 2984 eat)
1476 2913 1692 2986 pusillanimitas
1711 2915 1762 2971 ista
1777 2929 1822 2968 nou

213 2996 361 3050 ambitione
387 3005 414 3051 et
432 2998 603 3051 affectatione
627 3013 674 3051 eas
692 3007 851 3069 proponunt,
872 3007 953 3069 atque
974 3000 1003 3055 iu
1042 2995 1101 3049 sine
1116 2995 1271 3065 arrogantia
1283 3002 1312 3047 et
1324 2993 1434 3050 fastidio
1447 3010 1477 3048 se
1491 2995 1578 3049 offert.

212 3090 277 3129 eum
299 3076 409 3130 modum
436 3076 600 3140 efformatus,
624 3093 656 3130 ac
679 3078 764 3132 veluti
785 3087 949 3148 personatos,
975 3079 1004 3134 in
1082 3074 1204 3129 Primum
1215 3074 1296 3138 euim,
1309 3074 1432 3129 omnium
1446 3073 1543 3128 artium
1557 3074 1609 3128 illa
1630 3075 1762 3145 reperitur
1772 3088 1822 3126 cau·

212 3152 356 3209 hominum
379 3163 555 3223 conspectum
575 3155 731 3225 producunt,
752 3173 784 3210 ac
804 3157 828 3211 ai
852 3156 907 3212 illae
931 3159 1004 3213 omni
1042 3153 1096 3208 tela
1107 3154 1166 3222 jam
1180 3153 1252 3207 iacta
1265 3153 1414 3218 familiaria,
1428 3163 1459 3208 ut
1472 3152 1821 3224 inqualibetarteauatoaet

212 3247 249 3287 ex
270 3241 348 3303 parte
368 3234 495 3303 perfecte
518 3243 614 3299 essem,
633 3245 661 3288 et
680 3235 715 3289 ad
734 3236 838 3290 exitum
859 3236 1002 3306 perductus.
1042 3233 1109 3288 artis
1122 3249 1178 3287 suso
1191 3232 1376 3287 infirmitatem
1385 3234 1414 3287 in
1424 3240 1528 3287 naturae
1537 3233 1707 3287 calumniam
1716 3239 1820 3294 vertiam

213 3311 244 3365 Si
257 3312 330 3366 euim
343 3313 501 3368 methodum
514 3314 631 3384 aspicias
644 3319 672 3367 et
685 3316 851 3384 partitiones,
862 3315 917 3370 illre
931 3333 1005 3385 pror·
1042 3320 1070 3365 et
1089 3313 1161 3384 quod
1181 3328 1226 3366 ars
1242 3313 1363 3383 ipsorum
1381 3328 1435 3367 uon
1454 3312 1617 3382 assequitur,
1638 3313 1668 3366 id
1686 3328 1721 3367 0¹
1740 3309 1820 3364 ΕΜ

212 3406 259 3445 sus
272 3391 364 3445 omnia
376 3392 520 3463 complecti
533 3400 561 3447 et
577 3392 737 3448 concludere
749 3394 881 3459 videntur,
900 3413 962 3467 qma
975 3398 1003 3450 in
1042 3398 1099 3446 arte
1125 3391 1293 3462 impossibile
1319 3392 1349 3447 in
1376 3398 1473 3446 natura
1498 3393 1691 3461 pronunciant.
1738 3391 1820 3459 Neque

213 3468 282 3525 illud
295 3471 447 3540 subjectum
464 3471 560 3527 cadere
581 3479 699 3541 possunt.
739 3472 828 3544 Atque
845 3472 908 3528 licet
922 3492 1004 3529 mem.
1042 3477 1113 3525 certe
1135 3470 1255 3525 damnari
1278 3478 1369 3541 potest
1388 3487 1440 3534 ara,
1464 3470 1488 3524 ai
1508 3470 1570 3539 ipsa
1591 3471 1704 3539 judicet.
1743 3469 1819 3523 Etiam

212 3548 262 3604 bra
275 3548 324 3603 illa
336 3550 408 3605 male
422 3550 542 3621 impleta,
556 3558 583 3604 et
596 3551 681 3605 veluti
695 3551 814 3622 capsulae
827 3553 921 3608 inanes
932 3554 1002 3621 aint3
1042 3548 1302 3620 philosophiaque
1321 3550 1435 3604 nuncin
1454 3550 1581 3604 manibus
1594 3558 1647 3615 est,
1662 3550 1691 3604 iu
1705 3548 1761 3603 sinu
1780 3562 1820 3601 ⁸¹1⁰

213 3635 306 3684 tamen
324 3630 397 3700 apud
412 3630 578 3685 intellectum
591 3630 730 3700 vulgarem
750 3632 871 3688 scientiae
889 3632 1004 3688 formam
1042 3629 1130 3698 posita
1144 3629 1267 3700 quaedam
1280 3630 1363 3694 fovet,
1374 3637 1420 3683 ant
1433 3626 1541 3699 placita,
1556 3629 1657 3699 quibua
1669 3626 1709 3704 (ai
1723 3627 1820 3697 diligen

211 3709 386 3764 strationem
400 3710 514 3782 integrae
527 3726 584 3780 pree
597 3726 627 3764 ae
641 3709 738 3765 ierunt.
1041 3708 1093 3762 tius
1110 3708 1274 3779 inquiratur)
1294 3708 1347 3763 hoc
1367 3708 1523 3762 hominibus
1543 3709 1658 3762 omnino
1680 3703 1819 3778 permaderi

251 3788 288 3842 At
314 3789 396 3860 primi
422 3797 450 3844 et
475 3789 657 3859 antiquissimi
678 3790 799 3844 veritatis
823 3790 1002 3861 inquisitores,
1042 3786 1149 3852 volunt3
1164 3786 1203 3842 nil
1212 3787 1246 3841 ab
1255 3788 1372 3852 arte,vel
1383 3787 1502 3841 hominia
1513 3803 1604 3857 opere,
1613 3787 1734 3849 arduum,
1744 3792 1785 3840 aut
1795 3784 1819 3836 in

209 3866 323 3921 meliore
344 3868 397 3923 fide
420 3877 448 3923 et
470 3869 534 3934 isto,
555 3868 739 3939 cognitionem
760 3868 844 3934 illam,
867 3886 948 3940 quam
968 3887 1004 3926 ex
1042 3873 1165 3921 naturam
1178 3867 1354 3937 imperiosum
1375 3875 1402 3920 et
1421 3865 1548 3930 validum,
1563 3867 1705 3936 expectari
1719 3864 1818 3925 deberer

211 3962 303 4001 reram
316 3949 542 4019 contemplatione
556 3947 708 4017 decerpere,
723 3956 751 4003 et
762 3948 792 4002 in
810 3965 889 4003 usum
907 3965 1002 4004 recon-
1041 3953 1072 4000 ut
1091 3946 1125 4000 de
1139 3946 1316 4015 heterogenia
1328 3945 1425 4000 caloris
1438 3946 1504 4000 astri
1517 3953 1547 3999 et
1558 3945 1641 4017 ignis,
1657 3954 1685 4000 et
1697 3943 1818 4004 mistione,

212 4024 276 4079 dere
290 4026 454 4093 statuebant,
468 4028 497 4082 in
511 4027 681 4099 aphorismos,
695 4028 752 4082 sive
765 4027 870 4093 breves,
884 4029 1004 4084 easdem·
1041 4025 1164 4095 superius
1185 4024 1358 4079 dictumest.
1399 4024 1466 4085 Quae
1484 4024 1508 4079 ai
1525 4032 1655 4079 notentur
1675 4022 1817 4083 meursius

211 4121 265 4174 que
279 4121 395 4175 sparsas,
409 4123 460 4161 nec
473 4106 602 4161 methodo
618 4108 753 4161 revinctas
767 4107 923 4172 sententias,
941 4125 1003 4162 con.
1041 4104 1151 4158 omnino
1163 4104 1300 4174 pertinent
1312 4104 1347 4158 ad
1357 4104 1483 4158 humanm
1492 4105 1635 4175 potestatis
1645 4100 1817 4169 circumscrip

209 4184 294 4253 jicere
305 4184 444 4250 solebant;
463 4192 686 4257 nequeseartem
696 4186 849 4241 universam
859 4186 1002 4257 complecti
1042 4184 1142 4237 tionem
1163 4184 1335 4249 malitiosam,
1354 4189 1382 4238 et
1398 4184 1433 4237 ad
1451 4183 1592 4254 quesitam
1611 4191 1639 4238 et
1658 4182 1817 4237 arducionn

212 4261 378 4317 simulabant
391 4273 439 4320 aut
455 4264 656 4334 profitebantur.
696 4265 734 4318 At
750 4280 792 4328 eo,
807 4282 861 4336 quo
874 4282 945 4320 nunc
960 4284 1003 4323 rea
1041 4263 1264 4333 desperationem,
1280 4280 1341 4334 quse
1353 4262 1510 4317 nouaclum
1528 4262 1588 4333 spei
1605 4262 1721 4334 auguria
1733 4259 1816 4318 urat

212 4342 310 4412 agitur,
324 4343 412 4408 modu
426 4344 538 4399 minime
555 4344 656 4399 mimm
675 4351 723 4408 eat,
737 4344 761 4398 si
779 4342 904 4398 homines
922 4345 951 4399 in
967 4347 1003 4401 iis
1041 4342 1184 4396 sedetiam
1198 4341 1443 4397 omnesindnatrioe
1463 4340 1586 4396 stimulos
1603 4348 1633 4396 et
1648 4355 1745 4394 nervos
1759 4336 1817 4391 inei·

211 4421 339 4475 ulteriora
353 4438 407 4476 uon
420 4430 550 4493 quaerant,
566 4440 688 4494 quaepro
701 4423 829 4493 perfectis
843 4431 871 4478 et
883 4427 1003 4481 numeris
1041 4421 1096 4485 dat,
1117 4429 1198 4492 atque
1222 4421 1308 4491 ipsius
1329 4422 1506 4491 experientia
1525 4419 1600 4474 aleas
1620 4420 1744 4488 abjiciam
1762 4417 1816 4470 darn

212 4500 269 4555 suia
280 4501 445 4571 jampridem
458 4502 591 4557 absolutis
607 4503 755 4557 traduntur.
1041 4500 1074 4555 de
1088 4500 1141 4554 hoc
1159 4507 1263 4554 tanturn
1284 4499 1384 4555 soliciti
1406 4501 1466 4566 sint,
1483 4507 1513 4553 ut
1533 4516 1577 4553 ara
1598 4515 1690 4552 eornm
1712 4495 1817 4568 perlecta

1041 4587 1195 4644 censeatur;
1218 4579 1312 4650 gloriae
1325 4580 1479 4634 vanissimae
1492 4587 1519 4632 et
1534 4578 1721 4648 perditissimae
1733 4575 1817 4629 mna·

543 4646 670 4685 mm·
1042 4675 1160 4729 operam,
1187 4658 1291 4712 scilicet
1315 4665 1347 4713 ut
1373 4658 1501 4729 quicquid
1528 4657 1616 4711 adhuc
1640 4657 1774 4711 inventum
1794 4659 1817 4705 rt

250 4739 343 4794 Etiam
367 4739 479 4810 antiqua
502 4756 631 4810 magnum
654 4736 864 4795 existimationis
888 4747 916 4794 et
941 4739 1004 4793 ildei
1042 4737 1265 4808 comprehensum
1278 4737 1390 4801 nonsit,
1405 4739 1434 4791 id
1451 4737 1561 4791 omnino
1579 4753 1629 4790 nec
1642 4734 1762 4797 inveniri,
1774 4747 1816 4786 nec

213 4819 408 4874 incrementum
423 4828 591 4889 acceperunt,
606 4836 642 4875 ex
661 4837 753 4875 eorum
764 4820 880 4873 vanitate
899 4825 928 4872 et
941 4817 1004 4873 levi·
1042 4816 1233 4888 comprehendi
1248 4818 1368 4886 possein
1379 4815 1497 4871 futurum
1509 4816 1641 4870 credatur.
1683 4813 1719 4867 At
1732 4810 1816 4882 siquis

213 4906 275 4963 tate,
291 4898 338 4971 qni
351 4914 422 4952 nota
437 4907 649 4969 proposueruntr
670 4899 821 4969 proesertim
838 4898 867 4952 in
884 4898 1004 4969 philoao-
1042 4897 1122 4951 rebus
1136 4896 1235 4950 addere
1249 4912 1287 4959 se,
1301 4902 1329 4950 et
1342 4912 1440 4949 nomm
1454 4895 1562 4966 aliquod
1579 4893 1697 4963 reperire
1710 4899 1814 4950 conetur,

210 4978 286 5048 phiec
306 4978 438 5032 naturalis
462 4985 539 5047 parte
558 4979 646 5033 activa
669 4986 697 5031 et
719 4978 865 5048 operativa.
906 4978 1004 5048 Neque
1042 4975 1089 5029 illa
1104 4983 1193 5029 mmeu
1209 4974 1319 5032 omnino
1332 4976 1386 5029 sibi
1399 4981 1532 5045 proponet
1544 4981 1572 5027 et
1589 4972 1732 5027 destinabit
1742 4982 1815 5023 unum

211 5058 286 5111 enim
310 5058 453 5113 defuerunt
473 5058 599 5111 homines
621 5056 759 5127 vaniloqui
782 5065 810 5111 et
829 5057 1003 5128 phantastici,
1042 5054 1153 5126 aliquod
1172 5054 1313 5109 inventum
1327 5057 1391 5123 (nec
1405 5053 1489 5124 ultra)
1504 5052 1663 5124 perscrutari
1677 5058 1813 5106 sterneret

212 5136 259 5206 qui
286 5137 386 5206 partim
413 5153 449 5192 ex
472 5136 638 5200 credulitate,
663 5137 761 5205 partim
788 5153 824 5191 ex
846 5137 1003 5206 impostura,
1042 5141 1072 5188 ut
1094 5132 1231 5206 magnetis
1253 5141 1386 5198 naturam,
1407 5134 1490 5188 maris
1512 5133 1615 5187 durum
1636 5139 1664 5183 et
1685 5128 1813 5185 suumn

211 5231 298 5286 genus
310 5215 460 5271 humanum
478 5215 620 5285 promissis
637 5223 796 5269 onerarunt:
817 5216 881 5269 sitas
898 5214 1005 5283 prolon·
1043 5213 1136 5268 thema
1149 5212 1258 5277 maliet
1269 5212 1605 5282 hujusmod1,qmesecreti
1615 5207 1716 5279 aliquid
1726 5205 1813 5260 babere

212 5294 359 5364 gationem,
380 5294 528 5349 senectutis
548 5293 764 5358 retardationem,
785 5293 907 5348 dolorum
928 5293 1004 5347 leva·
1042 5292 1173 5357 ridentur,
1194 5300 1222 5347 et
1238 5291 1369 5347 hactenus
1387 5308 1482 5361 parum
1501 5290 1618 5345 feliciter
1635 5293 1743 5341 tracum
1753 5283 1812 5338 rint:
1868 5315 1869 5332 t

213 5373 323 5436 tionem,
330 5373 494 5428 nammlium
502 5372 654 5427 defectuum
661 5372 867 5442 reparationem,
876 5388 1004 5428 sensuam
1042 5389 1103 5426 cum
1121 5372 1286 5426 summersit
1304 5371 1447 5443 imperitiae
1465 5370 1504 5424 rei
1524 5369 1637 5438 alicujus
1657 5373 1774 5419 naturam
1788 5360 1812 5412 in

212 5450 392 5520 deceptiones,
423 5451 568 5507 affectuum
599 5449 743 5524 ligationes
770 5459 798 5506 et
824 5451 1004 5518 incitationes,
1042 5468 1071 5507 ae
1089 5452 1150 5522 ipsa
1170 5451 1351 5521 perscrutari;
1373 5449 1588 5522 quandoquidem
1608 5445 1699 5501 cadem
1718 5449 1810 5498 natam
