3800 5875
212 294 273 350 ooo
750 294 935 352 HISTORIA
959 296 1049 352 SONI
1071 294 1119 350 ΕΤ
1140 294 1316 351 AUDlTUS.

212 454 370 509 univercum
390 452 521 507 ambitum
544 453 659 523 spbasrce
679 452 755 508 soni:
785 461 817 508 ut
835 454 1010 509 manifestum
1085 455 1183 510 Omnis
1210 461 1356 509 concentus
1383 454 1467 525 paulo
1488 452 1600 525 marius
1626 460 1658 506 et
1685 452 1855 524 profandim

214 534 250 588 ait
263 540 347 587 totam
360 530 436 586 illam
451 533 666 587 articulationem
680 532 741 587 coni
754 533 855 587 deferri
874 534 1010 606 integram
1046 550 1142 589 sonare
1156 536 1270 600 ridetur,
1285 534 1308 588 si
1328 541 1499 589 removeatur
1509 532 1638 587 nonnihil
1651 549 1671 586 a
1683 533 1853 599 concedito,

213 629 265 684 per
281 611 448 666 minusculas
466 611 530 667 illas
547 620 639 683 partes
658 612 738 678 airis,
750 629 806 667 nou
818 612 909 669 minus
928 631 1009 685 quam
1046 631 1129 684 quam
1149 630 1254 684 prope:
1275 622 1305 668 ut
1321 612 1411 668 simile
1432 613 1561 685 quiddam
1578 612 1706 666 videatur
1722 613 1854 668 accidere

214 690 515 763 siabrcsaetundique
529 700 648 764 apertus.
1046 693 1150 747 auditui
1164 694 1239 747 circa
1250 709 1354 758 sonum,
1365 693 1446 763 quale
1459 691 1639 746 acciditrisui
1652 691 1729 746 circa
1740 693 1854 762 species

254 770 454 825 Attendendum
467 778 558 827 tamem
571 779 622 836 est,
637 777 728 826 utrum
740 771 801 826 soni
813 771 879 826 editi
901 788 936 827 ex
950 772 1010 843 pul·
1045 773 1176 837 risibiles,
1204 778 1234 826 ut
1254 772 1384 827 nonnulla
1402 772 1534 827 distantia
1556 771 1592 825 ab
1616 787 1724 843 orgum
1751 788 1854 827 mas

214 851 364 905 sationibus
377 850 526 919 majoribus
540 852 611 906 a'e‘ria
623 847 735 927 (quales
751 852 821 905 fiunt
833 868 870 906 ex
885 851 1010 922 displosi·
1046 860 1205 922 promoreat
1225 853 1427 923 perceptionem
1440 868 1544 907 sennan

214 929 311 984 onibars
328 927 553 1006 bombardarum)
566 946 622 984 non
634 931 780 985 deveniant
800 929 928 985 exiliores
947 948 1009 985 cnm
1086 931 1190 986 Verum
1203 930 1289 986 fallax
1302 939 1393 1003 potest
1403 947 1465 986 esse
1475 932 1530 986 istu
1542 929 1647 1001 opinio,
1661 929 1747 1001 idque
1760 930 1853 1001 dupli·

215 1009 317 1063 intrent
330 1008 379 1064 illa
392 1026 476 1080 parra
489 1010 630 1065 foramina.
661 1008 830 1065 subtilitates
843 1009 918 1065 enim
931 1026 1009 1064 sono·
1045 1012 1121 1066 citcr.
1162 1010 1263 1074 Primo,
1278 1012 1349 1082 quod
1369 1011 1398 1065 in
1416 1018 1477 1065 actu
1495 1011 1570 1064 risam
1582 1010 1761 1079 requiruntur
1779 1011 1853 1064 fate

214 1105 276 1143 rum
284 1088 353 1143 forte
367 1090 468 1144 intrare
478 1095 591 1160 possunt
600 1106 655 1143 non
666 1089 793 1154 muman,
807 1090 856 1144 sed
865 1089 1009 1144 universus
1046 1090 1116 1145 radii
1130 1090 1166 1144 ab
1179 1090 1286 1158 objecto
1299 1091 1335 1144 ad
1347 1089 1490 1160 pupillam,
1509 1089 1556 1161 qui
1570 1088 1642 1143 nulli
1655 1097 1776 1159 posunt
1787 1105 1853 1145 ene

215 1168 308 1238 fragor
321 1168 490 1239 neutiquam.
531 1169 574 1223 De
587 1168 640 1222 hoc
653 1168 805 1238 inquiretur
819 1167 939 1224 ulterius.
1046 1169 1093 1223 ubi
1107 1170 1243 1239 objectum
1253 1170 1341 1240 tangit
1353 1169 1499 1240 pupillam
1513 1168 1627 1238 idquod
1640 1168 1853 1223 interauditum

256 1247 338 1301 Radii
360 1264 505 1319 corporum
522 1247 671 1303 visibilium
693 1264 748 1302 non
769 1247 868 1302 feriunt
888 1263 1008 1313 sensum,
1046 1256 1075 1302 et
1087 1265 1184 1303 sonum
1196 1265 1252 1302 non
1269 1250 1435 1319 anquiritan
1450 1249 1499 1304 sed
1510 1247 1707 1319 multomagis,
1723 1249 1801 1319 qud
1814 1249 1853 1302 ad

215 1327 270 1380 nisi
282 1327 438 1382 deferantur
451 1345 501 1398 per
513 1326 632 1382 medium
650 1327 679 1381 in
691 1327 831 1390 directum,
845 1335 873 1380 et
892 1327 1009 1397 interpo
1045 1327 1190 1383 videndum
1205 1344 1273 1398 opus
1290 1336 1333 1382 est
1350 1327 1422 1383 luce.
1461 1327 1606 1396 Obiectum
1620 1335 1714 1381 autem
1731 1336 1851 1399 tangens

215 1406 279 1461 sitio
292 1407 414 1477 corporis
433 1407 513 1477 opaci
529 1407 558 1460 in
577 1405 651 1460 linea
668 1414 742 1460 recta
754 1406 895 1476 intercipit
908 1406 1006 1471 mmm,
1046 1407 1179 1479 pupillam
1192 1407 1331 1479 intercipit
1343 1407 1452 1463 lucem:
1473 1414 1502 1462 at
1511 1407 1583 1461 nihil
1596 1406 1759 1480 hujumodi
1772 1408 1850 1461 unffi-

214 1483 280 1540 licet
293 1485 348 1540 alia
360 1486 472 1540 omnino
482 1487 581 1541 Ararim
589 1486 769 1557 undequaque
779 1494 882 1555 aperta
904 1485 1007 1540 Verum
1046 1488 1085 1540 tui
1098 1486 1238 1557 competit.
1278 1487 1403 1542 Secundo
1416 1487 1764 1558 etiamquiainvisunon
1777 1503 1848 1541 cem-

215 1581 305 1630 aonus,
320 1565 344 1620 ai
358 1566 435 1619 detur
448 1566 555 1631 delatio,
568 1564 613 1619 vel
626 1573 737 1630 meatus,
751 1563 796 1618 rel
809 1564 945 1619 arcuaudo
958 1581 1009 1635 per
1045 1582 1096 1636 per
1108 1567 1276 1621 desideratur
1288 1567 1424 1622 medium:
1437 1566 1658 1638 quandoquidem
1672 1566 1703 1618 in
1717 1565 1848 1621 tollendis

215 1644 398 1710 utrumvel
423 1646 531 1700 inversa
557 1645 711 1699 arcuatione
738 1661 787 1714 per
808 1645 940 1709 deonum,
964 1644 1009 1698 vel
1046 1647 1188 1701 cataractis
1201 1645 1349 1711 oculorum,
1357 1645 1444 1715 rtylus
1455 1645 1503 1699 ille
1514 1662 1614 1715 parvus
1624 1654 1782 1715 argentean,
1791 1663 1848 1718 quo

215 1723 372 1789 lateraliter,
390 1723 435 1778 vei
455 1725 539 1779 etiam
558 1724 699 1788 sinuando,
719 1739 773 1777 non
790 1723 869 1793 perit,
883 1724 932 1777 ssd
946 1740 1008 1794 per·
1046 1733 1250 1780 summoventur
1261 1732 1414 1795 cataracte,
1428 1725 1511 1780 etiam
1524 1742 1606 1795 super
1624 1724 1764 1795 pupillam
1776 1727 1847 1781 intra

214 1804 301 1859 venit.
343 1803 469 1858 Attamen
483 1805 598 1858 arbitror
618 1803 713 1857 ἰοιῑίιιι
726 1804 824 1857 deferri
843 1819 939 1857 sonum
959 1820 1009 1874 per
1045 1805 1194 1860 tuniculam
1207 1805 1278 1860 oculi
1292 1822 1411 1870 movens,
1426 1806 1527 1874 optime
1539 1805 1671 1859 cernitur.

215 1882 304 1938 lineas
317 1883 433 1937 directae
446 1884 516 1938 inter
529 1882 696 1953 pulsationes
710 1889 738 1936 et
751 1899 851 1946 eurem,
871 1889 900 1937 et
917 1882 1008 1953 frangi
1085 1882 1117 1938 ln
1137 1886 1252 1954 objectis
1264 1885 1347 1950 visus,
1362 1885 1387 1939 si
1403 1884 1550 1939 collocetur
1562 1883 1659 1938 oculus
1672 1884 1702 1938 in
1715 1885 1844 1951 tenebris,

215 1961 342 2018 nonnihil
348 1962 479 2033 impetum
489 1980 538 2034 per
547 1963 717 2016 arcuationcs
726 1968 753 2015 et
762 1978 812 2031 per
825 1962 1007 2028 sinuationem
1046 1962 1183 2033 objectam
1196 1964 1226 2018 in
1239 1963 1308 2026 luce,
1321 1964 1391 2019 bene
1406 1964 1508 2029 habet3
1530 1964 1555 2018 si
1572 1963 1711 2032 objectum
1724 1964 1755 2018 in
1769 1974 1845 2019 tene-

215 2041 300 2097 veluti
317 2041 341 2096 si
361 2043 452 2112 paries
473 2041 510 2096 sit
530 2041 600 2096 inter
622 2040 778 2111 loquentem
798 2048 826 2095 et
846 2041 1008 2107 audientem,
1045 2042 1109 2109 bris,
1124 2043 1217 2098 oculus
1227 2044 1256 2098 iu
1270 2043 1338 2108 luce,
1347 2061 1402 2098 non
1416 2045 1446 2098 fit
1458 2043 1537 2098 sisio.
1564 2043 1608 2096 lta
1621 2042 1749 2097 sirelnm
1764 2054 1847 2099 tenne

216 2121 331 2175 arbitror
354 2137 448 2175 vocem
474 2137 530 2175 non
553 2128 609 2175 tam
635 2120 705 2174 bene
732 2120 856 2175 exaudiri
880 2138 961 2191 quam
984 2122 1009 2176 si
1046 2131 1162 2193 ponatur
1184 2124 1219 2177 ob
1241 2122 1343 2190 oculos,
1365 2132 1413 2178 aut
1435 2122 1588 2187 reticulum,
1609 2122 1750 2191 objectum
1774 2125 1846 2178 bene

216 2199 326 2253 abesset
351 2200 452 2269 paries.
494 2200 618 2254 Arbitror
637 2199 719 2255 etiam
744 2200 768 2254 si
792 2200 875 2270 paulo
900 2198 1008 2271 longius
1045 2204 1183 2269 cemitur3
1198 2200 1726 2278 sisuperobjecmmconfunditvisum.
1755 2204 1845 2274 Atque

215 2277 370 2344 collocetur,
383 2278 428 2333 rel
440 2276 562 2349 loquens,
574 2279 620 2333 ael
633 2278 745 2333 audiena
755 2295 772 2332 a
784 2279 896 2349 pariete,
909 2279 1008 2334 melius
1045 2282 1110 2337 licet
1118 2284 1232 2338 furtasae
1246 2290 1372 2337 neutrum
1386 2282 1484 2336 hurum
1497 2288 1637 2352 competat
1645 2298 1715 2336 sono
1726 2289 1758 2336 et
1767 2284 1845 2337 audi·

215 2357 340 2412 exaudiri
353 2374 447 2412 vocem
461 2375 543 2429 quam
558 2375 642 2430 prope
655 2358 794 2429 parietem,
811 2358 875 2430 quic
888 2360 1009 2413 arcuatio
1046 2363 1095 2425 tui,
1118 2370 1208 2417 tamen
1230 2378 1341 2417 monere
1365 2368 1486 2433 possunt,
1508 2368 1540 2416 ut
1558 2362 1627 2415 fiant
1645 2363 1844 2432 experimen,

215 2444 291 2491 tanto
303 2437 393 2492 minus
407 2438 464 2492 abit
476 2453 495 2491 a
506 2437 581 2493 linea
593 2446 674 2493 recta.
714 2438 817 2494 Verum
836 2438 870 2492 dc
889 2437 943 2492 hoc
964 2438 1007 2493 in·
1045 2449 1135 2497 utrum
1149 2442 1223 2497 auris
1233 2441 1365 2496 collocata
1370 2443 1451 2510 juxta
1463 2448 1588 2495 nuum
1601 2457 1710 2506 cavum,
1723 2444 1750 2495 ai
1763 2459 1845 2497 acam

216 2516 338 2587 quiratur
350 2516 472 2572 ulterius.
1045 2521 1140 2576 fiatad
1153 2521 1257 2576 dictam
1276 2521 1306 2575 iu
1318 2534 1431 2591 aperto;
1446 2529 1501 2583 aut,
1514 2521 1561 2574 ria
1570 2537 1660 2585 versa,
1675 2538 1761 2575 sonus
1774 2524 1845 2577 exci-

256 2595 372 2651 Admota
383 2612 449 2652 aare
464 2595 499 2649 ad
517 2593 631 2650 alterum
649 2595 795 2651 terminum
806 2595 864 2651 tubi
882 2595 1007 2665 alicujus,
1045 2606 1117 2655 tatus
1131 2601 1167 2655 ad
1186 2618 1284 2655 cavum
1305 2609 1437 2663 tmncum,
1459 2600 1534 2654 anns
1558 2608 1651 2654 antem
1674 2610 1793 2670 ponatur
1811 2602 1844 2654 ad

216 2680 264 2729 aut
282 2675 341 2729 cavi
361 2676 448 2731 trunci
466 2674 551 2745 longi,
565 2683 671 2730 atroce
689 2676 825 2731 submissa
837 2675 872 2731 ad
892 2676 1008 2730 alterum
1045 2679 1149 2735 dismas
1170 2680 1200 2735 in
1220 2687 1322 2751 aperto,
1341 2687 1502 2752 promoveat
1520 2680 1614 2751 magis
1635 2683 1842 2752 perceptionem

113 2827 115 2829 ‚
216 2754 348 2809 orificium
361 2755 441 2821 tube,
453 2754 577 2810 exaudiri
588 2755 675 2825 possit
683 2772 739 2811 vox
751 2755 822 2820 talis,
836 2774 898 2827 qun
911 2755 1007 2809 eadem
1045 2776 1150 2815 sensus.

216 2834 396 2889 submissione
406 2835 481 2889 edita
488 2833 523 2887 ad
536 2837 627 2888 uicem
637 2842 762 2905 apertum
769 2851 824 2891 non
832 2835 1007 2905 pertingeret,

215 2930 267 2968 nec
281 2913 464 2970 exaudiretur.
494 2912 574 2968 Unde
582 2912 677 2985 liquet,
687 2913 841 2971 clausuram
849 2914 926 2970 illam
935 2913 1007 2971 sbrie

214 2994 337 3049 conferre
350 2994 385 3048 ad
398 2993 571 3049 deferendum
584 3010 678 3049 vocem
691 2994 794 3066 absque
807 2995 974 3050 confusione.

254 3074 346 3128 Etiam
355 3074 554 3129 communicent
564 3073 767 3144 opinio,melius
777 3075 898 3129 emndiri
906 3092 1007 3139 vocem,

214 3154 321 3208 cacteris
340 3154 457 3224 paribus,
481 3153 533 3208 sub
554 3159 632 3218 tecto,
650 3169 732 3223 quam
755 3155 807 3210 sub
829 3154 892 3209 dio:
916 3163 1008 3209 utrum
1086 3150 1205 3206 Gauaaa
1232 3167 1359 3206 sonorum
1387 3149 1471 3205 talem
1494 3149 1620 3204 videntur
1642 3150 1736 3205 subire
1765 3152 1843 3223 parti·

214 3247 280 3287 vero
291 3233 390 3288 melius
398 3233 558 3289 exaudiatur
568 3249 629 3297 voa,
637 3248 703 3287 aure
717 3233 850 3289 cossocats
862 3234 891 3288 in
904 3243 1006 3304 aperto,
1045 3231 1162 3285 tiouemr
1182 3247 1306 3301 magnus,
1320 3246 1436 3300 parrus3
1459 3237 1561 3293 acutus,
1583 3231 1696 3301 gravis3
1709 3230 1843 3286 barmoni-

216 3327 281 3366 voce
301 3313 331 3367 in
353 3320 443 3378 tecto;
467 3319 513 3366 aut
534 3319 635 3378 contra,
656 3328 721 3367 aure
741 3313 771 3367 in
793 3321 873 3379 teoto,
893 3329 959 3367 voce
979 3314 1008 3367 in
1045 3327 1101 3376 cua,
1122 3311 1256 3376 absonum
1276 3311 1445 3373 cummianus,
1466 3310 1524 3362 sive
1547 3325 1702 3373 susurrans,
1725 3312 1843 3367 exterior

216 3398 317 3461 aperto,
330 3393 482 3464 inquiratur
495 3391 626 3457 ulterius;
646 3391 712 3447 licet
724 3392 809 3448 etiam
821 3393 851 3447 in
869 3393 922 3446 hoc
936 3409 1008 3446 com·
1046 3391 1104 3444 aive
1126 3406 1244 3455 sonans;
1268 3389 1395 3460 simplex,
1418 3388 1604 3458 compositusr
1629 3388 1782 3461 originalis,
1803 3407 1843 3445 re·

215 3471 304 3526 munis
318 3472 353 3525 sit
366 3471 466 3543 opinio,
480 3470 578 3526 melius
590 3471 715 3527 exaudiri
735 3489 797 3543 quas
817 3473 890 3527 foras
903 3472 1008 3527 suntin
1045 3470 1134 3524 flexus
1145 3490 1153 3524 ι
1174 3477 1204 3523 ut
1217 3470 1272 3523 sint
1281 3468 1441 3539 partitiones
1453 3484 1514 3522 aex.

215 3551 327 3617 aedibus,
342 3568 425 3622 quam
436 3568 498 3621 quoe
511 3550 541 3604 in
554 3551 657 3605 adibus
671 3552 753 3607 foras.
1085 3549 1145 3611 Quo
1159 3548 1255 3603 fortior
1267 3549 1351 3603 fuerit
1368 3548 1459 3618 prima
1476 3545 1605 3618 pulsatio,
1617 3553 1647 3600 et
1658 3547 1764 3603 delatio
1776 3548 1841 3603 isbe-

255 3629 405 3685 Commune
419 3638 461 3685 est
474 3630 577 3685 auditui
591 3632 708 3697 actiani,
719 3648 751 3685 ac
765 3631 849 3685 etiam
863 3632 1009 3703 quadrante
1046 3629 1107 3694 rior,
1121 3637 1150 3683 et
1162 3628 1265 3699 absque
1278 3628 1479 3700 impedimento,
1493 3642 1527 3681 so
1540 3627 1630 3701 major
1642 3627 1734 3683 editur
1746 3645 1841 3683 mnus:

214 3726 267 3764 nus
279 3711 385 3766 crateris
398 3710 530 3774 sensibus,
544 3718 576 3763 nt
588 3710 705 3764 intentio
718 3710 802 3765 animi
817 3712 961 3766 sentientis
979 3719 1008 3766 et
1047 3726 1100 3780 quo
1113 3707 1227 3764 debilior
1246 3708 1393 3780 percussio,
1407 3715 1435 3763 et
1453 3707 1543 3778 magis
1553 3706 1717 3761 conturbata
1733 3707 1840 3772 delatin

215 3789 329 3844 directio
342 3806 473 3860 expressa
489 3789 524 3844 ad
545 3789 749 3859 percipiendum
769 3789 896 3844 nonnihil
915 3792 1007 3860 juvem
1046 3806 1080 3843 eo
1093 3788 1189 3844 minor.

215 3875 247 3923 ut
270 3885 332 3923 cum
354 3871 414 3941 quis
437 3870 532 3941 dirigit
553 3868 687 3934 intuitum,
710 3876 759 3924 aut
780 3870 826 3939 (ut
848 3870 1008 3942 loquuntur)
1087 3868 1165 3923 Acuti
1179 3866 1240 3922 soni
1254 3865 1409 3921 deferuntur
1422 3863 1604 3938 teqaclonge,
1617 3872 1646 3920 et
1660 3865 1841 3921 fortasselou·

214 3949 310 4020 arrigit
323 3965 411 4004 aurea.
1046 3948 1116 4020 gius,
1130 3965 1212 4019 quam
1226 3963 1332 4017 graves.
1373 3947 1415 4000 De
1428 3945 1481 3999 hoc
1492 3944 1591 3999 melius
1601 3944 1765 4016 inquiratur.

255 4028 321 4082 Soni
345 4046 401 4083 non
422 4028 592 4098 perferuntur
612 4045 689 4101 acque
713 4028 796 4102 longe
819 4028 962 4094 articulati,
982 4036 1008 4082 et
1086 4027 1172 4082 Prout
1190 4027 1280 4096 majus
1300 4025 1383 4080 fuerit
1396 4040 1546 4080 concavum
1566 4041 1717 4096 campane,
1731 4023 1768 4079 'eo
1784 4041 1841 4097 gra·

213 4106 342 4172 distincti
356 4124 437 4178 quam
452 4108 565 4179 species,
584 4116 613 4162 et
630 4108 793 4180 glomeratio
812 4109 933 4178 ipsorum
947 4125 1010 4163 con·
1046 4108 1149 4161 riorem
1162 4108 1345 4168 editionum
1360 4106 1523 4176 quominus,
1538 4104 1701 4159 acutiorem.

214 4186 366 4241 susurnam
380 4188 509 4257 strepitus
518 4204 614 4242 vocum
627 4189 751 4243 exaudiri
765 4194 862 4257 potest,
872 4189 919 4243 ubi
928 4205 1009 4243 voces
1085 4187 1146 4248 Quo
1166 4186 1254 4256 major
1274 4185 1357 4239 fuerit
1378 4184 1489 4249 chorda,
1503 4201 1538 4239 eo
1556 4183 1647 4239 reddit
1667 4201 1765 4240 sunum
1783 4201 1840 4255 gra-

214 4265 660 4334 ipsaearticulatoenonaudiuntum
677 4268 1010 4322 attinuitusmusicaecon-
1046 4265 1167 4329 aiorem3
1183 4282 1237 4337 quo
1251 4265 1347 4329 minor,
1362 4265 1519 4319 acutiorem

214 4345 299 4409 fusus,
310 4362 373 4399 cum
381 4344 524 4400 harmonia
533 4347 594 4416 ipsa
607 4353 655 4400 aut
668 4347 758 4400 cantio
770 4363 824 4400 non
839 4347 1007 4402 exaudiatur.
1085 4346 1145 4406 Quo
1164 4345 1293 4399 intentior
1305 4343 1386 4399 fuerit
1398 4342 1507 4407 chorda,
1521 4358 1555 4397 eo
1567 4342 1657 4398 reddit
1670 4359 1769 4397 smum
1782 4358 1839 4395 acu

255 4424 288 4478 Ιιι
303 4431 397 4478 burico
409 4442 477 4479 cavo
489 4426 591 4496 optime
605 4434 781 4481 conservatur
794 4443 884 4482 sonus.
920 4427 1009 4498 Igitur
1047 4426 1161 4491 tiorum,
1182 4440 1237 4495 quo
1258 4422 1355 4487 laxior,
1381 4424 1550 4494 graviorem:
1577 4431 1610 4477 ut
1635 4422 1739 4477 chorda
1762 4420 1839 4492 pub

215 4503 365 4574 accipiatur
374 4511 484 4559 truncus
497 4521 587 4569 casus,
603 4505 673 4560 bene
688 4505 831 4577 oblongus,
847 4515 874 4562 et
887 4506 1009 4561 demitte·
1047 4506 1134 4572 major
1156 4503 1275 4558 strictius
1298 4508 1420 4568 extensa,
1442 4510 1470 4557 et
1490 4502 1580 4556 minor
1600 4501 1701 4567 laxius,
1726 4501 1837 4556 cundem

213 4590 258 4637 tur
281 4591 359 4638 extra
382 4584 528 4639 fenestram
552 4600 667 4640 camera
687 4585 855 4651 humilioris,
883 4584 1009 4656 loquatur
1047 4585 1152 4653 possint
1164 4583 1274 4638 reddere
1288 4598 1393 4636 sonum.

214 4663 349 4732 quispiam
363 4663 499 4717 exerendo
519 4674 600 4734 caput
617 4673 695 4719 extra
712 4665 857 4720 fenestram
870 4665 905 4719 ud
925 4681 1009 4719 unum
1087 4664 1120 4717 ln
1133 4663 1206 4718 tubis
1219 4661 1352 4726 similiter,
1365 4668 1394 4716 et
1404 4660 1488 4726 tibiis,
1503 4667 1532 4715 et
1544 4659 1679 4724 comibus,
1690 4665 1722 4714 et
1734 4658 1835 4720 muta

211 4744 361 4798 terminum
384 4742 480 4808 trunci,
502 4760 584 4814 quarn
602 4744 723 4799 maxime
747 4750 836 4815 potest
858 4744 1007 4808 submisse;
1047 4749 1128 4814 atque
1143 4743 1225 4797 etiam
1245 4740 1274 4794 in
1296 4756 1343 4795 ore
1364 4740 1484 4794 hominis
1503 4738 1659 4802 fistulantia,
1673 4755 1729 4809 quo
1741 4755 1836 4811 angue

213 4835 333 4892 apponat
353 4821 421 4876 alter
442 4838 536 4877 aurem
556 4823 591 4877 ad
611 4823 726 4878 alterum
747 4824 894 4878 terminum
913 4823 1008 4889 trunci,
1047 4822 1117 4876 tiora
1138 4830 1201 4877 sunt
1222 4827 1252 4875 et
1272 4819 1362 4891 magis
1382 4825 1529 4884 contracta,
1550 4835 1586 4872 eo
1606 4818 1724 4872 reddunt
1744 4833 1835 4873 maan

213 4908 289 4957 stans
315 4901 387 4957 infra
408 4902 440 4956 in
463 4900 539 4956 solu:
561 4903 609 4956 fiat
630 4903 756 4957 similiter
777 4904 831 4958 hoc
855 4904 900 4956 sia
919 4919 1007 4968 versa,
1047 4902 1213 4966 acutiorem
1234 4916 1289 4971 quo
1302 4898 1583 4963 latiorasutlaxiora,
1595 4897 1759 4968 graviorem.

212 4979 349 5052 loquendo
362 4980 441 5047 infru,
456 4998 551 5037 aurem
568 4983 732 5053 apponendo
751 4999 850 5053 suptar
872 4990 954 5053 atque
974 4998 1009 5036 ex
1087 4981 1121 5035 In
1141 4980 1223 5046 tibiis,
1246 4982 1295 5034 uir
1315 4980 1411 5034 exiens
1434 4994 1471 5033 ex
1497 4977 1630 5031 foramine
1658 4977 1786 5047 propiore
1805 4974 1835 5028 sd

212 5059 266 5115 hoc
280 5062 468 5132 experimento
486 5063 534 5115 fiat
552 5061 694 5129 judicium,
708 5069 798 5116 utrum
812 5077 867 5116 vox
880 5060 1010 5117 ascendat
1048 5060 1179 5130 spiritum,
1193 5059 1281 5114 reddit
1304 5074 1400 5113 sonum
1421 5057 1585 5119 acutiorem
1606 5072 1622 5109 e
1642 5055 1834 5127 longinquiore,

213 5149 261 5195 aut
268 5141 415 5195 descendat
428 5138 582 5212 proclivius,
597 5148 645 5193 aut
658 5141 741 5195 etiam
753 5141 865 5212 pariter.
1047 5140 1217 5211 graviorem:
1232 5146 1263 5193 ut
1272 5137 1340 5191 tibia
1347 5137 1429 5208 paulo
1438 5137 1526 5206 major
1535 5136 1570 5189 ad
1584 5134 1707 5190 foramen
1721 5134 1834 5206 propius.

253 5220 374 5274 Tradtrnt
394 5237 444 5290 pro
464 5227 538 5273 certo
553 5235 612 5273 esse
627 5217 688 5273 loca
701 5227 729 5273 et
749 5220 865 5273 aedificia
878 5219 1010 5274 nonnulla
1047 5227 1076 5274 et
1098 5219 1187 5274 minor
1205 5218 1240 5273 ad
1263 5217 1445 5289 longinquius,
1466 5215 1580 5270 eundem
1602 5216 1709 5286 possint
1731 5214 1835 5269 reddare

212 5298 251 5351 ita
270 5308 467 5364 concamerata,
486 5305 517 5353 ut
537 5297 562 5351 si
585 5299 648 5367 quia
666 5304 717 5352 stet
739 5300 768 5352 in
791 5298 909 5370 quadam
932 5304 1008 5369 purte
1047 5315 1152 5353 sonum.

213 5393 336 5440 camere,
349 5386 376 5430 et
396 5377 529 5447 loquatur,
544 5376 643 5430 melius
657 5376 780 5432 exaudiri
799 5379 886 5448 possit
899 5377 935 5432 ad
955 5378 1009 5432 dia·
1088 5377 1121 5431 In
1135 5375 1319 5431 instrumentis
1338 5374 1498 5428 chordarum
1512 5372 1652 5428 nonnullis
1672 5376 1717 5442 (ut
1734 5373 1761 5426 ia
1779 5371 1835 5424 bar·

212 5456 326 5508 tandum
339 5456 506 5521 nonnullam,
522 5471 604 5525 quam
618 5472 711 5526 prope.
1047 5456 1113 5522 bito,
1128 5454 1249 5522 citharis,
1261 5462 1289 5510 et
1302 5451 1450 5526 similibus)
1460 5453 1623 5509 invenerunt
1631 5453 1756 5508 homines
1767 5465 1834 5505 csta·

1050 2897 1090 2937 DE
1110 2896 1268 2938 courum
1283 2896 1481 2945 arianarum,
1497 2895 1564 2942 QUB
1579 2895 1722 2937 nannum
1735 2897 1842 2947 SONUl,

1085 2978 1121 3016 ΕΤ
1141 2977 1371 3027 irtsrrtuaaurtm,
1390 2978 1426 3016 ΕΤ
1448 2977 1488 3016 DE
1510 2975 1666 3017 suscianus
1685 2978 1761 3029 8⁰81,
1782 2980 1843 3024 Quat

1085 3057 1267 3098 OBCURRUNT·
