3800 5875
30 346 91 403 Lrs.
106 347 129 401 l.

30 505 136 569 menda
154 504 209 559 nisi
228 504 314 560 libeat
330 512 465 577 perpetuo
482 504 658 561 circumvolvi
678 505 708 558 in
725 505 825 570 orbem,

31 602 91 638 enm
105 584 172 638 exili
186 591 215 639 et
229 585 307 656 quasi
321 586 519 640 contemnendo
535 600 690 655 progressu.

382 725 473 765 XXXH·

671 342 811 401 NOVUM
832 343 1034 400 ORGANUM.

1246 565 1289 603 Σὺ

904 658 1043 713 Excitatio
1051 658 1194 713 notionum
1205 665 1233 711 et
1246 659 1411 712 axiomntum
1422 674 1472 728 per
1482 659 1660 713 inductionem

864 754 964 800 reram,
975 748 1016 792 est
1026 744 1099 791 certe
1109 737 1249 808 proprium
1257 738 1406 792 remedium
1416 739 1451 792 ad
1463 738 1534 791 idolo
1544 737 1660 792 arcenda

68 816 197 889 Antiqnis
220 818 374 874 auctoribus
401 835 465 874 snus
489 825 596 872 constat
621 817 717 880 bonos,
745 824 825 888 atque
863 822 892 869 et
902 816 1112 878 summovenda;
1134 815 1182 869 sed
1192 824 1281 871 tamen
1291 817 1420 870 indicatio
1431 818 1558 869 idolorum
1566 818 1659 888 magni

31 897 97 951 adeo
110 899 254 962 omnibus;
276 898 592 969 quianoningenionrm
606 902 654 950 aut
667 894 824 950 facultatum
863 904 904 948 est
918 912 992 949 usus.
1032 895 1165 949 Doctrina
1176 895 1250 949 enim
1262 896 1295 949 dc
1308 897 1389 950 idolis
1399 894 1524 950 similiter
1537 913 1566 949 se
1575 896 1660 951 habet

30 976 165 1032 inducitur
178 977 353 1047 comparatio,
368 978 416 1032 sed
429 979 500 1032 riae:
520 991 624 1046 nosque
642 991 696 1029 non
712 975 823 1044 judicis,

31 1056 76 1111 sed
87 1056 186 1112 indicis
200 1073 344 1127 personam
358 1057 530 1112 sustinemus.

376 1198 478 1238 XXXHL

66 1292 182 1347 Nullum
204 1292 360 1361 (dicendum
382 1291 457 1346 enim
478 1296 520 1345 est
539 1290 646 1361 aperte)
667 1295 739 1345 recte
763 1290 822 1344 fieri

28 1380 116 1443 potest
136 1372 273 1441 judicium
286 1389 335 1426 nec
350 1372 385 1426 de
402 1371 448 1424 ris
465 1377 565 1434 nostra,
584 1386 634 1424 nec
654 1369 687 1423 de
707 1370 743 1424 iis
762 1387 823 1441 quae

28 1452 172 1506 mnndum
199 1468 261 1506 eam
288 1453 400 1506 inventa
430 1456 499 1513 sunt,
531 1466 581 1518 per
612 1450 822 1520 anticipationes

29 1532 172 1597 (rationem
187 1531 294 1585 seilicet
309 1549 369 1603 quae
384 1531 413 1584 in
432 1546 484 1583 usu
502 1526 557 1597 est)
573 1529 638 1600 quia
656 1545 710 1582 non
729 1538 822 1599 postu·

28 1610 135 1664 landum
149 1619 191 1664 est
210 1620 239 1664 ut
258 1611 318 1678 ejus
338 1610 379 1665 rei
400 1608 504 1677 judicio
523 1614 616 1674 stetur,
631 1625 692 1679 quas
710 1608 772 1678 ipsa
792 1609 821 1663 in

26 1690 153 1757 judicium
167 1698 288 1745 vocatur.

372 1828 472 1867 xxxiv.

63 1921 161 1992 Neque
185 1922 272 1976 etiam
294 1922 416 1977 tradendi
442 1928 492 1976 aut
514 1919 670 1991 explicandi
694 1936 735 1985 ea,
761 1938 821 1992 quae

29 1999 190 2067 adducimus,
207 2001 298 2057 facilis
310 2010 352 2057 est
366 2002 450 2067 ratio;
472 2001 545 2073 quia,
566 2018 627 2072 quaa
649 1999 677 2053 in
699 2017 728 2054 se
751 2016 821 2055 nova

30 2088 93 2145 sunt,
107 2079 295 2152 intelligenter
309 2088 399 2137 tamen
413 2099 450 2136 ex
462 2080 589 2152 analogia
602 2087 732 2134 veterum.

380 2220 464 2260 ΧΧΧἎ

64 2312 140 2368 Dixit
153 2313 261 2385 Borgia
275 2313 308 2368 de
322 2315 495 2385 expeditione
506 2313 648 2370 Gallorum
661 2314 690 2368 in
704 2313 819 2378 ltaliam,

31 2408 72 2446 eos
92 2394 198 2449 venisse
221 2410 285 2448 curn
308 2403 383 2449 creta
405 2395 433 2448 in
458 2395 594 2459 manibus,
618 2401 647 2448 ut
673 2393 821 2448 diversoria

31 2480 150 2537 merent,
165 2489 222 2527 non
240 2491 301 2528 cnm
323 2474 414 2538 armis,
428 2482 459 2528 ut
477 2480 700 2544 perrumperent:
723 2472 819 2527 Itidem

31 2553 301 2618 ctuostraratioeste
323 2561 352 2608 nt
361 2552 483 2608 doctrina
492 2560 585 2607 nostra
594 2552 699 2606 animos
708 2552 820 2607 idoneos

31 2638 55 2682 et
66 2647 176 2700 capaces
190 2632 340 2688 subintret:
361 2632 575 2687 confutationum
588 2633 662 2686 enim
675 2631 766 2687 nullus
780 2640 821 2685 est

32 2726 94 2772 usus,
115 2711 162 2764 nbi
189 2711 225 2766 de
248 2712 392 2783 principiis
415 2720 443 2765 et
463 2711 533 2782 ipsis
553 2712 717 2775 notionibus,
738 2719 819 2782 atque

32 2788 105 2843 etiam
117 2789 151 2845 de
166 2791 265 2846 formis
278 2791 537 2846 demonstrationum
555 2790 738 2846 dissentimus.

374 2934 473 2974 XXXVL

67 3027 158 3084 Restat
164 3046 231 3085 vero
244 3028 324 3083 nobis
334 3029 431 3083 modus
443 3027 565 3082 tradendi
578 3035 682 3083 unuset
692 3027 818 3099 simplex,

33 3115 58 3159 nt
70 3106 191 3163 homines
204 3108 241 3162 ed
256 3109 318 3179 ipsa
337 3107 513 3179 particularia
531 3115 670 3162 eteorum
689 3108 773 3164 series
791 3117 820 3163 et

33 3186 130 3242 ordines
144 3188 329 3252 adducamus,
350 3195 379 3241 et
397 3194 428 3242 ut
441 3187 483 3242 illi
502 3204 593 3242 rursus
612 3186 747 3257 imperent
765 3188 818 3243 sibi

34 3266 63 3318 ed
80 3275 182 3337 tempus
204 3267 415 3337 abnegationem
437 3268 588 3330 notionum,
607 3273 635 3320 et
655 3284 717 3321 cum
738 3267 819 3322 rebus

34 3345 93 3412 ipsis
104 3362 283 3402 consuescere
297 3346 437 3416 incipiant.

368 3487 479 3525 XXXVH.

69 3578 144 3636 Ratio
163 3600 268 3648 eornm,
281 3583 329 3655 qui
349 3584 542 3655 acatalepsiam
562 3589 713 3649 tenuerunt,
727 3591 756 3639 et
773 3586 818 3639 via

36 3667 123 3725 nosne,
135 3662 222 3717 initiis
240 3663 298 3717 suis
317 3664 515 3735 quodammodo
532 3664 721 3728 consentiunt3
742 3665 817 3719 exitu

36 3737 184 3796 immensum
206 3742 396 3813 disjunguntur
413 3751 442 3797 et
463 3750 642 3813 opponuntur.
684 3743 729 3798 llli
744 3745 818 3798 enim

37 3817 97 3872 nibil
109 3822 170 3875 sciri
184 3838 266 3892 posse
280 3820 440 3892 simpliciter
452 3829 589 3886 asserunt;
610 3839 669 3887 nos,
682 3839 737 3878 non
751 3824 818 3879 mul-

39 3905 86 3952 lum
97 3900 156 3954 seiri
170 3918 251 3970 posse
266 3901 295 3954 in
309 3911 413 3966 natura,
428 3918 468 3964 ea,
483 3920 543 3973 quae
561 3919 632 3956 nuuc
647 3903 674 3955 in
697 3920 747 3958 usu
768 3911 817 3969 est,

39 3976 89 4028 rin:
106 3994 196 4033 rernm
211 3979 254 4033 illi
270 3979 369 4036 exinde
386 3981 573 4035 auctoritatem
588 3997 682 4035 sensus
696 3989 723 4035 et
741 3982 818 4038 intel·

40 4052 112 4110 lectus
123 4058 282 4125 destruunt;
302 4076 353 4114 nos
366 4060 470 4116 auxilia
482 4060 579 4115 iisdem
590 4063 779 4132 excogitamus
791 4071 818 4116 et

39 4133 268 4193 abninummun

362 4276 483 4316 xxxrru.

74 4365 144 4421 Idola
157 4381 185 4424 et
203 4370 330 4426 notiones
347 4369 432 4435 fabar,
453 4388 514 4441 quaa
534 4371 702 4426 intellectum
723 4372 817 4427 huma·

41 4458 95 4499 nuru
111 4448 166 4514 jam
178 4457 351 4519 occuparunt,
365 4458 446 4521 atque
460 4451 490 4504 in
506 4467 539 4504 eo
560 4449 615 4503 alte
636 4450 748 4516 haerent,
763 4469 817 4506 non

41 4522 115 4578 tobim
128 4537 231 4582 mentes
244 4529 386 4583 hominum
400 4530 440 4582 ita
453 4529 584 4594 obsident,
598 4537 628 4584 ut
641 4530 749 4585 veritati
762 4532 817 4585 ndi-

40 4607 76 4654 tm
99 4605 212 4661 difficilis
236 4615 344 4678 pateat,
378 4608 425 4662 sed
447 4609 531 4662 etiam
552 4608 617 4662 dato
637 4618 666 4663 et
688 4627 818 4667 concesso

40 4681 111 4746 tdilu
123 4685 168 4739 ills
184 4704 277 4742 rursus
297 4688 326 4741 in
347 4687 409 4758 ipsa
428 4687 621 4742 instauratione
644 4689 817 4745 scientiarum

40 4774 170 4829 oecument,
181 4775 210 4820 et
219 4766 335 4821 molesta
343 4773 435 4830 cmnt;
456 4767 511 4821 nisi
521 4767 646 4822 homines
655 4771 816 4836 praemoniti,

39 4839 153 4899 adsersus
165 4863 199 4900 ea
211 4862 250 4910 se,
265 4855 397 4917 quantum
410 4847 469 4901 fieri
482 4853 578 4917 potest,
593 4848 723 4901 munient.

371 4988 464 5026 ΧΧΣἹΣ

863 973 898 1027 nd
911 976 1156 1045 interpretationem
1170 983 1284 1039 namura,
1295 976 1366 1029 sicut
1376 975 1498 1029 doctrina
1508 976 1541 1029 de
1553 975 1659 1046 sophis·

862 1054 923 1107 ticis
936 1052 1058 1108 elenchis
1072 1054 1106 1107 ad
1121 1053 1293 1108 dialecticam
1306 1052 1455 1126 vulgarem.

1231 1194 1288 1234 XLL

903 1285 980 1341 Idola
994 1288 1082 1342 tribus
1097 1295 1160 1342 sunt
1172 1287 1285 1342 mndata
1297 1289 1326 1342 in
1344 1289 1405 1357 ipsa
1417 1296 1514 1343 namra
1526 1288 1654 1356 hnmana,

861 1371 941 1437 atque
949 1367 978 1420 in
992 1367 1052 1437 ipsa
1061 1367 1133 1422 tribu
1144 1383 1192 1422 seu
1203 1374 1284 1438 gente
1295 1367 1445 1422 hominum.
1487 1367 1571 1422 Falso
1581 1370 1654 1424 enim

860 1447 1000 1514 asseritur,
1015 1463 1125 1500 sensum
1139 1446 1289 1501 humanum
1303 1463 1362 1502 esse
1376 1463 1531 1501 mensuram
1545 1464 1652 1511 rerum;

860 1525 926 1594 quin
939 1533 1041 1590 contra,
1056 1542 1150 1580 omnes
1167 1526 1363 1596 perceptiones,
1385 1534 1441 1580 tam
1459 1543 1554 1581 sensus
1572 1543 1654 1598 quam

860 1605 968 1669 mentis,
984 1612 1048 1659 sunt
1060 1622 1095 1659 ex
1114 1605 1242 1675 analogia
1259 1605 1455 1670 homininum
1474 1623 1509 1660 ex
1527 1606 1654 1677 analogia

858 1682 988 1737 universi.
1029 1682 1133 1755 Estque
1143 1683 1298 1739 intellectus
1308 1685 1443 1740 humanus
1455 1685 1540 1739 instar
1550 1686 1654 1755 speculi

859 1761 1001 1832 inaequalis
1015 1765 1049 1817 sd
1064 1763 1152 1818 radios
1166 1781 1262 1827 remm,
1274 1764 1320 1835 qui
1330 1772 1539 1819 suamnaturam
1550 1773 1653 1820 naturae

860 1857 949 1896 rerum
963 1842 1105 1907 immiscet,
1120 1859 1235 1915 eamque
1248 1843 1398 1914 distorquet
1412 1851 1439 1897 et
1452 1844 1546 1898 inficit.

1224 1981 1292 2021 tun.

899 2073 979 2127 Idolo
992 2092 1089 2146 specus
1103 2082 1166 2130 sunt
1175 2074 1249 2129 idola
1258 2074 1378 2129 hominis
1388 2075 1529 2130 individui.
1561 2077 1654 2132 Habet

858 2153 931 2207 enim
945 2153 1130 2226 unusquisqne
1145 2158 1257 2224 (praeter
1276 2154 1459 2209 aberrationes
1477 2164 1581 2210 naturae
1600 2157 1652 2211 hu-

859 2248 946 2286 manae
960 2233 989 2287 in
1006 2234 1120 2303 genere)
1141 2249 1252 2304 specum
1274 2234 1332 2287 sire
1354 2251 1494 2289 cavernam
1517 2237 1652 2306 quandam

858 2311 1033 2377 individuam,
1048 2330 1109 2383 quse
1120 2311 1211 2368 lumen
1224 2324 1329 2368 naturae
1340 2314 1443 2383 frangit
1453 2322 1480 2368 et
1489 2317 1651 2386 corrumpit„

858 2391 903 2444 vel
921 2400 1031 2462 propter
1050 2401 1176 2446 naturam
1195 2393 1325 2463 cujusque
1349 2394 1487 2463 propriam
1508 2401 1536 2448 et
1558 2396 1652 2467 singu-

858 2468 944 2524 larem
958 2492 965 2534 t
986 2470 1030 2525 vel
1044 2480 1153 2542 propter
1166 2472 1352 2527 educationem
1373 2482 1402 2526 et
1420 2475 1653 2530 conversationem

857 2566 920 2604 cum
933 2549 1013 2615 aliiae
1035 2550 1078 2605 rel
1091 2558 1202 2622 propter
1219 2551 1364 2606 lectionem
1383 2551 1521 2617 librorum,
1541 2561 1568 2607 et
1588 2571 1651 2608 auc-

859 2630 979 2685 toritates
998 2646 1090 2685 eorum
1110 2646 1178 2702 quos
1196 2633 1309 2701 quisque
1330 2631 1395 2684 colit
1413 2640 1441 2685 et
1459 2632 1587 2696 miratur;
1608 2633 1653 2687 vel

857 2718 969 2778 propter
990 2709 1156 2765 differentias
1173 2710 1389 2781 impressionum,
1407 2718 1488 2780 prout
1510 2721 1653 2766 occurrunt

857 2788 887 2842 in
900 2790 991 2843 animo
1005 2796 1196 2859 praeoccupato
1209 2797 1237 2843 et
1250 2789 1446 2859 praedisposito,
1457 2798 1505 2845 aut
1518 2791 1546 2844 in
1560 2792 1652 2845 nnimo

857 2885 936 2939 aequo
949 2875 978 2923 et
991 2869 1092 2933 sedato,
1106 2868 1149 2923 vel
1163 2869 1311 2938 ejusmodi;
1332 2877 1363 2923 ut
1374 2868 1454 2940 plene
1475 2869 1587 2939 spiritus
1600 2870 1652 2925 bu·

857 2964 954 3003 manus
972 2949 1064 3019 (prout
1080 2949 1229 3019 disponitur
1245 2950 1275 3003 in
1294 2948 1449 3003 hominibus
1467 2949 1596 3021 singulis)
1616 2951 1653 3007 sit

857 3044 901 3082 rer
919 3027 1002 3093 rann,
1021 3037 1049 3082 et
1066 3029 1177 3083 omuino
1197 3028 1360 3099 perturbata,
1385 3036 1413 3081 et
1431 3030 1509 3099 qussi
1532 3029 1644 3084 fortuita

857 3106 937 3161 Unde
949 3108 1019 3162 bene
1031 3107 1194 3170 Heraclitus,
1208 3108 1334 3163 homines
1348 3108 1475 3162 scientias
1488 3125 1608 3179 quarere
1622 3109 1651 3162 in

856 3186 1007 3241 minoribus
1021 3187 1136 3255 mundis,
1151 3195 1178 3242 et
1190 3203 1245 3242 non
1258 3187 1287 3242 in
1300 3188 1403 3256 majore
1414 3188 1471 3242 sive
1485 3187 1631 3243 communi.

1217 3330 1297 3370 XLHL

897 3422 966 3479 Sunt
980 3424 1063 3479 etism
1076 3423 1150 3479 idola
1163 3432 1292 3497 tanquam
1306 3442 1342 3479 ex
1363 3432 1502 3482 contractu
1521 3434 1549 3479 et
1561 3427 1650 3482 socie·

856 3510 912 3557 tate
934 3503 1046 3557 humani
1069 3504 1177 3575 generis
1199 3505 1234 3560 sd
1255 3505 1381 3569 invicem,
1409 3522 1469 3575 quae
1490 3505 1563 3559 idolo
1578 3509 1650 3579 sori,

857 3590 968 3652 propter
981 3583 1123 3638 hominum
1136 3585 1327 3639 commercium
1341 3593 1369 3638 et
1378 3585 1549 3651 consortium,
1559 3587 1652 3655 appel·

856 3660 953 3716 lamus.
995 3663 1129 3717 Homines
1142 3663 1216 3718 enim
1229 3681 1280 3734 per
1298 3681 1436 3718 sermones
1455 3664 1607 3729 sociantur-3
1622 3674 1652 3720 at

857 3741 939 3796 verba
953 3758 990 3796 ex
1007 3750 1089 3812 captu
1101 3741 1176 3813 uulgi
1196 3743 1380 3814 imponuntur.
1421 3743 1517 3813 ltaque
1535 3742 1608 3798 mala
1622 3755 1651 3799 et

857 3820 949 3890 inepta
962 3821 1107 3876 verborum
1125 3821 1264 3891 impositio
1281 3823 1358 3877 miris
1374 3822 1461 3877 modis
1481 3821 1650 3878 intellectum

856 3900 970 3954 obsidet.
1011 3901 1110 3972 Neque
1123 3900 1293 3955 definitiones
1308 3911 1355 3956 aut
1371 3901 1575 3971 explicationes,
1589 3904 1650 3972 qui·

857 3980 907 4033 bus
918 3978 1044 4034 homines
1058 3980 1129 4034 docti
1143 3997 1173 4034 se
1187 3982 1291 4035 munire
1305 3988 1333 4034 et
1345 3981 1481 4035 vindicare
1495 3982 1524 4035 in
1538 3982 1651 4036 nonnul·

855 4058 891 4112 lie
911 4067 1116 4123 consueverunt,
1139 4076 1197 4114 rem
1221 4059 1381 4114 ullomodo
1404 4061 1554 4116 restituunt.
1595 4061 1650 4116 Sed

856 4138 939 4191 rerba
959 4137 1041 4208 plane
1061 4138 1116 4192 vim
1134 4138 1237 4193 facium
1258 4139 1417 4206 intellectui,
1436 4147 1464 4193 et
1481 4141 1575 4195 omnia
1591 4147 1649 4196 tur·

857 4218 936 4282 bant;
959 4226 985 4270 et
999 4216 1124 4271 homines
1138 4218 1173 4272 ad
1187 4219 1281 4273 inanes
1294 4218 1486 4288 etinnumerss
1495 4229 1649 4275 conmover·

856 4297 911 4352 sins
924 4304 953 4352 et
966 4304 1119 4351 commenta
1132 4297 1276 4352 deducunt.

1217 4437 1292 4476 XMV.

896 4531 964 4585 Sunt
984 4531 1101 4602 denique
1121 4531 1203 4595 idola,
1218 4549 1279 4602 quae
1295 4532 1487 4603 immigrnrunt
1503 4534 1531 4587 in
1544 4534 1649 4588 animos

856 4610 996 4664 homiuum
1007 4628 1042 4665 ex
1056 4611 1169 4665 diversis
1177 4610 1349 4682 dogmatibus
1362 4610 1607 4682 philosophiamm,
1616 4631 1649 4667 ac

856 4689 937 4742 etiam
960 4707 995 4744 ex
1015 4690 1148 4759 perversis
1170 4690 1276 4759 legibus
1293 4690 1566 4755 demonstrationum
1588 4710 1649 4763 qum

856 4769 927 4821 idola
938 4769 1039 4822 electri
1052 4770 1235 4834 nominamus;
1258 4769 1322 4840 quia
1335 4777 1401 4841 quot
1414 4770 1595 4841 philosophia
1608 4789 1649 4825 rc-

855 4855 940 4916 ceptas
951 4853 999 4902 snt
1008 4848 1126 4902 inventae
1137 4856 1206 4912 sunt,
1216 4855 1256 4902 tot
1267 4848 1371 4903 fabriles
1381 4850 1524 4919 productas
1534 4856 1561 4904 et
1574 4859 1648 4904 actus

855 4943 1006 4991 cenamus,
1021 4944 1081 4997 quae
1095 4926 1210 4981 mundos
1224 4928 1372 4982 effecerunt
1386 4929 1507 4983 factitios
1523 4937 1550 4982 et
1564 4930 1649 4982 sceni-

855 5022 910 5059 cos.
952 5007 1050 5076 Neque
1063 5005 1097 5059 de
1111 5005 1227 5077 hisquae
1238 5008 1296 5075 jam
1309 5006 1451 5072 habentur,
1466 5017 1512 5061 aut
1525 5007 1648 5061 etiamde

73 5074 182 5135 Quatnor
195 5090 259 5136 sunt
272 5099 374 5152 genera
387 5085 523 5149 idolorum,
537 5102 598 5156 quae
608 5084 817 5140 mentesbumn-
856 5086 991 5139 veteribus
1010 5084 1193 5156 philosophiis
1212 5093 1240 5140 et
1262 5087 1345 5140 sectis
1372 5095 1475 5141 tantum
1503 5086 1647 5156 loquimur,

39 5156 218 5216 motarent.
260 5161 299 5216 lis
313 5163 439 5230 (docendi
452 5164 676 5235 gmtiainomina
689 5165 816 5235 imposui·
854 5182 915 5218 cum
940 5164 1093 5232 complures
1116 5164 1179 5219 alim
1202 5165 1334 5233 ejusmodi
1359 5166 1458 5221 fabulae
1476 5165 1600 5234 componi
1620 5174 1649 5219 et

38 5246 97 5316 ml.
116 5246 145 5291 ut
164 5241 279 5309 primum
300 5259 393 5312 genus,
419 5243 491 5296 idola
518 5245 624 5309 tra'bus3
661 5245 816 5310 secundum,
854 5244 1012 5297 concionari
1033 5244 1153 5313 possint3
1175 5243 1391 5316 quandoquidem
1404 5261 1525 5299 errorum
1539 5260 1648 5314 prorsus

40 5311 101 5364 'lde
115 5335 228 5387 specus,-
252 5323 366 5388 tertium‚
388 5322 459 5377 idolo
474 5325 557 5397 serie
586 5329 718 5393 quartum,
741 5322 815 5378 idolo
854 5322 1022 5376 diversorum
1036 5339 1124 5377 caussa
1145 5322 1201 5376 sint
1219 5322 1398 5378 nihilominus
1413 5324 1468 5378 fere
1483 5339 1647 5377 communes.

40 5389 134 5460 tlentn',
147 5405 282 5454 vocentur.
855 5402 953 5472 Neque
975 5418 1067 5456 rursus
1080 5402 1113 5456 de
1131 5400 1314 5472 philosophiis
1328 5403 1525 5457 universalibus
1545 5409 1648 5456 tantum

854 5480 906 5536 boc
919 5480 1108 5553 intelligimus,
1123 5480 1171 5536 sed
1184 5482 1268 5536 etiam
1282 5482 1316 5535 de
1327 5481 1472 5553 principiis
1486 5488 1515 5535 et
1528 5480 1648 5536 amoma-
