3800 5875
254 251 311 305 ³06
779 245 829 301 DE
849 243 1075 302 AUGMENTIS
1095 243 1370 302 somnulentia.
1770 248 1827 306 lus
1841 251 1858 305 1.

254 410 351 471 dicere,
366 422 448 478 quam
461 405 576 460 faeere.”
618 403 730 459 Dictum
743 410 800 458 tam
812 403 927 459 mirifice
942 421 979 460 ex
991 411 1044 460 ter·
1080 421 1132 474 que
1145 410 1249 474 partem
1264 404 1361 469 libratr
1382 402 1472 474 prims
1485 421 1606 475 quaeque,
1620 421 1683 475 quur
1703 422 1733 459 ae
1754 406 1861 462 offerunt

254 505 314 542 rore
328 494 355 541 et
368 485 513 540 clementia
526 483 679 550 conflatum,
694 490 723 537 ut
735 480 807 537 nihil
821 498 911 552 supra.
1079 482 1179 549 animo,
1194 499 1281 554 eaque
1294 482 1420 548 arrident,
1434 500 1485 554 pro
1497 485 1629 553 suspectis
1642 483 1743 549 hsbetr
1764 486 1860 557 iterque

293 566 395 620 Verum
417 572 448 619 ut
468 564 604 619 Caesarem
623 562 781 627 mittamusr
802 561 974 632 perspicuum
993 569 1041 627 εει,
1079 578 1159 617 omne
1172 568 1301 634 tanquam
1314 561 1486 632 exploratum
1502 563 1572 617 inire
1585 564 1671 617 docet.
1705 563 1812 619 Eadem
1824 566 1861 620 sd-

253 663 316 700 eum
340 644 424 715 probe
448 643 501 698 sibi
521 641 658 696 conscium
678 657 735 695 suae
756 640 865 695 eximiae
883 641 1042 696 eruditionis
1079 641 1249 696 mirationem
1259 658 1350 697 rerum
1360 657 1457 695 ranam
1471 642 1624 697 etnimiam
1637 641 1738 708 evellit,
1750 644 1861 699 radicem

253 724 352 789 fuisse;
373 729 403 778 ut
416 722 503 794 liquet
515 739 550 776 ex
563 738 604 785 eo,
615 720 688 791 quod
698 720 893 774 demirantibus
905 719 1042 775 nonnullis
1078 720 1167 791 ipsam
1177 721 1265 776 onmia
1275 720 1376 775 infirmi
1386 720 1509 775 consiliis
1530 721 1631 793 quippe
1641 722 1809 778 admiramur
1817 741 1860 788 res,

252 802 332 858 Lucii
343 802 425 872 Syllae
439 801 589 865 consilium,
600 800 630 853 in
640 799 800 870 deponenda
810 800 949 863 dictatura,
961 799 1042 854 cavil-
1078 799 1122 854 vel
1135 801 1200 871 quia
1217 816 1294 855 nova
1307 807 1376 863 sunt,
1390 799 1435 854 vel
1449 801 1512 870 quia
1525 817 1640 872 magum.
1683 801 1821 863 Quantum
1832 804 1861 858 ad

252 882 312 936 lans
338 881 413 946 dixit,
442 880 548 951 “Sylla
578 879 693 933 nescivit
723 878 824 943 literas,
852 878 954 933 dictare
986 895 1041 934 nou
1078 880 1232 944 novitatem,
1252 895 1334 934 nemo
1355 886 1404 943 est,
1420 881 1466 949 qui
1487 879 1589 944 literas,
1603 890 1631 934 et
1646 890 1861 937 remmeontem

251 961 368 1032 potuit.”
1078 957 1225 1028 piationem
1238 958 1347 1028 penitus
1360 958 1504 1023 imbiberit,
1516 959 1581 1028 quin
1592 959 1860 1031 illudcordiimpres·

291 1041 371 1094 Nunc
395 1044 486 1092 autern
511 1045 618 1108 tempus
641 1036 746 1092 ridetur
772 1035 930 1106 imponendi
957 1037 1040 1092 linem
1078 1053 1138 1092 sum
1161 1037 1272 1104 habeat,
1293 1042 1309 1068 ‘⁴
1322 1036 1373 1091 Nil
1391 1038 1457 1091 novi
1483 1054 1566 1108 super
1588 1039 1716 1094 terram.”
1768 1041 1860 1111 Neque

252 1119 317 1174 huic
327 1118 508 1173 dissertationi
519 1116 552 1170 de
566 1124 641 1170 arcta
653 1115 841 1187 conjunctione
852 1114 978 1169 militarie
988 1115 1040 1170 vir-
1078 1116 1151 1170 enim
1164 1133 1298 1188 paparum
1310 1115 1404 1170 ludum
1418 1117 1561 1188 quisquam
1574 1134 1742 1190 magnopere
1757 1120 1859 1175 mirabi-

252 1199 316 1253 tutis
336 1203 365 1251 et
387 1197 515 1251 literaria
536 1197 616 1266 (quid
635 1197 708 1250 enim
731 1195 761 1249 iu
785 1195 837 1249 hoc
857 1203 957 1264 ςειιεεε
977 1203 1041 1265 post
1078 1203 1127 1260 tur,
1143 1197 1189 1266 qui
1208 1212 1279 1267 poue
1293 1194 1380 1250 aulaea
1398 1204 1480 1266 caput
1499 1196 1629 1261 inserens,
1643 1214 1758 1268 organa,
1773 1200 1859 1269 quibus

253 1277 435 1332 Alexandrum
449 1284 477 1330 et
490 1275 626 1330 Cmsarem
639 1274 730 1330 afferri
748 1274 870 1345 potasti)
891 1274 945 1327 nisi
968 1275 1040 1344 quod
1076 1282 1225 1340 morentur,
1240 1281 1268 1329 et
1280 1275 1419 1329 filamenta
1428 1277 1521 1329 cernit.
1561 1275 1698 1338 Quantum
1712 1277 1749 1331 ad
1763 1280 1860 1349 magni·

251 1373 361 1410 moveor
374 1354 454 1410 unius
467 1362 495 1410 et
513 1355 625 1409 alterius
642 1353 761 1423 exempli
774 1353 905 1424 dignitate
920 1361 949 1407 ει
969 1354 1040 1408 inso-
1078 1354 1205 1418 tudinem,
1217 1353 1443 1425 quemadmodum
1457 1354 1613 1410 Alexander
1625 1355 1759 1427 Magnus,
1771 1356 1859 1428 ingen·

250 1435 341 1499 lentia,
357 1451 390 1490 eo
404 1435 475 1505 quod
488 1441 544 1488 tam
564 1434 654 1487 subito
671 1432 810 1488 henderit
830 1448 847 1486 a
867 1432 986 1487 ludibrio
1004 1433 1039 1486 ad
1078 1433 1149 1488 tibus
1162 1433 1266 1504 proeliis
1276 1440 1306 1487 et
1316 1433 1474 1488 victoriiain
1484 1433 1551 1489 Asia
1563 1441 1698 1500 mouetur,
1708 1453 1774 1490 cum
1787 1437 1859 1491 iuter·

251 1513 418 1569 miraculum.
439 1513 488 1568 Est
501 1520 592 1568 sutem
606 1512 797 1584 Xenophontis
809 1511 977 1583 philosophi,
993 1514 1038 1582 qui
1076 1511 1138 1567 dum
1153 1513 1289 1583 acciperet
1302 1529 1317 1566 e
1332 1512 1438 1566 Gracia
1447 1513 1547 1578 literae,
1561 1513 1594 1567 de
1605 1514 1826 1584 expeditionibus
1836 1524 1859 1569 et

250 1611 265 1647 e
287 1594 404 1648 Socratis
424 1592 489 1648 ludo
509 1592 645 1663 profectus
658 1598 701 1646 εει
718 1592 747 1645 iu
765 1588 867 1654 Asiam,
882 1607 942 1645 cum
965 1591 1039 1660 Cyro
1076 1591 1295 1647 dimicationibus
1306 1592 1465 1662 quibusdam
1475 1591 1533 1647 illic
1547 1594 1633 1657 factis,
1645 1611 1708 1664 quse
1718 1593 1858 1667 plerunque

247 1674 361 1741 juniore,
383 1672 411 1726 iu
432 1671 605 1742 expeditione
625 1678 718 1725 contra
738 1686 832 1741 regem
854 1669 1037 1726 Artaxerxem.
1076 1679 1186 1742 propter
1199 1679 1310 1741 pontem
1324 1671 1451 1742 aliquem,
1464 1679 1512 1726 aut
1524 1672 1674 1737 castellum,
1685 1681 1736 1728 aut
1748 1674 1784 1727 ad
1798 1692 1859 1729 sum·

252 1752 306 1806 Hie
330 1751 485 1822 Xenophon
507 1767 540 1805 eo
563 1756 683 1820 tempore
703 1749 910 1820 peradulescens
930 1750 990 1816 fuit,
1011 1758 1039 1805 et
1076 1768 1149 1805 mum
1163 1767 1212 1821 pro
1225 1751 1427 1821 expugnatione
1440 1751 1532 1822 oppidi
1547 1751 1662 1821 alicujus
1676 1753 1858 1824 suscipieban-

249 1848 387 1902 nuuquam
401 1830 488 1884 aciem
502 1837 548 1884 aut
564 1838 652 1884 castra
665 1829 778 1893 viderat,
792 1845 881 1899 neque
895 1836 958 1883 tunc
971 1845 1038 1899 prae-
1077 1837 1127 1897 tur,
1139 1831 1228 1885 dicere
1238 1829 1356 1895 solebat;
1379 1835 1395 1863 “
1405 1831 1499 1885 Videri
1509 1831 1562 1885 sibi
1571 1832 1702 1886 nuncium
1712 1832 1859 1888 allatumde

250 1911 381 1965 facturam
401 1909 520 1979 aliquam
542 1909 572 1962 in
592 1909 713 1963 exercitu
731 1909 850 1980 gerebat,
865 1909 914 1963 sed
932 1916 1038 1963 tantum
1075 1925 1202 1964 ranarum
1215 1919 1243 1965 et
1255 1911 1371 1964 murium
1387 1926 1485 1981 pugna,
1499 1910 1532 1963 de
1551 1928 1605 1981 qua
1627 1911 1809 1966 Homerus:”
1827 1913 1860 1966 sic

250 1998 356 2060 sponte,
371 1988 406 2042 ob
419 1988 567 2042 amicitiam
578 1987 704 2052 Proxeni,
715 1987 944 2058 proficiscebatur.
985 1987 1039 2043 Ad·
1076 1997 1157 2054 certe,
1184 1989 1232 2059 qui
1252 1989 1453 2044 universitatem
1476 2006 1575 2054 rerum,
1600 1990 1713 2062 ejusque
1736 1992 1861 2046 febriam

250 2076 307 2122 erat
321 2068 583 2132 fortefonunacum
591 2066 703 2122 l'alinus
716 2083 843 2138 smaguo
857 2065 1038 2139 regelegatus
1075 2068 1218 2133 intueatur,
1232 2067 1274 2122 illi
1295 2075 1374 2123 terrra
1395 2068 1499 2139 globus,
1513 2086 1575 2124 cum
1592 2068 1751 2125 hominibus
1773 2089 1861 2143 super·

249 2147 284 2200 ad
305 2146 413 2201 Graecos
429 2147 538 2211 renuet,
560 2152 704 2217 postquam
728 2146 817 2216 Cyrus
834 2147 862 2200 in
884 2146 942 2200 acie
961 2163 1038 2201 occu·
1076 2148 1208 2203 stantibus
1230 2147 1266 2216 (si
1286 2148 1456 2202 divinitatem
1476 2150 1626 2202 animarum
1646 2149 1781 2219 seponas)
1796 2151 1862 2205 haud

249 2226 360 2291 buisset,
375 2224 463 2280 Graeci
474 2233 566 2280 autem
576 2225 744 2297 (manipulus
755 2227 938 2280 tautummodo
950 2225 1038 2280 homi·
1075 2228 1163 2296 majus
1176 2227 1316 2297 quidpiam
1328 2227 1471 2293 ridebitur,
1486 2244 1567 2297 quam
1584 2228 1727 2283 colliculus
1741 2230 1863 2284 formica·

249 2304 328 2373 num)
341 2305 409 2359 duce
423 2305 518 2371 orbati,
535 2305 567 2358 in
581 2305 672 2359 medio
686 2305 883 2375 provinciarum
897 2305 1005 2370 Persia,
1021 2322 1038 2359 s
1076 2324 1149 2371 rum;
1172 2323 1284 2377 quarum
1299 2305 1360 2361 alioe
1374 2323 1436 2361 eum
1451 2306 1551 2377 manis,
1566 2307 1628 2362 alite
1646 2325 1710 2363 curn
1728 2310 1791 2364 ovis
1804 2310 1862 2372 suis,

248 2385 337 2453 patria
363 2401 418 2450 sua,
443 2383 618 2455 plurimomm
644 2384 802 2439 milliarium
825 2383 983 2449 intervallis,
1011 2394 1038 2440 ει
1075 2385 1137 2440 alim
1150 2402 1250 2450 vacuae,
1265 2402 1359 2440 omues
1373 2385 1437 2440 hinc
1456 2386 1519 2440 iude
1534 2386 1753 2458 circsexiguum
1769 2389 1864 2457 pulvis·

249 2463 404 2518 fluminibus
424 2464 549 2518 maximis
569 2472 651 2535 atque
672 2463 818 2527 altissimis,
837 2463 977 2518 interclusi
997 2481 1037 2518 es·
1075 2465 1129 2520 culi
1143 2482 1270 2519 acervum
1288 2473 1401 2536 reptant,
1415 2473 1443 2519 et
1464 2465 1600 2520 cursitant
1641 2465 1731 2521 Porro
1750 2470 1864 2523 eruditio

249 2551 317 2597 sent.
345 2542 462 2615 Legatio
473 2543 527 2598 hue
541 2544 686 2613 spectabat,
698 2552 735 2609 ut,
749 2543 845 2614 positis
858 2543 941 2598 armis
955 2551 1037 2613 atque
1074 2545 1169 2609 aufert,
1195 2553 1241 2599 aut
1268 2544 1365 2599 saltem
1388 2545 1487 2599 minuit
1513 2545 1636 2599 timorem
1659 2547 1765 2611 mortis,
1789 2558 1863 2618 atque

249 2621 353 2687 deditis,
368 2640 397 2676 se
410 2623 493 2694 regia
506 2622 655 2678 clamentiae
669 2624 865 2678 submitterent
898 2622 950 2677 Cui
964 2622 1037 2693 legs·
1074 2625 1194 2679 adversae
1215 2625 1336 2688 fortuna,
1351 2640 1405 2695 quo
1424 2623 1497 2678 nihil
1516 2624 1604 2695 magis
1617 2624 1769 2681 virtmibna
1790 2628 1864 2681 mori·

248 2702 315 2756 tioni
328 2709 472 2772 antequam
490 2702 596 2772 publice
615 2719 771 2773 responsum
789 2709 869 2766 esset,
884 2701 1037 2771 complures
1074 2704 1177 2774 busque
1192 2703 1300 2759 officere
1320 2704 1397 2758 solet.
1438 2703 1469 2757 Si
1487 2704 1560 2758 enim
1582 2704 1690 2758 animus
1704 2706 1863 2777 cujuspiam,

248 2797 285 2836 ex
311 2782 430 2836 exercitu
453 2781 621 2836 familiariter
644 2798 705 2837 cum
729 2781 827 2837 suino
848 2780 1037 2852 colloqueban—
1074 2782 1302 2853 contemplatione
1315 2781 1750 2848 mortalitatiqetrerumtnaturte
1760 2801 1865 2855 corrup·

249 2867 308 2916 tur:
335 2860 408 2915 inter
431 2878 499 2933 quos
519 2861 674 2932 Xenophon
702 2863 742 2915 its
762 2861 831 2915 forte
852 2859 961 2915 locutus
984 2867 1034 2916 eat
1074 2861 1166 2927 tibilis,
1181 2862 1300 2917 imbutus
1314 2862 1396 2917 fuerit
1415 2870 1443 2916 et
1459 2862 1596 2925 intinctus,
1613 2862 1696 2931 juxta
1709 2880 1776 2919 cum
1789 2864 1864 2935 Epic·

249 2945 265 2973 “
276 2941 359 3006 lmo,”
374 2942 471 3012 inquit,
487 2946 503 2972 “
513 2940 616 3005 Faline,
630 2941 689 2995 haec
703 2941 757 2996 duo
770 2946 874 2996 tantum
888 2940 967 2995 nobis
977 2941 1036 3010 jam
1073 2949 1130 2997 teto
1148 2943 1264 3007 sentiet3
1286 2942 1340 3012 qui,
1361 2958 1423 2996 cum
1441 2943 1529 3012 pridie
1552 2942 1655 3007 exiens,
1678 2942 1863 2999 mulierculam

248 3028 400 3091 supersunt,
414 3036 490 3075 arma
502 3026 532 3073 et
552 3020 651 3085 virtum
673 3021 697 3074 si
710 3020 795 3090 igitur
808 3036 883 3074 arma
897 3019 1034 3084 dedamus,
1074 3021 1229 3076 ohfractam
1239 3020 1321 3076 ollam
1333 3022 1482 3092 plorantem
1492 3028 1622 3085 cemeret,
1634 3023 1770 3092 postridie
1785 3025 1864 3078 etiam

248 3100 292 3153 cui
314 3099 381 3163 usui,
405 3100 523 3164 obsecro,
545 3100 623 3153 nobis
645 3100 697 3153 erit
718 3099 846 3155 virtuai”
868 3098 905 3152 At
922 3098 1035 3153 Falinus
1073 3102 1169 3156 exiens
1183 3100 1265 3155 aliam
1279 3110 1413 3156 mortuum
1427 3100 1513 3155 filium
1527 3100 1673 3155 dedentem
1687 3104 1862 3174 conspiceret,

249 3177 406 3232 subridens:
431 3178 500 3232 “Ni
525 3177 629 3242 fallor,”
651 3178 747 3248 inquit,
768 3177 975 3233 “Atheniensis
997 3196 1034 3243 es,
1073 3180 1158 3245 dixit3
1181 3186 1197 3212 “
1212 3181 1280 3234 Heri
1295 3180 1351 3234 vidi
1369 3179 1494 3251 fragilem
1515 3179 1615 3249 frangi,
1629 3179 1716 3235 hodie
1730 3183 1788 3237 vidi
1801 3198 1864 3237 mor-

248 3255 411 3321 adolescens,
426 3264 454 3310 et
473 3257 655 3327 philosophiae
673 3257 815 3322 incumbis,
831 3266 914 3327 atque
935 3257 1035 3312 bellula
1073 3258 1155 3313 talem
1169 3260 1265 3315 mori.”
1299 3258 1388 3321 Quare
1403 3259 1503 3329 optime
1517 3268 1545 3314 ει
1558 3259 1637 3313 valde
1651 3260 1796 3331 sapienter
1809 3262 1864 3317 Vir·

248 3342 318 3398 sunt,
329 3352 390 3405 quae
400 3335 483 3400 dicis;
504 3336 552 3390 sed
562 3335 639 3390 valde
649 3354 730 3399 erras,
741 3336 765 3390 si
779 3337 903 3391 virtutem
918 3344 1034 3391 vestram
1072 3337 1162 3409 gilius,
1174 3338 1356 3409 coguitionem
1370 3355 1514 3393 csusamm
1527 3356 1587 3393 cum
1601 3346 1694 3394 metus
1706 3342 1799 3397 omnia
1808 3357 1863 3412 pro·

247 3414 330 3484 regiis
339 3415 413 3484 copie
423 3431 517 3484 parem
531 3431 590 3469 esse
600 3416 763 3469 arbitreris.”
795 3415 866 3469 Ecce
876 3415 1032 3470 ludibrium.
1071 3418 1212 3489 fligatione
1226 3417 1370 3489 copulavit,
1385 3426 1514 3488 tanquam
1528 3418 1758 3476 concomitantia:

248 3492 376 3563 Sequitur
397 3493 565 3548 miraculum.
608 3495 735 3548 Novitiae
756 3494 808 3550 iste
833 3513 868 3548 ex
886 3494 987 3551 ⁴schola
1008 3504 1035 3550 ει
1158 3522 1174 3546 n
1186 3519 1255 3567 Felix
1264 3520 1304 3581 qui
1315 3521 1391 3581 putuit
1400 3535 1478 3567 mmm
1486 3536 1626 3583 cognom
1635 3537 1730 3582 cm,

246 3572 434 3643 philosophus,
449 3574 826 3643 postquamomnesduceset
838 3574 961 3644 praefecti
974 3591 1034 3645 pro·
1158 3578 1254 3647 Quique
1260 3587 1336 3645 metus
1346 3592 1427 3625 omues
1438 3584 1463 3646 et
1473 3579 1617 3626 inexorabile
1627 3580 1703 3648 tatum
1789 3639 1794 3649 Ι

247 3651 345 3706 ditione
358 3652 512 3721 interempti
526 3659 624 3716 essent,
636 3653 729 3707 decem
742 3652 829 3706 millia
843 3653 964 3722 peditum
977 3653 1032 3707 Ba·
1157 3636 1266 3694 ⁸¹²wast
1275 3635 1380 3697 P⁶d¹¹³uh
1391 3643 1559 3697 strepitumque
1569 3636 1716 3685 A⁰h⁰l⁰¹¹²¹¹
1728 3641 1820 3687 ‘'m’'

245 3728 344 3798 bylone
357 3730 387 3784 in
400 3730 532 3785 Graeciam
546 3731 660 3795 reduxit,
670 3748 720 3802 per
729 3732 832 3786 medias
841 3733 914 3802 regis
928 3733 1034 3802 provin·
1071 3728 1163 3781 Nimis
1172 3727 1285 3799 longum
1292 3733 1367 3782 esset
1379 3726 1488 3798 singula
1498 3744 1654 3797 percurrere
1664 3729 1865 3800 remediaque

246 3808 310 3873 cias,
325 3810 448 3863 omnibus
462 3810 521 3878 ejus
534 3811 621 3880 copiis
641 3812 741 3867 frustra
758 3811 958 3866 obnitentibus:
979 3828 1033 3882 quo
1070 3806 1279 3878 singulisanimi
1290 3806 1389 3861 morbis
1399 3806 1522 3861 doctrina
1532 3808 1703 3878 suppeditata
1719 3809 1866 3881 aliquando

247 3886 320 3942 facto
332 3895 470 3959 stuporem
487 3889 580 3958 injecit
599 3890 732 3943 omnihus.
775 3890 877 3944 Graecis
894 3900 985 3945 autem
998 3892 1033 3945 ab
1071 3886 1182 3940 vitiosos
1200 3885 1328 3940 humor&
1348 3902 1512 3957 expursstfflh
1532 3902 1730 3958 nonnunquam
1746 3889 1866 3943 obtime·

246 3982 280 4019 eo
293 3974 413 4037 tempore
432 3967 555 4038 ingentes
573 3969 676 4022 addidit
693 3969 798 4024 animos
820 3976 848 4023 et
866 3969 985 4038 spiritus,
998 3970 1034 4024 ad
1070 3964 1867 4038 tionewperient,alittwneoeflOllemjufasshsslifflsspl*

245 4043 388 4100 Persarum
415 4064 529 4117 regnum
554 4047 735 4102 invadendum
762 4053 791 4103 et
816 4049 1031 4104 subvertendum,
1070 4044 1149 4098 titum
1157 4044 1287 4108 excitans,
1295 4060 1350 4098 non
1360 4043 1540 4099 rarorulnera
1550 4046 1644 4113 eJuset
1655 4045 1750 4101 ulcera
1758 4063 1866 4110 muana,

246 4122 323 4184 Quod
346 4131 373 4179 et
392 4141 455 4180 mox
476 4126 606 4196 cogitavit
626 4144 700 4189 sane,
721 4134 750 4180 et
772 4127 925 4197 designavit
945 4127 1033 4182 Jasou
1071 4123 1219 4179 etsimiliu·
1249 4123 1507 4185 Qusoecoucludam
1521 4140 1583 4178 eum
1596 4123 1658 4187 hoc,
1673 4127 1748 4196 quod
1762 4126 1868 4181 ridetur

246 4202 394 4258 Thessalus
406 4225 413 4267 t
434 4205 550 4259 tentavit
562 4213 591 4260 ει
611 4205 750 4259 inchoavit
767 4205 911 4275 Agesilaus
924 4206 1033 4276 Sparta·
1069 4203 1200 4256 rationem
1214 4203 1316 4257 habere
1330 4203 1420 4267 totius,
1433 4204 1474 4256 ita
1487 4203 1615 4257 nimirum
1626 4204 1752 4259 animum
1765 4206 1866 4260 doctri·

245 4298 314 4346 nus;
342 4281 456 4352 perfecit
476 4283 584 4338 demum
608 4284 762 4339 Alexander
789 4285 913 4350 Macedo,
937 4302 1032 4341 omnes
1069 4298 1132 4335 num
1154 4281 1308 4350 disponere,
1334 4290 1362 4337 et
1384 4283 1499 4345 flectere,
1522 4289 1551 4335 ul
1571 4299 1715 4353 nunquam
1740 4286 1867 4354 protinus

245 4359 345 4414 literati
359 4361 438 4415 istius
451 4363 549 4432 praevii
563 4363 675 4434 egregio
687 4363 805 4418 facinore
820 4364 933 4419 incitati.
1070 4361 1224 4430 acquiescat
1236 4368 1263 4414 et
1278 4369 1406 4431 tanquam
1421 4360 1577 4432 congeletur
1589 4361 1618 4415 in
1631 4362 1789 4418 defectibus
1803 4364 1867 4425 stria,

284 4438 432 4510 Pergamus
452 4441 487 4494 ab
509 4443 683 4511 imperatoria
704 4442 871 4512 militarique
884 4442 983 4498 virtute
997 4444 1032 4497 ad
1070 4440 1136 4509 quin
1150 4440 1289 4494 incitatae
1303 4456 1418 4510 semper·
1433 4457 1661 4510 promtumque
1671 4443 1769 4512 8Ρὶκὶ
1813 4444 1867 4497 Ne·

245 4518 382 4583 moralem,
404 4528 432 4572 et
451 4535 520 4584 eam,
545 4537 605 4590 qum
630 4530 672 4575 εει
694 4521 835 4577 hominurn
858 4522 1030 4592 privatorum.
1069 4520 1121 4572 scit
1139 4518 1291 4584 illiteratus,
1306 4520 1370 4590 quid
1383 4520 1460 4574 sitin
1479 4536 1508 4574 εε
1522 4520 1695 4585 descendere,
1711 4530 1761 4576 sut
1773 4539 1867 4577 secum

244 4596 344 4664 Primo,
358 4598 540 4653 certissimum
554 4608 596 4654 est
607 4599 675 4655 illud
688 4604 790 4671 potere:
1070 4597 1138 4652 inire
1152 4597 1278 4662 rationes,
1293 4606 1341 4653 aut
1355 4615 1437 4670 quam
1457 4599 1548 4654 suavis
1560 4599 1617 4653 rita
1630 4600 1675 4664 sit,
1690 4618 1756 4671 quae
1778 4602 1869 4656 indies

1069 4677 1149 4730 sentit
1160 4693 1189 4731 se
1200 4677 1258 4731 fieri
1270 4678 1424 4743 meliorem
1446 4678 1535 4749 siqua
1546 4678 1613 4732 forte
1623 4679 1725 4734 virtute
1736 4681 1866 4751 pmdilua

1069 4755 1111 4820 sit,
1126 4773 1188 4810 eam
1211 4756 1361 4810 venditabit
1383 4757 1494 4821 scilicet,
1509 4764 1538 4810 et
1559 4757 1660 4828 ubique
1684 4759 1867 4829 spectandam

1069 4841 1195 4904 exponet,
1206 4852 1292 4905 eaque
1302 4841 1391 4890 utetur
1401 4835 1513 4891 forsitan
1523 4838 1670 4902 commode,
1677 4854 1763 4908 quam
1774 4848 1867 4893 maren

243 4912 368 4969 Eruditio
390 4913 523 4982 siquidem
542 4913 677 4968 humanas
697 4920 802 4969 mentes
824 4914 929 4968 feritate
948 4920 1031 4984 atque
1068 4913 1192 4968 excolere
1214 4923 1241 4968 et
1257 4930 1358 4984 augere
1379 4915 1502 4985 negligit.
1543 4914 1658 4982 Rursus,
1671 4917 1696 4971 si
1719 4936 1778 4988 quo
1800 4918 1866 4971 ritio

242 4991 366 5048 barbarie
380 4993 463 5046 exuit
504 4992 685 5047 Veruntamen
704 5009 771 5064 opus
793 5000 842 5060 est,
856 5001 886 5048 ut
904 5000 1032 5048 accentus
1067 4992 1179 5058 laborat,
1194 5002 1280 5047 artem
1295 5001 1375 5063 atque
1397 4993 1556 5048 industriam
1569 4993 1637 5048 illud
1650 4994 1759 5050 celandi
1782 5003 1867 5067 atque

242 5074 279 5128 sit
292 5074 321 5126 in
334 5089 399 5126 voce
413 5070 598 5141 illthdstiter.
637 5072 712 5126 Nam
725 5072 899 5127 tumultuaria
911 5072 1032 5143 cognitio
1068 5071 1226 5136 occultandi,
1237 5072 1348 5127 minime
1359 5081 1448 5128 autem
1458 5073 1618 5143 corrigendi,
1629 5075 1789 5137 adhibebitr
1808 5084 1867 5128 tan·

242 5153 327 5207 flectit
339 5150 429 5222 potius
443 5147 471 5204 in
483 5149 655 5205 contrarium.
687 5150 820 5215 Eruditio,
833 5152 953 5222 inquam,
966 5150 1032 5205 leri-
1068 5167 1150 5220 quarn
1163 5152 1251 5206 malus
1267 5168 1379 5217 messor,
1400 5153 1447 5223 qui
1467 5162 1600 5223 perpetuo
1620 5152 1743 5218 demetit,
1763 5153 1868 5208 falcem

242 5238 332 5297 tatem,
353 5229 543 5293 temeritatem,
568 5236 648 5299 atque
672 5229 846 5285 insolentiam
869 5230 946 5294 tollit,
968 5230 1032 5284 dum
1067 5239 1158 5284 autem
1167 5247 1305 5301 nunquam
1314 5232 1433 5301 exacuitr
1447 5231 1570 5286 literatus
1579 5241 1867 5295 contmnoutantum

242 5312 333 5365 omnia
346 5308 467 5380 pericula
479 5316 507 5363 et
520 5308 648 5379 ambigua
661 5308 743 5362 simrd
762 5326 824 5363 cum
844 5326 874 5363 re
895 5309 957 5379 ipsa
970 5325 1032 5378 sug·
1067 5310 1150 5364 utitur
1162 5309 1255 5363 animo
1263 5310 1429 5381 virtutesque
1443 5318 1557 5376 exercet,
1568 5312 1618 5365 sed
1630 5313 1758 5367 continue
1773 5328 1867 5368 emen·

242 5390 326 5459 gerim
346 5390 481 5444 rationum
495 5397 524 5442 et
534 5396 752 5459 argumentorum
763 5388 883 5458 pondera
892 5388 923 5442 in
932 5394 1032 5443 unam-
1066 5387 1114 5443 dat
1134 5405 1173 5454 se,
1188 5395 1215 5442 et
1229 5388 1257 5442 in
1281 5387 1378 5445 virtute
1402 5389 1515 5460 proficit.
1568 5390 1628 5446 lmo
1649 5397 1680 5446 ut
1702 5391 1733 5445 in
1754 5406 1867 5446 summa

360 4733 376 4756 “
385 4729 482 4776 Scilicet
491 4731 605 4791 ingenuas
616 4731 724 4779 didicisse
734 4732 834 4779 fideliter
843 4740 904 4781 artes

387 4787 486 4834 Emollit
494 4803 576 4846 mores,
587 4804 631 4836 nec
641 4790 697 4836 sinit
707 4806 757 4837 esse
768 4790 852 4838 fcros.''
