3800 5875
74 306 128 363 lan
143 306 180 361 11.
373 372 377 383 .
688 302 829 358 NOVUM
850 300 1054 358 ottuauuit.
1629 304 1684 360 501

73 465 155 520 debita
179 462 273 535 spotia,
300 467 329 517 et
353 478 455 517 moras.
497 458 553 517 ista
579 462 653 517 enim
681 462 852 534 inequalitas
887 461 980 516 Etiam
994 462 1058 516 huic
1072 461 1199 533 regimini
1213 468 1302 519 motus
1312 465 1379 520 satis
1392 463 1445 519 levi
1459 481 1489 518 er
1499 470 1526 518 et
1536 465 1634 521 inscite
1648 474 1689 521 at-

73 544 184 599 ordinats
195 558 288 598 revera
300 541 358 596 filia
370 541 434 596 coeli
448 548 496 606 est,
512 549 539 596 et
553 541 736 612 generationis
750 549 851 596 mater:
888 542 984 595 tribuit
997 542 1120 597 Telesiue
1131 544 1235 613 figuras
1246 542 1413 608 animalium,
1425 544 1460 599 ob
1470 543 1571 599 dvalos
1582 546 1688 601 scilicet

72 641 149 694 neque
168 638 186 676 a
205 621 293 677 calore
316 628 363 676 aut
383 621 546 685 vehementi,
567 628 615 676 sut
640 622 783 693 praecipiti,
804 632 853 675 aut
888 619 1033 675 etloculos
1047 622 1177 676 matricis.
1217 622 1358 678 Debuerat
1380 632 1473 678 sutem
1493 632 1590 677 notare
1611 625 1688 680 simi-

73 702 227 766 sabsultorio,
237 701 443 773 aliquidmsgni
454 701 653 770 expectandum
662 708 712 755 est
741 701 851 755 Etenim
887 699 943 754 lem
957 700 1172 755 efformationem
1184 702 1293 757 intestis
1307 721 1427 767 ovorum,
1441 703 1489 758 ubi
1502 719 1556 756 nou
1571 712 1633 757 suut
1645 722 1689 759 ru·

72 792 96 838 et
107 784 132 837 iu
144 780 340 853 vegetabilibus
351 780 406 835 hoc
424 781 676 835 manifestissimum
688 789 747 843 ιιι(
769 788 851 851 atque
889 796 932 850 gre
952 787 1000 833 sat
1020 781 1210 852 inequalitasc
1231 790 1261 835 at
1280 800 1374 837 vemm
1395 791 1436 837 est
1457 784 1579 852 regimen
1597 791 1688 839 motus

73 863 144 917 etiam
155 862 184 917 iu
195 862 279 916 uteris
289 860 448 915 animalium
459 876 560 931 magna
570 868 611 915 est
621 860 721 915 caloris
733 860 851 931 inoequa·
888 859 1089 914 efformatiooes
1102 861 1232 930 perficere
1246 862 1275 914 in
1288 862 1405 917 modulis
1416 871 1443 916 et
1456 863 1637 932 propianticis.

72 941 131 1005 b'tss,
144 958 178 996 ex
195 949 280 1005 motu,
295 956 398 1004 somno,
414 939 662 995 alimentationibus
676 948 705 994 et
719 940 851 1008 passioni·
931 937 1110 1008 operationes
1131 957 1195 994 vero
1219 958 1269 1012 per
1291 959 1438 996 consensus
1458 951 1504 997 aut
1526 942 1605 1012 fugas
1626 944 1637 1003 i
1640 944 1687 1013 qui

72 1022 114 1075 bos
133 1020 316 1085 fremellanrm,
335 1036 396 1090 quse
417 1029 523 1074 uterum
544 1027 666 1090 gestant3
688 1019 803 1090 denique
822 1019 852 1072 iu
889 1026 983 1073 sextus
995 1018 1090 1073 modus
1109 1018 1162 1087 est)
1177 1020 1264 1074 latent
1284 1038 1470 1090 saepenumero
1492 1022 1520 1075 in
1542 1020 1685 1091 protunda.

72 1101 129 1171 ipsis
140 1101 293 1155 matricibus
305 1108 393 1163 terrie,
402 1100 438 1154 iis
447 1098 584 1162 nimirum,
593 1098 622 1151 iu
632 1098 852 1169 quibusmetalla
890 1097 957 1152 Istus
979 1098 1053 1151 euim
1077 1099 1159 1170 (quas
1182 1100 1292 1166 vocant)
1317 1102 1495 1171 proprietates
1521 1100 1638 1156 occultes
1659 1108 1688 1156 et

72 1191 95 1235 et
111 1179 210 1234 fossilis
232 1180 414 1243 efformsutur,
437 1179 527 1233 locum
546 1177 631 1233 habet
655 1184 683 1232 et
702 1178 776 1248 viget
798 1178 852 1233 ista
889 1177 1031 1247 specifice,
1046 1188 1074 1231 et
1094 1179 1264 1248 sympathia,
1279 1188 1306 1233 et
1327 1180 1488 1250 antipathian
1506 1187 1570 1234 siiut
1586 1197 1688 1251 magua

71 1258 236 1331 inequalitas.
265 1259 326 1321 Quo
339 1259 427 1329 magi
437 1259 558 1313 notanda
571 1266 613 1313 est
626 1257 736 1312 inscitia
749 1258 852 1328 aliquo-
889 1273 925 1311 ex
937 1263 1015 1327 parte
1029 1257 1391 1329 cormptelaephilosophioe.
1422 1261 1521 1330 Neque
1530 1260 1564 1313 de
1574 1276 1687 1314 consen·

71 1357 122 1394 ιιι(
139 1338 357 1395 &lanistarum
375 1355 413 1393 ex
433 1338 596 1402 reformatis,
616 1338 663 1408 qui
680 1354 730 1406 per
747 1337 852 1391 calores
890 1336 966 1391 sibus
980 1352 1069 1390 rerum
1087 1337 1257 1392 inveniendis
1270 1338 1383 1393 multum
1398 1340 1687 1409 sperandomestsute

71 1418 205 1490 aequabiles
223 1419 390 1489 lampadum,
411 1426 438 1473 et
458 1417 626 1487 hujusmodi,
647 1424 780 1487 perpetuo
797 1434 853 1471 uuo
888 1416 1074 1470 inventionem
1093 1417 1239 1472 formarum
1260 1428 1289 1472 et
1308 1418 1561 1473 schematismomm
1579 1419 1685 1490 simpli·

72 1508 151 1553 tenore
173 1499 335 1563 ardentium,
348 1515 378 1552 se
391 1498 448 1552 voti
471 1506 612 1568 compotes
636 1497 693 1551 fore
713 1496 851 1551 existima·
889 1495 972 1551 cium.
1013 1495 1169 1551 Conseusus
1183 1499 1255 1552 enim
1269 1497 1309 1551 nil
1322 1497 1396 1554 aliud
1410 1506 1452 1553 est
1465 1516 1548 1568 quam
1567 1516 1687 1567 symme-

71 1585 131 1632 mnt
168 1578 259 1650 Atque
279 1578 313 1632 dc
335 1578 451 1648 opificiis
472 1583 500 1631 et
515 1577 656 1631 effectibus
674 1575 772 1630 caloris
792 1575 851 1630 haec
890 1574 943 1628 tria
956 1575 1104 1630 formarum
1119 1577 1408 1632 etschematismorum
1423 1578 1457 1632 ad
1471 1579 1596 1633 invicem.

71 1658 132 1711 dicta
144 1658 203 1713 sint.
236 1655 335 1730 Neque
343 1674 408 1710 vero
422 1658 615 1727 tempestivum
625 1665 667 1711 est
681 1655 730 1709 illa
743 1655 851 1725 penitus
929 1653 1013 1726 Atqui
1029 1657 1145 1724 majoros
1159 1665 1187 1711 et
1196 1658 1285 1728 magis
1295 1657 1424 1712 catholici
1440 1675 1529 1713 rerum
1538 1675 1687 1713 consensus

71 1737 177 1801 scrutari,
191 1746 337 1810 antequam
350 1754 441 1791 rerum
457 1737 552 1791 formae
566 1744 595 1791 et
615 1753 760 1806 corpomm
774 1734 852 1789 sche·
889 1750 944 1788 non
960 1752 1070 1805 prorsus
1084 1736 1192 1790 obscuri
1205 1744 1278 1792 sunt.
1312 1737 1408 1809 ltaque
1419 1738 1454 1791 ab
1468 1738 1502 1791 iis
1517 1737 1686 1794 ordiendum.

70 1816 174 1870 mstismi
197 1817 310 1873 ulterius
337 1816 494 1888 investigati
522 1815 631 1881 merim,
656 1822 685 1870 et
707 1815 737 1869 iu
763 1814 851 1869 lacem
889 1814 992 1869 Eorum
1003 1816 1091 1885 prima
1104 1825 1131 1870 at
1144 1833 1250 1871 summa
1271 1817 1414 1872 diversitas
1435 1835 1468 1872 ea
1489 1826 1545 1880 est3
1568 1826 1686 1889 utque·

70 1896 211 1965 prodierint.
253 1897 575 1967 macrianensis,
590 1894 810 1965 etsdopersnda,
825 1903 852 1949 et
889 1893 1075 1965 damcorpors
1089 1895 1168 1965 copia
1181 1897 1460 1952 etvaritstematerias
1473 1897 1617 1952 admodum
1631 1897 1686 1952 dis·

70 1977 175 2046 aptanda
186 1984 255 2033 sunt
266 1976 455 2041 iustrumenta,
470 1975 578 2049 quando
596 1975 630 2030 de
648 1974 851 2048 exemplaribus
889 1984 1010 2045 crepent,
1025 1975 1225 2030 schematismis
1239 1977 1428 2041 consentisut;
1449 1977 1505 2030 alia
1522 1984 1625 2040 contra,
1637 1994 1686 2031 co·

69 2056 212 2113 omstiterit.
890 2053 944 2125 pis,
966 2062 996 2108 et
1016 2056 1125 2109 raritate
1146 2055 1268 2111 materiae
1286 2057 1464 2121 consentiant,
1486 2056 1687 2112 schematismis

102 2134 210 2196 Quartus
220 2135 319 2191 modus
332 2134 463 2207 operandi
470 2139 512 2190 est
522 2151 572 2207 per
580 2151 693 2200 moram,
705 2152 766 2205 quse
780 2140 851 2190 certe
890 2134 1053 2205 discrepent.
1095 2136 1169 2190 Nam
1182 2152 1237 2189 nou
1251 2135 1323 2189 male
1336 2144 1459 2193 notatum
1473 2145 1515 2190 est
1529 2135 1688 2191 achemicis

71 2222 94 2268 et
104 2231 203 2284 pomus
216 2224 246 2272 et
258 2215 361 2271 condus
374 2223 477 2270 namroe
488 2224 536 2278 est,
545 2223 572 2269 et
580 2215 703 2286 quandam
714 2213 853 2285 dispensa·
890 2213 919 2267 in
929 2215 1125 2285 principiorum
1135 2231 1245 2270 suorum
1256 2216 1350 2280 triade,
1361 2216 1475 2287 sulphur
1486 2222 1513 2270 et
1523 2216 1686 2271 mercurium

71 2295 123 2349 tn'r.
159 2295 267 2351 Moram
281 2294 459 2366 appellamus,
473 2312 536 2349 cum
555 2312 653 2365 corpus
672 2293 783 2365 aliquod
799 2294 852 2348 sibi
891 2294 969 2364 quasi
989 2311 1039 2364 per
1060 2295 1265 2349 universitatem
1285 2313 1376 2351 remm
1397 2312 1538 2367 permeare
1559 2307 1636 2363 tuam
1653 2295 1689 2350 de

71 2375 218 2442 permittitur
231 2375 267 2429 ad
281 2384 388 2445 tempus
401 2373 528 2456 notabile,
542 2375 677 2429 munitum
695 2375 805 2428 interim
826 2380 854 2428 et
890 2372 947 2426 sale
961 2373 1056 2442 inepta
1069 2375 1141 2428 ratio
1155 2383 1205 2440 est,
1221 2377 1269 2429 sed
1282 2375 1442 2439 introducta,
1456 2383 1488 2430 ut
1506 2375 1596 2445 possit
1616 2391 1688 2430 com·

71 2452 243 2510 defensumab
261 2455 356 2527 aliqua
373 2455 402 2509 vi
419 2462 540 2510 externa.
580 2454 650 2509 Tum
673 2454 746 2508 enim
765 2461 853 2508 motus
891 2451 1059 2522 prehendere
1073 2471 1188 2524 corpora
1201 2463 1298 2518 terrea,
1313 2456 1432 2520 siccn,et
1447 2453 1527 2522 fixa).
1563 2454 1599 2508 At
1613 2463 1687 2509 certe

70 2533 176 2589 imestini
190 2552 219 2589 se
229 2535 348 2605 produnt
358 2535 545 2604 etperficiunt,
554 2551 616 2588 cum
626 2541 715 2588 motus
728 2533 852 2587 extranei
890 2532 985 2586 inillis
999 2532 1103 2587 duobus
1117 2534 1223 2587 videtur
1236 2551 1382 2588 consensus
1397 2534 1508 2606 quidam
1528 2540 1635 2589 naturas
1652 2552 1689 2589 ex

71 2613 237 2668 etadventitii
251 2622 370 2669 cessant
405 2615 496 2684 Opera
509 2621 599 2669 autem
614 2614 703 2669 etatis
717 2611 852 2666 suntlon·
891 2612 1010 2666 maxime
1032 2612 1175 2667 catholicis
1197 2614 1331 2683 conspici.
1381 2614 1491 2668 Etenim
1513 2613 1688 2668 consentiunt

70 2693 251 2761 gembtiliora,
266 2711 350 2765 quam
363 2694 445 2765 iguis.
486 2695 585 2766 Neque
599 2693 673 2748 enim
693 2693 780 2762 possit
794 2692 852 2746 ficri
891 2691 1025 2762 sulphor;
1045 2691 1144 2758 oleum,
1165 2699 1193 2746 et
1212 2692 1353 2748 exhalatio
1374 2694 1502 2764 pinguis3
1523 2692 1642 2756 flamma,
1660 2701 1689 2747 et

72 2770 287 2828 talischrificatio
296 2773 353 2827 vini
363 2791 413 2844 per
425 2773 526 2845 iguem,
536 2773 624 2845 qualis
635 2773 664 2825 tit
675 2789 724 2842 per
733 2788 852 2838 moram
891 2771 1006 2826 fortasse
1020 2788 1117 2843 corpus
1141 2771 1240 2827 stetis:
1262 2790 1298 2828 ex
1318 2773 1405 2827 altera
1423 2781 1499 2843 parte
1517 2771 1689 2827 consentiant

71 2853 239 2922 nequeetiam
253 2853 464 2908 incineratioues
479 2854 633 2924 perignem
648 2860 703 2907 tam
724 2860 787 2907 suut
807 2869 854 2907 ex·
892 2852 1057 2917 mercurius;
1087 2868 1158 2923 aqua
1182 2861 1210 2906 et
1230 2868 1345 2922 vapores
1365 2853 1467 2925 aquei;
1489 2854 1553 2915 se'r3
1582 2858 1610 2904 et
1632 2851 1688 2906 ior·

72 2931 171 3001 quisita,
185 2951 268 3005 quarn
283 2933 463 2989 resolutiones
474 2943 502 2989 et
514 2933 733 3004 consumptiones
746 2949 795 3003 per
808 2950 852 2988 se·
892 2941 964 2987 tasse
986 2931 1072 2986 iether
1092 2950 1176 3003 purus
1196 2942 1222 2987 et
1242 2932 1440 2989 interstellaris.
1482 2931 1608 2986 Attamen
1629 2931 1689 2988 ista

72 3010 131 3066 cula
167 3013 403 3084 Incorpomtioncs
417 3014 501 3068 etima
520 3023 546 3068 et
560 3013 702 3067 mistiones
715 3012 813 3068 subitae
827 3022 855 3068 et
892 3013 1083 3084 quatemioues
1110 3013 1235 3083 gemine,
1264 3014 1322 3067 sive
1350 3030 1459 3083 magna
1485 3029 1575 3065 rerum
1602 3010 1689 3066 tribus

71 3092 229 3163 precipitata
248 3092 419 3164 perignem,
440 3092 522 3164 longe
540 3094 683 3148 interiores
704 3101 767 3147 sunt
788 3092 852 3158 illis,
893 3095 1019 3162 (unaque
1041 3093 1113 3146 intra
1134 3093 1242 3147 ordines
1263 3095 1341 3160 suos)
1363 3094 1442 3163 copis
1462 3093 1584 3147 materie
1606 3097 1689 3161 atquc

72 3187 123 3238 qun
141 3174 204 3228 fiunt
223 3191 276 3245 per
301 3190 414 3228 moram.
465 3172 502 3228 At
525 3173 712 3227 dissimulares
737 3179 765 3227 et
784 3173 853 3227 varii
891 3170 1027 3226 densitate
1059 3173 1222 3227 immensum
1256 3172 1392 3237 differunt,
1421 3172 1469 3226 sed
1495 3170 1689 3226 schematismo

72 3249 246 3317 schematismi,
261 3269 461 3325 quoscorpora
474 3270 523 3323 per
536 3270 626 3307 moras
647 3259 754 3307 tentant
773 3254 851 3323 (qua
891 3252 971 3306 valde
992 3252 1168 3316 conveniunt3
1190 3261 1219 3306 ut
1239 3253 1267 3306 in
1290 3252 1416 3323 plurimis
1434 3268 1465 3307 sc
1489 3251 1612 3320 produnt
1653 3250 1690 3304 At

71 3326 106 3382 les
123 3341 179 3387 mnt
196 3333 368 3404 putredines)
389 3350 439 3404 per
458 3334 552 3404 ignens
571 3339 619 3387 sut
638 3331 756 3386 calorem
769 3331 852 3386 vehe·
892 3341 988 3385 contra
1008 3330 1119 3385 metalla
1138 3332 1245 3386 diversa
1267 3333 1347 3401 copis
1367 3339 1396 3386 et
1418 3332 1552 3387 densitate
1574 3329 1690 3385 multum

73 3412 215 3467 mentiorem
229 3414 417 3469 destruuntur.
461 3413 532 3468 Illud
552 3412 662 3467 interim
680 3428 735 3466 uon
753 3412 803 3467 abs
824 3429 853 3467 re
892 3411 1058 3466 conveniunt
1077 3413 1244 3482 (praesertim
1264 3419 1388 3483 respectu
1410 3410 1606 3482 vegatibilium,
1623 3408 1689 3477 etc.)

72 3486 141 3543 fuerit
151 3505 259 3558 amarer
283 3502 373 3548 motus
386 3510 530 3564 corpomm
543 3493 653 3563 penitus
666 3492 853 3547 conclusorum
892 3491 940 3545 sed
955 3491 1149 3546 schematismo
1164 3491 1341 3546 multifarium
1355 3491 1499 3554 differunt3
1521 3497 1550 3544 et
1562 3489 1691 3544 similiter

72 3565 160 3625 babere
176 3571 306 3628 nonnihil
319 3589 356 3626 ex
368 3572 496 3627 violento.
526 3572 706 3626 lncsrcevatio
719 3571 792 3625 enim
805 3572 856 3626 illa
892 3570 1057 3641 vegetabilis
1071 3579 1100 3625 et
1113 3571 1245 3625 animalia
1263 3572 1369 3627 diversa
1389 3569 1588 3625 schematismis
1611 3569 1690 3641 quasi

72 3646 169 3718 inpedit
182 3661 272 3708 motus
287 3660 452 3722 spontaneoa
462 3652 594 3722 corporis.
627 3652 723 3721 itaque
737 3652 855 3705 morain
891 3650 1006 3705 infinitis
1025 3650 1177 3706 varimtur:
1198 3651 1247 3705 scd
1266 3651 1338 3706 intra
1358 3651 1466 3720 copiam
1481 3648 1611 3714 materiae,
1632 3648 1692 3704 siva

72 3742 125 3782 rare
146 3742 238 3802 aperto
260 3732 329 3804 plus
349 3731 418 3787 tacit
441 3732 476 3785 ad
499 3732 704 3801 separationem
735 3730 765 3784 iu
789 3748 853 3785 vase
892 3730 1056 3818 densitptem
1069 3747 1218 3800 paucorum
1231 3733 1364 3801 gradum
1378 3730 1557 3784 continentur.

73 3809 166 3875 penitus
183 3812 279 3867 clauso
300 3811 335 3864 sd
353 3812 571 3875 commistionem
592 3811 622 3865 in
642 3826 707 3864 vase
727 3810 855 3865 nonnihil
933 3810 1062 3882 Sequitur
1075 3812 1351 3865 consensusmaxime
1366 3817 1427 3880 post
1440 3809 1558 3880 priorem
1574 3805 1690 3861 catholi-

72 3884 159 3954 clauso,
182 3892 232 3947 sed
259 3891 430 3947 subintrante
457 3894 528 3955 a'e're,
558 3890 592 3944 ad
619 3889 853 3960 putrefactionem
892 3889 1087 3954 cuavidelicet
1097 3906 1243 3961 corporum
1256 3888 1447 3961 principalium
1458 3897 1486 3944 et
1498 3887 1623 3942 fomitem
1632 3903 1692 3941 suo·

73 3973 194 4040 utcunque
215 3972 249 4026 dc
271 3971 391 4041 opiticiis
412 3978 441 4026 et
464 3971 606 4025 effectibus
629 3985 713 4024 morsa
735 3970 854 4042 undique
893 3986 971 4034 rum;
992 3967 1120 4023 videlicet
1138 3977 1336 4024 menstruorum
1357 3968 1595 4023 etalimentomm.
1639 3965 1692 4020 Ita·

73 4056 125 4100 sunt
136 4047 280 4122 diligenter
295 4050 485 4121 conquirendar
498 4049 645 4106 instantia.
894 4066 947 4120 que
961 4049 1167 4120 exquirendam,
1182 4050 1233 4104 sub
1248 4050 1347 4119 quibus
1368 4047 1530 4110 climatibus,
1545 4054 1573 4101 et
1593 4046 1692 4117 inqua

105 4125 138 4181 lt
157 4132 281 4201 regimen
302 4139 390 4184 motus
413 4130 499 4202 (quod
519 4138 562 4184 eat
581 4129 691 4199 quintus
711 4145 748 4182 ex
765 4128 855 4183 modis
893 4128 998 4190 tellure,
1012 4136 1039 4182 et
1059 4129 1094 4182 ad
1115 4145 1197 4199 quam
1216 4128 1438 4198 profunditatem,
1453 4126 1564 4181 metalla
1582 4125 1693 4195 singula

73 4209 200 4277 mnndi)
214 4228 271 4265 non
283 4209 474 4280 pummvalet
509 4209 644 4281 Regimen
660 4216 751 4262 autem
766 4215 855 4263 motus
895 4214 1073 4279 generentor3
1095 4215 1122 4262 et
1136 4207 1262 4262 similiter
1275 4208 1308 4262 de
1320 4207 1444 4279 gemmis,
1456 4207 1514 4261 sive
1524 4223 1560 4261 ex
1569 4205 1691 4276 rupibus,

73 4297 192 4352 totamm,
206 4308 270 4344 com
293 4305 390 4359 corpus
411 4288 487 4344 aliud
504 4305 656 4353 occurrens,
670 4287 792 4358 corporis
814 4287 854 4340 al·
894 4287 952 4341 sive
966 4287 1172 4342 intermineras
1185 4288 1273 4343 natis:
1303 4287 1335 4343 ln
1349 4304 1404 4358 qua
1417 4287 1500 4357 gleba
1513 4295 1601 4351 terrae,
1615 4285 1692 4339 arbo-

74 4364 146 4419 terios
154 4376 256 4423 motum
271 4377 450 4439 spontaneum
465 4365 588 4438 impedit,
602 4367 718 4438 repellit,
730 4367 854 4432 admittit,
893 4384 938 4422 res
952 4366 1077 4438 singulte,
1088 4374 1117 4421 et
1131 4368 1250 4431 tmtices,
1264 4373 1292 4422 et
1305 4367 1399 4423 herbas
1413 4366 1584 4437 potissimum
1598 4381 1693 4436 prove·

72 4439 160 4516 dirigit.
193 4448 256 4503 Hoc
269 4464 337 4503 vero
350 4448 509 4520 plerumque
520 4449 548 4502 in
563 4448 657 4518 figuris
667 4455 695 4501 et
708 4447 763 4501 situ
776 4463 855 4501 vaso·
894 4447 978 4511 uiant,
993 4454 1161 4517 ettsuqoam
1175 4447 1328 4518 gaudeant3
1350 4454 1378 4501 ct
1390 4445 1502 4501 insimul
1517 4464 1578 4516 quaa
1591 4445 1692 4515 inspiti-

72 4536 124 4577 rom
134 4529 262 4583 concinit.
303 4527 415 4582 Etenim
428 4545 512 4582 conus
526 4536 632 4582 erectus
643 4527 720 4596 javat
734 4526 770 4579 ad
789 4543 854 4580 con·
893 4528 1045 4598 pastiones,
1055 4527 1112 4580 sive
1127 4543 1177 4598 per
1186 4527 1394 4581 stercoratiooes
1407 4526 1598 4597 cujuscunque
1609 4541 1693 4596 gene·

72 4597 244 4661 desectionem
257 4624 389 4677 vaporum
402 4608 432 4661 in
445 4607 603 4671 alembicis3
624 4616 652 4660 ut
673 4605 857 4660 couusinver-
894 4606 940 4672 ris,
964 4607 1021 4660 sive
1045 4624 1095 4677 per
1117 4614 1226 4669 cretam,
1248 4623 1360 4661 arenam
1383 4606 1476 4670 maris,
1500 4605 1615 4669 cineres,
1636 4610 1681 4658 etc

73 4682 192 4750 msjnvat
204 4688 239 4740 sd
253 4686 460 4742 defaecationem
474 4685 597 4742 ssochsri
614 4686 644 4739 in
659 4686 731 4739 vasis
749 4685 855 4756 resupi·
894 4686 1014 4740 maxime
1031 4685 1144 4754 juvent3
1165 4692 1193 4739 et
1212 4703 1274 4756 quse
1293 4686 1350 4739 sint
1370 4703 1407 4740 es
1427 4685 1472 4740 his
1492 4702 1542 4755 pro
1562 4684 1694 4738 varietate

72 4760 143 4816 nats
193 4766 350 4838 Aliquando
375 4778 467 4822 autem
496 4766 616 4822 sinuatio
647 4764 801 4836 requiritur,
830 4772 858 4819 et
895 4765 1037 4836 glebamm
1057 4765 1146 4835 magis
1160 4772 1272 4835 aptaret
1285 4764 1444 4821 auxiliares.
1483 4765 1576 4819 Etiam
1598 4762 1695 4816 insitio

73 4845 221 4910 umento,
247 4855 276 4901 et
303 4845 426 4901 munao
452 4862 503 4916 pen
527 4846 610 4909 vices,
637 4852 667 4898 et
690 4844 855 4912 hujusmodi.
895 4853 924 4899 ct
935 4844 1086 4898 inoculatio
1096 4845 1222 4898 arborum
1233 4851 1260 4899 et
1272 4845 1436 4916 plantarum,
1450 4859 1598 4914 esmmque
1609 4842 1713 4907 ratior·

73 4915 154 4976 Etiam
174 4925 264 4980 omnis
287 4925 435 4996 percolatio
454 4926 508 4981 huc
528 4933 650 4995 spectate
671 4923 776 4978 scilicet
794 4941 857 4978 cum
896 4942 959 4995 quaa
971 4924 1077 4978 scilicet
1089 4923 1190 4995 planta
1211 4940 1293 4994 super
1315 4941 1384 4996 quas
1403 4923 1511 4978 felicius
1529 4924 1693 4986 inserantur,

73 5011 160 5069 muns
178 5020 329 5070 occurrens,
351 5006 398 5059 ani
419 5004 492 5076 parti
511 5005 634 5075 corporis
652 5002 765 5058 alterius
782 5003 857 5057 viam
895 5012 945 5057 etc
960 5002 1078 5058 multum
1093 5003 1192 5073 pendet
1204 5003 1239 5057 de
1252 5020 1394 5059 consentu.
1435 5004 1469 5057 Iu
1480 5019 1536 5073 qua
1548 5008 1693 5071 partenon

73 5080 159 5144 operit,
179 5082 257 5138 alteri
281 5084 405 5140 obstruit.
454 5085 554 5156 Neque
576 5101 685 5154 semper
708 5082 859 5152 percolatio
895 5083 1072 5151 injucundum
1085 5082 1154 5137 t'oret
1167 5084 1397 5154 experimentum,
1412 5083 1484 5152 quod
1497 5082 1604 5136 noviter
1616 5079 1694 5134 audi·

72 5167 114 5210 sut
129 5159 200 5215 aliud
219 5163 342 5235 regimen
365 5172 455 5219 motus
473 5164 504 5218 tit
523 5181 572 5234 per
590 5174 685 5228 extra3
705 5162 755 5217 sed
774 5163 857 5216 etiam
895 5164 985 5217 vimus
995 5179 1055 5217 esse
1067 5170 1199 5217 tentatam
1206 5164 1241 5217 de
1250 5163 1379 5217 insitione
1387 5163 1513 5216 arbomm
1520 5158 1694 5229 sylvestrium

72 5248 117 5302 lt?
125 5255 219 5310 corpus
231 5242 260 5296 in
272 5260 401 5313 corpore3
416 5251 447 5297 ut
455 5260 517 5298 cum
530 5242 619 5313 lapilli
632 5242 816 5298 immittuntur
829 5242 858 5296 iu
896 5240 975 5318 (quae
987 5242 1129 5313 hucusque
1143 5242 1173 5297 in
1187 5243 1329 5297 arboribus
1338 5241 1511 5296 hortensibus
1525 5239 1584 5294 heri
1594 5255 1694 5293 consu·

73 5329 148 5385 equas
160 5321 194 5374 ad
207 5322 389 5393 colligendam
407 5322 584 5378 limositatem
601 5324 741 5393 ipsarums
762 5322 857 5392 sympi
895 5317 966 5393 evit)
981 5321 1132 5377 uudelolia
1145 5330 1174 5376 et
1186 5322 1300 5394 glandes
1312 5321 1445 5388 majorem
1465 5320 1619 5374 inmodum
1633 5335 1693 5372 anv-

72 5391 244 5454 elarimsatur
257 5419 318 5457 cum
336 5403 519 5458 albuminibus
532 5419 653 5467 ovorum,
665 5411 696 5457 ut
709 5403 858 5457 crassiores
896 5400 1056 5471 plificantur,
1068 5409 1096 5456 et
1109 5402 1219 5457 arbores
1231 5403 1299 5456 fiunt
1309 5400 1399 5471 magis
1413 5398 1557 5455 umbrosae.
1592 5397 1695 5454 Simili·

74 5484 154 5540 Μ’
180 5479 372 5548 adheremt,
406 5493 435 5536 et
466 5490 563 5554 postca
588 5482 710 5553 separari
743 5481 856 5552 possint
895 5489 935 5536 ter
949 5480 1081 5537 alimenta
1092 5481 1252 5538 animalium
1271 5480 1422 5550 respective
1442 5479 1560 5533 notanda
1580 5486 1644 5535 suat
1664 5479 1696 5536 in
