3800 5875
234 298 292 353 368
751 296 802 352 Da
823 295 1047 352 AUGMENTIS
1069 291 1337 353 somnulentiae
1737 294 1796 349 Les.
1808 296 1856 351 vt.

234 457 304 512 tium
316 456 476 528 asperitates
490 454 661 527 aliquatenus
678 455 803 527 refugiat
845 456 915 511 Sunt
928 462 956 510 et
969 453 1031 511 alie
1066 454 1141 510 haud
1162 471 1250 526 pauca
1270 462 1349 509 strat:
1378 453 1483 525 ciphrea
1505 452 1662 524 simplicem
1688 452 1791 523 ciphra
1806 470 1857 508 non

233 538 400 607 respective,
417 536 591 606 quasellicet
609 536 776 590 diversorum
790 535 949 606 populorum
962 534 1031 588 anri·
1066 534 1284 606 significantibus
1316 532 1520 589 characteribus
1548 532 1729 598 intermixtn3
1760 532 1857 603 siphra

234 616 286 670 bus
310 624 397 687 grata
420 623 466 669 aut
488 615 603 686 ingratae
626 614 764 669 accedunt
812 615 908 669 Graes
934 613 1030 683 lingua
1066 613 1189 684 duplices
1202 614 1296 668 literas
1309 629 1365 668 nno
1386 612 1543 667 charactere
1567 610 1738 683 complexae;
1760 611 1856 683 siphra

234 695 416 766 diphthongis
437 702 540 759 scatet3
567 693 666 748 Latirm
685 693 766 764 longe
786 696 913 764 parcius:
934 692 1030 763 lingna
1065 700 1149 757 rotae3
1169 692 1273 763 ciphroe
1287 692 1387 756 clariss
1407 691 1684 762 ciphrasrerborum3
1705 690 1776 745 alite,
1801 691 1857 746 Vir·

236 775 388 845 Hispanica
401 772 492 826 literas
506 781 600 828 nunes
611 773 674 836 odit,
690 790 790 844 easque
804 773 895 828 statim
908 774 991 827 vertit
1000 774 1028 826 in
1066 778 1136 828 tutes
1149 782 1240 826 autem
1253 772 1283 825 in
1296 771 1401 842 ciphris
1414 771 1583 842 requirendae
1596 778 1653 825 tres
1664 778 1743 824 sunt:
1763 777 1793 825 ut
1806 771 1856 825 sint

234 854 353 908 medias:
381 853 482 923 lingum
506 870 567 923 qum
590 870 626 907 ex
648 851 748 907 Gothis
770 854 881 917 fluxere,
900 853 1028 922 aspiratis
1066 850 1746 921 expeditm,nonnimisoperosaeadscribendum:
1767 851 1856 904 utsint

235 933 368 1003 gaudem:
396 932 482 986 multa
503 942 566 985 sunt
586 931 735 1000 ejusmodi:
765 949 860 987 verum
883 931 942 986 hac
967 932 1028 1001 ipsa
1065 930 1134 993 nde,
1158 939 1185 984 et
1209 930 1284 984 nullo
1309 931 1391 986 ιιιοὰο
1421 937 1535 999 pateant
1567 928 1602 983 ad
1629 929 1854 999 deciphrandum:

234 1013 348 1066 fortasse
363 1009 423 1081 plus
437 1010 511 1064 satis.
1065 1009 1135 1063 addo
1155 1009 1281 1080 denique,
1298 1011 1374 1073 utri
1393 1010 1451 1064 lieri
1473 1009 1566 1080 possit,
1580 1009 1737 1080 suspicione
1754 1020 1853 1062 meent

275 1092 312 1145 At
325 1108 452 1146 mensura
464 1089 607 1144 verborum
626 1091 722 1162 ingena
742 1090 821 1144 nobis
842 1102 940 1159 corpus
962 1090 1027 1143 artis
1066 1088 1095 1142 Si
1117 1089 1189 1144 enim
1214 1087 1338 1159 epistole
1360 1090 1389 1142 in
1409 1106 1506 1144 manus
1528 1106 1622 1143 eorum
1644 1086 1795 1151 devenient,
1809 1090 1854 1158 qni

234 1172 354 1241 peperit;
375 1169 481 1241 po‘e‘sim
495 1169 606 1232 scilicet,
619 1185 674 1223 non
688 1178 819 1242 quatenus
833 1170 867 1222 sd
886 1168 1026 1223 materiam
1064 1168 1093 1221 in
1107 1185 1161 1232 eos,
1172 1169 1220 1239 qui
1234 1168 1361 1232 scribunt,
1375 1177 1423 1222 aut
1437 1169 1471 1222 ad
1485 1185 1553 1240 quos
1561 1167 1727 1230 scribuntur,
1739 1175 1854 1236 potesta·

235 1251 281 1323 (de
295 1267 349 1322 qus
362 1248 457 1318 supra)
472 1249 520 1302 sed
534 1256 667 1320 quatenus
688 1249 723 1302 ad
743 1248 845 1317 stylum
865 1256 892 1302 et
910 1248 1026 1318 liguram
1064 1255 1118 1302 tem
1125 1248 1253 1312 habeant,
1260 1248 1368 1302 tametsi
1380 1247 1476 1318 ciphra
1486 1247 1610 1318 ipsatida
1619 1248 1651 1301 ot
1661 1255 1691 1300 et
1699 1245 1853 1317 deciphratu

233 1330 383 1393 verborum,
399 1345 490 1383 versas
509 1328 707 1383 nimirumsire
721 1327 858 1382 carmina:
878 1327 1027 1398 circaque
1063 1326 1249 1397 impossibilis,
1263 1335 1355 1382 taurea
1378 1328 1519 1396 subjicitur
1539 1326 1600 1380 hac
1619 1343 1665 1381 res
1688 1326 1806 1380 examini
1828 1336 1854 1380 et

234 1425 278 1462 ars
288 1408 488 1479 habeturquasi
495 1407 611 1478 pusilla3
627 1406 754 1477 exempla
764 1408 893 1461 accedunt
903 1407 1025 1478 grandia,
1064 1407 1224 1477 quastioni3
1245 1407 1298 1460 nisi
1311 1406 1408 1477 siphra
1428 1407 1465 1461 sit
1487 1406 1709 1477 ejusmodique
1731 1413 1779 1458 ant
1798 1422 1852 1458 sus·

233 1496 262 1542 et
275 1488 390 1542 infinita
429 1489 528 1558 Neque
542 1494 633 1541 tamen
646 1504 690 1541 ara
703 1487 752 1541 illa
763 1490 858 1558 (qnam
871 1486 1025 1555 prosodiam
1063 1486 1171 1554 picione
1181 1493 1266 1549 vacet,
1277 1493 1324 1540 aut
1337 1485 1567 1541 examinationem
1580 1483 1683 1540 eludat.
1705 1483 1782 1545 Quod
1792 1502 1853 1538 vero

233 1567 405 1638 gemmanti
418 1566 571 1637 appellant)
586 1565 621 1620 ad
633 1567 785 1621 carminum
798 1582 898 1638 genera
912 1574 939 1619 et
952 1583 1026 1620 men·
1063 1565 1097 1618 ad
1111 1565 1262 1620 elusionem
1275 1565 1411 1620 examinis
1421 1565 1526 1630 attinet,
1536 1566 1658 1636 suppetit
1671 1565 1808 1618 inventum
1821 1565 1852 1617 ad

234 1663 311 1701 suras
325 1646 474 1700 edocendas
486 1653 588 1700 tantum
598 1646 725 1718 carthagi
736 1645 851 1700 debeat:
873 1645 1026 1713 adjicienda
1062 1644 1115 1698 hoc
1129 1661 1228 1698 novum
1239 1653 1321 1716 atque
1332 1645 1407 1709 utile,
1419 1643 1489 1715 quod
1502 1661 1564 1698 cum
1577 1645 1606 1698 in
1620 1653 1750 1715 promptu
1760 1642 1852 1697 habea-

233 1726 307 1781 enim
321 1732 384 1781 sunt
403 1724 629 1796 praeceptaquod
650 1725 800 1780 carminum
821 1742 907 1796 ςειιιιι
926 1725 1024 1796 cuique
1062 1741 1131 1788 mus,
1146 1740 1273 1796 quorsum
1287 1723 1386 1779 attinet
1405 1723 1472 1778 illud
1493 1723 1564 1778 iuter
1581 1724 1737 1778 desiderata
1749 1723 1851 1786 referre,

232 1806 354 1862 materiae
374 1804 432 1859 sire
453 1805 573 1873 subjecto
597 1806 698 1875 optime
719 1806 869 1859 conveniat.
912 1805 1024 1877 Antiqui
1063 1803 1521 1874 sedpotiusidipsumproponerei
1562 1803 1624 1858 lion
1632 1801 1850 1871 hujusmodiest3

232 1885 343 1940 heroica
353 1883 473 1938 carmina
483 1883 606 1938 historiis
620 1891 648 1937 et
661 1884 790 1938 encomiis
804 1883 1023 1953 applicaverunt3
1062 1890 1092 1937 ut
1104 1883 1205 1937 habeat
1218 1884 1278 1954 quis
1297 1883 1351 1936 duo
1364 1881 1518 1953 alphabeta,
1533 1899 1618 1937 unum
1631 1882 1771 1937 literarum
1783 1899 1851 1935 rera-

233 1963 327 2035 eiegoa
340 1962 524 2035 querimoniis,
535 1962 639 2016 iambos
652 1963 801 2028 invectivis,
812 1963 911 2031 lyricos
924 1963 984 2017 odis
997 1973 1025 2017 et
1062 1979 1130 2025 rum,
1142 1961 1257 2016 alterum
1265 1961 1558 2034 non-significantium:
1580 1970 1607 2015 et
1616 1960 1698 2017 aimm
1711 1961 1779 2016 duas
1787 1962 1853 2032 spis·

232 2043 351 2114 hymnis.
392 2042 490 2112 Neque
504 2040 563 2094 hac
577 2042 719 2111 prudentia
733 2042 927 2097 recentioribus
936 2041 1025 2112 poetis
1062 2041 1130 2095 tolas
1140 2041 1266 2107 involvat,
1277 2057 1366 2105 unam,
1378 2059 1438 2112 qua
1451 2049 1584 2096 secretum
1595 2041 1715 2105 deierat;
1736 2040 1851 2105 aiteram,

234 2123 263 2177 in
285 2121 388 2193 linguis
408 2121 524 2191 propriis
545 2120 649 2174 defuit:
675 2120 742 2176 illud
761 2121 1023 2192 reprehendendum,
1062 2121 1170 2191 qualem
1184 2120 1330 2180 verisimile
1341 2121 1422 2176 fuerit
1434 2121 1596 2176 scribentem
1607 2123 1753 2176 missurum
1764 2120 1850 2184 fuisse,

233 2201 433 2273 quodquidam
453 2199 622 2269 antiquitatis
642 2201 755 2254 nimiam
775 2200 897 2265 studiosi,
916 2200 1024 2273 linguas
1062 2201 1164 2272 absque
1173 2200 1295 2270 periculo
1303 2209 1403 2255 tamen
1424 2200 1849 2273 Quodeiquisdceiphraserere

232 2281 376 2335 modernas
390 2279 425 2332 ad
436 2295 576 2333 mensuras
590 2279 715 2349 antiquas
727 2279 870 2348 (heroicas,
880 2279 1023 2352 elegiacos,
1062 2281 1249 2352 interrogetur,
1260 2281 1383 2351 porrigat
1395 2279 1441 2335 ille
1455 2279 1631 2351 alphabetum
1639 2280 1851 2351 non-significan·

233 2358 466 2431 sapphicaa,etc.)
480 2358 619 2413 traducere
632 2359 724 2413 conati
740 2367 810 2424 sunt,
823 2377 891 2432 quas
903 2361 1024 2432 ipsarum
1062 2360 1129 2414 tium
1142 2377 1193 2431 pro
1206 2360 1277 2414 veria
1295 2359 1401 2425 literia;
1422 2361 1599 2431 alphabetum
1620 2368 1713 2414 autem
1733 2375 1850 2412 resarum

232 2439 387 2511 linguarum
395 2437 496 2492 fabrica
506 2438 674 2508 respuitnec
685 2439 774 2493 minus
782 2455 861 2494 aures
867 2440 1023 2496 exhorrent
1062 2439 1200 2494 literarum
1214 2455 1264 2510 pro
1280 2439 1575 2510 non-significantibnm
1596 2439 1650 2494 hoc
1663 2439 1744 2493 modo
1757 2438 1851 2492 incidet

234 2520 266 2573 In
281 2518 436 2587 hujusmodi
450 2517 530 2571 rebus
543 2534 638 2572 sensus
656 2517 788 2586 judicium
799 2520 865 2574 artis
878 2522 1025 2594 preceptis
1062 2518 1270 2572 examinatoria
1280 2518 1424 2590 epistolam
1435 2518 1511 2574 illam
1521 2519 1694 2582 exteriorem,
1703 2535 1784 2588 quam
1793 2534 1851 2571 cum

232 2597 452 2670 praeponendum,
466 2604 496 2651 nt
508 2596 548 2650 ait
559 2596 626 2653 ille:
1062 2597 1232 2668 probabilem
1245 2598 1373 2663 inveniet,
1387 2599 1421 2653 de
1439 2599 1562 2653 interiori
1581 2597 1702 2669 epistola
1714 2597 1784 2652 nihil
1795 2614 1851 2651 sas·

1062 2676 1204 2747 picabitnr.
1246 2678 1284 2732 Ut
1303 2695 1369 2733 vero
1389 2679 1508 2749 suspicio
1522 2679 1610 2732 omnia
1623 2678 1704 2741 absit,
1718 2676 1792 2731 alind
1810 2677 1850 2730 in·

1062 2763 1171 2811 rentum
1192 2756 1375 2825 subjiciemus,
1390 2758 1461 2829 quod
1482 2765 1562 2822 certe,
1576 2775 1640 2812 cum
1660 2756 1850 2811 adolescentuli

1062 2836 1850 2908 easemusParisiis,excogitavimus;necetiamadhucriaa
1883 2894 1884 2915 χ

233 2919 332 2990 Neque
344 2933 410 2973 rero
424 2932 468 2971 ars
485 2922 535 2981 est,
549 2915 597 2970 aed
611 2916 677 2971 artis
690 2917 797 2983 abusos,
812 2935 874 2974 cum
887 2917 936 2973 illa
947 2925 1025 2975 natu·
1062 2915 1139 2970 nobis
1152 2932 1196 2971 res
1209 2916 1293 2988 digna
1304 2922 1353 2983 cst,
1363 2933 1423 2989 qua
1434 2925 1536 2988 pereat.
1560 2916 1654 2972 Habet
1661 2917 1736 2971 enim
1744 2915 1849 2987 μιᾶιιιιι

232 3015 290 3053 ram
305 3014 360 3052 non
378 2997 508 3067 perficiat,
523 2995 571 3050 sed
589 3005 733 3068 pervertat.
774 2998 876 3053 Verum
897 3000 969 3071 quod
989 3000 1025 3055 ad
1062 2995 1348 3066 ciphrrealtissimnm3
1363 2997 1491 3051 nimirum
1500 3006 1530 3051 ut
1539 2998 1693 3068 omniaper
1702 2996 1849 3066 omniaeig-

232 3077 337 3149 poesim
350 3078 447 3131 attinet
461 3077 532 3148 (sive
546 3076 580 3130 de
595 3076 700 3141 sabulis,
716 3078 773 3131 sire
783 3078 817 3132 de
830 3088 918 3133 metro
931 3079 1025 3152 loqua-
1061 3075 1168 3129 nificari
1178 3077 1297 3146 possintr
1312 3077 1350 3130 ita
1360 3085 1452 3131 tamen
1461 3086 1491 3131 ut
1502 3077 1621 3146 scriptio,
1631 3094 1693 3148 qnae
1703 3077 1849 3136 involvitur,

231 3161 304 3225 mur)
320 3165 360 3211 est
373 3155 422 3210 illa
436 3157 480 3224 (ιιι
500 3155 624 3226 superius
645 3155 776 3225 diximus)
790 3165 918 3230 tanquam
938 3158 1025 3214 herba
1063 3155 1203 3226 quintuplo
1221 3156 1311 3211 minor
1331 3157 1375 3220 ait,
1389 3173 1471 3228 quam
1490 3173 1530 3219 ea,
1544 3155 1590 3211 cui
1610 3157 1781 3211 involvatur:
1799 3154 1848 3208 alia
1882 3179 1883 3196 2

232 3235 380 3300 luxurians,
395 3235 454 3289 sine
470 3236 572 3290 semine
586 3241 659 3300 nats,
674 3253 709 3291 ex
723 3237 815 3307 vigore
836 3238 924 3308 ipsius
944 3245 1024 3294 terras
1061 3233 1137 3288 nulla
1150 3235 1260 3290 omnino
1271 3235 1416 3307 requiritur
1429 3235 1548 3290 conditio
1568 3242 1618 3290 aut
1643 3235 1789 3291 restrictio
1821 3233 1848 3287 ld

232 3316 398 3387 germinans.
428 3314 517 3375 Quare
529 3315 628 3385 ubique
643 3315 728 3385 serpit
741 3323 769 3371 et
781 3314 913 3372 latissime
924 3318 1024 3372 diffusa
1061 3313 1114 3367 hoo
1125 3314 1206 3368 modo
1217 3315 1270 3368 fiet.
1311 3314 1412 3379 Primo,
1424 3315 1558 3369 universa
1568 3315 1656 3370 literne
1669 3314 1808 3386 alphabeti
1821 3313 1846 3366 in

232 3403 281 3460 est,
292 3402 322 3449 ut
336 3410 529 3465 supervacuum
539 3396 608 3448 toret
617 3395 651 3448 de
660 3393 808 3449 defectibus
819 3396 877 3464 ejus
888 3396 1024 3452 solicitum
1061 3392 1128 3447 duaa
1143 3393 1328 3448 tantummodo
1338 3394 1431 3449 literas
1449 3395 1587 3449 solvantur
1604 3412 1655 3465 per
1670 3394 1847 3463 transpositio

232 3491 301 3530 esse.
333 3474 375 3528 De
388 3472 437 3527 illa
450 3474 535 3544 igitur
547 3490 612 3528 cura
626 3481 666 3528 est
679 3474 842 3542 abjicienda.
869 3475 949 3537 Quod
960 3494 1024 3531 vero
1061 3490 1123 3527 nem
1135 3490 1236 3528 earum,
1256 3474 1331 3527 Nam
1342 3474 1516 3544 transpositio
1526 3476 1641 3529 duarum
1655 3474 1849 3543 literarumper

232 3553 563 3617 adaccentoaverbomm,
577 3553 616 3607 nil
630 3570 698 3623 opus
712 3561 754 3607 est
767 3554 801 3608 de
814 3572 843 3608 re
857 3557 1024 3628 tempusilla
1061 3551 1135 3606 locos
1158 3553 1279 3623 quinque
1308 3553 1469 3608 differentiis
1497 3554 1610 3624 triginta
1633 3554 1749 3616 duabus,
1772 3551 1848 3606 multo

231 3635 337 3697 dicere3
358 3632 410 3686 nisi
424 3632 495 3686 forte
515 3632 581 3686 illud
602 3633 663 3704 quis
682 3640 775 3688 notatu
794 3632 907 3705 dignum
927 3643 1022 3706 putet,
1061 3631 1150 3702 magis
1173 3631 1270 3702 viginti
1296 3641 1410 3703 quatuor
1424 3632 1484 3704 (qui
1498 3642 1542 3687 est
1565 3650 1698 3690 numerus
1719 3630 1848 3702 alphabeti

231 3714 305 3786 quod
325 3719 452 3766 accentus
465 3712 608 3766 verborum
627 3712 770 3783 exquisite,
785 3723 912 3769 accentus
932 3723 1023 3769 antem
1061 3710 1134 3781 apud
1157 3712 1220 3780 nos)
1243 3711 1367 3768 sufficiet.
1416 3712 1506 3782 liujus
1530 3712 1672 3783 alphabeti
1702 3710 1849 3781 exemplum

232 3792 426 3847 sententiarum
457 3792 613 3862 neutiquam
640 3791 670 3843 in
698 3792 911 3848 observationem
939 3796 1021 3849 venit.
1062 3790 1115 3844 tale
1130 3799 1179 3859 est.

232 3873 358 3926 Attamen
368 3869 435 3925 illud
445 3870 502 3925 iere
513 3870 638 3925 universo
648 3872 742 3940 generi
752 3871 872 3927 humano
881 3891 1023 3928 commune
1205 3912 1229 3967 Ε
1313 3913 1323 3967 l
1385 3914 1419 3969 Α]
1440 3915 1459 3970 h
1478 3916 1511 3971 be
1525 3916 1531 3929 .
1546 3915 1602 3970 Bffi
1682 3918 1700 3931 ..

232 3959 280 4014 est,
294 3958 325 4004 ut
345 3965 440 4003 vocem
462 3950 492 4004 in
512 3951 565 4004 tine
586 3949 690 4019 periodi
710 3952 920 4016 submittentia
942 3954 1023 4007 inter·
1231 3929 1313 3984 ΜΡ
1325 3932 1371 3970 ⁰¹¹¹
1421 3934 1439 3987 p
1461 3934 1476 3970 ἃ
1513 3925 1533 3971 n
1606 3924 1710 3972 teum·

231 4030 372 4101 rogatione
395 4029 509 4093 elevent,
533 4035 561 4082 et
584 4028 639 4083 alia
661 4028 815 4098 hujusmodi
844 4049 898 4085 non
927 4049 1022 4102 pauca.
1134 4036 1170 4090 A.
1270 4035 1309 4091 Β.
1409 4036 1443 4093 O.
1542 4036 1582 4093 D.
1683 4036 1722 4094 E.
1818 4037 1850 4090 F.

231 4109 320 4179 Atque
344 4108 378 4162 de
401 4110 584 4177 grammaticas
611 4115 696 4178 parte,
718 4127 780 4180 quea
794 4112 838 4180 ad
860 4111 1022 4166 locutionem
1081 4135 1176 4170 amaa.
1216 4117 1311 4171 moab,
1352 4118 1447 4172 wala,
1487 4117 1579 4171 asath.
1621 4117 1718 4173 asban,
1764 4118 1849 4172 moab.

231 4194 343 4259 spectat,
356 4186 500 4242 hactenus.
1135 4194 1168 4250 G,
1268 4194 1308 4249 Η,
1412 4195 1440 4252 Ι,
1537 4194 1576 4252 Κ,
1678 4195 1715 4252 L,
1812 4197 1850 4250 Μ.

270 4264 347 4324 Quod
366 4267 400 4320 ad
423 4270 600 4340 scriptionem
622 4270 726 4335 attinet,
749 4288 783 4326 ea
803 4279 852 4326 aut
872 4272 1019 4344 alphabeto
1081 4275 1174 4329 cobbo.
1223 4274 1314 4331 oobbb.
1355 4275 1449 4329 abaco.
1490 4276 1584 4332 abach.
1626 4276 1721 4332 ababa.
1766 4277 1849 4331 obeth
1878 4313 1879 4330 ι

231 4341 336 4414 vulgari
350 4346 489 4415 perficitur
501 4350 585 4421 (quod
594 4348 695 4420 ubique
706 4352 847 4422 recipitur)
858 4360 905 4407 aot
914 4352 1019 4407 occuito
1134 4351 1175 4409 N.
1276 4353 1308 4409 0.
1409 4354 1444 4409 P.
1546 4353 1580 4416 Q.
1682 4353 1718 4411 R.
1823 4353 1849 4408 S.
1878 4349 1879 4382 ¹

231 4430 258 4475 et
283 4424 396 4493 privato,
417 4426 451 4480 de
472 4447 527 4500 quo
548 4430 621 4484 inter
643 4430 766 4500 singulos
786 4433 921 4496 convenit,
947 4432 1018 4503 quod
1081 4434 1173 4488 abban.
1223 4433 1315 4489 obdab.
1354 4434 1445 4490 obibo.
1489 4434 1578 4489 obbbb.
1625 4434 1723 4490 bosan.
1766 4436 1849 4490 boant

230 4501 340 4571 ciphras
351 4512 457 4561 vocant
491 4508 1019 4581 Atorthographiarulgarisetiamcon·
1138 4512 1170 4567 T.
1273 4512 1306 4567 U.
1399 4512 1442 4568 W.
1541 4513 1579 4568 X.
1684 4513 1722 4570 Υ.
1819 4512 1849 4566 2.

230 4584 390 4638 troversiam
412 4593 439 4639 ct
467 4590 643 4657 questionem
670 4589 747 4643 nobis
773 4589 895 4659 peperit:
926 4598 1017 4645 utrum
1085 4593 1176 4647 boabo.
1225 4592 1316 4646 bnnbb.
1365 4592 1456 4648 baben.
1498 4593 1587 4649 balab.
1636 4593 1728 4648 bobba.
1769 4593 1849 4649 balbi

230 4662 335 4718 scilicet
345 4665 440 4718 eadem
454 4669 537 4722 verba
548 4664 666 4723 scribere
681 4675 811 4739 oporteat,
830 4686 886 4740 quo
900 4686 1017 4739 pronun-

229 4742 344 4807 ciantur,
358 4744 447 4809 modo,
458 4762 492 4799 an
507 4748 597 4817 potius
611 4765 647 4803 ex
660 4763 735 4802 more
749 4747 899 4803 consueto?
919 4749 1018 4803 Atilia
1100 4749 1200 4821 Neque
1208 4750 1267 4804 leve
1274 4750 1496 4820 quiddamobiter
1504 4751 1556 4805 hoc
1563 4752 1643 4806 modo
1651 4753 1849 4824 perfectumest.

231 4822 428 4894 scriptisque
449 4826 595 4880 reformata
621 4827 707 4881 videri
735 4828 821 4899 possit
849 4830 891 4899 (ut
914 4828 1018 4884 scilicet
1063 4829 1173 4883 Etenim
1187 4847 1222 4883 ex
1234 4829 1287 4883 hoc
1302 4830 1361 4900 ipso
1369 4838 1444 4899 patet
1453 4831 1556 4895 modus,
1566 4848 1621 4901 quo
1634 4833 1670 4886 ad
1683 4850 1792 4888 omnem
1804 4830 1849 4886 loci

229 4902 340 4972 scriptio
358 4906 574 4973 pronuntiationi
593 4923 713 4961 consona
732 4909 780 4975 sit)
796 4913 840 4961 est
861 4924 896 4961 ex
916 4924 1017 4979 genere
1063 4908 1511 4982 distantiamperobjectaquaerel
1519 4910 1588 4964 visui
1596 4909 1750 4967 veiauditui
1760 4909 1849 4980 subjici

227 4980 364 5037 inutilium
385 4982 575 5040 subtilitatum.
617 4987 692 5039 Nam
706 4993 734 5039 et
754 4986 815 5056 ipsa
830 4988 1018 5057 pronunciatio
1062 4988 1175 5058 possint,
1190 5005 1271 5042 sensa
1284 4989 1369 5043 animi
1390 4990 1510 5060 proferre
1533 4997 1560 5043 et
1577 4990 1736 5062 significare
1756 4991 1847 5046 liceat:

229 5061 349 5132 quotidie
378 5061 476 5133 gliscit,
497 5081 548 5118 nec
569 5072 694 5118 constans
713 5073 767 5131 est3
789 5073 817 5120 et
837 5066 1017 5122 derivationes
1063 5068 1086 5122 si
1099 5068 1180 5122 modo
1191 5067 1297 5135 objecta
1306 5067 1353 5121 illa
1363 5068 1478 5139 duplicis
1488 5077 1590 5124 tantum
1606 5070 1766 5127 differentia
1779 5084 1849 5140 capa·

227 5141 377 5206 verborum,
393 5143 546 5212 prasertim
568 5161 602 5198 er
621 5141 723 5214 linguis
745 5146 890 5211 extraneis,
909 5164 1017 5217 prorsus
1063 5148 1107 5202 cia
1131 5155 1212 5212 sunt;
1233 5146 1317 5201 veluti
1337 5165 1387 5218 per
1405 5165 1558 5219 campanas,
1583 5166 1634 5219 per
1658 5151 1793 5214 buccinas,
1806 5163 1848 5219 per

228 5220 418 5275 obscurantur:
440 5221 555 5291 denique
569 5239 631 5275 cum
645 5239 681 5276 ex
698 5240 772 5279 more
784 5234 894 5296 recepto
909 5229 1016 5299 scripta,
1064 5228 1211 5290 flammeos,
1225 5243 1275 5298 per
1289 5227 1394 5281 sonitus
1407 5236 1609 5295 tormentorum,
1625 5236 1653 5284 et
1666 5231 1722 5285 alia
1734 5243 1848 5301 quacun·

228 5315 331 5354 morem
361 5300 557 5369 pronunciandi
586 5301 662 5355 nullo
684 5303 766 5357 ιιιοάο
783 5304 940 5376 impediant,
970 5307 1016 5362 sed
1064 5323 1124 5377 que.
1167 5306 1269 5360 Verum
1292 5314 1324 5360 ut
1346 5306 1484 5377 inceptum
1507 5324 1711 5380 persequamur,
1733 5326 1793 5363 com
1817 5303 1848 5359 ad

226 5377 341 5433 liberum
356 5380 519 5451 relinquant,
535 5397 662 5452 quorsum
671 5381 768 5436 attinet
781 5384 834 5437 ista
847 5384 978 5441 novatio?
1063 5385 1234 5440 scribendum
1243 5386 1401 5457 acciageris,
1409 5386 1551 5458 epistolam
1559 5386 1717 5444 interiorem
1726 5389 1754 5444 in
1762 5385 1847 5457 alpha·

267 5456 310 5511 Ad
331 5458 441 5529 ciphras
464 5459 550 5532 igitur
577 5460 749 5517 veniendum.
789 5464 891 5520 Earum
912 5482 1016 5537 genera
1063 5464 1157 5521 betuna
1170 5463 1224 5521 hoc
1237 5463 1524 5524 biliterariumsolres.
1545 5466 1588 5523 Sit
1601 5468 1719 5541 epistola
1730 5466 1845 5523 interior:

465 2736 511 2768 -“
518 2732 599 2780 Coena
608 2732 697 2781 fercula
705 2739 789 2782 nostra

367 2789 467 2838 Mallem
477 2791 582 2838 convivis
592 2805 663 2852 quam
672 2792 788 2853 placuisse
799 2793 888 2840 cocis.”

1864 5569 1874 5839 Ι
