3800 5875
62 312 130 369 Cas.
147 314 196 368 Vl.
587 316 638 370 DE
658 316 885 372 AUGMENTIS
908 318 1183 374 SClEN'l'ltlBUM.
1636 324 1689 376 311

61 472 237 526 verisimilius
249 481 293 528 est
306 474 342 527 ab
352 474 472 540 homine,
485 476 532 545 qui
544 483 667 529 naturam
678 475 859 538 arefactionia,
898 492 960 529 cum
972 477 1097 543 jamiam
1109 477 1303 545 speculativam
1315 494 1397 548 quam
1408 480 1574 548 operativum
1588 489 1692 550 partem

60 552 327 622 etrpirituumsuper
338 553 553 623 solidacorporis
562 554 779 624 depraedationes
790 555 859 607 bene
898 554 1027 609 doctrinae
1049 557 1082 609 de
1104 562 1200 610 natura
1222 558 1432 620 tractaverimus,
1453 556 1529 612 locus
1551 571 1592 611 est
1609 569 1638 613 ut
1658 563 1691 615 dc

59 632 144 693 notite
165 631 270 702 quique
284 641 409 687 naturam
423 632 634 696 assimilationis,
648 640 730 704 atque
745 633 857 687 alimen·
898 633 1092 688 mathematica
1106 635 1235 699 dicamus,
1247 653 1308 707 quta
1322 636 1356 690 ad
1371 643 1511 707 utramque
1525 645 1565 691 est
1578 639 1692 694 scientia

60 712 174 773 huonis,
189 712 234 764 vel
259 712 439 780 perfectioris,
453 711 497 765 vel
512 713 654 781 pravioris,
669 713 857 782 perspexerit;
897 711 1047 768 auxiliaris.
1089 714 1158 767 Hmc
1177 715 1311 786 siquidem
1328 716 1358 769 in
1378 715 1552 785 philosophia
1573 726 1690 788 recepta,

59 803 185 843 namram
197 790 284 843 etiam
300 792 453 860 spirituum,
464 799 492 844 et
506 792 585 862 quasi
598 792 715 846 flammae
729 792 857 861 corporis,
897 791 1021 861 physica
1034 802 1062 846 et
1075 793 1270 863 metaphysica
1286 811 1351 864 pars
1365 795 1444 849 tertia
1457 795 1619 866 adjungitur.
1654 798 1692 852 At

60 871 126 923 alias
147 870 183 923 ad
204 870 422 925 consumendum
442 871 582 940 apposita,
596 871 666 924 alias
680 872 715 926 ad
733 887 857 941 reparan-
897 870 976 924 nobis
994 872 1049 925 iata
1070 873 1276 928 retractantibus
1290 883 1318 927 et
1335 873 1523 939 recolentibus,
1543 876 1567 928 si
1586 887 1691 931 camut

60 950 130 1008 dum,
148 949 268 1014 notant3
290 966 372 1019 posse
394 966 444 1019 per
457 950 560 1014 diaetas,
580 949 687 1014 balnea,
707 951 856 1013 unctiones,
896 950 1040 1004 scientiam
1060 951 1267 1017 substantivam,
1289 960 1317 1006 et
1334 953 1524 1023 principalem,
1546 956 1690 1026 designare

59 1029 207 1083 medicinas
219 1029 355 1098 proprias,
369 1030 572 1083 accommodata
585 1030 668 1083 etiam
681 1030 819 1092 exercitia,
830 1036 857 1084 et
896 1028 925 1081 in
947 1030 1039 1083 animo
1059 1037 1140 1095 esset,
1161 1032 1251 1103 magis
1272 1040 1483 1087 consentaneum
1503 1033 1645 1099 videretur,
1660 1044 1689 1090 et

60 1107 167 1174 similis,
189 1109 277 1162 vitam
302 1108 468 1179 prolongari,
491 1116 540 1162 aut
562 1108 686 1178 vigorem
706 1109 856 1177 juventutis
896 1108 935 1161 rei
949 1109 1036 1177 ipsius
1050 1117 1163 1174 natura,
1178 1119 1205 1164 et
1219 1111 1321 1164 ordinis
1335 1113 1527 1182 perspicuitati,
1542 1121 1572 1167 ut
1585 1116 1687 1169 consu-

60 1189 150 1259 aliqua
160 1197 285 1257 exparte
295 1189 436 1242 renovari:
458 1189 623 1259 quamquod
633 1187 757 1242 hocfieri
771 1188 856 1258 possit
896 1194 1017 1241 tueretur
1041 1195 1170 1260 tanquam
1191 1190 1281 1259 portio
1304 1190 1506 1262 metaphysicaa
1547 1193 1687 1253 Quantitas

59 1284 106 1335 per
126 1275 218 1338 guttas
232 1266 371 1338 pauculas,
386 1276 433 1322 aut
446 1266 586 1337 scrupulos
606 1267 722 1336 alicujus
743 1268 855 1338 pretiosi
895 1266 969 1319 enim
995 1270 1069 1338 (quaa
1092 1268 1241 1335 subjectum
1264 1276 1305 1323 est
1328 1270 1540 1337 mathematicae)
1566 1275 1687 1328 materias

58 1345 180 1418 liquoris,
194 1353 243 1401 aut
257 1347 471 1418 quintesscntiea
513 1346 617 1401 Rursus
640 1364 677 1401 ex
696 1348 778 1401 astris
799 1350 856 1401 lata
894 1344 1039 1414 applicata,
1064 1345 1146 1400 veluti
1170 1348 1242 1402 dosis
1262 1357 1365 1403 natura
1387 1356 1436 1413 est,
1459 1356 1487 1403 et
1509 1350 1686 1420 plurimorum

59 1426 119 1481 diei
134 1444 225 1498 posse,
239 1442 294 1479 non
316 1427 416 1490 statim,
430 1433 479 1480 aut
499 1426 580 1480 facile
593 1425 721 1481 homines
741 1443 854 1481 consen-
894 1424 1039 1479 effectuum
1058 1426 1087 1479 in
1109 1426 1189 1480 rebus
1206 1427 1374 1482 naturalibus
1394 1429 1547 1484 causativa:
1568 1431 1683 1502 ideoque

59 1507 160 1561 serint:
188 1505 237 1561 illa
256 1523 337 1568 sero3
364 1507 435 1576 quod
454 1505 524 1560 hora
543 1505 695 1560 nativitatis
709 1505 784 1577 (quea
802 1523 854 1561 sae-
893 1503 965 1557 inter
986 1504 1087 1558 formas
1107 1506 1266 1560 essentiales
1286 1508 1452 1562 numeranda
1473 1515 1522 1562 est.
1576 1509 1685 1581 Figura

57 1587 169 1655 Mure
193 1604 229 1641 ex
253 1585 377 1656 pluribus
400 1585 585 1640 accidentibus
611 1585 786 1649 naturalibus,
811 1585 854 1640 vel
894 1591 987 1636 autem
1001 1591 1212 1638 etnumerorum
1232 1587 1396 1655 potentiain
1410 1594 1517 1641 tantum
1530 1589 1603 1659 apud
1616 1592 1685 1644 anti-

57 1666 231 1730 veceleratur,
240 1666 286 1720 vel
295 1665 431 1735 differtur)
439 1665 502 1720 vitoe
516 1665 598 1719 totius
609 1665 745 1720 fortunam
759 1673 852 1736 regam
894 1678 963 1732 quos
976 1661 1066 1716 valere
1080 1663 1139 1716 visa
1159 1671 1207 1729 est,
1220 1672 1252 1719 ut
1269 1665 1441 1721 Democritus
1460 1667 1625 1739 “principia
1639 1687 1685 1723 va-

58 1755 104 1799 aut
117 1746 191 1818 quod
204 1745 273 1800 hora
286 1745 444 1817 questionis
457 1746 493 1800 sit
506 1762 568 1799 cum
580 1761 610 1798 re
624 1745 693 1815 ipsa,
708 1763 769 1816 quae
782 1763 854 1816 quae·
893 1741 998 1796 rietatis
1022 1744 1132 1796 rerum'’
1157 1743 1187 1797 in
1209 1750 1225 1775 “
1238 1744 1333 1815 figuris
1353 1748 1523 1800 atomorum”
1548 1749 1684 1819 praecipue

57 1827 131 1890 ritur,
155 1825 317 1888 confatalis;
346 1842 436 1879 meras
460 1841 548 1895 nugas
572 1825 682 1879 dixeris.
723 1827 853 1879 Attamen
893 1819 1080 1875 collocaverit:
1108 1838 1140 1875 ac
1164 1822 1336 1894 Pythagoras
1360 1830 1513 1880 “naturam
1535 1843 1625 1881 rerum
1648 1847 1684 1883 ex

57 1915 133 1958 tenta
146 1916 257 1960 exercet
269 1905 420 1959 homonum
438 1920 524 1975 genno
543 1904 704 1973 impotentia
718 1914 745 1958 et
758 1905 854 1959 intem.
892 1900 1033 1953 numeris’'
1048 1901 1175 1955 constitui
1188 1903 1341 1959 assamerit.
1385 1904 1456 1959 Illud
1470 1905 1578 1960 interim
1591 1924 1683 1962 vemm

57 1987 154 2053 peries,
179 1993 209 2038 at
231 2003 287 2039 non
310 1984 405 2049 solum,
420 2002 482 2055 quta
505 1984 564 2037 fieri
586 2000 642 2037 non
665 1992 785 2053 possunt,
800 1984 852 2038 sibi
892 1989 940 2043 est,
955 1980 1135 2050 quantitatem
1152 1981 1223 2035 inter
1244 1983 1345 2037 formas
1363 1984 1498 2039 naturales
1514 1985 1620 2056 (quales
1633 2004 1683 2042 nos

56 2065 214 2134 spondeant
229 2065 276 2119 sed
297 2065 380 2119 etism
402 2064 521 2119 maxime
543 2063 708 2128 arduarum
729 2064 853 2118 molestia
892 2075 938 2112 eas
952 2057 1145 2130 intelligimus)
1159 2062 1279 2116 omnium
1300 2063 1419 2118 maxime
1438 2080 1497 2118 esse
1511 2065 1683 2131 abstractam,

56 2153 102 2197 snt
116 2145 223 2206 oudone,
235 2153 363 2216 tanquam
377 2143 513 2208 feriantes,
524 2159 554 2197 se
568 2142 682 2213 adipisci
697 2160 776 2213 posse
791 2160 853 2198 eon.
892 2146 919 2191 et
932 2155 949 2191 a
963 2139 1076 2192 materia
1090 2140 1286 2209 separabilem:
1308 2142 1379 2213 quod
1393 2143 1482 2212 ipsum
1491 2144 1518 2197 in
1529 2160 1611 2198 causa
1624 2145 1683 2211 suit,

56 2224 146 2278 fidunt
189 2224 291 2278 vernn,
306 2225 340 2278 de
353 2225 446 2293 ningin
455 2223 595 2287 hactenns,
605 2223 683 2291 enjno
697 2233 724 2277 et
737 2224 852 2278 voonbn.
891 2235 939 2271 cur
953 2226 980 2271 et
992 2218 1148 2288 diligentius
1167 2220 1282 2285 exculta,
1297 2230 1325 2276 et
1343 2222 1431 2277 acrius
1445 2222 1574 2294 inquisita
1587 2224 1622 2278 ab
1636 2224 1684 2278 ho

56 2302 111 2356 inm
132 2304 226 2374 ipsum
249 2304 285 2358 ab
307 2303 423 2357 infamia
447 2302 653 2367 vindicavimus,
677 2311 706 2356 et
732 2304 852 2373 speciem
891 2297 1011 2351 11111111
1032 2297 1683 2375 111111111111111111111111111111011111111

56 2400 145 2438 veram
160 2400 178 2437 a
192 2383 262 2437 falsa
275 2392 303 2437 et
317 2382 431 2453 ignobili
444 2382 658 2453 segregavimus.
890 2392 984 2430 omnes
997 2377 1027 2431 in
1040 2378 1154 2432 materia
1167 2380 1255 2449 magis
1269 2388 1332 2434 sunt
1344 2381 1487 2436 immersae.
1528 2381 1598 2437 Cum
1609 2384 1683 2438 enim

94 2462 187 2532 Hnjne
203 2480 269 2517 vero
288 2463 383 2532 portio,
397 2462 543 2533 opemtivn
566 2462 669 2516 scilicet
693 2461 727 2516 de
747 2469 850 2525 nntnnn,
890 2454 918 2507 id
929 2454 1071 2511 hominum
1085 2458 1183 2511 animis
1197 2458 1276 2528 plane
1291 2460 1400 2515 insitum
1414 2460 1449 2516 sit
1464 2458 1597 2534 (plurimo
1610 2471 1682 2517 certe

57 2541 114 2596 dna
127 2549 193 2596 mnt
207 2543 381 2613 appendices,
393 2542 485 2613 magni
501 2550 614 2613 utraque
628 2541 717 2611 pretii.
757 2540 852 2596 Prima
890 2551 953 2589 cum
972 2536 1147 2591 scientiarum
1169 2537 1344 2606 detrimento)
1366 2546 1396 2594 ut
1415 2540 1583 2610 generalium
1604 2544 1682 2614 quasi

57 2629 101 2684 est,
116 2630 145 2676 ut
159 2622 208 2675 fist
221 2622 401 2676 inventarium
416 2638 497 2691 opum
511 2621 765 2692 humanarumque
779 2622 851 2677 exci-
889 2614 1110 2685 1111111111111111,
1125 2617 1214 2688 magia
1228 2636 1311 2689 quam
1330 2619 1536 2689 particularium
1557 2620 1642 2690 sylvis
1656 2631 1683 2676 et

57 2702 172 2769 piantur,
186 2709 215 2756 et
238 2702 357 2756 breviter
378 2710 577 2765 enumerentur,
599 2700 690 2755 omnin
710 2700 851 2756 hominnm
889 2694 982 2763 septis,
1002 2694 1176 2760 delectentur,
1200 2696 1240 2750 nil
1260 2705 1397 2768 repertum
1419 2707 1461 2752 est
1481 2698 1683 2755 mathematicis

56 2780 163 2835 booaet
175 2781 293 2836 fortunas
303 2780 374 2842 (sive
384 2781 438 2835 sint
448 2798 483 2835 ex
495 2780 627 2833 smctibus
638 2789 665 2834 et
675 2780 850 2850 proventibus
889 2773 1035 2842 8111111111
1055 2774 1208 2842 1111111111,
1223 2793 1277 2848 quo
1296 2777 1433 2847 1111111111
1450 2778 1503 2832 iste
1525 2781 1681 2849 expatiandi

57 2869 165 2923 namra,
192 2861 249 2914 sire
273 2859 354 2930 artis)
377 2877 438 2931 quae
459 2861 517 2928 jam
539 2858 681 2923 habentur,
702 2867 730 2913 et
752 2860 850 2930 quibus
889 2859 916 2906 et
929 2852 1076 2907 meditandi
1090 2853 1253 2925 expleretur.
1294 2855 1454 2911 Etsiautem
1468 2857 1528 2912 hanc
1541 2875 1606 2913 vera
1619 2860 1681 2925 sint,

57 2939 179 2995 nomine.
199 2941 334 3004 fruuntur,
347 2940 462 3008 adjectio
474 2941 517 3004 iio,
533 2956 593 3010 qnae
614 2939 679 2993 olim
700 2939 849 2995 innotninee
888 2932 968 2987 nobis
979 2942 1077 2998 tamen,
1087 2934 1133 3006 qui
1143 2952 1197 2989 non
1208 2943 1312 2991 tanturn
1323 2935 1431 2991 veritati
1443 2945 1471 2991 et
1481 2938 1577 3003 ordini,
1588 2957 1681 2994 verum

56 3028 166 3081 mma
182 3037 254 3074 nunc
274 3030 368 3074 autem
388 3021 544 3090 perierunt:
565 3019 600 3073 ad
622 3019 695 3073 hanc
716 3021 806 3082 tinem,
821 3031 850 3075 ut
889 3013 1082 3068 etismusuiet
1090 3015 1247 3069 commodus
1257 3015 1406 3083 hominurn,
1415 3017 1587 3084 consulimus,
1597 3021 1682 3074 satim

55 3100 99 3168 qni
114 3099 148 3152 nd
169 3117 242 3153 nova
260 3099 371 3153 inventa
389 3099 547 3170 aecingitur,
562 3097 596 3152 de
614 3099 672 3167 jam
691 3098 808 3153 inventis
823 3109 849 3155 et
888 3092 997 3146 demum
1011 3093 1098 3148 visum
1112 3101 1160 3155 esi,
1175 3095 1391 3161 mathematicas,
1402 3113 1463 3150 cum
1473 3097 1539 3151 etin
1550 3096 1680 3168 physicis,

55 3179 209 3233 extentsttnn
232 3179 373 3249 negotium
395 3178 446 3232 sibi
468 3195 523 3232 non
537 3179 660 3232 ineenset,
703 3178 765 3232 Hoc
785 3196 850 3234 vero
888 3179 915 3225 et
928 3171 958 3225 in
972 3172 1176 3243 metaphysicis,
1195 3182 1221 3229 et
1239 3175 1268 3228 in
1287 3175 1463 3241 mechanicis,
1478 3184 1505 3230 et
1519 3176 1548 3230 in
1567 3178 1681 3249 magicis

55 3258 234 3312 inventarium
248 3258 339 3328 magis
354 3258 407 3311 erit
420 3257 602 3321 artificiosum,
612 3257 753 3328 magisque
765 3258 848 3313 etiarn
889 3250 1035 3321 plurimum
1049 3251 1176 3322 polleant,
1191 3260 1220 3308 ut
1234 3255 1355 3309 omnium
1371 3256 1534 3325 appendices
1548 3265 1576 3311 et
1589 3258 1681 3327 copias

55 3337 395 3408 otiie‚niqnoeootnn1nni
412 3336 552 3390 hominnm
573 3336 700 3406 opinione
721 3337 848 3407 imponet.
887 3329 1042 3396 auxiliares,
1051 3331 1207 3402 designare:
1219 3334 1380 3405 quodetiam
1387 3335 1583 3407 quodammodo
1593 3337 1680 3392 lacere

54 3415 118 3469 bilin
131 3424 303 3487 reputantur,
317 3417 347 3470 in
365 3432 527 3486 unoquoque
550 3432 649 3485 genere
670 3416 847 3484 adjunxerit:
887 3410 1084 3480 compellimur,
1093 3420 1204 3482 propter
1211 3413 1323 3468 delicias
1332 3422 1360 3468 et
1370 3415 1469 3468 fastum
1478 3414 1681 3470 mathematico·

53 3504 132 3566 ntqne
146 3512 204 3550 nnn
222 3496 351 3566 proxime
368 3494 588 3564 impooeibilibno,
604 3512 664 3566 qun
684 3504 776 3549 tamen
795 3497 847 3550 bn.
886 3505 956 3554 mm,
971 3490 1018 3561 qui
1032 3489 1103 3544 hanc
1117 3492 1260 3547 scientiam
1274 3493 1396 3564 physicae
1410 3494 1466 3548 iere
1480 3494 1614 3564 imperare
1628 3496 1681 3549 dis·

53 3574 153 3638 untur,
168 3574 300 3644 copule„
322 3583 351 3629 nt
361 3575 478 3628 aiterum
496 3573 645 3628 humanam
663 3574 848 3631 inventionem
887 3568 1006 3638 cupiant.
1036 3570 1140 3625 Nescio
1153 3572 1226 3626 enim
1240 3590 1294 3645 quo
1308 3572 1364 3627 fato
1376 3575 1431 3638 fiat,
1444 3580 1474 3628 ut
1487 3573 1680 3629 mathematica

53 3664 135 3716 unat,
158 3654 277 3708 alterurn
299 3654 485 3725 quadantenus
506 3654 621 3725 dirigam
642 3661 724 3725 utque
747 3671 782 3710 ex
803 3655 848 3710 nie
887 3654 916 3701 et
938 3647 1036 3719 logica,
1057 3668 1118 3721 quar
1137 3650 1298 3706 ancillarum
1319 3652 1380 3708 loco
1401 3670 1468 3723 erga
1485 3653 1627 3723 physicam
1650 3673 1679 3709 se

53 3734 180 3801 optinere
194 3742 223 3786 et
236 3733 429 3804 potentinijbnn
442 3732 532 3786 oetion
545 3733 697 3803 promptim
710 3733 846 3788 nedum.
887 3744 982 3797 gerere
1001 3728 1125 3793 debeant,
1139 3730 1316 3786 nihilominus
1329 3733 1515 3787 certitudinem
1532 3749 1609 3787 suam
1622 3751 1679 3804 praa

53 3822 101 3865 en,
141 3813 271 3868 secunda
283 3824 334 3878 ent,
349 3820 380 3866 nt
393 3814 440 3866 fine
458 3812 641 3867 calendarium
655 3829 748 3867 eornm
761 3831 846 3884 expe.
886 3823 919 3859 ea
929 3807 1074 3874 jactantes,
1088 3808 1256 3865 dominatum
1265 3818 1359 3866 contra
1369 3829 1496 3866 exercere
1507 3823 1678 3883 praesumant.

54 3892 319 3963 amatorumque}
342 3892 461 3947 maxime
486 3890 659 3962 polychresta
680 3901 750 3957 aunt
765 3900 793 3946 et
813 3894 848 3949 nd
886 3885 989 3940 Verum
1011 3886 1120 3942 deloco
1140 3896 1168 3942 et
1185 3888 1316 3961 dignitate
1341 3890 1423 3959 huius
1442 3891 1563 3947 scientiar
1587 3893 1679 3948 minus

54 3969 166 4026 moram
186 3972 372 4025 inventionem
392 3971 495 4026 iaciunt
518 3977 546 4026 et
568 3970 677 4026 ducunt.
717 3971 846 4043 Exempli
886 3965 1050 4021 curandum:
1072 3967 1105 4021 de
1120 3985 1148 4022 re
1163 3968 1224 4038 ipsa
1237 3970 1384 4025 videamus.

54 4053 145 4115 gratis,
170 4051 425 4120 “Experimentum
450 4049 601 4105 artificialis
623 4050 847 4121 conglaciationis
926 4043 1125 4100 Mathematica
1138 4055 1184 4102 aut
1197 4064 1265 4117 pura
1278 4057 1328 4115 est,
1342 4057 1389 4104 aut
1401 4049 1495 4104 mixta.
1526 4049 1569 4104 Ad
1582 4068 1678 4121 puram

55 4133 153 4199 aqnae,”
171 4147 222 4201 per
238 4129 355 4200 glaciem
370 4147 431 4184 cum
444 4130 501 4184 sale
514 4130 603 4200 nigro,
618 4129 653 4182 ad
668 4130 776 4184 infinita
789 4148 848 4201 per·
885 4123 1180 4190 11111111111111111111,
1191 4145 1252 4198 quoe
1265 4128 1338 4182 circa
1348 4129 1526 4200 quantitatem
1540 4141 1678 4202 occupatae

56 4208 134 4262 tinet:
167 4209 222 4263 hoe
244 4209 320 4263 enim
340 4209 450 4263 modom
473 4208 692 4264 condensationin
714 4220 847 4266 secretum
886 4210 957 4266 sunt
972 4220 989 4256 a
1002 4204 1114 4257 materia
1129 4212 1157 4259 et
1176 4206 1357 4261 axiomatibus
1376 4207 1497 4278 physicis
1511 4210 1618 4279 penitus
1632 4211 1678 4265 ab

54 4288 159 4352 meins,
175 4288 349 4358 qnohontini
369 4287 440 4342 nihii
463 4294 504 4342 ert
527 4288 701 4343 fructuosius.
744 4289 848 4344 Praestn
886 4288 1023 4337 stractam.
1065 4282 1113 4340 Era
1127 4283 1186 4339 duas
1200 4294 1269 4351 sunt,
1285 4287 1434 4357 geometria
1448 4296 1476 4341 et
1489 4289 1676 4361 arithmetice:

54 4367 120 4421 enirn
139 4375 185 4421 eet
196 4367 272 4437 ignis
284 4368 320 4422 od
338 4367 546 4431 arefactione„
567 4384 662 4422 verum
682 4367 711 4421 in
732 4370 847 4424 eonion.
886 4361 1065 4431 quantitatem
1078 4362 1164 4418 altera
1177 4364 1341 4431 continuam,
1353 4365 1438 4421 altera
1451 4367 1597 4423 discretam
1611 4380 1677 4425 trac·

54 4446 199 4500 suminus
224 4445 370 4501 laboratur.
418 4445 570 4501 Plurimum
596 4455 691 4501 autem
717 4446 784 4502 facit
813 4449 847 4503 ad
886 4450 956 4494 taus.
999 4442 1676 4516 011111111111113110111111111111θῦ1111.

54 4522 203 4579 inveniendi
230 4526 429 4596 compendium,
450 4527 474 4579 si
496 4525 652 4596 hujusmodi
674 4525 848 4597 polyohneetn
885 4527 914 4572 et
927 4519 1213 4592 industriainquisitae
1227 4530 1254 4576 et
1269 4531 1388 4581 tractate
1402 4535 1479 4582 sunt:
1501 4540 1678 4584 veruntamen

52 4605 159 4675 proprio
172 4603 301 4677 catalogo
311 4605 491 4676 excipiantur.
886 4606 913 4652 et
928 4597 1050 4654 Euclidis
1064 4600 1208 4665 laboribus,
1223 4602 1252 4657 in
1271 4605 1452 4675 geometricis,
1466 4606 1538 4661 nihil
1555 4609 1676 4664 additum

886 4685 927 4732 est
940 4694 958 4731 a
970 4679 1152 4749 sequentibus,
1167 4682 1238 4752 quod
1250 4683 1393 4739 intervallo
1405 4691 1445 4740 tot
1455 4686 1607 4743 seculorum
1620 4690 1677 4758 dig-

295 4790 420 4845 CAPUT
440 4791 597 4847 SEXTUM
886 4773 953 4811 num
967 4758 1017 4822 sit3
1039 4765 1066 4811 et
1079 4758 1202 4815 doctrina
1214 4760 1248 4816 de
1262 4763 1365 4828 solidis,
1378 4780 1429 4819 nec
1443 4782 1460 4819 a
1473 4766 1615 4833 veteribus,
1626 4784 1675 4821 nec

602 4835 608 4847 ’
886 4853 904 4889 a
916 4836 1063 4904 modernis,
1077 4853 1127 4906 pro
1139 4840 1179 4893 rei
1197 4857 1248 4896 usu
1269 4850 1296 4896 et
1314 4842 1485 4908 excellentia,
1499 4845 1631 4900 instructa
1647 4854 1677 4900 et

53 4921 92 4976 ι),
108 4944 208 4997 „m
226 4926 408 4999 pyfyoeopyfoe
430 4931 574 4994 murum,
596 4939 650 4983 pam
670 4932 846 5002 ,msam
885 4924 966 4969 aucta
980 4924 1028 4969 est
1072 4916 1103 4970 ln
1117 4918 1298 4975 arithmeticis
1307 4931 1408 4987 autem,
1419 4940 1469 4978 nec
1483 4925 1549 4979 satis
1562 4926 1638 4978 varia
1647 4934 1676 4979 et

87 5022 165 5074 qm
175 5009 489 5079 ,pnmmppmdm
501 5010 701 5063 nummariae.
726 5011 846 5081 quodque
885 4994 1027 5086 commoda
1047 4996 1156 5087 inventa
1179 5006 1241 5054 nint
1261 5003 1483 5071 supputationum
1506 5004 1674 5074 compendia,

89 5087 161 5136 inter
181 5086 348 5156 appendices
366 5089 461 5157 potius
478 5089 547 5158 poni
570 5089 653 5153 debet,
675 5107 754 5160 quum
775 5091 847 5142 inter
885 5081 1036 5142 Pfaestl'nm
1056 5092 1128 5129 ⁰¹¹st
1148 5080 1360 5149 Ρῐθῖῐθῦῦὶθῡθθ,
1374 5098 1486 5153 1111811111
1506 5082 1535 5136 111
1554 5082 1676 5152 1111181111

87 5166 222 5218 scientiar
235 5166 428 5221 marcuinus.
471 5165 595 5220 Partitis
606 5168 801 5225 mathematica
816 5170 845 5221 ia
885 5169 949 5206 ”⁸⁰⁸
963 5160 1072 5207 11811011
1086 5155 1447 5232 111110111111181811111
1467 5160 1536 5215 111119
1553 5177 1676 5217 1011111111·

85 5260 184 5312 Μ,
199 5252 226 5296 ,ι
240 5242 359 5299 „mm
885 5239 959 5285 mata
982 5239 1044 5296 est;
1073 5241 1154 5305 atque
1179 5236 1352 5292 arithmetica
1371 5240 1421 5294 illa
1441 5239 1624 5311 Pythagorica
1647 5252 1676 5298 et

885 5310 1007 5379 mystica,
1023 5329 1083 5383 quae
1097 5331 1133 5367 ex
1147 5313 1244 5370 Proclo
1263 5326 1290 5371 et
1309 5318 1432 5388 reliquiis
1445 5318 1608 5388 quibusdam
1622 5322 1676 5377 llu-

89 5380 206 5437 Oarvn
216 5380 389 5449 Aristoteles,
404 5388 420 5414 ‘⁸
431 5383 573 5453 physicam
586 5392 613 5439 et
626 5385 847 5443 mathematicam
884 5389 964 5443 clidis
977 5391 1060 5460 coepit
1081 5391 1233 5458 instaurari,
1248 5398 1396 5466 expatiatio
1410 5397 1533 5466 quadam
1554 5402 1676 5470 specula·

51 5474 180 5527 genenre
194 5462 369 5532 practicam’*
394 5463 451 5518 sive
473 5469 489 5495 ‘⁴
503 5463 715 5520 mechanicam.”
757 5467 846 5528 Quare
886 5469 968 5523 tionis
982 5478 1031 5525 est.
1063 5470 1124 5527 lloc
1139 5474 1211 5529 enim
1225 5474 1308 5530 habet
1321 5476 1460 5546 ingenium
1474 5477 1632 5548 humanum,
1647 5491 1678 5551 ut
