3800 5875
213 315 272 371 850
731 309 781 368 DE
803 311 1028 367 spumantis
1049 311 1324 368 summutantur.
1716 309 1784 364 Lus.
1800 310 1850 365 Π,

214 474 326 545 priatls:
348 488 399 543 per
412 473 640 544 preparationem
654 472 777 526 alimenti
791 471 886 541 ipsius,
900 477 931 528 ut
944 470 1009 523 iaci-
1046 486 1155 524 manare
1171 487 1187 523 a
1201 469 1333 524 modestia
1347 468 1463 538 quadam
1476 483 1589 532 morum,
1604 468 1851 530 etarevereatia3
1888 499 1889 502 =

213 554 267 607 lius
285 570 315 607 se
336 553 464 616 insinuet,
478 561 505 607 et
525 552 692 622 digestiones
714 551 791 620 ipsas
812 551 1008 620 quadamtenus
1045 549 1181 619 imprimis
1201 565 1268 618 erga
1286 549 1385 611 Deum,
1400 548 1479 615 cujus
1497 555 1629 601 creaturae
1651 563 1767 608 sumusr
1792 554 1851 600 tmu

214 633 351 702 anticipet,
366 640 396 685 ut
413 631 443 684 in
456 631 540 685 variis
561 641 589 684 et
602 631 755 684 artificiosis
774 630 863 683 modis
876 628 931 682 cibi
945 644 1009 681 con·
1046 645 1112 699 erga
1130 629 1298 691 societatem,
1312 627 1342 681 in
1357 643 1411 697 qua
1431 626 1574 696 degimusr
1594 635 1653 680 tum
1674 626 1761 679 etiarn
1783 643 1853 696 erga

214 711 312 774 diendi,
328 719 408 781 potus
423 710 561 773 miscendi,
571 710 650 781 panis
665 708 853 771 remutandi,
867 716 896 761 et
908 706 1007 761 horum
1045 708 1241 777 nosmetipsos,
1253 723 1320 777 quos
1328 722 1384 760 non
1394 706 1492 769 minus,
1501 705 1557 759 imo
1566 705 1664 775 magis,
1673 721 1759 775 quam
1770 705 1851 769 alios,

214 792 294 844 trium
309 792 423 844 virtutes
437 791 466 843 in
482 807 563 844 unum
584 788 745 859 redigendi:
767 804 817 857 per
834 787 1008 841 confortatio·
1045 786 1162 841 revereri
1174 787 1312 841 debemus
1352 785 1454 839 Vanum
1469 784 1619 838 adulterina
1632 783 1683 837 ills
1695 784 1850 848 doeontio,
1888 831 1889 842 ,

214 886 276 924 nem
291 869 378 940 ipsius
395 869 485 923 ultimi
505 877 581 922 actus
595 866 805 929 assimilationis,
819 875 849 921 ut
868 868 897 920 in
912 880 1007 919 somno
1046 883 1107 936 quaa
1120 865 1196 920 fucos
1210 874 1238 919 et
1250 866 1390 936 pigmenta
1404 863 1523 927 adhibet,
1533 864 1618 934 digua
1630 871 1705 917 certe
1726 870 1773 917 est
1794 862 1852 918 illis

215 949 384 1019 tempestivo,
405 957 434 1001 et
447 947 673 1018 applicationibus
688 946 851 1016 quibusdam
868 945 1007 999 exteriori-
1045 945 1203 1010 defectibus,
1219 945 1265 1015 qni
1285 960 1346 997 eam
1368 959 1476 1013 semper
1497 943 1680 1007 comitantum
1701 959 1769 996 enm
1794 957 1852 997 non

213 1027 274 1082 bus.
318 1023 469 1081 Renovatio
490 1027 557 1095 ejus,
583 1027 655 1097 quod
675 1026 758 1095 coepit
779 1034 953 1088 veterascere,
975 1024 1008 1077 fit
1045 1025 1088 1087 sit,
1103 1031 1152 1078 aut
1164 1025 1199 1078 ad
1213 1023 1360 1078 fallendum
1372 1023 1439 1076 satia
1448 1023 1601 1093 ingeniosa,
1610 1021 1850 1076 autadntendnnr

214 1108 317 1161 duobus
331 1107 437 1160 modis:
459 1106 502 1159 rel
520 1123 569 1176 per
588 1105 813 1159 intenerationem
827 1103 937 1157 habitus
950 1118 1006 1155 cor·
1045 1103 1111 1157 satis
1132 1104 1280 1166 commoda,
1303 1102 1406 1155 autad
1428 1101 1616 1155 salubritatem
1638 1102 1708 1155 satis
1733 1108 1799 1154 tnta
1820 1113 1849 1154 et

214 1187 290 1257 poris
303 1187 398 1256 ipsius,
412 1193 442 1238 ut
459 1187 487 1239 in
506 1202 558 1238 usu
571 1184 818 1238 malacissationum
836 1199 872 1237 ex
891 1182 1005 1246 balneis,
1044 1183 1169 1238 innocua.
1208 1182 1343 1236 Miramur
1362 1188 1459 1245 autem,
1473 1197 1586 1251 pravam
1605 1179 1681 1234 hanc
1702 1187 1848 1234 consuetu·

215 1265 376 1335 emplastris,
391 1274 420 1318 et
433 1264 624 1318 unctionibus:
647 1280 707 1334 quas
721 1262 789 1316 talia
802 1263 900 1317 sintut
914 1261 1006 1330 impri·
1044 1261 1136 1315 dinem
1157 1262 1273 1325 fucandi,
1294 1260 1371 1331 leges
1394 1260 1539 1324 censorias,
1561 1267 1618 1313 tam
1642 1258 1849 1314 ecclesiasticas

214 1353 298 1408 mant,
312 1360 366 1398 non
380 1344 545 1398 extrahant:
566 1342 610 1396 vel
627 1360 677 1413 per
690 1342 917 1414 expurgationem
932 1341 1006 1394 succi
1045 1358 1126 1412 quam
1141 1341 1235 1394 civiles
1250 1343 1324 1410 (quae
1345 1338 1414 1393 alias
1435 1339 1464 1392 in
1485 1338 1624 1392 luxuriam
1645 1338 1723 1391 eirca
1746 1347 1848 1401 vernes,

213 1425 319 1487 veteris,
334 1431 361 1476 et
375 1424 591 1478 substitutionem
605 1423 679 1476 succi
692 1422 764 1484 nori,
778 1422 850 1475 utin
865 1420 1004 1489 tempesti·
1044 1428 1091 1474 aut
1102 1420 1189 1473 cultus
1202 1419 1364 1489 capillomm
1378 1419 1565 1481 effoeminatos,
1580 1417 1731 1472 admodum
1744 1418 1849 1472 inerint

214 1504 255 1557 vis
269 1510 297 1556 et
310 1503 432 1572 repetitis
446 1501 660 1572 purgationibus,
669 1501 810 1572 sanguinis
823 1499 1004 1562 missionibus,
1044 1501 1157 1564 severae)
1170 1500 1211 1552 ita
1224 1499 1271 1552 diu
1285 1498 1397 1567 fugisse.
1419 1497 1551 1567 Legimus
1565 1503 1640 1550 certe
1653 1497 1688 1550 de
1703 1496 1847 1562 lezabele,
1888 1553 1889 1558 χ

214 1591 242 1636 et
262 1582 349 1636 diaetis
368 1582 575 1644 attenuantibus,
590 1599 652 1652 quae
672 1582 768 1635 florem
787 1579 909 1650 corporis
930 1579 1006 1632 resti·
1044 1579 1116 1648 qnod
1128 1578 1279 1648 pigmentis
1291 1576 1388 1630 faciem
1404 1576 1547 1641 obliverit3
1568 1592 1664 1630 rernm
1677 1576 1714 1630 de
1726 1576 1847 1630 Esthera

214 1669 300 1716 tuunt.
341 1661 431 1732 Atque
445 1662 478 1715 de
492 1660 599 1713 indiciis
613 1659 754 1713 hactenus.
1044 1667 1073 1712 et
1085 1656 1201 1712 luditha
1213 1656 1253 1710 nil
1267 1655 1322 1710 tale
1337 1656 1502 1726 perhibetur.

253 1741 400 1810 Praecepta,
425 1757 580 1811 quanquam
601 1755 637 1793 ex
660 1739 728 1808 ipsis
752 1736 862 1791 indiciis
884 1735 1005 1807 plurima
1083 1736 1234 1807 Pergamus
1247 1737 1282 1790 ad
1295 1734 1471 1789 athleticam:
1486 1751 1548 1788 eam
1562 1751 1643 1788 sensu
1659 1733 1846 1806 intelligimus

213 1821 317 1891 possint
330 1820 441 1884 deduci3
462 1819 515 1872 tria
536 1827 628 1872 tamen
645 1817 729 1872 veluti
744 1817 882 1887 praecipua
896 1816 1006 1884 subjun-
1044 1815 1127 1885 paulo
1148 1816 1268 1887 largiori,
1283 1832 1366 1885 quarn
1385 1815 1474 1884 accipi
1494 1814 1644 1868 consuevit.
1689 1813 1757 1868 Huc
1771 1815 1845 1868 enirn

214 1917 279 1970 gere
295 1900 382 1953 risum
397 1909 445 1952 est
486 1897 663 1968 Praecipimus
676 1899 771 1968 primo,
784 1904 815 1949 nt
834 1894 1006 1966 prolongatio
1043 1895 1186 1950 referimus
1200 1894 1330 1965 quicquid
1343 1902 1467 1947 versatur
1478 1895 1552 1947 circa
1561 1892 1768 1948 conciliandam
1782 1911 1846 1965 qna

213 1980 276 2032 vita
290 1986 448 2048 expectetur
466 1978 554 2048 potius
568 1994 584 2029 a
599 1976 688 2030 dicetis
706 1975 791 2038 statis,
807 1991 888 2045 quam
902 1991 919 2025 a
933 1974 1005 2046 regi·
1043 1973 1204 2045 lemcunque
1221 1977 1315 2044 (quam
1329 1989 1426 2042 corpus
1440 1973 1589 2027 humanum
1602 1973 1736 2042 suscipit)
1748 1972 1847 2026 habib-

212 2058 287 2113 mine
307 2058 399 2128 aliquo
412 2058 499 2110 victus
518 2055 661 2119 familiari3
681 2056 827 2109 autetiam
850 2053 1005 2107 amedica-
1043 2060 1143 2118 tarem,
1164 2054 1223 2107 sive
1236 2055 1272 2107 sit
1289 2052 1421 2123 agilitatis
1440 2052 1497 2106 sira
1517 2051 1681 2107 tolerantiae.
1723 2052 1846 2113 Quarum

213 2145 363 2191 mentorum
383 2135 584 2205 particularium
598 2133 770 2188 excellentia.
811 2133 929 2196 Etenim,
945 2151 1005 2203 qum
1043 2132 1154 2203 agilitas
1167 2133 1234 2186 duas
1247 2132 1330 2186 habet
1343 2138 1441 2201 partes,
1455 2131 1579 2186 roburet
1592 2129 1795 2186 velocitatem:
1815 2149 1846 2186 ac

213 2223 290 2268 tanta
299 2216 398 2269 virtute
409 2214 686 2285 pollentntnatnram
698 2221 871 2268 renovertere
883 2213 1004 2276 valeant3
1043 2212 1186 2267 tolerantia
1198 2212 1292 2266 itidem
1302 2211 1377 2276 duas,
1388 2212 1432 2266 rel
1449 2210 1663 2281 indigentiarum
1676 2211 1846 2266 naturalium

213 2294 327 2348 fortiora
340 2293 488 2365 plerunque
496 2300 567 2358 sunt,
578 2301 606 2346 et
619 2294 770 2363 potentiora
780 2293 813 2345 ad
826 2291 1004 2356 alterandum,
1043 2293 1213 2362 patientiam,
1227 2292 1272 2345 vel
1284 2292 1314 2345 in
1328 2290 1490 2345 cmciatibus
1503 2290 1700 2345 tortitudinem.
1724 2290 1846 2351 Quumm

214 2390 294 2444 qnam
309 2379 339 2427 ut
359 2373 440 2427 simul
460 2374 488 2427 in
510 2372 601 2443 aliqua
620 2372 756 2427 medicina
768 2372 903 2441 componi,
918 2371 1005 2425 multo
1043 2372 1166 2425 omnium
1184 2371 1308 2424 videmus
1329 2386 1516 2440 sepenumero
1528 2369 1658 2439 exempla
1670 2369 1804 2440 insignia,
1818 2371 1846 2423 in

214 2453 303 2506 minus
313 2453 420 2506 invictu
428 2452 553 2506 familiari
563 2453 725 2523 interspergi
734 2452 846 2522 possint.
875 2451 1005 2522 Superest
1043 2451 1164 2519 practica
1172 2449 1401 2513 funambulorum,
1412 2451 1441 2503 in
1454 2449 1522 2502 duro
1530 2450 1606 2502 rictu
1616 2448 1846 2521 hominumque·

213 2531 306 2602 itaque
318 2539 349 2586 ut
362 2532 483 2586 seriatim
493 2540 521 2586 et
534 2531 701 2601 regulariter,
710 2532 778 2585 etad
792 2538 914 2600 tempora
921 2538 1003 2596 certa,
1042 2531 1155 2584 rundam
1163 2528 1638 2598 barbaroruminstupendisviribus
1645 2529 1846 2592 unanimorum,

213 2617 242 2664 et
254 2611 358 2665 vicibus
371 2612 452 2665 certis
466 2613 638 2675 recurrentia,
653 2611 840 2665 adhibeantur.
1043 2618 1070 2662 et
1077 2610 1106 2663 in
1113 2609 1266 2662 constantia
1275 2608 1465 2663 nonnullorum
1472 2609 1543 2662 inter
1549 2607 1690 2678 exquisita
1697 2616 1845 2663 tormenta.

253 2690 378 2744 Secundo
391 2691 570 2761 praecipimus,
581 2697 610 2745 ut
622 2690 792 2762 prolongatio
803 2690 867 2744 ritae
879 2697 1004 2759 expecte-
1044 2689 1134 2743 imosi
1146 2689 1238 2759 aliqua
1247 2687 1302 2742 alia
1311 2688 1464 2758 reperiatur
1472 2686 1595 2750 scedras,
1607 2704 1664 2757 qua
1678 2689 1710 2742 iu
1722 2688 1845 2757 priorem

213 2776 258 2824 tur
271 2771 360 2840 potius
374 2770 409 2823 ab
422 2771 579 2840 operatione
598 2770 628 2823 in
647 2771 766 2841 spiritus,
780 2777 808 2823 et
821 2786 838 2822 a
850 2768 1005 2822 malacissa-
1043 2769 1217 2838 partitionem
1235 2784 1290 2822 nou
1310 2767 1382 2822 cadit
1397 2766 1499 2839 (qualis
1516 2766 1547 2820 in
1564 2767 1755 2821 uuumorihus
1773 2784 1846 2837 sape

212 2849 285 2903 tione
299 2851 425 2918 partium,
439 2867 521 2921 quam
536 2850 652 2904 amodis
667 2849 849 2904 alimentandi.
884 2848 1003 2913 Etenim,
1042 2848 1214 2918 conspicitur,
1227 2848 1274 2918 qni
1284 2848 1398 2901 mirifice
1408 2846 1560 2901 anhelitum
1571 2845 1705 2900 cohibere
1716 2847 1845 2915 pomt)

212 2946 274 2984 cum
288 2946 386 3000 corpus
399 2929 557 2995 humanum,
578 2930 690 3001 ejusque
710 2929 814 2984 fabrica
832 2928 937 2999 (missis
958 2946 1005 2983 ex·
1042 2928 1077 2982 ad
1097 2927 1169 2983 hanc
1187 2928 1277 2999 ipsam
1298 2934 1385 2983 artem
1406 2926 1551 2999 aggregari
1571 2923 1710 2981 volumus.
1756 2926 1846 2998 Atque

213 3008 312 3075 ternis)
327 3009 437 3063 ambus
447 3011 580 3079 patiatur;
595 3010 736 3079 spiritibus
750 3009 862 3073 scilicet,
872 3008 1003 3078 partibas,
1043 3008 1114 3078 quod
1128 3008 1196 3062 talia
1208 3008 1269 3062 fieri
1283 3008 1444 3078 quandoque
1457 3007 1571 3077 possint,
1585 3005 1845 3061 manifestissimum

212 3095 240 3142 et
251 3088 402 3152 alimentis3
415 3089 461 3142 via
471 3088 755 3159 prolongationisritm
768 3105 818 3159 per
825 3087 1004 3141 alimentandi
1042 3097 1100 3142 est:
1121 3095 1151 3141 at
1164 3087 1342 3158 philosophia
1355 3094 1381 3141 et
1393 3086 1535 3157 inquisitio
1548 3101 1695 3139 caumrurn
1709 3086 1788 3140 eirca
1803 3102 1847 3140 es·

212 3168 306 3221 modos
318 3168 401 3239 longa
415 3176 472 3232 est3
493 3176 573 3238 atque
591 3184 641 3237 per
653 3167 752 3222 multas
766 3167 896 3238 ambages
913 3176 941 3220 et
954 3167 1004 3221 sir·
1042 3167 1104 3222 dem
1116 3169 1172 3222 iere
1183 3167 1404 3237 neglectajacet;
1418 3166 1491 3220 hanc
1502 3165 1667 3219 arbitramur
1677 3164 1715 3220 ob
1726 3182 1844 3228 cauum,

211 3248 318 3302 cuitus:
340 3255 369 3300 at
391 3248 443 3301 viae
471 3265 520 3318 per
543 3248 714 3317 operationes
738 3264 819 3318 super
838 3248 955 3316 spiritus,
978 3255 1005 3300 et
1043 3248 1114 3317 quod
1124 3247 1279 3302 horninibus
1288 3262 1449 3316 persuasum
1462 3246 1498 3299 sit
1510 3245 1669 3311 hujusmodi
1684 3245 1845 3315 magisteria

212 3343 295 3396 super
308 3336 408 3396 partes,
419 3326 506 3381 multo
518 3327 656 3380 breviores
670 3333 739 3392 suut,
761 3336 789 3381 et
809 3326 906 3397 quibus
923 3327 1004 3381 citius
1042 3334 1146 3381 natura
1167 3327 1337 3381 solummodo
1358 3325 1402 3380 vel
1422 3343 1459 3380 ex
1480 3323 1611 3395 peculiari
1632 3331 1774 3379 certorum
1795 3324 1845 3377 ho·

212 3406 247 3458 ad
266 3407 347 3460 tinem
362 3406 541 3460 desideratum
559 3406 728 3475 pervenitur3
749 3422 784 3459 eo
802 3406 873 3476 quod
894 3406 1005 3475 spiritns
1042 3406 1146 3460 minum
1157 3405 1247 3460 indole
1258 3410 1332 3475 (qum
1347 3405 1397 3459 sub
1410 3404 1583 3474 disciplinam
1595 3420 1654 3458 non
1668 3403 1761 3470 cadit)
1772 3403 1844 3457 rela
1888 3428 1889 3435 ,

212 3485 304 3538 subito
322 3486 466 3555 patiantur,
488 3493 515 3540 et
536 3502 553 3538 a
571 3486 725 3554 vaporibus,
744 3494 772 3539 et
793 3485 828 3537 ab
850 3486 1003 3550 affectibus,
1043 3485 1154 3548 diutina,
1178 3486 1214 3540 ab
1242 3486 1322 3540 annis
1351 3500 1437 3555 usque
1461 3483 1620 3554 puerilibus,
1644 3483 1844 3539 consuetudine

212 3582 274 3635 quoe
291 3566 369 3619 miris
388 3566 475 3619 modis
488 3565 517 3618 in
531 3581 577 3618 eos
597 3572 732 3635 possunt:
752 3573 845 3634 partes
865 3565 939 3628 item,
954 3581 1004 3634 per
1044 3566 1118 3634 (quta
1139 3566 1229 3635 potius
1242 3565 1379 3635 imperari,
1394 3580 1477 3635 quam
1496 3563 1587 3617 doceri
1607 3562 1694 3631 solet)
1710 3565 1844 3619 obtinere.

213 3644 318 3709 balnea,
340 3650 387 3698 aut
404 3651 552 3715 unguenta,
574 3651 621 3698 aut
644 3644 799 3714 emplastra,
821 3660 881 3715 quae
900 3644 1004 3698 subitas
1043 3643 1119 3704 Quod
1133 3645 1185 3699 etsi
1197 3661 1291 3698 verum
1302 3660 1412 3713 prorsus
1423 3659 1479 3697 nou
1492 3644 1535 3707 sit,
1544 3649 1638 3697 tamen
1651 3642 1782 3698 deiectus
1796 3644 1845 3698 hu·

212 3724 295 3777 etiam
309 3724 502 3794 impressiones
516 3723 627 3777 iaciunt
1040 3723 1157 3790 jusmodi
1169 3741 1259 3778 renim
1270 3724 1337 3793 quid
1350 3724 1449 3777 attinet
1459 3723 1573 3777 notaret
1593 3722 1759 3777 Certamina
1772 3724 1846 3777 anim

251 3802 344 3856 Tertio
357 3804 536 3872 precipimus,
546 3803 618 3872 quod
631 3802 814 3856 malacissatio
824 3802 941 3871 partium
956 3817 1005 3872 per
1043 3802 1186 3874 Olympios
1198 3803 1255 3871 jam
1269 3804 1316 3856 diu
1329 3810 1485 3856 cessaruntr
1505 3810 1562 3856 turn
1572 3800 1697 3856 etiamin
1709 3803 1845 3870 ejusmodi

212 3882 339 3946 exterius,
354 3883 514 3947 deridebat,
529 3899 579 3952 per
592 3882 838 3946 consubstantialia,
849 3882 1005 3952 imprimen·
1043 3882 1123 3937 rebus
1130 3882 1301 3936 rnediocritas
1311 3882 1409 3936 sufficit
1417 3882 1452 3935 ad
1459 3898 1553 3935 usum:
1572 3881 1745 3936 excellentia
1755 3890 1846 3937 autem

212 3960 296 4023 tia,et
310 3960 484 4017 occludentia.
526 3961 774 4015 Consubstantialia
787 3961 861 4015 eninr
874 3960 1005 4014 berardo
1043 3962 1217 4016 mercenariae
1226 3962 1334 4015 cuidam
1348 3961 1524 4015 ostentationi
1535 3961 1592 4014 fere
1605 3960 1733 4015 inservit

212 4040 331 4107 partium
355 4041 483 4112 amplexu
507 4041 623 4095 libenter
646 4042 824 4111 excipiuntur,
847 4048 874 4092 et
895 4041 1005 4110 proprie
1083 4041 1223 4095 Postremo
1245 4041 1398 4094 accedimus
1420 4040 1455 4094 ad
1475 4047 1548 4093 artes
1567 4038 1751 4110 voluptarias.
1796 4040 1846 4095 Ere

212 4117 392 4173 malacissaut„
434 4121 620 4190 lmprimentia
634 4127 725 4174 autem
739 4120 904 4174 etvirtutem
918 4118 1005 4173 mala·
1043 4121 1191 4174 secundum
1204 4137 1299 4175 sensus
1317 4121 1393 4190 ipsos
1412 4120 1561 4190 dispertitae
1582 4128 1661 4173 suatr
1683 4120 1782 4175 oculos
1801 4120 1847 4174 ob·

212 4197 377 4261 cissantium,
389 4206 518 4270 tauquam
531 4199 665 4261 vehicula,
677 4199 785 4252 lucilius
795 4206 821 4252 et
831 4199 911 4253 altius
925 4198 1006 4252 dedu·
1043 4199 1275 4271 lectatlpraecipue
1289 4199 1410 4270 pictoria,
1421 4216 1484 4254 curn
1494 4198 1556 4253 aliis
1566 4198 1671 4252 artibus
1681 4199 1845 4260 maumetis,

212 4283 377 4347 cantatque
391 4277 452 4347 ipsa
465 4286 556 4349 partes
568 4278 694 4333 nonnihil
706 4278 870 4348 expandunt.
911 4277 1006 4333 Occlu-
1044 4297 1105 4349 qua
1119 4280 1153 4331 ad
1167 4278 1394 4349 magnificentium
1409 4279 1625 4349 speonnacirca
1638 4278 1768 4343 aedilicia,
1780 4279 1846 4333 hor-

212 4354 305 4408 deutia
335 4364 433 4420 autem,
464 4359 591 4412 rirmtem
623 4366 796 4427 utrorumque
828 4357 949 4420 retinent,
979 4364 1006 4410 et
1044 4368 1094 4421 tos,
1109 4367 1207 4421 vestes,
1223 4374 1295 4422 vasa,
1309 4358 1417 4423 calices,
1431 4374 1561 4428 gemmas,
1575 4365 1603 4410 et
1617 4357 1734 4412 similia.
1757 4358 1848 4412 Aurea

213 4433 352 4503 paulisper
379 4435 472 4506 figunt,
497 4445 526 4490 et
548 4437 781 4506 perspirationem,
805 4454 867 4507 quaa
894 4444 936 4489 est
963 4452 1006 4489 res
1043 4437 1180 4491 demulcet
1199 4437 1310 4501 musica,
1325 4454 1387 4508 quas
1400 4444 1477 4491 tanta
1496 4453 1599 4499 rmum,
1613 4436 1737 4505 spiritus,
1752 4438 1847 4492 corda·

213 4512 425 4567 malacissationi
457 4517 584 4586 opposita
615 4517 692 4588 (qnia
722 4515 864 4569 humidum
895 4516 1005 4582 emittit)
1044 4533 1112 4580 rum,
1127 4518 1257 4570 varietate
1271 4525 1299 4569 et
1312 4525 1445 4586 apparatu
1458 4517 1587 4570 instructa
1596 4524 1647 4569 est.
1670 4515 1749 4571 Olim
1760 4518 1847 4571 etiam

212 4591 366 4646 cohibent·
392 4592 487 4664 ltaque
508 4611 558 4663 per
578 4594 637 4648 hrec
656 4597 710 4649 tria
723 4596 785 4663 (sed
802 4595 892 4664 potius
912 4594 1006 4648 ordine
1043 4595 1205 4665 hydraulica
1214 4612 1265 4665 pro
1273 4595 1426 4665 coryphaeis
1434 4596 1595 4667 quibusdam
1603 4594 1848 4663 artisejuahabita

212 4671 344 4740 disposita
355 4678 382 4724 et
396 4673 575 4738 succedentia,
591 4691 672 4744 quarn
685 4675 846 4740 commixta)
861 4690 905 4727 res
919 4674 1006 4728 absul-
1044 4684 1189 4746 suntquis
1209 4692 1280 4728 nune
1301 4692 1386 4744 prope
1407 4675 1604 4729 obsoleverunt.
1646 4673 1741 4746 Atque
1762 4685 1846 4735 artes,

212 4750 292 4805 rihrr.
315 4750 428 4804 interim
441 4752 470 4803 in
484 4752 536 4805 hac
547 4761 790 4821 partemonemusr
810 4769 865 4806 non
874 4769 935 4806 eam
945 4770 1006 4807 esse
1045 4755 1151 4825 qumad
1163 4755 1251 4809 vistim
1265 4762 1311 4807 aut
1324 4753 1446 4808 auditum
1466 4760 1598 4825 specum,
1611 4769 1671 4824 pus
1693 4754 1759 4810 aliis
1779 4772 1848 4825 prro·

212 4829 391 4883 intentionem
414 4828 649 4896 malacissationis,
666 4841 697 4886 ut
719 4833 820 4887 nutrita
841 4839 933 4901 partes
958 4849 1007 4902 per
1044 4834 1125 4903 cipue
1138 4832 1265 4887 liberales
1285 4832 1387 4887 habita
1407 4840 1487 4889 suutz
1508 4848 1603 4887 sensns
1623 4832 1655 4886 hi
1676 4834 1736 4889 duo
1756 4835 1846 4905 magis

212 4909 347 4973 arterium
369 4908 417 4962 sed
439 4916 542 4963 tantum
564 4918 595 4963 ut
616 4928 662 4964 ess
683 4912 776 4966 reddat
794 4910 882 4981 magis
895 4912 1007 4966 idoneas
1045 4913 1130 4966 casti:
1161 4913 1282 4966 scientias
1305 4913 1395 4982 magis
1417 4912 1537 4976 emditae‚
1561 4911 1665 4983 quippe
1690 4914 1740 4984 qui
1762 4915 1846 4969 etiarn

212 4987 247 5040 ad
261 4988 445 5042 nutriendum.
487 4988 621 5059 Quicquid
642 4992 714 5045 enim
736 4991 825 5061 magis
840 4991 945 5045 aridum
957 4998 1006 5054 est,
1046 4991 1273 5055 mathematicam,
1287 4991 1372 5045 veluti
1386 4990 1521 5056 ancillam,
1535 4992 1564 5044 in
1582 4990 1697 5047 familiis
1718 4994 1779 5048 anis
1798 4992 1845 5047 ha-

211 5068 302 5122 minus
316 5076 358 5122 est
371 5068 489 5121 activum
504 5067 539 5120 ad
552 5068 763 5123 assimilandum.
804 5070 893 5140 Atque
904 5071 937 5124 de
947 5087 1008 5140 pro
1044 5071 1140 5125 beant:
1155 5070 1578 5125 etiamalteraadmemoriamet
1587 5070 1844 5135 demonstrationes,

212 5146 372 5218 longatione
386 5147 458 5210 viter,
468 5163 529 5217 qua
539 5154 581 5199 est
590 5163 655 5217 pars
664 5148 896 5203 tertiamedicinae
904 5153 1010 5206 noviter
1046 5149 1133 5203 altera
1145 5150 1180 5203 ad
1192 5167 1281 5204 mores
1295 5158 1323 5204 et
1335 5150 1449 5204 affectus
1470 5150 1556 5204 animi
1574 5150 1705 5205 nonnihil
1725 5152 1843 5222 respicit

213 5226 337 5296 ascripta,
353 5226 412 5279 hmo
427 5225 499 5279 dicta
513 5226 574 5279 sint
1047 5227 1225 5300 Reliquorum
1238 5245 1366 5283 sensuum
1375 5229 1575 5290 oblectationes,
1586 5236 1672 5300 atque
1686 5238 1762 5285 artes
1773 5231 1844 5284 circa

254 5305 405 5360 Veniamus
419 5305 455 5359 ad
467 5305 649 5368 cosmeticam,
661 5321 721 5374 quae
735 5312 807 5359 certe
821 5313 913 5376 partes
925 5305 1009 5360 habet
1046 5308 1129 5377 ipsos,
1148 5308 1238 5362 minna
1257 5309 1287 5362 in
1305 5308 1409 5362 honore
1431 5316 1501 5373 suut,
1515 5307 1600 5363 veluti
1620 5308 1750 5376 luxurias,
1764 5325 1844 5380 quam

215 5383 318 5448 civiles,
333 5393 425 5454 partes
445 5402 537 5438 rursus
558 5385 745 5438 effecminatae
786 5385 915 5454 Corporis
935 5387 1009 5438 enirn
1048 5388 1265 5457 magnificentiae,
1293 5387 1451 5456 propiores:
1481 5394 1629 5458 unguenta,
1658 5389 1842 5449 odoramenta,

214 5463 354 5529 munditia,
369 5471 397 5518 et
409 5464 491 5518 decor
511 5464 648 5531 honestus,
663 5472 735 5518 recte
756 5463 928 5520 existimatur
948 5482 1010 5534 pro
1047 5465 1154 5521 delicia
1168 5474 1195 5520 et
1209 5466 1331 5537 cupediis
1343 5482 1506 5534 mensuum,
1518 5466 1641 5523 maxim
1660 5476 1755 5524 autern
1774 5469 1841 5524 inci·
