3800 5875
203 324 261 388 tat
448 319 459 342 ⁰
849 318 958 377 NOVA
978 317 1177 376 amerinis.

196 484 261 540 bitis
271 483 300 538 iu
313 482 414 538 terram
422 480 633 537 descendendl.”
664 477 872 548 Respondimus,
882 486 992 548 paratos
1027 476 1114 531 linteo
1126 476 1249 540 delicato,
1260 476 1322 531 oleo
1335 476 1457 531 intincto.
1495 474 1621 529 Deduxit
1633 491 1684 528 nos
1697 475 1824 545 primoin

195 579 247 619 nos
265 579 360 618 omnes
378 578 438 617 ease
457 561 493 617 ad
512 561 580 616 illud
598 561 780 629 juramentum
799 557 990 629 prestandum.
1028 556 1198 612 emasculum
1209 557 1276 611 saus
1285 556 1405 626 elegans,
1413 571 1494 626 super
1501 555 1603 626 gradus
1612 554 1751 609 locatim:
1766 563 1825 609 tnnc

196 643 276 698 Unde
289 658 409 697 nnusex
422 641 551 695 comitatu
569 639 636 707 ejus,
651 637 698 710 qui
713 638 854 692 ridebatur
870 636 991 690 notanus
1029 645 1119 691 autern
1140 653 1158 689 a
1180 635 1260 689 nobis
1283 635 1429 706 quaesivit:
1458 642 1524 705 quot
1545 650 1662 688 namra
1682 636 1825 693 must

196 738 266 786 esse,
284 720 353 776 illud
372 721 546 790 inscriptum
567 719 678 788 redegit.
720 717 779 778 Quo
799 717 877 781 facto,
892 714 990 769 altere
1028 723 1065 780 et,
1079 722 1145 786 quot
1158 715 1282 771 enostris
1292 714 1412 785 aegroti?
1432 713 1652 785 Bespmdimus:
1672 715 1826 769 nniverarm

196 802 326 855 comitatu
347 800 398 854 siri
421 799 494 854 illius
518 797 648 869 primarii,
668 796 715 868 qui
740 797 769 849 in
787 795 880 849 eodem
898 794 991 849 lembo
1028 811 1179 858 numerum,
1195 801 1250 848 tam
1270 810 1404 857 senorum,
1419 809 1502 864 quam
1520 799 1696 864 egrotorum,
1716 808 1776 849 esse
1793 794 1826 848 ad

196 880 354 943 vehebatur,
367 886 512 950 postquem
525 877 650 932 dominus
662 876 691 929 in
705 892 799 929 aurem
810 875 835 928 ei
848 874 988 945 quidpiam
1028 890 1112 928 unum
1125 881 1153 928 et
1173 873 1370 945 quinquaginta
1387 871 1529 927 homines:
1557 888 1594 926 ex
1616 871 1719 943 quibus
1736 873 1825 942 :egroti

195 958 302 1015 locutus
316 965 395 1022 esset,
409 957 466 1010 alte
480 972 546 1011 voce
561 956 649 1010 dixit:
671 954 835 1009 “Dominus
849 952 989 1007 meushoc
1029 959 1107 1007 erent
1127 953 1320 1023 septendecim.
1362 952 1481 1023 Rogavit
1500 967 1559 1014 nos,
1578 957 1610 1004 ut
1630 949 1826 1021 aliquantisper

196 1038 382 1093 robisnotum
400 1053 460 1090 esse
473 1036 545 1100 velit,
563 1051 619 1089 non
639 1050 675 1089 ex
694 1033 830 1103 superbia,
850 1040 896 1086 aut
918 1032 990 1086 fastu
1028 1031 1253 1101 praestolaremur,
1277 1031 1341 1085 dum
1363 1031 1399 1084 ad
1426 1048 1478 1085 nos
1504 1029 1614 1084 rediret.
1665 1029 1746 1090 Quod
1768 1038 1826 1101 post

197 1133 265 1183 ease,
288 1116 450 1188 quominus
472 1131 569 1168 navem
589 1120 708 1167 vestram
728 1113 909 1175 conscendat:
934 1111 989 1175 sed,
1029 1110 1126 1165 horam
1136 1112 1243 1166 circiter
1256 1110 1329 1165 feeit
1369 1111 1440 1164 Tum
1454 1126 1518 1164 raro
1530 1108 1694 1163 adduxitsd
1707 1108 1826 1164 cubicula

197 1197 261 1267 quia
275 1215 311 1250 ex
324 1211 454 1266 responso
462 1202 551 1248 vestro
560 1192 703 1247 innotescit
715 1192 848 1262 plurimos
860 1192 933 1245 inter
942 1206 991 1244 sos
1028 1190 1148 1255 urenda,
1158 1208 1218 1262 quae
1229 1190 1411 1260 nobisparata
1422 1195 1630 1252 erantuumero
1637 1189 1824 1244 novendecim:

197 1293 227 1331 se
250 1275 322 1330 male
342 1275 451 1339 habere,
472 1290 489 1325 a
512 1281 700 1327 conservatore
721 1270 848 1326 sanitatis
871 1269 900 1323 in
923 1269 990 1325 urbe
1028 1270 1226 1341 computatione
1247 1267 1432 1324 scilicetiuita
1446 1267 1692 1338 (quemadmodum
1711 1267 1825 1337 uidetur)

196 1355 316 1409 monitus
323 1361 387 1417 erat,
393 1360 423 1406 ut
432 1354 466 1407 ed
476 1350 758 1424 aliquamdistentiam
765 1342 989 1420 colloqueretur.”
1027 1356 1058 1403 nt
1079 1358 1196 1420 quatuor
1218 1365 1255 1404 cx
1275 1348 1331 1403 illis
1344 1347 1484 1412 cubiculis,
1498 1364 1560 1418 quac
1572 1346 1692 1416 reliquis
1704 1348 1824 1403 nonnrlul

198 1434 338 1489 Submisso
353 1433 441 1502 capite
462 1447 511 1485 noa
530 1430 726 1493 inclinavimus,
745 1436 774 1483 et
787 1429 989 1498 respondimus:
1029 1428 1201 1497 praestabant,
1217 1435 1332 1499 quatuor
1345 1445 1382 1483 ex
1395 1426 1531 1496 primariis
1544 1426 1647 1480 nostris
1661 1426 1824 1497 exciperent,

197 1530 289 1568 servos
302 1513 360 1580 ejus
373 1510 541 1567 humillimos
561 1527 612 1565 nos
631 1526 725 1563 omnes
744 1525 818 1572 esse:
838 1522 990 1578 magnoque
1028 1507 1169 1578 inquibus
1188 1523 1309 1562 seorsum
1323 1506 1469 1571 nuberent:
1490 1504 1660 1576 reliquorum
1674 1506 1823 1577 quindecies

197 1592 293 1647 honori
308 1593 414 1654 ducere,
429 1598 457 1644 et
470 1589 602 1660 singulari
612 1606 669 1644 sum
681 1587 845 1643 humanitati
861 1586 990 1651 tribuere,
1029 1586 1137 1657 singula
1162 1586 1235 1641 binis
1261 1585 1475 1657 assignarentur.
1528 1584 1665 1640 Cubicula
1693 1585 1824 1657 elegantia

197 1672 225 1725 id
240 1672 311 1743 quod
330 1671 488 1739 jamdudum
511 1670 612 1725 factum
625 1675 717 1723 esset:
741 1666 789 1722 sed
809 1682 917 1737 sperare
931 1682 990 1731 nos,
1029 1672 1113 1731 erent,
1127 1672 1156 1720 et
1168 1666 1265 1729 lucida,
1279 1683 1330 1720 nec
1350 1682 1405 1720 uon
1419 1663 1603 1736 suppellectili
1618 1666 1688 1718 satis
1701 1666 1777 1720 lanta
1787 1683 1824 1721 or·

197 1752 320 1805 morbum
329 1749 414 1814 illum,
430 1766 484 1821 quo
493 1749 586 1817 :egroti
600 1748 685 1802 nosni
697 1746 830 1811 laborant,
845 1745 988 1815 contagio·
1028 1754 1101 1800 nata.
1141 1745 1211 1800 Tum
1224 1745 1333 1800 demum
1343 1745 1373 1798 in
1383 1745 1515 1814 porticum
1527 1743 1642 1815 longam
1656 1743 1824 1809 disertissim:

198 1847 257 1886 sum
274 1830 386 1885 minime
405 1846 474 1884 esse.
516 1829 558 1882 lta
575 1827 616 1881 vir
635 1826 682 1880 ille
702 1826 847 1896 primarius
867 1841 991 1879 reversus
1029 1825 1122 1894 qualia
1146 1825 1232 1879 solent
1260 1841 1320 1880 esee
1349 1824 1507 1880 dormitoria
1532 1823 1749 1889 monachornm:
1781 1825 1824 1881 uhi

198 1918 247 1964 est
287 1908 450 1978 Paulopost
468 1907 554 1963 adfuit
571 1906 699 1968 notarius,
714 1913 742 1958 et
757 1921 854 1958 narem
868 1912 990 1958 nostram
1029 1905 1146 1959 ostendit
1158 1904 1244 1966 nobis,
1260 1922 1309 1975 per
1329 1904 1400 1959 latus
1414 1921 1497 1959 unum
1511 1902 1651 1974 integrum
1666 1906 1745 1973 (nem
1759 1904 1825 1961 latus

198 1988 370 2052 conscendit:
392 1988 421 2042 in
451 2004 533 2041 manu
561 2003 611 2041 sua
634 1985 751 2039 fructum
773 1984 907 2054 quendam
930 1984 990 2052 ejus
1029 1984 1170 2039 mversum
1184 1984 1253 2038 nibil
1267 1983 1341 2039 aliud
1355 1991 1420 2048 erat,
1436 2000 1517 2055 quam
1530 1984 1632 2053 paries,
1646 1992 1678 2038 et
1692 1984 1824 2055 fenestra)

198 2068 318 2139 regionis
345 2074 449 2130 tenens,
477 2066 600 2120 aurentio
625 2080 681 2118 non
707 2062 868 2125 absimilem,
895 2080 990 2117 verum
1029 2062 1112 2118 cellas
1131 2063 1324 2133 septendecim,
1342 2064 1450 2127 nitidas,
1465 2063 1628 2133 partitiones
1647 2062 1826 2120 habentesex

199 2147 290 2201 colore
312 2145 400 2217 magis
420 2146 450 2200 in
473 2145 627 2200 coccineum
645 2150 782 2213 vergente,
804 2142 851 2212 qui
879 2142 989 2196 odorem
1029 2143 1116 2198 cedro.
1157 2142 1223 2203 Qus:
1247 2143 1375 2213 porticus,
1398 2160 1460 2198 cum
1482 2141 1569 2209 cellis,
1587 2159 1706 2198 numero
1725 2143 1826 2215 quadri-

198 2225 319 2296 spirabat
332 2225 531 2280 suavissimum.
573 2223 654 2278 Illum
668 2222 711 2285 (ut
724 2221 841 2290 ridetur)
857 2222 990 2292 gestabat,
1029 2224 1106 2291 ginta
1119 2222 1218 2289 (multo
1229 2222 1332 2277 scilicet
1346 2223 1476 2293 pluribus,
1487 2239 1570 2294 quam
1582 2223 1666 2278 nobis
1682 2226 1824 2292 opuserat)

197 2301 836 2374 uteicontracontagionemantidotiriceesset.
859 2301 993 2357 Exhibuit
1029 2301 1153 2357 institute
1166 2310 1225 2357 erat
1242 2303 1277 2357 ad
1294 2320 1373 2358 usum
1390 2303 1567 2359 intirmorum.
1611 2303 1756 2374 Simulque
1769 2320 1826 2357 mo·

198 2392 289 2439 antem
301 2384 381 2439 nobis
398 2384 596 2453 juramentum:
617 2399 667 2452 per
677 2380 694 2435 J
697 2398 773 2437 esum
787 2381 840 2436 Dei
855 2381 947 2445 filium,
962 2389 989 2437 et
1028 2383 1096 2447 nuit,
1111 2383 1183 2453 quod
1197 2383 1395 2452 quamprimum
1409 2381 1509 2453 aliquis
1518 2399 1554 2438 cx
1564 2382 1680 2454 egrotis
1694 2382 1825 2438 conralee

199 2464 298 2517 merita
307 2464 386 2532 ejus:
402 2480 434 2517 ac
448 2462 544 2517 deinde
555 2462 633 2517 nobis
647 2462 723 2524 dixit,
735 2468 844 2532 postero
857 2461 913 2529 die,
927 2470 990 2516 ante
1029 2470 1112 2526 ceret,
1127 2462 1266 2517 transferri
1286 2470 1412 2532 possete
1436 2462 1508 2516 cella
1526 2462 1556 2517 in
1578 2461 1748 2518 cubiculum.
1785 2462 1826 2518 ld

198 2541 264 2597 solis
283 2551 415 2608 exortum,
430 2542 583 2608 affuturum,
604 2542 651 2612 qui
668 2559 719 2596 noa
738 2549 895 2606 accerseret,
909 2558 942 2595 ac
957 2542 991 2596 ad
1029 2559 1111 2613 quem
1123 2559 1202 2597 usum
1216 2551 1310 2612 persta
1321 2549 1397 2597 erant
1408 2542 1501 2597 decem
1515 2540 1571 2595 alia
1583 2541 1723 2605 cubicula,
1734 2552 1827 2614 prater

197 2621 307 2677 domum
326 2623 530 2693 peregrinomm
552 2622 717 2693 perduceret,
732 2622 778 2677 ubi
798 2629 898 2694 presto
911 2622 991 2677 nobis
1028 2621 1084 2687 illa,
1099 2623 1133 2677 de
1155 2623 1253 2693 quibus
1271 2631 1333 2677 aute
1353 2622 1482 2677 dimmus.
1521 2621 1584 2676 Hoc
1604 2622 1688 2686 facto,
1701 2623 1730 2677 in
1743 2639 1827 2676 emna-

198 2709 288 2756 essent
303 2719 468 2773 quacunque
481 2703 642 2767 necessaria,
658 2703 715 2757 sire
728 2719 779 2773 pro
799 2702 917 2775 :2ch
932 2702 990 2758 sive
1029 2701 1120 2757 culum
1133 2718 1183 2757 nos
1197 2702 1313 2765 reduxit,
1328 2708 1356 2756 et
1375 2700 1501 2756 attollens
1511 2700 1655 2771 paululum
1671 2703 1827 2757 anmdinem

161 2787 162 2791 ’
197 2797 248 2852 pro
260 2782 342 2837 sanis.
384 2782 429 2836 Sic
445 2782 553 2836 anobis
566 2782 708 2836 discessit:
722 2799 838 2855 cumque
852 2782 878 2837 ci
893 2799 991 2837 aureos
1029 2798 1114 2845 susm,
1126 2783 1211 2853 (quod
1225 2783 1255 2836 in
1267 2798 1342 2836 more
1355 2780 1412 2835 illis
1426 2788 1491 2845 eret,
1502 2781 1609 2851 quoties
1624 2782 1828 2837 minuetum:

198 2860 303 2932 aliquos
321 2860 520 2926 obtulissemus,
543 2861 684 2920 subridens
708 2861 794 2916 dixit:
817 2868 833 2894 ⁸⁴
846 2878 876 2916 se
895 2861 990 2916 binum
1028 2861 1092 2915 date
1102 2861 1271 2931 superiomm
1281 2858 1422 2927 referunt)
1436 2859 1710 2915 itaednoslocutue
1751 2862 1828 2916 “No-

198 2940 328 2997 salan'um
355 2959 405 3012 pro
431 2959 486 2996 una
519 2959 602 3012 opera
629 2941 752 3011 accipere
781 2957 836 2996 non
863 2941 989 2996 dehere.”
1028 2940 1827 3013 tumvobisfaeio,consuetudinemregnihujuspostulare,

198 3019 316 3080 Quorum
330 3022 472 3076 verborum
487 3023 530 3093 (nt
543 3021 671 3088 arbitror)
686 3021 714 3074 in
728 3037 823 3074 sensus
837 3029 902 3085 erat,
917 3022 990 3092 quod
1028 3026 1059 3074 ut
1082 3028 1144 3092 poet
1163 3022 1236 3076 diem
1259 3023 1413 3084 instantem,
1427 3028 1456 3075 et
1475 3020 1634 3085 crasdnum,
1649 3022 1736 3092 (quos
1753 3021 1828 3076 robis

197 3098 326 3153 salarium
341 3118 356 3155 e
371 3101 480 3170 publico
494 3102 529 3155 ob
543 3117 652 3169 operam
664 3116 742 3153 suam
751 3101 893 3170 reciperet.
915 3101 990 3155 Nam
1028 3099 1062 3154 ad
1076 3100 1275 3156 transferendos
1289 3118 1305 3154 e
1318 3101 1382 3154 neri
1395 3100 1529 3164 homines,
1544 3108 1571 3154 et
1583 3117 1630 3155 rea
1643 3109 1757 3164 restrae,
1770 3117 1829 3171 per·

198 3177 241 3244 (ut
255 3187 349 3249 postea
363 3179 501 3246 intellexi)
516 3180 685 3244 officiarium,
700 3179 747 3250 qui
757 3180 870 3250 pramis
883 3180 989 3250 accipit,
1028 3178 1181 3247 mittimus,)
1195 3180 1359 3235 contineatis
1371 3196 1421 3235 voe
1434 3180 1509 3250 ipsos
1521 3180 1595 3234 iutra
1608 3180 1684 3234 fores
1703 3179 1786 3235 hasce
1799 3181 1828 3234 in

197 3255 337 3312 hominem
350 3259 408 3313 bini
422 3259 514 3314 salarii
527 3266 632 3314 vocant.
1027 3260 1154 3314 triduum.
1195 3260 1380 3314 Veruntamen
1392 3259 1446 3314 hoc
1454 3276 1503 3314 ros
1515 3275 1570 3314 non
1583 3260 1734 3330 pertmbet,
1742 3277 1828 3331 neque

236 3335 349 3393 Postero
369 3355 447 3393 mane
468 3337 587 3393 diluculo
606 3337 720 3393 accessit
742 3339 777 3393 ed
793 3354 842 3392 nos
865 3336 991 3393 minister
1028 3346 1172 3409 propterea
1185 3341 1257 3394 intra
1269 3356 1405 3393 carcerem
1425 3356 1474 3393 ros
1493 3339 1632 3412 compingi
1654 3340 1826 3394 existimate:

197 3412 252 3479 ille,
267 3417 314 3487 qui
335 3418 438 3487 primus
452 3435 513 3472 cum
535 3417 665 3474 amndine
687 3434 736 3472 sua
759 3435 810 3472 nos
832 3417 944 3482 adierat,
963 3426 990 3472 et
1028 3418 1076 3472 sed
1090 3419 1180 3487 potius
1193 3418 1327 3474 indultum
1339 3418 1392 3472 hoc
1406 3435 1477 3484 esse,
1491 3435 1546 3490 quo
1564 3419 1599 3471 ab
1620 3419 1720 3474 itinere
1739 3429 1828 3474 restro

196 3495 306 3550 retulit:
337 3512 366 3550 se
381 3498 494 3561 venisse,
508 3505 540 3552 ut
553 3498 587 3551 ad
601 3498 710 3552 domum
724 3497 991 3568 peregrinommnos
1028 3498 1139 3568 spiritus
1152 3499 1279 3553 recreetis
1292 3505 1321 3552 et
1333 3497 1469 3552 reficiatis
1510 3496 1621 3553 Nullius
1635 3499 1676 3553 rei
1692 3499 1826 3569 egebitis:

196 3572 354 3630 deduceret:
375 3593 405 3630 se
419 3585 509 3631 autem
529 3576 625 3630 horam
638 3578 808 3646 anticipasse,
822 3585 852 3629 ut
871 3592 989 3629 commo·
1028 3577 1092 3647 quin
1102 3585 1130 3630 et
1139 3593 1188 3634 sex
1200 3576 1292 3632 famuli
1301 3577 1432 3647 assignati
1442 3585 1513 3642 sunt,
1524 3577 1827 3648 quirobisministrent,

196 3651 307 3709 ditatem
320 3655 419 3724 integri
440 3655 494 3709 diei
516 3656 551 3709 ad
570 3656 682 3727 negotis
702 3664 796 3710 nostra
817 3654 988 3710 haberemus.
1027 3663 1056 3709 et
1078 3658 1188 3728 negotia
1208 3664 1298 3712 restra
1318 3657 1493 3726 expediant.”
1543 3657 1652 3711 Gratias
1677 3658 1703 3712 ei
1724 3659 1828 3729 egimus

197 3732 257 3786 “Si
272 3735 387 3799 autem,’'
401 3735 497 3806 inquit,
511 3740 528 3767 “
537 3735 606 3788 mihi
621 3735 814 3798 auscultabitis,
827 3734 915 3804 primo
932 3752 989 3788 me·
1027 3751 1087 3788 cum
1102 3736 1174 3789 omni
1189 3737 1288 3790 affectu
1298 3744 1326 3790 et
1338 3735 1507 3799 humilitate:
1528 3744 1557 3789 et
1567 3736 1707 3792 diximus:
1730 3738 1828 3792 “Dens

195 3828 258 3867 cum
271 3812 377 3885 aliquos
394 3823 513 3869 restrum
531 3814 653 3878 mittetis,
668 3815 714 3887 qui
729 3814 818 3869 locum
832 3813 990 3883 circumspi·
1027 3814 1203 3882 proculdubio
1215 3815 1245 3869 iu
1259 3814 1311 3868 hac
1327 3822 1399 3870 terra
1413 3816 1629 3870 manifestatur.”
1671 3816 1829 3871 obtulimus

195 3890 275 3957 ciant,
291 3902 317 3947 et
330 3894 464 3963 quomodo
478 3894 579 3963 optime
593 3894 627 3947 ad
640 3911 688 3948 roe
702 3891 871 3963 recipiendos
884 3910 990 3947 accom-
1028 3893 1054 3945 ei
1068 3893 1151 3947 etiam
1164 3894 1258 3963 viginti
1281 3911 1384 3959 aureos,
1406 3895 1455 3949 sed
1475 3893 1523 3948 ille
1545 3911 1653 3966 quoque
1676 3897 1827 3959 subridens,

194 3971 299 4027 mederi
312 3972 414 4042 possit:
442 3982 639 4043 pmmaeutem
652 3981 768 4044 egrotos
780 3979 883 4026 vestros
897 3988 989 4026 accer-
1027 3972 1080 4025 hoc
1100 3973 1187 4027 solum
1207 3973 1288 4027 dixit:
1314 3979 1331 4006 ‘⁸
1345 3973 1423 4039 Quid,
1437 3974 1519 4028 vultis
1539 3991 1583 4030 me
1604 3991 1665 4028 esse
1685 3975 1827 4030 hominem

195 4050 269 4113 setis,
284 4058 312 4105 et
325 4051 451 4124 reliquos,
466 4070 535 4124 quos
552 4053 693 4107 interram
707 4051 868 4107 descendere
883 4049 988 4105 vultia”
1027 4050 1084 4105 bini
1108 4051 1246 4106 salariil”
1278 4052 1324 4107 Sic
1347 4054 1423 4109 abiit.
1475 4053 1564 4108 Paulo
1586 4062 1656 4124 post
1682 4056 1826 4124 prandium

196 4128 306 4185 Gratias
326 4132 352 4185 ei
373 4133 487 4202 egimus,
509 4139 537 4186 et
557 4132 684 4196 diximus,
698 4149 791 4186 curam
813 4130 892 4194 hane,
907 4147 988 4201 quam
1026 4138 1148 4185 nosmrm
1170 4131 1283 4186 allatum
1303 4139 1360 4188 est:
1391 4132 1462 4203 quod
1484 4139 1557 4186 certe
1578 4134 1642 4188 eatis
1664 4133 1779 4198 lautum,
1799 4143 1827 4187 et

195 4223 245 4277 pro
270 4211 421 4280 peregrinis
446 4211 554 4266 macris
581 4212 707 4281 suscepit,
731 4211 821 4265 Deum
843 4227 893 4280 pro
916 4217 990 4263 certo
1027 4208 1163 4265 salubrem
1173 4212 1281 4275 rictum,
1293 4219 1349 4266 tarn
1362 4218 1488 4281 respectu
1500 4213 1629 4275 ciborum,
1641 4231 1724 4284 quam
1741 4225 1825 4285 potue,

194 4297 434 4344 remuneraturum.
477 4291 573 4360 ltaque
586 4308 636 4345 sex
649 4307 665 4344 e
678 4290 778 4344 nostris
792 4307 854 4343 eum
867 4288 989 4344 comitati
1027 4288 1167 4344 exhibuit:
1188 4289 1329 4345 meliorem
1347 4301 1421 4346 certe
1441 4299 1470 4345 et
1489 4290 1652 4360 uberiorem,
1672 4310 1757 4364 qnam
1778 4311 1827 4364 pro

195 4374 265 4420 sunt
305 4365 467 4433 Praeiitille,
482 4377 510 4423 et
523 4369 718 4439 respiciensad
732 4385 790 4433 nos,
804 4369 875 4423 dixit
888 4367 989 4439 perhu·
1027 4366 1135 4423 modulo
1159 4370 1269 4440 collegii
1292 4370 1381 4435 ullius,
1406 4378 1537 4442 quantum
1559 4372 1631 4435 novi,
1653 4373 1683 4426 in
1705 4372 1826 4443 Europa

194 4462 274 4500 mane
293 4454 382 4502 certe:
403 4464 433 4503 se
454 4465 560 4503 sermm
579 4456 701 4504 noenum
715 4447 899 4503 tantummodo
912 4463 988 4511 esse:
1028 4447 1110 4501 Potus
1131 4456 1188 4502 erat
1213 4451 1295 4504 mium
1317 4467 1463 4521 generum:
1490 4451 1702 4522 unumquodque
1731 4469 1826 4507 eoram

194 4531 223 4579 et
236 4525 287 4581 vis:
300 4525 405 4581 ducem.
445 4527 533 4582 Duxit
545 4536 636 4583 autem
659 4544 709 4583 nos
731 4544 780 4597 per
798 4535 854 4580 tres
875 4525 989 4597 plateas,
1027 4526 1126 4581 bonum
1141 4535 1169 4581 et
1185 4528 1308 4582 salubre:
1328 4529 1420 4583 vinum
1434 4546 1469 4583 ex
1482 4530 1558 4584 uris:
1579 4539 1709 4600 potusex
1723 4533 1826 4602 panis

193 4603 322 4674 pulchras
343 4606 504 4661 admodum:
534 4615 615 4678 atquc
636 4623 686 4677 per
708 4613 803 4674 totam,
825 4622 907 4676 quam
927 4622 989 4675 per-
1028 4605 1116 4676 qualis
1126 4614 1167 4660 est
1180 4607 1463 4677 apudnoscererisia,
1475 4608 1523 4662 sed
1536 4608 1627 4663 clarus
1641 4619 1669 4663 et
1680 4608 1826 4679 limpidus:

193 4684 374 4749 transivimus,
389 4686 461 4739 uam
476 4687 550 4740 haud
563 4687 643 4757 pauci
657 4704 673 4741 e
686 4686 787 4756 populo
800 4686 834 4739 ad
847 4692 989 4753 utrumque
1027 4692 1055 4738 et
1068 4685 1162 4739 sicera
1175 4703 1261 4756 genus
1274 4704 1310 4740 ex
1324 4687 1411 4741 fructu
1425 4687 1542 4758 quodam
1552 4685 1614 4763 ejus
1628 4690 1751 4760 regionis
1763 4707 1829 4744 cou-

193 4760 264 4818 latus
284 4766 442 4835 congregati
464 4774 532 4830 erint,
547 4767 641 4820 ordine
663 4775 778 4826 stantes:
799 4781 893 4818 rerum
914 4780 989 4817 more
1028 4764 1135 4828 fectum,
1155 4773 1234 4834 potue
1252 4782 1318 4819 esne
1341 4766 1521 4836 gratisdmus,
1540 4776 1568 4822 et
1590 4768 1652 4822 miri
1675 4769 1826 4840 refrigerii.

193 4841 262 4896 adeo
274 4840 357 4908 cirili,
372 4852 402 4900 ut
415 4844 570 4900 siderentur
583 4862 638 4899 nou
653 4852 710 4898 tam
728 4844 762 4898 ad
776 4844 890 4898 otiosum
911 4859 989 4911 spec·
1028 4842 1119 4898 Allata
1142 4842 1224 4898 etism
1248 4852 1289 4898 eat
1310 4845 1389 4900 nobis
1411 4862 1511 4917 magna
1533 4847 1613 4917 copie
1638 4849 1827 4903 aurantius-um

194 4921 314 4977 taculum
341 4925 508 4986 convenisse,
531 4941 612 4996 quam
639 4932 669 4978 ut
696 4923 841 4978 adventum
868 4930 989 4977 nostrum
1027 4921 1135 4977 illorum
1156 4924 1349 4989 cooeiueorum,
1366 4924 1395 4977 in
1412 4941 1490 4980 usum
1511 4935 1692 4997 agrotomrn:
1713 4929 1828 4982 aiebant

192 5000 402 5070 gratularentur.
444 5003 526 5058 Multi
554 5011 646 5058 summ
671 5019 707 5057 ex
733 5003 777 5067 iis,
799 5020 862 5058 cum
880 5002 989 5055 incede·
1028 5002 1163 5065 enimes
1185 5011 1345 5073 praeesset
1366 5004 1544 5059 efficeresse
1558 5006 1709 5061 remedium
1731 5015 1829 5060 emur

192 5096 291 5145 mmus,
304 5082 416 5136 brachia
430 5099 480 5136 sua
494 5081 633 5152 paululum
646 5089 821 5151 aperuerunt:
842 5099 896 5152 quo
909 5088 989 5151 gestu
1027 5081 1214 5151 egritudinem
1229 5083 1257 5135 in
1277 5082 1452 5153 navigatione
1465 5090 1637 5139 contractam.
1678 5085 1828 5145 Puderet.

191 5167 305 5214 utuntur
328 5178 391 5216 cum
414 5161 558 5216 adrentum
581 5160 697 5228 alicujus
716 5161 770 5216 sibi
796 5169 903 5232 gratum
928 5176 988 5213 esee
1027 5160 1157 5230 pyxidem
1182 5161 1260 5215 nobis
1283 5161 1401 5226 tradidit,
1420 5162 1525 5232 pillulis
1545 5162 1743 5220 albescentibus
1767 5166 1827 5218 sire

192 5238 348 5308 significare
361 5238 464 5294 volunt.
507 5240 611 5294 Domus
625 5240 829 5308 peregrinorum
845 5238 988 5293 aediticium
1027 5240 1165 5303 cineritiis,
1180 5239 1301 5310 plenam:
1323 5241 1480 5311 monuitque
1494 5251 1524 5296 ut
1534 5244 1628 5314 :egroti
1641 5244 1725 5298 noemi
1739 5260 1826 5297 anani

193 5323 236 5370 est
249 5318 401 5385 speciosum
414 5325 442 5372 et
455 5319 610 5387 spatiosum,
621 5324 788 5372 exstructum
801 5337 837 5373 ex
850 5318 988 5382 lateribus,
1028 5335 1128 5381 earum,
1143 5319 1259 5389 singulis
1272 5321 1404 5384 noctibus,
1419 5321 1448 5374 in
1462 5321 1573 5375 introitu
1587 5322 1657 5386 lecti,
1667 5331 1827 5378 sumerent:

193 5395 294 5447 nostris
308 5397 397 5450 colore
411 5397 493 5464 paulo
507 5398 595 5467 magis
608 5396 767 5465 purpureis:
787 5414 849 5451 cum
863 5397 988 5450 fenestris
1028 5397 1215 5467 quasdixerat
1228 5400 1373 5454 sanitatem
1387 5416 1480 5454 eorum
1495 5400 1698 5456 acceleraturus
1737 5400 1827 5455 Prox-

193 5470 307 5537 decoris,
315 5472 453 5543 aliquibus
466 5475 587 5540 exritro,
598 5473 734 5544 aliquibus
748 5481 841 5530 antem
850 5491 886 5529 ex
897 5491 989 5545 panno
1026 5475 1083 5530 imo
1095 5475 1148 5542 die,
1159 5494 1220 5531 cum
1234 5494 1252 5530 a
1264 5477 1357 5534 labore
1370 5487 1398 5533 et
1411 5496 1495 5551 opere
1505 5481 1578 5535 circa
1586 5489 1721 5537 recturam
1730 5478 1826 5534 aad·
