<?xml version="1.0" encoding="UTF-8"?>
<!DOCTYPE html PUBLIC "-//W3C//DTD XHTML 1.0 Transitional//EN"
    "http://www.w3.org/TR/xhtml1/DTD/xhtml1-transitional.dtd">
<html xmlns="http://www.w3.org/1999/xhtml" xml:lang="en" lang="en">
 <head>
  <title>
</title>
<meta http-equiv="Content-Type" content="text/html;charset=utf-8" />
  <meta name='ocr-system' content='tesseract 3.04.00' />
  <meta name='ocr-capabilities' content='ocr_page ocr_carea ocr_par ocr_line ocrx_word'/>
</head>
<body>
  <div class='ocr_page' id='page_1' title='image "./workslordbaconw00bacogoog_0356.png"; bbox 0 0 3800 5875; ppageno 0'>
   <div class='ocr_carea' id='block_1_1' title="bbox 220 316 1847 375">
    <p class='ocr_par' dir='ltr' id='par_1_1' title="bbox 220 316 1847 375">
     <span class='ocr_line' id='line_1_1' title="bbox 220 316 1847 375; baseline -0.001 0"><span class='ocrx_word' id='word_1_1' title='bbox 220 320 278 375; x_wconf 79' lang='lat'><strong>330</strong></span> <span class='ocrx_word' id='word_1_2' title='bbox 736 316 789 374; x_wconf 78' lang='lat' dir='ltr'><strong>DE</strong></span> <span class='ocrx_word' id='word_1_3' title='bbox 807 316 1033 371; x_wconf 82' lang='lat' dir='ltr'><strong>AUGMENTIS</strong></span> <span class='ocrx_word' id='word_1_4' title='bbox 1055 317 1331 373; x_wconf 80' lang='lat' dir='ltr'><strong>SCIENTIARUM.</strong></span> <span class='ocrx_word' id='word_1_5' title='bbox 1716 318 1782 375; x_wconf 84' lang='lat' dir='ltr'><strong>Lrs.</strong></span> <span class='ocrx_word' id='word_1_6' title='bbox 1802 320 1847 374; x_wconf 90' lang='grc' dir='ltr'><strong>ιιι</strong></span> 
     </span>
    </p>
   </div>
   <div class='ocr_carea' id='block_1_2' title="bbox 218 473 1859 5547">
    <p class='ocr_par' dir='ltr' id='par_1_2' title="bbox 218 473 1859 5547">
     <span class='ocr_line' id='line_1_2' title="bbox 221 473 1858 546; baseline -0.003 -11"><span class='ocrx_word' id='word_1_7' title='bbox 221 480 331 535; x_wconf 89' lang='lat' dir='ltr'><strong>tionem.</strong></span> <span class='ocrx_word' id='word_1_8' title='bbox 374 478 438 532; x_wconf 89' lang='lat' dir='ltr'><strong>Una</strong></span> <span class='ocrx_word' id='word_1_9' title='bbox 455 476 604 546; x_wconf 75' lang='lat' dir='ltr'><strong>inspiratur</strong></span> <span class='ocrx_word' id='word_1_10' title='bbox 625 476 762 540; x_wconf 75' lang='lat' dir='ltr'><strong>dimnitns,</strong></span> <span class='ocrx_word' id='word_1_11' title='bbox 784 473 871 529; x_wconf 85' lang='lat' dir='ltr'><strong>altera</strong></span> <span class='ocrx_word' id='word_1_12' title='bbox 892 475 978 529; x_wconf 90' lang='lat' dir='ltr'><strong>oritur</strong></span> <span class='ocrx_word' id='word_1_13' title='bbox 1000 492 1018 528; x_wconf 90' lang='lat' dir='ltr'><strong>a</strong></span> <span class='ocrx_word' id='word_1_14' title='bbox 1053 474 1114 531; x_wconf 81' lang='lat' dir='ltr'><strong>licre</strong></span> <span class='ocrx_word' id='word_1_15' title='bbox 1128 476 1384 531; x_wconf 79' lang='lat' dir='ltr'><strong>orditnraiamilia</strong></span> <span class='ocrx_word' id='word_1_16' title='bbox 1427 477 1555 532; x_wconf 84' lang='lat' dir='ltr'><strong>“Omnia</strong></span> <span class='ocrx_word' id='word_1_17' title='bbox 1568 483 1714 540; x_wconf 88' lang='lat' dir='ltr'><strong>mutantur,</strong></span> <span class='ocrx_word' id='word_1_18' title='bbox 1728 478 1797 532; x_wconf 90' lang='lat' dir='ltr'><strong>nil</strong></span> <span class='ocrx_word' id='word_1_19' title='bbox 1787 491 1858 532; x_wconf 82' lang='lat' dir='ltr'><strong>ante·</strong></span> 
     </span>
     <span class='ocr_line' id='line_1_3' title="bbox 222 554 1857 627; baseline -0.002 -14"><span class='ocrx_word' id='word_1_20' title='bbox 222 576 311 614; x_wconf 89' lang='lat' dir='ltr'><strong>sensu</strong></span> <span class='ocrx_word' id='word_1_21' title='bbox 339 557 415 612; x_wconf 91' lang='lat' dir='ltr'><strong>Nam</strong></span> <span class='ocrx_word' id='word_1_22' title='bbox 428 563 559 627; x_wconf 88' lang='lat' dir='ltr'><strong>quantum</strong></span> <span class='ocrx_word' id='word_1_23' title='bbox 572 556 607 608; x_wconf 89' lang='lat' dir='ltr'><strong>ad</strong></span> <span class='ocrx_word' id='word_1_24' title='bbox 620 555 705 619; x_wconf 80' lang='lat' dir='ltr'><strong>illam</strong></span> <span class='ocrx_word' id='word_1_25' title='bbox 718 571 779 625; x_wconf 79' lang='lat' dir='ltr'><strong>quae</strong></span> <span class='ocrx_word' id='word_1_26' title='bbox 792 554 915 609; x_wconf 90' lang='lat' dir='ltr'><strong>docendo</strong></span> <span class='ocrx_word' id='word_1_27' title='bbox 928 554 1018 607; x_wconf 83' lang='lat' dir='ltr'><strong>rniun</strong></span> <span class='ocrx_word' id='word_1_28' title='bbox 1053 555 1132 610; x_wconf 81' lang='lat' dir='ltr'><strong>rit:’&#39;</strong></span> <span class='ocrx_word' id='word_1_29' title='bbox 1153 556 1249 626; x_wconf 88' lang='lat' dir='ltr'><strong>regula</strong></span> <span class='ocrx_word' id='word_1_30' title='bbox 1262 556 1378 610; x_wconf 86' lang='lat' dir='ltr'><strong>rudem</strong></span> <span class='ocrx_word' id='word_1_31' title='bbox 1370 573 1399 609; x_wconf 89' lang='grc' dir='ltr'><strong>ιι</strong></span> <span class='ocrx_word' id='word_1_32' title='bbox 1419 556 1542 626; x_wconf 76' lang='lat' dir='ltr'>physicis</span> <span class='ocrx_word' id='word_1_33' title='bbox 1558 557 1611 610; x_wconf 90' lang='lat' dir='ltr'><strong>boc</strong></span> <span class='ocrx_word' id='word_1_34' title='bbox 1630 558 1714 610; x_wconf 90' lang='lat' dir='ltr'><strong>modo</strong></span> <span class='ocrx_word' id='word_1_35' title='bbox 1729 557 1857 626; x_wconf 64' lang='lat' dir='ltr'><strong>paulam</strong></span> 
     </span>
     <span class='ocr_line' id='line_1_4' title="bbox 222 633 1857 706; baseline -0.001 -14"><span class='ocrx_word' id='word_1_36' title='bbox 222 639 303 702; x_wconf 90' lang='lat' dir='ltr'><strong>ditur,</strong></span> <span class='ocrx_word' id='word_1_37' title='bbox 318 637 475 700; x_wconf 88' lang='lat' dir='ltr'><strong>scientiam·</strong></span> <span class='ocrx_word' id='word_1_38' title='bbox 497 634 663 689; x_wconf 70' lang='lat' dir='ltr'><strong>cumulatim</strong></span> <span class='ocrx_word' id='word_1_39' title='bbox 680 651 714 688; x_wconf 90' lang='lat' dir='ltr'><strong>ea</strong></span> <span class='ocrx_word' id='word_1_40' title='bbox 727 640 777 696; x_wconf 86' lang='lat' dir='ltr'><strong>est,</strong></span> <span class='ocrx_word' id='word_1_41' title='bbox 790 649 846 687; x_wconf 90' lang='lat' dir='ltr'><strong>nou</strong></span> <span class='ocrx_word' id='word_1_42' title='bbox 859 633 1015 704; x_wconf 79' lang='lat' dir='ltr'><strong>originalis3</strong></span> <span class='ocrx_word' id='word_1_43' title='bbox 1054 634 1220 695; x_wconf 84' lang='lat' dir='ltr'><strong>“Quantum</strong></span> <span class='ocrx_word' id='word_1_44' title='bbox 1241 643 1353 698; x_wconf 73' lang='lat' dir='ltr'><strong>natura,</strong></span> <span class='ocrx_word' id='word_1_45' title='bbox 1377 652 1428 689; x_wconf 89' lang='lat' dir='ltr'><strong>nec</strong></span> <span class='ocrx_word' id='word_1_46' title='bbox 1453 637 1588 700; x_wconf 90' lang='lat' dir='ltr'><strong>minuitur,</strong></span> <span class='ocrx_word' id='word_1_47' title='bbox 1612 653 1664 689; x_wconf 89' lang='lat' dir='ltr'><strong>nec</strong></span> <span class='ocrx_word' id='word_1_48' title='bbox 1691 646 1835 706; x_wconf 86' lang='lat' dir='ltr'><strong>augetur:</strong></span> <span class='ocrx_word' id='word_1_49' title='bbox 1840 638 1857 663; x_wconf 86' lang='lat'><strong>&#39;¹</strong></span> 
     </span>
     <span class='ocr_line' id='line_1_5' title="bbox 223 714 1859 806; baseline -0.001 -35"><span class='ocrx_word' id='word_1_50' title='bbox 223 718 295 771; x_wconf 90' lang='lat' dir='ltr'><strong>sicut</strong></span> <span class='ocrx_word' id='word_1_51' title='bbox 308 717 392 770; x_wconf 83' lang='lat' dir='ltr'><strong>etiam</strong></span> <span class='ocrx_word' id='word_1_52' title='bbox 403 714 454 769; x_wconf 88' lang='grc' dir='ltr'><strong>ιιι</strong></span> <span class='ocrx_word' id='word_1_53' title='bbox 445 731 474 768; x_wconf 91' lang='grc' dir='ltr'><strong>ιι</strong></span> <span class='ocrx_word' id='word_1_54' title='bbox 484 731 569 785; x_wconf 77' lang='lat' dir='ltr'><strong>aquis,</strong></span> <span class='ocrx_word' id='word_1_55' title='bbox 581 731 641 783; x_wconf 77' lang='lat' dir='ltr'><strong>qum</strong></span> <span class='ocrx_word' id='word_1_56' title='bbox 653 721 750 785; x_wconf 71' lang='lat' dir='ltr'><strong>praeter</strong></span> <span class='ocrx_word' id='word_1_57' title='bbox 761 714 850 767; x_wconf 86' lang='lat' dir='ltr'><strong>ioutcs</strong></span> <span class='ocrx_word' id='word_1_58' title='bbox 860 729 1016 782; x_wconf 78' lang='lat' dir='ltr'><strong>primanos</strong></span> <span class='ocrx_word' id='word_1_59' title='bbox 1053 714 1568 806; x_wconf 77' lang='lat' dir='ltr'><strong>eademcompetittheologiaenaturali,</strong></span> <span class='ocrx_word' id='word_1_60' title='bbox 1574 715 1768 779; x_wconf 73' lang='lat' dir='ltr'><strong>novariam-⁶</strong></span> <span class='ocrx_word' id='word_1_61' title='bbox 1770 716 1859 770; x_wconf 70' lang='grc' dir='ltr'><strong>ι·οιιι</strong></span> 
     </span>
     <span class='ocr_line' id='line_1_6' title="bbox 223 792 1859 865; baseline -0.001 -15"><span class='ocrx_word' id='word_1_62' title='bbox 223 814 259 850; x_wconf 86' lang='lat' dir='ltr'><strong>ex</strong></span> <span class='ocrx_word' id='word_1_63' title='bbox 273 795 334 850; x_wconf 91' lang='lat' dir='ltr'><strong>aliis</strong></span> <span class='ocrx_word' id='word_1_64' title='bbox 348 794 460 849; x_wconf 86' lang='lat' dir='ltr'><strong>nvuhs</strong></span> <span class='ocrx_word' id='word_1_65' title='bbox 452 811 482 848; x_wconf 92' lang='grc' dir='ltr'><strong>ιι</strong></span> <span class='ocrx_word' id='word_1_66' title='bbox 495 795 652 862; x_wconf 83' lang='lat' dir='ltr'><strong>sereceptrs</strong></span> <span class='ocrx_word' id='word_1_67' title='bbox 663 800 821 864; x_wconf 88' lang='lat' dir='ltr'><strong>augescunt.</strong></span> <span class='ocrx_word' id='word_1_68' title='bbox 863 792 1017 847; x_wconf 87' lang='lat' dir='ltr'><strong>Partiemur</strong></span> <span class='ocrx_word' id='word_1_69' title='bbox 1053 793 1214 862; x_wconf 76' lang='lat' dir='ltr'><strong>nipotentias</strong></span> <span class='ocrx_word' id='word_1_70' title='bbox 1234 800 1298 848; x_wconf 88' lang='lat' dir='ltr'><strong>sunt</strong></span> <span class='ocrx_word' id='word_1_71' title='bbox 1314 811 1406 864; x_wconf 91' lang='lat' dir='ltr'><strong>opera,</strong></span> <span class='ocrx_word' id='word_1_72' title='bbox 1420 793 1525 865; x_wconf 87' lang='lat' dir='ltr'><strong>aliquid</strong></span> <span class='ocrx_word' id='word_1_73' title='bbox 1545 811 1581 848; x_wconf 84' lang='lat' dir='ltr'><strong>ex</strong></span> <span class='ocrx_word' id='word_1_74' title='bbox 1598 794 1689 848; x_wconf 83' lang='lat' dir='ltr'><strong>nihilo</strong></span> <span class='ocrx_word' id='word_1_75' title='bbox 1711 795 1817 856; x_wconf 78' lang='lat' dir='ltr'><strong>facere,</strong></span> <span class='ocrx_word' id='word_1_76' title='bbox 1832 805 1859 848; x_wconf 88' lang='lat' dir='ltr'><strong>et</strong></span> 
     </span>
     <span class='ocr_line' id='line_1_7' title="bbox 222 871 1859 945; baseline 0 -16"><span class='ocrx_word' id='word_1_77' title='bbox 222 877 307 945; x_wconf 89' lang='lat' dir='ltr'><strong>igitur</strong></span> <span class='ocrx_word' id='word_1_78' title='bbox 330 875 481 936; x_wconf 82' lang='lat' dir='ltr'><strong>scientiam,</strong></span> <span class='ocrx_word' id='word_1_79' title='bbox 503 873 531 927; x_wconf 91' lang='lat' dir='ltr'><strong>in</strong></span> <span class='ocrx_word' id='word_1_80' title='bbox 555 872 723 944; x_wconf 77' lang='lat' dir='ltr'><strong>theologiam</strong></span> <span class='ocrx_word' id='word_1_81' title='bbox 748 878 775 926; x_wconf 89' lang='lat' dir='ltr'><strong>et</strong></span> <span class='ocrx_word' id='word_1_82' title='bbox 802 871 1017 942; x_wconf 73' lang='lat' dir='ltr'><strong>philosophiam.</strong></span> <span class='ocrx_word' id='word_1_83' title='bbox 1054 872 1158 944; x_wconf 88' lang='lat' dir='ltr'><strong>aliquid</strong></span> <span class='ocrx_word' id='word_1_84' title='bbox 1171 873 1201 926; x_wconf 91' lang='lat' dir='ltr'><strong>in</strong></span> <span class='ocrx_word' id='word_1_85' title='bbox 1214 874 1332 927; x_wconf 87' lang='lat' dir='ltr'><strong>nihilum</strong></span> <span class='ocrx_word' id='word_1_86' title='bbox 1346 873 1509 944; x_wconf 82' lang='lat' dir='ltr'><strong>redigere:”</strong></span> <span class='ocrx_word' id='word_1_87' title='bbox 1530 874 1696 945; x_wconf 80' lang='lat' dir='ltr'><strong>quodetiam</strong></span> <span class='ocrx_word' id='word_1_88' title='bbox 1709 874 1859 943; x_wconf 83' lang='lat' dir='ltr'><strong>Scriptura</strong></span> 
     </span>
     <span class='ocr_line' id='line_1_8' title="bbox 223 952 1857 1024; baseline -0.001 -16"><span class='ocrx_word' id='word_1_89' title='bbox 223 954 402 1024; x_wconf 86' lang='lat' dir='ltr'><strong>Theologiam</strong></span> <span class='ocrx_word' id='word_1_90' title='bbox 410 954 456 1008; x_wconf 92' lang='lat' dir='ltr'><strong>bic</strong></span> <span class='ocrx_word' id='word_1_91' title='bbox 467 952 646 1023; x_wconf 88' lang='lat' dir='ltr'><strong>intelligimus</strong></span> <span class='ocrx_word' id='word_1_92' title='bbox 655 952 817 1023; x_wconf 88' lang='lat' dir='ltr'><strong>inspiratam</strong></span> <span class='ocrx_word' id='word_1_93' title='bbox 826 952 883 1006; x_wconf 87' lang='lat' dir='ltr'><strong>sive</strong></span> <span class='ocrx_word' id='word_1_94' title='bbox 895 968 1015 1016; x_wconf 67' lang='lat' dir='ltr'><strong>sacram,</strong></span> <span class='ocrx_word' id='word_1_95' title='bbox 1055 958 1176 1016; x_wconf 89' lang='lat' dir='ltr'><strong>testatur,</strong></span> <span class='ocrx_word' id='word_1_96' title='bbox 1192 958 1208 984; x_wconf 86' lang='lat'>“</span> <span class='ocrx_word' id='word_1_97' title='bbox 1222 953 1321 1017; x_wconf 88' lang='lat' dir='ltr'><strong>Didici,</strong></span> <span class='ocrx_word' id='word_1_98' title='bbox 1333 954 1405 1023; x_wconf 87' lang='lat' dir='ltr'><strong>quod</strong></span> <span class='ocrx_word' id='word_1_99' title='bbox 1414 953 1506 1007; x_wconf 91' lang='lat' dir='ltr'><strong>omnia</strong></span> <span class='ocrx_word' id='word_1_100' title='bbox 1515 970 1606 1024; x_wconf 90' lang='lat' dir='ltr'><strong>opera,</strong></span> <span class='ocrx_word' id='word_1_101' title='bbox 1617 970 1679 1024; x_wconf 72' lang='lat' dir='ltr'><strong>quae</strong></span> <span class='ocrx_word' id='word_1_102' title='bbox 1689 953 1759 1007; x_wconf 82' lang='lat' dir='ltr'><strong>iecit</strong></span> <span class='ocrx_word' id='word_1_103' title='bbox 1769 953 1857 1017; x_wconf 86' lang='lat' dir='ltr'><strong>Deus,</strong></span> 
     </span>
     <span class='ocr_line' id='line_1_9' title="bbox 222 1030 1858 1104; baseline 0 -17"><span class='ocrx_word' id='word_1_104' title='bbox 222 1050 278 1087; x_wconf 91' lang='lat' dir='ltr'><strong>non</strong></span> <span class='ocrx_word' id='word_1_105' title='bbox 293 1033 452 1098; x_wconf 78' lang='lat' dir='ltr'><strong>naturalem,</strong></span> <span class='ocrx_word' id='word_1_106' title='bbox 466 1032 500 1086; x_wconf 92' lang='lat' dir='ltr'><strong>de</strong></span> <span class='ocrx_word' id='word_1_107' title='bbox 514 1049 569 1102; x_wconf 90' lang='lat' dir='ltr'><strong>qua</strong></span> <span class='ocrx_word' id='word_1_108' title='bbox 582 1031 665 1102; x_wconf 87' lang='lat' dir='ltr'><strong>paulo</strong></span> <span class='ocrx_word' id='word_1_109' title='bbox 678 1031 847 1102; x_wconf 89' lang='lat' dir='ltr'><strong>postdictnri</strong></span> <span class='ocrx_word' id='word_1_110' title='bbox 856 1048 959 1085; x_wconf 81' lang='lat' dir='ltr'><strong>mmna</strong></span> <span class='ocrx_word' id='word_1_111' title='bbox 980 1030 1018 1085; x_wconf 80' lang='lat' dir='ltr'><strong>At</strong></span> <span class='ocrx_word' id='word_1_112' title='bbox 1054 1033 1270 1101; x_wconf 83' lang='lat' dir='ltr'><strong>perseverentia</strong></span> <span class='ocrx_word' id='word_1_113' title='bbox 1283 1039 1461 1102; x_wconf 67' lang='lat' dir='ltr'><strong>perpetuum</strong></span> <span class='ocrx_word' id='word_1_114' title='bbox 1482 1049 1537 1086; x_wconf 92' lang='lat' dir='ltr'><strong>non</strong></span> <span class='ocrx_word' id='word_1_115' title='bbox 1554 1049 1700 1103; x_wconf 87' lang='lat' dir='ltr'><strong>possumus</strong></span> <span class='ocrx_word' id='word_1_116' title='bbox 1719 1033 1764 1087; x_wconf 87' lang='lat' dir='ltr'><strong>eis</strong></span> <span class='ocrx_word' id='word_1_117' title='bbox 1780 1034 1858 1104; x_wconf 90' lang='lat' dir='ltr'><strong>quic-</strong></span> 
     </span>
     <span class='ocr_line' id='line_1_10' title="bbox 223 1110 1858 1184; baseline 0.001 -18"><span class='ocrx_word' id='word_1_118' title='bbox 223 1113 300 1167; x_wconf 90' lang='lat' dir='ltr'><strong>illam</strong></span> <span class='ocrx_word' id='word_1_119' title='bbox 316 1113 489 1184; x_wconf 87' lang='lat' dir='ltr'><strong>(inspiratam</strong></span> <span class='ocrx_word' id='word_1_120' title='bbox 507 1110 650 1180; x_wconf 89' lang='lat' dir='ltr'><strong>nimirum)</strong></span> <span class='ocrx_word' id='word_1_121' title='bbox 672 1112 708 1164; x_wconf 92' lang='lat' dir='ltr'><strong>ad</strong></span> <span class='ocrx_word' id='word_1_122' title='bbox 727 1110 855 1166; x_wconf 86' lang='lat' dir='ltr'><strong>ultimum</strong></span> <span class='ocrx_word' id='word_1_123' title='bbox 872 1110 964 1164; x_wconf 89' lang='lat' dir='ltr'><strong>lucum</strong></span> <span class='ocrx_word' id='word_1_124' title='bbox 977 1128 1017 1165; x_wconf 88' lang='lat' dir='ltr'><strong>re·</strong></span> <span class='ocrx_word' id='word_1_125' title='bbox 1054 1126 1136 1180; x_wconf 92' lang='lat' dir='ltr'><strong>quam</strong></span> <span class='ocrx_word' id='word_1_126' title='bbox 1147 1111 1254 1176; x_wconf 89' lang='lat' dir='ltr'><strong>addere,</strong></span> <span class='ocrx_word' id='word_1_127' title='bbox 1268 1128 1318 1166; x_wconf 91' lang='lat' dir='ltr'><strong>nec</strong></span> <span class='ocrx_word' id='word_1_128' title='bbox 1332 1111 1447 1166; x_wconf 81' lang='lat' dir='ltr'><strong>auferre.</strong></span> <span class='ocrx_word' id='word_1_129' title='bbox 1483 1111 1611 1166; x_wconf 73' lang='lat' dir='ltr'><strong>Intentus</strong></span> <span class='ocrx_word' id='word_1_130' title='bbox 1625 1110 1667 1166; x_wconf 94' lang='lat' dir='ltr'><strong>rei</strong></span> <span class='ocrx_word' id='word_1_131' title='bbox 1680 1120 1796 1167; x_wconf 76' lang='lat' dir='ltr'><strong>arcemn</strong></span> <span class='ocrx_word' id='word_1_132' title='bbox 1809 1130 1858 1184; x_wconf 84' lang='lat' dir='ltr'><strong>per</strong></span> 
     </span>
     <span class='ocr_line' id='line_1_11' title="bbox 223 1190 1858 1262; baseline -0.001 -15"><span class='ocrx_word' id='word_1_133' title='bbox 223 1193 401 1257; x_wconf 81' lang='lat' dir='ltr'><strong>servabimus,</strong></span> <span class='ocrx_word' id='word_1_134' title='bbox 414 1201 444 1246; x_wconf 92' lang='lat' dir='ltr'><strong>ut</strong></span> <span class='ocrx_word' id='word_1_135' title='bbox 455 1209 517 1246; x_wconf 89' lang='lat' dir='ltr'><strong>cum</strong></span> <span class='ocrx_word' id='word_1_136' title='bbox 532 1209 566 1245; x_wconf 90' lang='lat' dir='ltr'><strong>ea</strong></span> <span class='ocrx_word' id='word_1_137' title='bbox 578 1207 717 1245; x_wconf 87' lang='lat' dir='ltr'><strong>sermones</strong></span> <span class='ocrx_word' id='word_1_138' title='bbox 730 1198 836 1246; x_wconf 86' lang='lat' dir='ltr'><strong>nostros</strong></span> <span class='ocrx_word' id='word_1_139' title='bbox 845 1190 1015 1255; x_wconf 73' lang='lat' dir='ltr'><strong>chunanus,</strong></span> <span class='ocrx_word' id='word_1_140' title='bbox 1054 1190 1238 1245; x_wconf 88' lang='lat' dir='ltr'><strong>reductionem</strong></span> <span class='ocrx_word' id='word_1_141' title='bbox 1252 1193 1311 1260; x_wconf 89' lang='lat' dir='ltr'><strong>ejus</strong></span> <span class='ocrx_word' id='word_1_142' title='bbox 1325 1191 1359 1244; x_wconf 83' lang='lat' dir='ltr'><strong>ad</strong></span> <span class='ocrx_word' id='word_1_143' title='bbox 1373 1191 1509 1260; x_wconf 90' lang='lat' dir='ltr'><strong>principia</strong></span> <span class='ocrx_word' id='word_1_144' title='bbox 1519 1193 1550 1244; x_wconf 83' lang='lat' dir='ltr'><strong>e’&#39;</strong></span> <span class='ocrx_word' id='word_1_145' title='bbox 1572 1190 1670 1262; x_wconf 89' lang='lat' dir='ltr'><strong>regula</strong></span> <span class='ocrx_word' id='word_1_146' title='bbox 1683 1200 1726 1246; x_wconf 87' lang='lat' dir='ltr'><strong>est</strong></span> <span class='ocrx_word' id='word_1_147' title='bbox 1740 1192 1773 1245; x_wconf 89' lang='lat' dir='ltr'><strong>in</strong></span> <span class='ocrx_word' id='word_1_148' title='bbox 1788 1192 1858 1261; x_wconf 84' lang='lat' dir='ltr'><strong>phy·</strong></span> 
     </span>
     <span class='ocr_line' id='line_1_12' title="bbox 223 1269 1858 1342; baseline 0 -17"><span class='ocrx_word' id='word_1_149' title='bbox 223 1289 285 1325; x_wconf 89' lang='lat' dir='ltr'><strong>cum</strong></span> <span class='ocrx_word' id='word_1_150' title='bbox 298 1272 334 1325; x_wconf 91' lang='lat' dir='ltr'><strong>sit</strong></span> <span class='ocrx_word' id='word_1_151' title='bbox 347 1280 441 1341; x_wconf 88' lang='lat' dir='ltr'><strong>portus</strong></span> <span class='ocrx_word' id='word_1_152' title='bbox 455 1280 483 1325; x_wconf 91' lang='lat' dir='ltr'><strong>et</strong></span> <span class='ocrx_word' id='word_1_153' title='bbox 496 1272 640 1326; x_wconf 87' lang='lat' dir='ltr'><strong>sabbatum</strong></span> <span class='ocrx_word' id='word_1_154' title='bbox 653 1270 835 1325; x_wconf 88' lang='lat' dir='ltr'><strong>humanarum</strong></span> <span class='ocrx_word' id='word_1_155' title='bbox 849 1270 1017 1340; x_wconf 89' lang='lat' dir='ltr'><strong>contempla·</strong></span> <span class='ocrx_word' id='word_1_156' title='bbox 1054 1269 1137 1334; x_wconf 83' lang='lat' dir='ltr'><strong>sicis;</strong></span> <span class='ocrx_word' id='word_1_157' title='bbox 1165 1272 1259 1325; x_wconf 91' lang='lat' dir='ltr'><strong>eadem</strong></span> <span class='ocrx_word' id='word_1_158' title='bbox 1284 1271 1356 1324; x_wconf 89' lang='lat' dir='ltr'><strong>valet</strong></span> <span class='ocrx_word' id='word_1_159' title='bbox 1377 1271 1406 1325; x_wconf 93' lang='lat' dir='ltr'><strong>in</strong></span> <span class='ocrx_word' id='word_1_160' title='bbox 1429 1270 1550 1342; x_wconf 83' lang='lat' dir='ltr'><strong>politicis</strong></span> <span class='ocrx_word' id='word_1_161' title='bbox 1579 1273 1623 1339; x_wconf 89' lang='lat' dir='ltr'><strong>(ut</strong></span> <span class='ocrx_word' id='word_1_162' title='bbox 1647 1277 1724 1324; x_wconf 86' lang='lat' dir='ltr'><strong>recte</strong></span> <span class='ocrx_word' id='word_1_163' title='bbox 1747 1273 1858 1326; x_wconf 81' lang='lat' dir='ltr'><strong>notavit</strong></span> 
     </span>
     <span class='ocr_line' id='line_1_13' title="bbox 222 1349 1857 1422; baseline 0.001 -18"><span class='ocrx_word' id='word_1_164' title='bbox 222 1351 467 1406; x_wconf 85' lang='lat' dir='ltr'><strong>tionumomnium.</strong></span> <span class='ocrx_word' id='word_1_165' title='bbox 1055 1349 1266 1417; x_wconf 88' lang='lat' dir='ltr'><strong>Machiavellus)</strong></span> <span class='ocrx_word' id='word_1_166' title='bbox 1287 1367 1350 1404; x_wconf 89' lang='lat' dir='ltr'><strong>cnm</strong></span> <span class='ocrx_word' id='word_1_167' title='bbox 1370 1350 1428 1414; x_wconf 89' lang='lat' dir='ltr'><strong>illa,</strong></span> <span class='ocrx_word' id='word_1_168' title='bbox 1443 1367 1504 1421; x_wconf 81' lang='lat' dir='ltr'><strong>quae</strong></span> <span class='ocrx_word' id='word_1_169' title='bbox 1524 1350 1668 1404; x_wconf 84' lang='lat' dir='ltr'><strong>interitum</strong></span> <span class='ocrx_word' id='word_1_170' title='bbox 1688 1352 1857 1422; x_wconf 88' lang='lat' dir='ltr'><strong>rerumpub-</strong></span> 
     </span>
     <span class='ocr_line' id='line_1_14' title="bbox 263 1427 1855 1500; baseline 0.001 -16"><span class='ocrx_word' id='word_1_171' title='bbox 263 1429 449 1500; x_wconf 80' lang='lat' dir='ltr'><strong>Philosophiae</strong></span> <span class='ocrx_word' id='word_1_172' title='bbox 470 1436 560 1484; x_wconf 90' lang='lat' dir='ltr'><strong>autem</strong></span> <span class='ocrx_word' id='word_1_173' title='bbox 582 1428 718 1497; x_wconf 74' lang='lat' dir='ltr'><strong>obiectum</strong></span> <span class='ocrx_word' id='word_1_174' title='bbox 740 1428 849 1500; x_wconf 84' lang='lat' dir='ltr'><strong>triplex,</strong></span> <span class='ocrx_word' id='word_1_175' title='bbox 866 1427 951 1492; x_wconf 85' lang='lat' dir='ltr'><strong>Deus,</strong></span> <span class='ocrx_word' id='word_1_176' title='bbox 966 1444 1016 1482; x_wconf 89' lang='lat' dir='ltr'><strong>ua·</strong></span> <span class='ocrx_word' id='word_1_177' title='bbox 1054 1427 1168 1483; x_wconf 87' lang='lat' dir='ltr'><strong>licamm</strong></span> <span class='ocrx_word' id='word_1_178' title='bbox 1191 1430 1310 1483; x_wconf 83' lang='lat' dir='ltr'><strong>maxime</strong></span> <span class='ocrx_word' id='word_1_179' title='bbox 1331 1429 1485 1500; x_wconf 88' lang='lat' dir='ltr'><strong>prohibent,</strong></span> <span class='ocrx_word' id='word_1_180' title='bbox 1509 1428 1581 1482; x_wconf 92' lang='lat' dir='ltr'><strong>nihil</strong></span> <span class='ocrx_word' id='word_1_181' title='bbox 1605 1428 1682 1483; x_wconf 88' lang='lat' dir='ltr'><strong>aliud</strong></span> <span class='ocrx_word' id='word_1_182' title='bbox 1706 1430 1767 1483; x_wconf 82' lang='lat' dir='ltr'><strong>iere</strong></span> <span class='ocrx_word' id='word_1_183' title='bbox 1794 1431 1855 1494; x_wconf 83' lang='lat' dir='ltr'><strong>sint,</strong></span> 
     </span>
     <span class='ocr_line' id='line_1_15' title="bbox 222 1508 1856 1581; baseline -0.001 -17"><span class='ocrx_word' id='word_1_184' title='bbox 222 1518 290 1573; x_wconf 85' lang='lat' dir='ltr'><strong>tura,</strong></span> <span class='ocrx_word' id='word_1_185' title='bbox 304 1509 405 1564; x_wconf 85' lang='lat' dir='ltr'><strong>homo:</strong></span> <span class='ocrx_word' id='word_1_186' title='bbox 426 1517 453 1563; x_wconf 88' lang='lat' dir='ltr'><strong>et</strong></span> <span class='ocrx_word' id='word_1_187' title='bbox 464 1508 567 1580; x_wconf 81' lang='lat' dir='ltr'><strong>triplex</strong></span> <span class='ocrx_word' id='word_1_188' title='bbox 577 1508 670 1563; x_wconf 91' lang='lat' dir='ltr'><strong>itidem</strong></span> <span class='ocrx_word' id='word_1_189' title='bbox 681 1509 772 1563; x_wconf 87' lang='lat' dir='ltr'><strong>radius</strong></span> <span class='ocrx_word' id='word_1_190' title='bbox 786 1525 887 1563; x_wconf 88' lang='lat' dir='ltr'><strong>rerum.</strong></span> <span class='ocrx_word' id='word_1_191' title='bbox 909 1509 1017 1562; x_wconf 90' lang='lat' dir='ltr'><strong>Natura</strong></span> <span class='ocrx_word' id='word_1_192' title='bbox 1054 1525 1137 1579; x_wconf 91' lang='lat' dir='ltr'><strong>quam</strong></span> <span class='ocrx_word' id='word_1_193' title='bbox 1160 1508 1318 1563; x_wconf 78' lang='lat' dir='ltr'><strong>reformatio</strong></span> <span class='ocrx_word' id='word_1_194' title='bbox 1341 1526 1443 1573; x_wconf 89' lang='lat' dir='ltr'><strong>earum,</strong></span> <span class='ocrx_word' id='word_1_195' title='bbox 1466 1517 1495 1563; x_wconf 87' lang='lat' dir='ltr'><strong>et</strong></span> <span class='ocrx_word' id='word_1_196' title='bbox 1520 1508 1642 1563; x_wconf 87' lang='lat' dir='ltr'><strong>reductio</strong></span> <span class='ocrx_word' id='word_1_197' title='bbox 1664 1508 1701 1562; x_wconf 85' lang='lat' dir='ltr'><strong>ad</strong></span> <span class='ocrx_word' id='word_1_198' title='bbox 1724 1511 1856 1581; x_wconf 86' lang='lat' dir='ltr'><strong>antiquos</strong></span> 
     </span>
     <span class='ocr_line' id='line_1_16' title="bbox 222 1587 1855 1660; baseline 0 -17"><span class='ocrx_word' id='word_1_199' title='bbox 222 1590 296 1643; x_wconf 90' lang='lat' dir='ltr'><strong>enim</strong></span> <span class='ocrx_word' id='word_1_200' title='bbox 306 1590 424 1660; x_wconf 86' lang='lat' dir='ltr'><strong>percutit</strong></span> <span class='ocrx_word' id='word_1_201' title='bbox 433 1589 601 1643; x_wconf 86' lang='lat' dir='ltr'><strong>intellectum</strong></span> <span class='ocrx_word' id='word_1_202' title='bbox 610 1589 686 1643; x_wconf 91' lang='lat' dir='ltr'><strong>radio</strong></span> <span class='ocrx_word' id='word_1_203' title='bbox 696 1589 814 1652; x_wconf 63' lang='lat' dir='ltr'><strong>directos</strong></span> <span class='ocrx_word' id='word_1_204' title='bbox 835 1587 911 1641; x_wconf 89' lang='lat' dir='ltr'><strong>Deus</strong></span> <span class='ocrx_word' id='word_1_205' title='bbox 925 1595 1015 1642; x_wconf 89' lang='lat' dir='ltr'><strong>autem</strong></span> <span class='ocrx_word' id='word_1_206' title='bbox 1053 1605 1153 1643; x_wconf 88' lang='lat' dir='ltr'><strong>mores.</strong></span> <span class='ocrx_word' id='word_1_207' title='bbox 1201 1594 1218 1621; x_wconf 84' lang='lat'>“</span> <span class='ocrx_word' id='word_1_208' title='bbox 1231 1588 1350 1643; x_wconf 89' lang='lat' dir='ltr'><strong>Putredo</strong></span> <span class='ocrx_word' id='word_1_209' title='bbox 1373 1605 1486 1659; x_wconf 88' lang='lat' dir='ltr'><strong>serpens</strong></span> <span class='ocrx_word' id='word_1_210' title='bbox 1506 1587 1594 1658; x_wconf 86' lang='lat' dir='ltr'><strong>magis</strong></span> <span class='ocrx_word' id='word_1_211' title='bbox 1615 1589 1784 1659; x_wconf 86' lang='lat' dir='ltr'><strong>contagiosa</strong></span> <span class='ocrx_word' id='word_1_212' title='bbox 1808 1600 1855 1654; x_wconf 82' lang='lat' dir='ltr'><strong>cst,</strong></span> 
     </span>
     <span class='ocr_line' id='line_1_17' title="bbox 221 1667 1855 1740; baseline 0.001 -18"><span class='ocrx_word' id='word_1_213' title='bbox 221 1678 332 1740; x_wconf 90' lang='lat' dir='ltr'><strong>propter</strong></span> <span class='ocrx_word' id='word_1_214' title='bbox 346 1669 465 1723; x_wconf 91' lang='lat' dir='ltr'><strong>medium</strong></span> <span class='ocrx_word' id='word_1_215' title='bbox 485 1667 620 1740; x_wconf 80' lang='lat' dir='ltr'><strong>inaequale</strong></span> <span class='ocrx_word' id='word_1_216' title='bbox 643 1672 793 1737; x_wconf 88' lang='lat' dir='ltr'><strong>(creaturas</strong></span> <span class='ocrx_word' id='word_1_217' title='bbox 806 1667 925 1735; x_wconf 89' lang='lat' dir='ltr'><strong>scilicet)</strong></span> <span class='ocrx_word' id='word_1_218' title='bbox 940 1668 1018 1721; x_wconf 88' lang='lat' dir='ltr'><strong>radio</strong></span> <span class='ocrx_word' id='word_1_219' title='bbox 1054 1684 1137 1737; x_wconf 90' lang='lat' dir='ltr'><strong>quam</strong></span> <span class='ocrx_word' id='word_1_220' title='bbox 1150 1669 1296 1722; x_wconf 87' lang='lat' dir='ltr'><strong>matura:”</strong></span> <span class='ocrx_word' id='word_1_221' title='bbox 1316 1669 1412 1738; x_wconf 85' lang='lat' dir='ltr'><strong>regula</strong></span> <span class='ocrx_word' id='word_1_222' title='bbox 1431 1676 1475 1722; x_wconf 90' lang='lat' dir='ltr'><strong>est</strong></span> <span class='ocrx_word' id='word_1_223' title='bbox 1497 1667 1527 1722; x_wconf 94' lang='lat' dir='ltr'><strong>in</strong></span> <span class='ocrx_word' id='word_1_224' title='bbox 1546 1667 1678 1738; x_wconf 82' lang='lat' dir='ltr'><strong>physicis,</strong></span> <span class='ocrx_word' id='word_1_225' title='bbox 1695 1669 1798 1723; x_wconf 87' lang='lat' dir='ltr'><strong>eadem</strong></span> <span class='ocrx_word' id='word_1_226' title='bbox 1815 1671 1855 1722; x_wconf 90' lang='lat' dir='ltr'><strong>in·</strong></span> 
     </span>
     <span class='ocr_line' id='line_1_18' title="bbox 222 1747 1855 1819; baseline -0.001 -17"><span class='ocrx_word' id='word_1_227' title='bbox 222 1750 356 1812; x_wconf 72' lang='grc' dir='ltr'><strong>ιιιιιιιος</strong></span> <span class='ocrx_word' id='word_1_228' title='bbox 378 1749 463 1803; x_wconf 90' lang='lat' dir='ltr'><strong>homo</strong></span> <span class='ocrx_word' id='word_1_229' title='bbox 476 1765 541 1802; x_wconf 90' lang='lat' dir='ltr'><strong>vero</strong></span> <span class='ocrx_word' id='word_1_230' title='bbox 554 1748 608 1803; x_wconf 88' lang='lat' dir='ltr'><strong>sibi</strong></span> <span class='ocrx_word' id='word_1_231' title='bbox 622 1748 676 1818; x_wconf 91' lang='lat' dir='ltr'><strong>ipsi</strong></span> <span class='ocrx_word' id='word_1_232' title='bbox 690 1755 856 1802; x_wconf 85' lang='lat' dir='ltr'><strong>monstratus</strong></span> <span class='ocrx_word' id='word_1_233' title='bbox 870 1754 897 1800; x_wconf 93' lang='lat' dir='ltr'><strong>et</strong></span> <span class='ocrx_word' id='word_1_234' title='bbox 910 1747 1017 1801; x_wconf 84' lang='lat' dir='ltr'><strong>exhibi·</strong></span> <span class='ocrx_word' id='word_1_235' title='bbox 1054 1748 1140 1818; x_wconf 90' lang='lat' dir='ltr'><strong>signis</strong></span> <span class='ocrx_word' id='word_1_236' title='bbox 1161 1747 1244 1802; x_wconf 89' lang='lat' dir='ltr'><strong>etiam</strong></span> <span class='ocrx_word' id='word_1_237' title='bbox 1257 1748 1287 1800; x_wconf 91' lang='lat' dir='ltr'><strong>in</strong></span> <span class='ocrx_word' id='word_1_238' title='bbox 1307 1747 1472 1809; x_wconf 70' lang='lat' dir='ltr'><strong>moralibusr</strong></span> <span class='ocrx_word' id='word_1_239' title='bbox 1494 1764 1556 1802; x_wconf 88' lang='lat' dir='ltr'><strong>cum</strong></span> <span class='ocrx_word' id='word_1_240' title='bbox 1576 1747 1706 1802; x_wconf 89' lang='lat' dir='ltr'><strong>homiues</strong></span> <span class='ocrx_word' id='word_1_241' title='bbox 1720 1750 1855 1819; x_wconf 85' lang='lat' dir='ltr'><strong>profliga-</strong></span> 
     </span>
     <span class='ocr_line' id='line_1_19' title="bbox 221 1826 1855 1899; baseline -0.001 -16"><span class='ocrx_word' id='word_1_242' title='bbox 221 1835 274 1893; x_wconf 89' lang='lat' dir='ltr'><strong>tus,</strong></span> <span class='ocrx_word' id='word_1_243' title='bbox 286 1828 363 1882; x_wconf 90' lang='lat' dir='ltr'><strong>radio</strong></span> <span class='ocrx_word' id='word_1_244' title='bbox 375 1829 485 1882; x_wconf 84' lang='lat' dir='ltr'><strong>reflexo.</strong></span> <span class='ocrx_word' id='word_1_245' title='bbox 527 1827 662 1882; x_wconf 87' lang='lat' dir='ltr'><strong>Convenit</strong></span> <span class='ocrx_word' id='word_1_246' title='bbox 680 1828 764 1899; x_wconf 87' lang='lat' dir='ltr'><strong>igitur</strong></span> <span class='ocrx_word' id='word_1_247' title='bbox 786 1826 882 1897; x_wconf 89' lang='lat' dir='ltr'><strong>partiri</strong></span> <span class='ocrx_word' id='word_1_248' title='bbox 897 1826 1016 1895; x_wconf 81' lang='lat' dir='ltr'><strong>philoao</strong></span> <span class='ocrx_word' id='word_1_249' title='bbox 1054 1827 1151 1881; x_wconf 86' lang='lat' dir='ltr'><strong>tissimi</strong></span> <span class='ocrx_word' id='word_1_250' title='bbox 1179 1835 1207 1881; x_wconf 90' lang='lat' dir='ltr'><strong>et</strong></span> <span class='ocrx_word' id='word_1_251' title='bbox 1234 1827 1353 1881; x_wconf 84' lang='lat' dir='ltr'><strong>maxime</strong></span> <span class='ocrx_word' id='word_1_252' title='bbox 1386 1828 1540 1891; x_wconf 81' lang='lat' dir='ltr'><strong>facinorosi,</strong></span> <span class='ocrx_word' id='word_1_253' title='bbox 1567 1826 1659 1881; x_wconf 86' lang='lat' dir='ltr'><strong>minus</strong></span> <span class='ocrx_word' id='word_1_254' title='bbox 1687 1828 1855 1899; x_wconf 75' lang='lat' dir='ltr'><strong>corruptele</strong></span> 
     </span>
     <span class='ocr_line' id='line_1_20' title="bbox 222 1905 1856 1978; baseline -0.001 -17"><span class='ocrx_word' id='word_1_255' title='bbox 222 1908 317 1978; x_wconf 84' lang='lat' dir='ltr'><strong>phium</strong></span> <span class='ocrx_word' id='word_1_256' title='bbox 338 1907 368 1962; x_wconf 93' lang='lat' dir='ltr'><strong>in</strong></span> <span class='ocrx_word' id='word_1_257' title='bbox 391 1906 529 1961; x_wconf 83' lang='lat' dir='ltr'><strong>doctrinas</strong></span> <span class='ocrx_word' id='word_1_258' title='bbox 547 1914 624 1972; x_wconf 67' lang='grc' dir='ltr'><strong>ιιιιι</strong></span> <span class='ocrx_word' id='word_1_259' title='bbox 652 1906 803 1960; x_wconf 89' lang='lat' dir='ltr'><strong>doctrinam</strong></span> <span class='ocrx_word' id='word_1_260' title='bbox 826 1906 859 1959; x_wconf 91' lang='lat' dir='ltr'><strong>de</strong></span> <span class='ocrx_word' id='word_1_261' title='bbox 884 1905 1015 1970; x_wconf 86' lang='lat' dir='ltr'><strong>Numine,</strong></span> <span class='ocrx_word' id='word_1_262' title='bbox 1053 1907 1171 1960; x_wconf 82' lang='lat' dir='ltr'><strong>inierant</strong></span> <span class='ocrx_word' id='word_1_263' title='bbox 1183 1905 1300 1977; x_wconf 89' lang='lat' dir='ltr'><strong>puhlicis</strong></span> <span class='ocrx_word' id='word_1_264' title='bbox 1311 1907 1437 1971; x_wconf 90' lang='lat' dir='ltr'><strong>moribus,</strong></span> <span class='ocrx_word' id='word_1_265' title='bbox 1449 1923 1531 1977; x_wconf 91' lang='lat' dir='ltr'><strong>qoam</strong></span> <span class='ocrx_word' id='word_1_266' title='bbox 1542 1907 1587 1976; x_wconf 93' lang='lat' dir='ltr'><strong>qui</strong></span> <span class='ocrx_word' id='word_1_267' title='bbox 1603 1907 1712 1977; x_wconf 85' lang='lat' dir='ltr'><strong>aliquid</strong></span> <span class='ocrx_word' id='word_1_268' title='bbox 1726 1907 1856 1961; x_wconf 81' lang='lat' dir='ltr'><strong>ridentur</strong></span> 
     </span>
     <span class='ocr_line' id='line_1_21' title="bbox 222 1984 1854 2055; baseline 0.001 -15"><span class='ocrx_word' id='word_1_269' title='bbox 222 1987 373 2041; x_wconf 84' lang='lat' dir='ltr'><strong>doctrinam</strong></span> <span class='ocrx_word' id='word_1_270' title='bbox 387 1987 422 2039; x_wconf 89' lang='lat' dir='ltr'><strong>de</strong></span> <span class='ocrx_word' id='word_1_271' title='bbox 438 1993 544 2050; x_wconf 88' lang='lat' dir='ltr'><strong>natura,</strong></span> <span class='ocrx_word' id='word_1_272' title='bbox 558 1986 708 2040; x_wconf 86' lang='lat' dir='ltr'><strong>doctrinam</strong></span> <span class='ocrx_word' id='word_1_273' title='bbox 730 1985 764 2039; x_wconf 90' lang='lat' dir='ltr'><strong>de</strong></span> <span class='ocrx_word' id='word_1_274' title='bbox 782 1984 902 2038; x_wconf 87' lang='lat' dir='ltr'><strong>homine.</strong></span> <span class='ocrx_word' id='word_1_275' title='bbox 944 1985 1016 2046; x_wconf 89' lang='lat' dir='ltr'><strong>Quo·</strong></span> <span class='ocrx_word' id='word_1_276' title='bbox 1054 1984 1291 2040; x_wconf 85' lang='lat' dir='ltr'><strong>haberesanitatis</strong></span> <span class='ocrx_word' id='word_1_277' title='bbox 1305 1986 1464 2050; x_wconf 87' lang='lat' dir='ltr'><strong>etvirtutis,</strong></span> <span class='ocrx_word' id='word_1_278' title='bbox 1478 1994 1556 2041; x_wconf 84' lang='lat' dir='ltr'><strong>etex</strong></span> <span class='ocrx_word' id='word_1_279' title='bbox 1572 1995 1650 2055; x_wconf 89' lang='lat' dir='ltr'><strong>parte</strong></span> <span class='ocrx_word' id='word_1_280' title='bbox 1666 1995 1776 2041; x_wconf 89' lang='lat' dir='ltr'><strong>tantum</strong></span> <span class='ocrx_word' id='word_1_281' title='bbox 1791 1986 1854 2041; x_wconf 85' lang='lat' dir='ltr'><strong>mali</strong></span> 
     </span>
     <span class='ocr_line' id='line_1_22' title="bbox 222 2063 1854 2135; baseline 0 -16"><span class='ocrx_word' id='word_1_282' title='bbox 222 2067 296 2120; x_wconf 91' lang='lat' dir='ltr'><strong>niam</strong></span> <span class='ocrx_word' id='word_1_283' title='bbox 317 2075 408 2119; x_wconf 90' lang='lat' dir='ltr'><strong>autem</strong></span> <span class='ocrx_word' id='word_1_284' title='bbox 423 2064 584 2135; x_wconf 88' lang='lat' dir='ltr'><strong>partitiones</strong></span> <span class='ocrx_word' id='word_1_285' title='bbox 598 2066 772 2120; x_wconf 85' lang='lat' dir='ltr'><strong>scientiarum</strong></span> <span class='ocrx_word' id='word_1_286' title='bbox 784 2080 839 2117; x_wconf 91' lang='lat' dir='ltr'><strong>non</strong></span> <span class='ocrx_word' id='word_1_287' title='bbox 852 2071 916 2118; x_wconf 89' lang='lat' dir='ltr'><strong>sunt</strong></span> <span class='ocrx_word' id='word_1_288' title='bbox 935 2063 1017 2118; x_wconf 86' lang='lat' dir='ltr'><strong>lineis</strong></span> <span class='ocrx_word' id='word_1_289' title='bbox 1054 2076 1124 2119; x_wconf 78' lang='lat' dir='ltr'><strong>sunt.</strong></span> <span class='ocrx_word' id='word_1_290' title='bbox 1166 2071 1182 2096; x_wconf 81' lang='lat'><strong>‘⁴</strong></span> <span class='ocrx_word' id='word_1_291' title='bbox 1195 2064 1273 2125; x_wconf 85' lang='lat' dir='ltr'><strong>Quod</strong></span> <span class='ocrx_word' id='word_1_292' title='bbox 1284 2066 1502 2121; x_wconf 88' lang='lat' dir='ltr'><strong>conservativum</strong></span> <span class='ocrx_word' id='word_1_293' title='bbox 1515 2075 1558 2119; x_wconf 90' lang='lat' dir='ltr'><strong>est</strong></span> <span class='ocrx_word' id='word_1_294' title='bbox 1572 2066 1668 2119; x_wconf 77' lang='lat' dir='ltr'><strong>formae</strong></span> <span class='ocrx_word' id='word_1_295' title='bbox 1683 2068 1812 2135; x_wconf 87' lang='lat' dir='ltr'><strong>majoris,</strong></span> <span class='ocrx_word' id='word_1_296' title='bbox 1828 2067 1854 2119; x_wconf 91' lang='lat' dir='ltr'><strong>id</strong></span> 
     </span>
     <span class='ocr_line' id='line_1_23' title="bbox 224 2142 1855 2236; baseline 0.001 -38"><span class='ocrx_word' id='word_1_297' title='bbox 224 2145 336 2198; x_wconf 86' lang='lat' dir='ltr'><strong>diversis</strong></span> <span class='ocrx_word' id='word_1_298' title='bbox 350 2144 462 2236; x_wconf 89' lang='lat' dir='ltr'><strong>similes,</strong></span> <span class='ocrx_word' id='word_1_299' title='bbox 474 2160 536 2214; x_wconf 77' lang='lat' dir='ltr'><strong>quaa</strong></span> <span class='ocrx_word' id='word_1_300' title='bbox 548 2147 648 2199; x_wconf 90' lang='lat' dir='ltr'><strong>coeunt</strong></span> <span class='ocrx_word' id='word_1_301' title='bbox 661 2144 695 2198; x_wconf 89' lang='lat' dir='ltr'><strong>ad</strong></span> <span class='ocrx_word' id='word_1_302' title='bbox 706 2161 787 2198; x_wconf 91' lang='lat' dir='ltr'><strong>unum</strong></span> <span class='ocrx_word' id='word_1_303' title='bbox 798 2142 946 2213; x_wconf 87' lang='lat' dir='ltr'><strong>angulum</strong></span> <span class='ocrx_word' id='word_1_304' title='bbox 968 2144 1016 2199; x_wconf 92' lang='lat' dir='ltr'><strong>sed</strong></span> <span class='ocrx_word' id='word_1_305' title='bbox 1054 2144 1192 2198; x_wconf 85' lang='lat' dir='ltr'><strong>activitate</strong></span> <span class='ocrx_word' id='word_1_306' title='bbox 1206 2144 1359 2215; x_wconf 88' lang='lat' dir='ltr'><strong>potentius·</strong></span> <span class='ocrx_word' id='word_1_307' title='bbox 1352 2146 1382 2179; x_wconf 85' lang='lat'><strong>&#39;·&#39;</strong></span> <span class='ocrx_word' id='word_1_308' title='bbox 1404 2145 1501 2215; x_wconf 88' lang='lat' dir='ltr'><strong>regula</strong></span> <span class='ocrx_word' id='word_1_309' title='bbox 1515 2153 1556 2199; x_wconf 88' lang='lat' dir='ltr'><strong>est</strong></span> <span class='ocrx_word' id='word_1_310' title='bbox 1572 2145 1601 2198; x_wconf 93' lang='lat' dir='ltr'><strong>in</strong></span> <span class='ocrx_word' id='word_1_311' title='bbox 1616 2145 1751 2214; x_wconf 90' lang='lat' dir='ltr'><strong>physicis.</strong></span> <span class='ocrx_word' id='word_1_312' title='bbox 1790 2146 1855 2200; x_wconf 85' lang='lat' dir='ltr'><strong>Ete-</strong></span> 
     </span>
     <span class='ocr_line' id='line_1_24' title="bbox 222 2222 1856 2302; baseline -0.001 -24"><span class='ocrx_word' id='word_1_313' title='bbox 222 2224 314 2294; x_wconf 87' lang='lat' dir='ltr'><strong>potiua</strong></span> <span class='ocrx_word' id='word_1_314' title='bbox 337 2223 422 2278; x_wconf 90' lang='lat' dir='ltr'><strong>rumis</strong></span> <span class='ocrx_word' id='word_1_315' title='bbox 446 2223 580 2288; x_wconf 80' lang='lat' dir='ltr'><strong>arbonam,</strong></span> <span class='ocrx_word' id='word_1_316' title='bbox 605 2224 652 2294; x_wconf 92' lang='lat' dir='ltr'><strong>qui</strong></span> <span class='ocrx_word' id='word_1_317' title='bbox 680 2224 879 2293; x_wconf 87' lang='lat' dir='ltr'><strong>conjunguntur</strong></span> <span class='ocrx_word' id='word_1_318' title='bbox 905 2222 935 2276; x_wconf 89' lang='lat' dir='ltr'><strong>in</strong></span> <span class='ocrx_word' id='word_1_319' title='bbox 962 2240 1016 2278; x_wconf 90' lang='lat' dir='ltr'><strong>uno</strong></span> <span class='ocrx_word' id='word_1_320' title='bbox 1054 2224 1119 2288; x_wconf 90' lang='lat' dir='ltr'><strong>uim,</strong></span> <span class='ocrx_word' id='word_1_321' title='bbox 1134 2230 1229 2278; x_wconf 90' lang='lat' dir='ltr'><strong>utnon</strong></span> <span class='ocrx_word' id='word_1_322' title='bbox 1243 2224 1436 2279; x_wconf 86' lang='lat' dir='ltr'><strong>abscindatur</strong></span> <span class='ocrx_word' id='word_1_323' title='bbox 1428 2241 1695 2302; x_wconf 78' lang='lat' dir='ltr'><strong>ipsererumnexus,</strong></span> <span class='ocrx_word' id='word_1_324' title='bbox 1709 2242 1763 2279; x_wconf 84' lang='lat' dir='ltr'><strong>nec</strong></span> <span class='ocrx_word' id='word_1_325' title='bbox 1778 2227 1856 2279; x_wconf 83' lang='lat' dir='ltr'><strong>detur</strong></span> 
     </span>
     <span class='ocr_line' id='line_1_25' title="bbox 222 2301 1856 2396; baseline 0.002 -40"><span class='ocrx_word' id='word_1_326' title='bbox 222 2311 317 2358; x_wconf 88' lang='lat' dir='ltr'><strong>trunco</strong></span> <span class='ocrx_word' id='word_1_327' title='bbox 332 2304 393 2373; x_wconf 91' lang='lat' dir='ltr'><strong>(qui</strong></span> <span class='ocrx_word' id='word_1_328' title='bbox 406 2303 489 2357; x_wconf 84' lang='lat' dir='ltr'><strong>etiam</strong></span> <span class='ocrx_word' id='word_1_329' title='bbox 503 2310 614 2358; x_wconf 89' lang='lat' dir='ltr'><strong>truncus</strong></span> <span class='ocrx_word' id='word_1_330' title='bbox 624 2304 659 2357; x_wconf 89' lang='lat' dir='ltr'><strong>ad</strong></span> <span class='ocrx_word' id='word_1_331' title='bbox 672 2304 790 2372; x_wconf 88' lang='lat' dir='ltr'><strong>spatium</strong></span> <span class='ocrx_word' id='word_1_332' title='bbox 803 2301 985 2357; x_wconf 89' lang='lat' dir='ltr'><strong>nonnullum</strong></span> <span class='ocrx_word' id='word_1_333' title='bbox 976 2320 1017 2356; x_wconf 83' lang='lat' dir='ltr'><strong>rn-</strong></span> <span class='ocrx_word' id='word_1_334' title='bbox 1057 2305 1097 2372; x_wconf 75' lang='lat' dir='ltr'><strong>(ut</strong></span> <span class='ocrx_word' id='word_1_335' title='bbox 1110 2304 1269 2396; x_wconf 79' lang='lat' dir='ltr'><strong>loquuntur)</strong></span> <span class='ocrx_word' id='word_1_336' title='bbox 1281 2320 1405 2367; x_wconf 87' lang='lat' dir='ltr'><strong>vacuum,</strong></span> <span class='ocrx_word' id='word_1_337' title='bbox 1418 2305 1484 2359; x_wconf 80' lang='lat' dir='ltr'><strong>facit</strong></span> <span class='ocrx_word' id='word_1_338' title='bbox 1494 2304 1527 2358; x_wconf 90' lang='lat' dir='ltr'><strong>ad</strong></span> <span class='ocrx_word' id='word_1_339' title='bbox 1539 2306 1759 2359; x_wconf 87' lang='lat' dir='ltr'><strong>conservandam</strong></span> <span class='ocrx_word' id='word_1_340' title='bbox 1775 2305 1856 2359; x_wconf 78' lang='lat' dir='ltr'><strong>fabri·</strong></span> 
     </span>
     <span class='ocr_line' id='line_1_26' title="bbox 223 2381 1856 2456; baseline 0.002 -20"><span class='ocrx_word' id='word_1_341' title='bbox 223 2388 300 2453; x_wconf 83' lang='lat' dir='ltr'><strong>teger</strong></span> <span class='ocrx_word' id='word_1_342' title='bbox 322 2390 365 2437; x_wconf 91' lang='lat' dir='ltr'><strong>est</strong></span> <span class='ocrx_word' id='word_1_343' title='bbox 386 2388 415 2435; x_wconf 87' lang='lat' dir='ltr'><strong>et</strong></span> <span class='ocrx_word' id='word_1_344' title='bbox 435 2381 588 2447; x_wconf 90' lang='lat' dir='ltr'><strong>continuus,</strong></span> <span class='ocrx_word' id='word_1_345' title='bbox 612 2390 758 2453; x_wconf 90' lang='lat' dir='ltr'><strong>autequam</strong></span> <span class='ocrx_word' id='word_1_346' title='bbox 781 2397 811 2435; x_wconf 91' lang='lat' dir='ltr'><strong>se</strong></span> <span class='ocrx_word' id='word_1_347' title='bbox 832 2381 964 2451; x_wconf 87' lang='lat' dir='ltr'><strong>partiatur</strong></span> <span class='ocrx_word' id='word_1_348' title='bbox 987 2382 1016 2437; x_wconf 90' lang='lat' dir='ltr'><strong>in</strong></span> <span class='ocrx_word' id='word_1_349' title='bbox 1054 2400 1115 2439; x_wconf 88' lang='lat' dir='ltr'><strong>cam</strong></span> <span class='ocrx_word' id='word_1_350' title='bbox 1140 2384 1268 2439; x_wconf 83' lang='lat' dir='ltr'><strong>universi.</strong></span> <span class='ocrx_word' id='word_1_351' title='bbox 1310 2385 1349 2438; x_wconf 86' lang='lat' dir='ltr'><strong>Ut</strong></span> <span class='ocrx_word' id='word_1_352' title='bbox 1371 2401 1437 2438; x_wconf 87' lang='lat' dir='ltr'><strong>vero</strong></span> <span class='ocrx_word' id='word_1_353' title='bbox 1463 2385 1559 2454; x_wconf 84' lang='lat' dir='ltr'><strong>gravia</strong></span> <span class='ocrx_word' id='word_1_354' title='bbox 1585 2394 1797 2456; x_wconf 77' lang='lat' dir='ltr'><strong>congregentur</strong></span> <span class='ocrx_word' id='word_1_355' title='bbox 1823 2385 1856 2438; x_wconf 87' lang='lat' dir='ltr'><strong>ad</strong></span> 
     </span>
     <span class='ocr_line' id='line_1_27' title="bbox 222 2459 1857 2536; baseline 0.002 -21"><span class='ocrx_word' id='word_1_356' title='bbox 222 2478 312 2516; x_wconf 89' lang='lat' dir='ltr'><strong>ramos</strong></span> <span class='ocrx_word' id='word_1_357' title='bbox 322 2459 346 2531; x_wconf 77' lang='lat'><strong>&gt;3</strong></span> <span class='ocrx_word' id='word_1_358' title='bbox 363 2461 465 2515; x_wconf 90' lang='lat' dir='ltr'><strong>idcirco</strong></span> <span class='ocrx_word' id='word_1_359' title='bbox 486 2462 606 2532; x_wconf 89' lang='lat' dir='ltr'><strong>postulat</strong></span> <span class='ocrx_word' id='word_1_360' title='bbox 625 2479 677 2527; x_wconf 88' lang='lat' dir='ltr'><strong>res,</strong></span> <span class='ocrx_word' id='word_1_361' title='bbox 692 2470 722 2516; x_wconf 87' lang='lat' dir='ltr'><strong>ut</strong></span> <span class='ocrx_word' id='word_1_362' title='bbox 739 2462 898 2533; x_wconf 89' lang='lat' dir='ltr'><strong>priusquam</strong></span> <span class='ocrx_word' id='word_1_363' title='bbox 916 2461 1017 2531; x_wconf 89' lang='lat' dir='ltr'><strong>prioris</strong></span> <span class='ocrx_word' id='word_1_364' title='bbox 1054 2479 1172 2518; x_wconf 89' lang='lat' dir='ltr'><strong>massam</strong></span> <span class='ocrx_word' id='word_1_365' title='bbox 1187 2471 1274 2527; x_wconf 83' lang='lat' dir='ltr'><strong>terrae,</strong></span> <span class='ocrx_word' id='word_1_366' title='bbox 1288 2462 1355 2518; x_wconf 82' lang='lat' dir='ltr'><strong>iacit</strong></span> <span class='ocrx_word' id='word_1_367' title='bbox 1367 2464 1402 2516; x_wconf 92' lang='lat' dir='ltr'><strong>ad</strong></span> <span class='ocrx_word' id='word_1_368' title='bbox 1415 2462 1628 2517; x_wconf 88' lang='lat' dir='ltr'><strong>conservandam</strong></span> <span class='ocrx_word' id='word_1_369' title='bbox 1642 2472 1752 2518; x_wconf 87' lang='lat' dir='ltr'><strong>tautum</strong></span> <span class='ocrx_word' id='word_1_370' title='bbox 1766 2466 1857 2536; x_wconf 72' lang='lat' dir='ltr'><strong>regio</strong></span> 
     </span>
     <span class='ocr_line' id='line_1_28' title="bbox 221 2541 1856 2614; baseline 0.002 -20"><span class='ocrx_word' id='word_1_371' title='bbox 221 2541 376 2612; x_wconf 88' lang='lat' dir='ltr'><strong>partitionis</strong></span> <span class='ocrx_word' id='word_1_372' title='bbox 395 2542 519 2596; x_wconf 89' lang='lat' dir='ltr'><strong>membra</strong></span> <span class='ocrx_word' id='word_1_373' title='bbox 538 2558 741 2614; x_wconf 87' lang='lat' dir='ltr'><strong>persequamur,</strong></span> <span class='ocrx_word' id='word_1_374' title='bbox 763 2541 945 2594; x_wconf 85' lang='lat' dir='ltr'><strong>constituatur</strong></span> <span class='ocrx_word' id='word_1_375' title='bbox 962 2558 1016 2595; x_wconf 92' lang='lat' dir='ltr'><strong>una</strong></span> <span class='ocrx_word' id='word_1_376' title='bbox 1054 2559 1118 2597; x_wconf 87' lang='lat' dir='ltr'><strong>nem</strong></span> <span class='ocrx_word' id='word_1_377' title='bbox 1143 2543 1297 2597; x_wconf 87' lang='lat' dir='ltr'><strong>densorum.</strong></span> <span class='ocrx_word' id='word_1_378' title='bbox 1340 2543 1435 2613; x_wconf 83' lang='lat' dir='ltr'><strong>ltaque</strong></span> <span class='ocrx_word' id='word_1_379' title='bbox 1458 2543 1534 2613; x_wconf 93' lang='lat' dir='ltr'><strong>prior</strong></span> <span class='ocrx_word' id='word_1_380' title='bbox 1557 2551 1648 2597; x_wconf 90' lang='lat' dir='ltr'><strong>motus</strong></span> <span class='ocrx_word' id='word_1_381' title='bbox 1672 2545 1856 2613; x_wconf 85' lang='lat' dir='ltr'><strong>posteriorem</strong></span> 
     </span>
     <span class='ocr_line' id='line_1_29' title="bbox 222 2620 1857 2693; baseline 0.002 -19"><span class='ocrx_word' id='word_1_382' title='bbox 222 2620 338 2676; x_wconf 88' lang='lat' dir='ltr'><strong>scientia</strong></span> <span class='ocrx_word' id='word_1_383' title='bbox 358 2621 526 2686; x_wconf 88' lang='lat' dir='ltr'><strong>universalis,</strong></span> <span class='ocrx_word' id='word_1_384' title='bbox 546 2639 608 2692; x_wconf 82' lang='lat' dir='ltr'><strong>quaa</strong></span> <span class='ocrx_word' id='word_1_385' title='bbox 627 2622 664 2675; x_wconf 90' lang='lat' dir='ltr'><strong>sit</strong></span> <span class='ocrx_word' id='word_1_386' title='bbox 684 2629 772 2675; x_wconf 90' lang='lat' dir='ltr'><strong>mater</strong></span> <span class='ocrx_word' id='word_1_387' title='bbox 793 2620 968 2690; x_wconf 91' lang='lat' dir='ltr'><strong>reliquarum,</strong></span> <span class='ocrx_word' id='word_1_388' title='bbox 990 2628 1018 2676; x_wconf 91' lang='lat' dir='ltr'><strong>et</strong></span> <span class='ocrx_word' id='word_1_389' title='bbox 1054 2622 1154 2676; x_wconf 83' lang='lat' dir='ltr'><strong>domat.</strong></span> <span class='ocrx_word' id='word_1_390' title='bbox 1189 2622 1292 2676; x_wconf 84' lang='lat' dir='ltr'><strong>Eadem</strong></span> <span class='ocrx_word' id='word_1_391' title='bbox 1305 2629 1379 2676; x_wconf 89' lang='lat' dir='ltr'><strong>tenet</strong></span> <span class='ocrx_word' id='word_1_392' title='bbox 1391 2623 1420 2675; x_wconf 92' lang='lat' dir='ltr'><strong>in</strong></span> <span class='ocrx_word' id='word_1_393' title='bbox 1434 2622 1569 2693; x_wconf 86' lang='lat' dir='ltr'><strong>politicis:</strong></span> <span class='ocrx_word' id='word_1_394' title='bbox 1591 2639 1657 2676; x_wconf 90' lang='lat' dir='ltr'><strong>nam</strong></span> <span class='ocrx_word' id='word_1_395' title='bbox 1670 2639 1735 2693; x_wconf 77' lang='lat' dir='ltr'><strong>quas</strong></span> <span class='ocrx_word' id='word_1_396' title='bbox 1749 2623 1857 2678; x_wconf 75' lang='lat' dir='ltr'><strong>facium</strong></span> 
     </span>
     <span class='ocr_line' id='line_1_30' title="bbox 222 2698 1856 2772; baseline 0.001 -18"><span class='ocrx_word' id='word_1_397' title='bbox 222 2698 355 2755; x_wconf 87' lang='lat' dir='ltr'><strong>habeatur</strong></span> <span class='ocrx_word' id='word_1_398' title='bbox 368 2701 397 2755; x_wconf 91' lang='lat' dir='ltr'><strong>iu</strong></span> <span class='ocrx_word' id='word_1_399' title='bbox 416 2717 560 2772; x_wconf 89' lang='lat' dir='ltr'><strong>progressu</strong></span> <span class='ocrx_word' id='word_1_400' title='bbox 574 2700 764 2765; x_wconf 75' lang='lat' dir='ltr'><strong>doctrinarum,</strong></span> <span class='ocrx_word' id='word_1_401' title='bbox 779 2707 910 2770; x_wconf 90' lang='lat' dir='ltr'><strong>tanquam</strong></span> <span class='ocrx_word' id='word_1_402' title='bbox 929 2701 1017 2769; x_wconf 88' lang='lat' dir='ltr'><strong>portio</strong></span> <span class='ocrx_word' id='word_1_403' title='bbox 1055 2703 1089 2755; x_wconf 84' lang='lat' dir='ltr'><strong>ad</strong></span> <span class='ocrx_word' id='word_1_404' title='bbox 1103 2703 1313 2755; x_wconf 88' lang='lat' dir='ltr'><strong>conservandam</strong></span> <span class='ocrx_word' id='word_1_405' title='bbox 1326 2702 1416 2771; x_wconf 85' lang='lat' dir='ltr'><strong>ipsam</strong></span> <span class='ocrx_word' id='word_1_406' title='bbox 1429 2701 1554 2772; x_wconf 87' lang='lat' dir='ltr'><strong>politiam</strong></span> <span class='ocrx_word' id='word_1_407' title='bbox 1574 2702 1604 2755; x_wconf 93' lang='lat' dir='ltr'><strong>in</strong></span> <span class='ocrx_word' id='word_1_408' title='bbox 1617 2719 1670 2755; x_wconf 88' lang='lat' dir='ltr'><strong>sua</strong></span> <span class='ocrx_word' id='word_1_409' title='bbox 1683 2711 1797 2767; x_wconf 80' lang='lat' dir='ltr'><strong>natura,</strong></span> <span class='ocrx_word' id='word_1_410' title='bbox 1809 2720 1856 2756; x_wconf 86' lang='lat' dir='ltr'><strong>va·</strong></span> 
     </span>
     <span class='ocr_line' id='line_1_31' title="bbox 221 2778 1856 2853; baseline 0.001 -19"><span class='ocrx_word' id='word_1_411' title='bbox 221 2780 274 2834; x_wconf 81' lang='lat' dir='ltr'><strong>vioe</strong></span> <span class='ocrx_word' id='word_1_412' title='bbox 293 2782 451 2847; x_wconf 88' lang='lat' dir='ltr'><strong>communis,</strong></span> <span class='ocrx_word' id='word_1_413' title='bbox 466 2789 613 2850; x_wconf 89' lang='lat' dir='ltr'><strong>antequam</strong></span> <span class='ocrx_word' id='word_1_414' title='bbox 626 2781 678 2835; x_wconf 78' lang='lat' dir='ltr'><strong>visa</strong></span> <span class='ocrx_word' id='word_1_415' title='bbox 691 2798 721 2836; x_wconf 84' lang='lat' dir='ltr'><strong>aa</strong></span> <span class='ocrx_word' id='word_1_416' title='bbox 735 2788 862 2849; x_wconf 87' lang='lat' dir='ltr'><strong>separent</strong></span> <span class='ocrx_word' id='word_1_417' title='bbox 875 2786 902 2834; x_wconf 91' lang='lat' dir='ltr'><strong>et</strong></span> <span class='ocrx_word' id='word_1_418' title='bbox 915 2778 1018 2847; x_wconf 88' lang='lat' dir='ltr'><strong>disjun·</strong></span> <span class='ocrx_word' id='word_1_419' title='bbox 1054 2780 1154 2835; x_wconf 89' lang='lat' dir='ltr'><strong>lidiora</strong></span> <span class='ocrx_word' id='word_1_420' title='bbox 1174 2790 1244 2845; x_wconf 91' lang='lat' dir='ltr'><strong>sunt,</strong></span> <span class='ocrx_word' id='word_1_421' title='bbox 1259 2797 1341 2853; x_wconf 88' lang='lat' dir='ltr'><strong>quum</strong></span> <span class='ocrx_word' id='word_1_422' title='bbox 1355 2798 1416 2852; x_wconf 76' lang='lat' dir='ltr'><strong>que</strong></span> <span class='ocrx_word' id='word_1_423' title='bbox 1434 2781 1469 2835; x_wconf 89' lang='lat' dir='ltr'><strong>ad</strong></span> <span class='ocrx_word' id='word_1_424' title='bbox 1487 2782 1557 2835; x_wconf 87' lang='lat' dir='ltr'><strong>bene</strong></span> <span class='ocrx_word' id='word_1_425' title='bbox 1571 2798 1631 2835; x_wconf 88' lang='lat' dir='ltr'><strong>esse</strong></span> <span class='ocrx_word' id='word_1_426' title='bbox 1645 2782 1856 2851; x_wconf 84' lang='lat' dir='ltr'><strong>particularium</strong></span> 
     </span>
     <span class='ocr_line' id='line_1_32' title="bbox 222 2858 1857 2931; baseline 0.002 -19"><span class='ocrx_word' id='word_1_427' title='bbox 222 2867 296 2931; x_wconf 83' lang='lat' dir='ltr'><strong>gant.</strong></span> <span class='ocrx_word' id='word_1_428' title='bbox 347 2860 427 2914; x_wconf 89' lang='lat' dir='ltr'><strong>Hauc</strong></span> <span class='ocrx_word' id='word_1_429' title='bbox 450 2861 600 2923; x_wconf 89' lang='lat' dir='ltr'><strong>scientiam,</strong></span> <span class='ocrx_word' id='word_1_430' title='bbox 625 2858 808 2929; x_wconf 77' lang='lat' dir='ltr'><strong>philosophia</strong></span> <span class='ocrx_word' id='word_1_431' title='bbox 830 2859 934 2928; x_wconf 78' lang='lat' dir='ltr'><strong>prima,</strong></span> <span class='ocrx_word' id='word_1_432' title='bbox 958 2860 1016 2914; x_wconf 89' lang='lat' dir='ltr'><strong>sive</strong></span> <span class='ocrx_word' id='word_1_433' title='bbox 1054 2861 1083 2914; x_wconf 91' lang='lat' dir='ltr'><strong>in</strong></span> <span class='ocrx_word' id='word_1_434' title='bbox 1110 2859 1250 2930; x_wconf 87' lang='lat' dir='ltr'><strong>republica</strong></span> <span class='ocrx_word' id='word_1_435' title='bbox 1282 2862 1464 2915; x_wconf 88' lang='lat' dir='ltr'><strong>membrorum</strong></span> <span class='ocrx_word' id='word_1_436' title='bbox 1496 2860 1661 2915; x_wconf 83' lang='lat' dir='ltr'><strong>conducunt.</strong></span> <span class='ocrx_word' id='word_1_437' title='bbox 1719 2862 1857 2916; x_wconf 84' lang='lat' dir='ltr'><strong>Similiter</strong></span> 
     </span>
     <span class='ocr_line' id='line_1_33' title="bbox 222 2940 1856 3012; baseline 0.002 -18"><span class='ocrx_word' id='word_1_438' title='bbox 222 2940 305 2995; x_wconf 91' lang='lat' dir='ltr'><strong>etiam</strong></span> <span class='ocrx_word' id='word_1_439' title='bbox 324 2940 465 3011; x_wconf 76' lang='lat' dir='ltr'><strong>sapientia</strong></span> <span class='ocrx_word' id='word_1_440' title='bbox 480 2944 555 3012; x_wconf 80' lang='lat' dir='ltr'><strong>(qum</strong></span> <span class='ocrx_word' id='word_1_441' title='bbox 569 2940 634 2994; x_wconf 92' lang='lat' dir='ltr'><strong>olim</strong></span> <span class='ocrx_word' id='word_1_442' title='bbox 649 2958 738 2995; x_wconf 87' lang='lat' dir='ltr'><strong>rerum</strong></span> <span class='ocrx_word' id='word_1_443' title='bbox 760 2940 912 2994; x_wconf 86' lang='lat' dir='ltr'><strong>divinarum</strong></span> <span class='ocrx_word' id='word_1_444' title='bbox 933 2948 1016 3011; x_wconf 88' lang='lat' dir='ltr'><strong>atque</strong></span> <span class='ocrx_word' id='word_1_445' title='bbox 1055 2940 1149 2995; x_wconf 89' lang='lat' dir='ltr'><strong>eadem</strong></span> <span class='ocrx_word' id='word_1_446' title='bbox 1163 2941 1252 2995; x_wconf 88' lang='lat' dir='ltr'><strong>locum</strong></span> <span class='ocrx_word' id='word_1_447' title='bbox 1265 2941 1350 2996; x_wconf 90' lang='lat' dir='ltr'><strong>babet</strong></span> <span class='ocrx_word' id='word_1_448' title='bbox 1367 2943 1396 2995; x_wconf 93' lang='lat' dir='ltr'><strong>in</strong></span> <span class='ocrx_word' id='word_1_449' title='bbox 1411 2941 1560 3012; x_wconf 75' lang='lat' dir='ltr'><strong>theologia</strong></span> <span class='ocrx_word' id='word_1_450' title='bbox 1601 2941 1717 2996; x_wconf 83' lang='lat' dir='ltr'><strong>Etenim</strong></span> <span class='ocrx_word' id='word_1_451' title='bbox 1732 2944 1762 2996; x_wconf 93' lang='lat' dir='ltr'><strong>in</strong></span> <span class='ocrx_word' id='word_1_452' title='bbox 1778 2944 1856 2997; x_wconf 85' lang='lat' dir='ltr'><strong>theo·</strong></span> 
     </span>
     <span class='ocr_line' id='line_1_34' title="bbox 221 3018 1855 3092; baseline 0.001 -19"><span class='ocrx_word' id='word_1_453' title='bbox 221 3018 1016 3089; x_wconf 86' lang='lat' dir='ltr'><strong>humanarumscientiadetiniebatur)uomineinsignimus.</strong></span> <span class='ocrx_word' id='word_1_454' title='bbox 1054 3020 1152 3091; x_wconf 91' lang='lat' dir='ltr'><strong>logicis</strong></span> <span class='ocrx_word' id='word_1_455' title='bbox 1166 3021 1317 3085; x_wconf 90' lang='lat' dir='ltr'><strong>virtutibus,</strong></span> <span class='ocrx_word' id='word_1_456' title='bbox 1332 3021 1459 3086; x_wconf 86' lang='lat' dir='ltr'><strong>charitas,</strong></span> <span class='ocrx_word' id='word_1_457' title='bbox 1475 3039 1536 3092; x_wconf 81' lang='lat' dir='ltr'><strong>quae</strong></span> <span class='ocrx_word' id='word_1_458' title='bbox 1558 3028 1600 3076; x_wconf 91' lang='lat' dir='ltr'><strong>est</strong></span> <span class='ocrx_word' id='word_1_459' title='bbox 1620 3021 1711 3076; x_wconf 88' lang='lat' dir='ltr'><strong>virtus</strong></span> <span class='ocrx_word' id='word_1_460' title='bbox 1732 3025 1855 3078; x_wconf 73' lang='lat' dir='ltr'><strong>mamma</strong></span> 
     </span>
     <span class='ocr_line' id='line_1_35' title="bbox 223 3098 1855 3172; baseline 0.001 -19"><span class='ocrx_word' id='word_1_461' title='bbox 223 3099 296 3153; x_wconf 89' lang='lat' dir='ltr'><strong>Huic</strong></span> <span class='ocrx_word' id='word_1_462' title='bbox 311 3106 402 3152; x_wconf 86' lang='lat' dir='ltr'><strong>autem</strong></span> <span class='ocrx_word' id='word_1_463' title='bbox 418 3098 538 3154; x_wconf 76' lang='lat' dir='ltr'><strong>scientia</strong></span> <span class='ocrx_word' id='word_1_464' title='bbox 551 3099 627 3153; x_wconf 91' lang='lat' dir='ltr'><strong>nulla</strong></span> <span class='ocrx_word' id='word_1_465' title='bbox 646 3099 702 3153; x_wconf 89' lang='lat' dir='ltr'><strong>alia</strong></span> <span class='ocrx_word' id='word_1_466' title='bbox 716 3099 878 3169; x_wconf 69' lang='lat' dir='ltr'><strong>opponiturc</strong></span> <span class='ocrx_word' id='word_1_467' title='bbox 900 3114 962 3152; x_wconf 91' lang='lat' dir='ltr'><strong>cum</strong></span> <span class='ocrx_word' id='word_1_468' title='bbox 982 3099 1017 3152; x_wconf 90' lang='lat' dir='ltr'><strong>ab</strong></span> <span class='ocrx_word' id='word_1_469' title='bbox 1055 3101 1286 3164; x_wconf 82' lang='lat' dir='ltr'><strong>communicativa,</strong></span> <span class='ocrx_word' id='word_1_470' title='bbox 1301 3117 1358 3172; x_wconf 83' lang='lat' dir='ltr'><strong>prae</strong></span> <span class='ocrx_word' id='word_1_471' title='bbox 1369 3101 1482 3172; x_wconf 90' lang='lat' dir='ltr'><strong>reliquis</strong></span> <span class='ocrx_word' id='word_1_472' title='bbox 1495 3101 1621 3155; x_wconf 90' lang='lat' dir='ltr'><strong>omnibus</strong></span> <span class='ocrx_word' id='word_1_473' title='bbox 1635 3102 1749 3155; x_wconf 88' lang='lat' dir='ltr'><strong>eminet.</strong></span> <span class='ocrx_word' id='word_1_474' title='bbox 1774 3110 1792 3135; x_wconf 87' lang='lat'>“</span> <span class='ocrx_word' id='word_1_475' title='bbox 1804 3103 1855 3156; x_wconf 80' lang='lat' dir='ltr'><strong>Au·</strong></span> 
     </span>
     <span class='ocr_line' id='line_1_36' title="bbox 222 3178 1853 3250; baseline 0.004 -20"><span class='ocrx_word' id='word_1_476' title='bbox 222 3178 286 3232; x_wconf 90' lang='lat' dir='ltr'><strong>aliis</strong></span> <span class='ocrx_word' id='word_1_477' title='bbox 299 3178 428 3241; x_wconf 89' lang='lat' dir='ltr'><strong>scientiis,</strong></span> <span class='ocrx_word' id='word_1_478' title='bbox 439 3180 530 3248; x_wconf 91' lang='lat' dir='ltr'><strong>potius</strong></span> <span class='ocrx_word' id='word_1_479' title='bbox 540 3178 681 3243; x_wconf 88' lang='lat' dir='ltr'><strong>limitibus,</strong></span> <span class='ocrx_word' id='word_1_480' title='bbox 693 3180 764 3233; x_wconf 89' lang='lat' dir='ltr'><strong>intra</strong></span> <span class='ocrx_word' id='word_1_481' title='bbox 778 3195 846 3249; x_wconf 90' lang='lat' dir='ltr'><strong>quos</strong></span> <span class='ocrx_word' id='word_1_482' title='bbox 856 3178 1016 3241; x_wconf 88' lang='lat' dir='ltr'><strong>continetur,</strong></span> <span class='ocrx_word' id='word_1_483' title='bbox 1055 3188 1134 3249; x_wconf 88' lang='lat' dir='ltr'><strong>getur</strong></span> <span class='ocrx_word' id='word_1_484' title='bbox 1160 3180 1202 3233; x_wconf 89' lang='lat' dir='ltr'><strong>vis</strong></span> <span class='ocrx_word' id='word_1_485' title='bbox 1228 3181 1334 3250; x_wconf 88' lang='lat' dir='ltr'><strong>agentis</strong></span> <span class='ocrx_word' id='word_1_486' title='bbox 1359 3196 1409 3250; x_wconf 90' lang='lat' dir='ltr'><strong>per</strong></span> <span class='ocrx_word' id='word_1_487' title='bbox 1435 3180 1641 3250; x_wconf 85' lang='lat' dir='ltr'><strong>antiperistasin</strong></span> <span class='ocrx_word' id='word_1_488' title='bbox 1667 3183 1805 3236; x_wconf 88' lang='lat' dir='ltr'><strong>contrarii</strong></span> <span class='ocrx_word' id='word_1_489' title='bbox 1820 3183 1853 3235; x_wconf 67' lang='grc' dir='ltr'><strong>ι’*</strong></span> 
     </span>
     <span class='ocr_line' id='line_1_37' title="bbox 222 3256 1855 3330; baseline 0.002 -19"><span class='ocrx_word' id='word_1_490' title='bbox 222 3273 302 3326; x_wconf 89' lang='lat' dir='ltr'><strong>quarn</strong></span> <span class='ocrx_word' id='word_1_491' title='bbox 317 3256 398 3311; x_wconf 93' lang='lat' dir='ltr'><strong>rebus</strong></span> <span class='ocrx_word' id='word_1_492' title='bbox 412 3263 439 3311; x_wconf 91' lang='lat' dir='ltr'><strong>et</strong></span> <span class='ocrx_word' id='word_1_493' title='bbox 452 3258 581 3326; x_wconf 88' lang='lat' dir='ltr'><strong>subjecto,</strong></span> <span class='ocrx_word' id='word_1_494' title='bbox 595 3259 709 3321; x_wconf 79' lang='lat' dir='ltr'><strong>differat,</strong></span> <span class='ocrx_word' id='word_1_495' title='bbox 724 3258 837 3328; x_wconf 85' lang='lat' dir='ltr'><strong>fastigia</strong></span> <span class='ocrx_word' id='word_1_496' title='bbox 857 3257 963 3310; x_wconf 90' lang='lat' dir='ltr'><strong>scilicet</strong></span> <span class='ocrx_word' id='word_1_497' title='bbox 976 3275 1017 3312; x_wconf 91' lang='lat' dir='ltr'><strong>re·</strong></span> <span class='ocrx_word' id='word_1_498' title='bbox 1054 3260 1151 3329; x_wconf 87' lang='lat' dir='ltr'><strong>regula</strong></span> <span class='ocrx_word' id='word_1_499' title='bbox 1175 3266 1217 3313; x_wconf 92' lang='lat' dir='ltr'><strong>est</strong></span> <span class='ocrx_word' id='word_1_500' title='bbox 1239 3259 1269 3312; x_wconf 92' lang='lat' dir='ltr'><strong>in</strong></span> <span class='ocrx_word' id='word_1_501' title='bbox 1291 3258 1423 3329; x_wconf 82' lang='lat' dir='ltr'><strong>physicis.</strong></span> <span class='ocrx_word' id='word_1_502' title='bbox 1465 3259 1568 3314; x_wconf 88' lang='lat' dir='ltr'><strong>Eadem</strong></span> <span class='ocrx_word' id='word_1_503' title='bbox 1593 3260 1666 3314; x_wconf 88' lang='lat' dir='ltr'><strong>mira</strong></span> <span class='ocrx_word' id='word_1_504' title='bbox 1690 3270 1808 3330; x_wconf 64' lang='lat' dir='ltr'><strong>prestat</strong></span> <span class='ocrx_word' id='word_1_505' title='bbox 1826 3262 1855 3315; x_wconf 89' lang='grc' dir='ltr'><strong>ιιι</strong></span> 
     </span>
     <span class='ocr_line' id='line_1_38' title="bbox 221 3337 1854 3411; baseline 0.003 -22"><span class='ocrx_word' id='word_1_506' title='bbox 221 3353 282 3390; x_wconf 90' lang='lat' dir='ltr'><strong>rum</strong></span> <span class='ocrx_word' id='word_1_507' title='bbox 295 3338 479 3391; x_wconf 88' lang='lat' dir='ltr'><strong>tantummodo</strong></span> <span class='ocrx_word' id='word_1_508' title='bbox 493 3343 621 3392; x_wconf 82' lang='lat' dir='ltr'><strong>tractans</strong></span> <span class='ocrx_word' id='word_1_509' title='bbox 653 3339 734 3392; x_wconf 89' lang='lat' dir='ltr'><strong>Hanc</strong></span> <span class='ocrx_word' id='word_1_510' title='bbox 744 3339 832 3407; x_wconf 84' lang='lat' dir='ltr'><strong>ipsam</strong></span> <span class='ocrx_word' id='word_1_511' title='bbox 843 3344 932 3391; x_wconf 89' lang='lat' dir='ltr'><strong>utrum</strong></span> <span class='ocrx_word' id='word_1_512' title='bbox 945 3337 1018 3391; x_wconf 89' lang='lat' dir='ltr'><strong>inter</strong></span> <span class='ocrx_word' id='word_1_513' title='bbox 1055 3339 1190 3408; x_wconf 76' lang='lat' dir='ltr'><strong>politicis3</strong></span> <span class='ocrx_word' id='word_1_514' title='bbox 1212 3356 1273 3393; x_wconf 90' lang='lat' dir='ltr'><strong>eum</strong></span> <span class='ocrx_word' id='word_1_515' title='bbox 1287 3339 1376 3394; x_wconf 89' lang='lat' dir='ltr'><strong>omnis</strong></span> <span class='ocrx_word' id='word_1_516' title='bbox 1389 3339 1480 3404; x_wconf 81' lang='lat' dir='ltr'><strong>factio,</strong></span> <span class='ocrx_word' id='word_1_517' title='bbox 1495 3356 1531 3394; x_wconf 85' lang='lat' dir='ltr'><strong>ex</strong></span> <span class='ocrx_word' id='word_1_518' title='bbox 1548 3340 1684 3393; x_wconf 84' lang='lat' dir='ltr'><strong>contraria</strong></span> <span class='ocrx_word' id='word_1_519' title='bbox 1698 3341 1854 3411; x_wconf 83' lang='lat' dir='ltr'><strong>ingruente,</strong></span> 
     </span>
     <span class='ocr_line' id='line_1_39' title="bbox 222 3415 1854 3486; baseline 0.004 -18"><span class='ocrx_word' id='word_1_520' title='bbox 222 3415 375 3470; x_wconf 89' lang='lat' dir='ltr'><strong>desiderata</strong></span> <span class='ocrx_word' id='word_1_521' title='bbox 396 3433 528 3486; x_wconf 86' lang='lat' dir='ltr'><strong>reponere</strong></span> <span class='ocrx_word' id='word_1_522' title='bbox 549 3424 680 3486; x_wconf 85' lang='lat' dir='ltr'><strong>oporteat,</strong></span> <span class='ocrx_word' id='word_1_523' title='bbox 693 3417 809 3480; x_wconf 81' lang='lat' dir='ltr'><strong>haesito;</strong></span> <span class='ocrx_word' id='word_1_524' title='bbox 832 3415 880 3470; x_wconf 90' lang='lat' dir='ltr'><strong>sed</strong></span> <span class='ocrx_word' id='word_1_525' title='bbox 900 3416 1017 3470; x_wconf 90' lang='lat' dir='ltr'><strong>arbitror</strong></span> <span class='ocrx_word' id='word_1_526' title='bbox 1055 3418 1231 3472; x_wconf 86' lang='lat' dir='ltr'><strong>vehementer</strong></span> <span class='ocrx_word' id='word_1_527' title='bbox 1240 3418 1368 3472; x_wconf 90' lang='lat' dir='ltr'><strong>irritetur.</strong></span> <span class='ocrx_word' id='word_1_528' title='bbox 1400 3425 1416 3451; x_wconf 87' lang='lat'><strong>“</strong></span> <span class='ocrx_word' id='word_1_529' title='bbox 1427 3419 1519 3474; x_wconf 88' lang='lat' dir='ltr'><strong>Touus</strong></span> <span class='ocrx_word' id='word_1_530' title='bbox 1533 3419 1636 3474; x_wconf 89' lang='lat' dir='ltr'><strong>discors</strong></span> <span class='ocrx_word' id='word_1_531' title='bbox 1646 3419 1676 3473; x_wconf 92' lang='lat' dir='ltr'><strong>iu</strong></span> <span class='ocrx_word' id='word_1_532' title='bbox 1691 3422 1854 3476; x_wconf 85' lang='lat' dir='ltr'><strong>concordem</strong></span> 
     </span>
     <span class='ocr_line' id='line_1_40' title="bbox 221 3495 1855 3573; baseline 0.004 -24"><span class='ocrx_word' id='word_1_533' title='bbox 221 3502 313 3549; x_wconf 90' lang='lat' dir='ltr'><strong>tamen</strong></span> <span class='ocrx_word' id='word_1_534' title='bbox 331 3496 396 3566; x_wconf 91' lang='lat' dir='ltr'><strong>poni</strong></span> <span class='ocrx_word' id='word_1_535' title='bbox 418 3495 524 3551; x_wconf 92' lang='lat' dir='ltr'><strong>debere.</strong></span> <span class='ocrx_word' id='word_1_536' title='bbox 564 3495 699 3567; x_wconf 83' lang='lat' dir='ltr'><strong>Equidem</strong></span> <span class='ocrx_word' id='word_1_537' title='bbox 718 3496 830 3550; x_wconf 88' lang='lat' dir='ltr'><strong>invenio</strong></span> <span class='ocrx_word' id='word_1_538' title='bbox 850 3495 1017 3565; x_wconf 80' lang='lat' dir='ltr'><strong>farraginem</strong></span> <span class='ocrx_word' id='word_1_539' title='bbox 1054 3505 1173 3553; x_wconf 87' lang='lat' dir='ltr'><strong>actutum</strong></span> <span class='ocrx_word' id='word_1_540' title='bbox 1186 3497 1322 3562; x_wconf 88' lang='lat' dir='ltr'><strong>desinens,</strong></span> <span class='ocrx_word' id='word_1_541' title='bbox 1336 3506 1497 3553; x_wconf 85' lang='lat' dir='ltr'><strong>concentum</strong></span> <span class='ocrx_word' id='word_1_542' title='bbox 1510 3498 1688 3553; x_wconf 88' lang='lat' dir='ltr'><strong>commendat</strong></span> <span class='ocrx_word' id='word_1_543' title='bbox 1699 3499 1732 3554; x_wconf 86' lang='lat'><strong>:&#39;’</strong></span> <span class='ocrx_word' id='word_1_544' title='bbox 1755 3500 1855 3573; x_wconf 84' lang='lat' dir='ltr'><strong>regula</strong></span> 
     </span>
     <span class='ocr_line' id='line_1_41' title="bbox 222 3574 1854 3645; baseline 0.002 -16"><span class='ocrx_word' id='word_1_545' title='bbox 222 3574 357 3645; x_wconf 89' lang='lat' dir='ltr'><strong>quandam</strong></span> <span class='ocrx_word' id='word_1_546' title='bbox 371 3584 400 3629; x_wconf 90' lang='lat' dir='ltr'><strong>et</strong></span> <span class='ocrx_word' id='word_1_547' title='bbox 413 3591 531 3629; x_wconf 89' lang='lat' dir='ltr'><strong>massam</strong></span> <span class='ocrx_word' id='word_1_548' title='bbox 544 3574 711 3630; x_wconf 86' lang='lat' dir='ltr'><strong>inconditam</strong></span> <span class='ocrx_word' id='word_1_549' title='bbox 721 3576 851 3630; x_wconf 74' lang='lat' dir='ltr'><strong>doctrinae</strong></span> <span class='ocrx_word' id='word_1_550' title='bbox 864 3591 901 3629; x_wconf 86' lang='lat' dir='ltr'><strong>ex</strong></span> <span class='ocrx_word' id='word_1_551' title='bbox 914 3574 1018 3629; x_wconf 89' lang='lat' dir='ltr'><strong>theolo·</strong></span> <span class='ocrx_word' id='word_1_552' title='bbox 1055 3586 1096 3630; x_wconf 88' lang='lat' dir='ltr'><strong>est</strong></span> <span class='ocrx_word' id='word_1_553' title='bbox 1109 3578 1229 3632; x_wconf 86' lang='lat' dir='ltr'><strong>musicae.</strong></span> <span class='ocrx_word' id='word_1_554' title='bbox 1269 3578 1414 3632; x_wconf 83' lang='lat' dir='ltr'><strong>Eudemia</strong></span> <span class='ocrx_word' id='word_1_555' title='bbox 1425 3578 1525 3632; x_wconf 88' lang='lat' dir='ltr'><strong>ethicis</strong></span> <span class='ocrx_word' id='word_1_556' title='bbox 1538 3586 1566 3632; x_wconf 88' lang='lat' dir='ltr'><strong>et</strong></span> <span class='ocrx_word' id='word_1_557' title='bbox 1576 3578 1725 3633; x_wconf 81' lang='lat' dir='ltr'><strong>affectibus</strong></span> <span class='ocrx_word' id='word_1_558' title='bbox 1738 3580 1854 3635; x_wconf 88' lang='lat' dir='ltr'><strong>obtinet.</strong></span> 
     </span>
     <span class='ocr_line' id='line_1_42' title="bbox 221 3653 1855 3735; baseline 0.005 -29"><span class='ocrx_word' id='word_1_559' title='bbox 221 3654 268 3724; x_wconf 87' lang='lat' dir='ltr'><strong>gia</strong></span> <span class='ocrx_word' id='word_1_560' title='bbox 279 3654 406 3720; x_wconf 84' lang='grc' dir='ltr'><strong>ιιιιιιιι,</strong></span> <span class='ocrx_word' id='word_1_561' title='bbox 421 3672 458 3708; x_wconf 86' lang='lat' dir='ltr'><strong>ex</strong></span> <span class='ocrx_word' id='word_1_562' title='bbox 471 3654 570 3725; x_wconf 88' lang='lat' dir='ltr'><strong>logica,</strong></span> <span class='ocrx_word' id='word_1_563' title='bbox 581 3671 617 3709; x_wconf 86' lang='lat' dir='ltr'><strong>ex</strong></span> <span class='ocrx_word' id='word_1_564' title='bbox 630 3656 753 3726; x_wconf 88' lang='lat' dir='ltr'><strong>partibus</strong></span> <span class='ocrx_word' id='word_1_565' title='bbox 768 3655 931 3725; x_wconf 87' lang='lat' dir='ltr'><strong>quibusdam</strong></span> <span class='ocrx_word' id='word_1_566' title='bbox 946 3653 1017 3724; x_wconf 86' lang='lat' dir='ltr'><strong>phy·</strong></span> <span class='ocrx_word' id='word_1_567' title='bbox 1055 3656 1161 3728; x_wconf 81' lang='lat' dir='ltr'><strong>&#39;l&#39;ropus</strong></span> <span class='ocrx_word' id='word_1_568' title='bbox 1175 3656 1222 3711; x_wconf 90' lang='lat' dir='ltr'><strong>ille</strong></span> <span class='ocrx_word' id='word_1_569' title='bbox 1236 3658 1364 3723; x_wconf 88' lang='lat' dir='ltr'><strong>musicus,</strong></span> <span class='ocrx_word' id='word_1_570' title='bbox 1379 3674 1396 3711; x_wconf 92' lang='lat' dir='ltr'><strong>a</strong></span> <span class='ocrx_word' id='word_1_571' title='bbox 1409 3656 1530 3712; x_wconf 87' lang='lat' dir='ltr'><strong>clausula</strong></span> <span class='ocrx_word' id='word_1_572' title='bbox 1549 3666 1595 3712; x_wconf 89' lang='lat' dir='ltr'><strong>aut</strong></span> <span class='ocrx_word' id='word_1_573' title='bbox 1609 3657 1738 3713; x_wconf 84' lang='lat' dir='ltr'><strong>cadentia</strong></span> <span class='ocrx_word' id='word_1_574' title='bbox 1752 3658 1855 3735; x_wconf 86' lang='lat' dir='ltr'><strong>(quam</strong></span> 
     </span>
     <span class='ocr_line' id='line_1_43' title="bbox 221 3733 1855 3807; baseline 0.004 -21"><span class='ocrx_word' id='word_1_575' title='bbox 221 3733 286 3787; x_wconf 83' lang='lat' dir='ltr'><strong>sicae</strong></span> <span class='ocrx_word' id='word_1_576' title='bbox 300 3733 396 3807; x_wconf 89' lang='lat' dir='ltr'><strong>(veluti</strong></span> <span class='ocrx_word' id='word_1_577' title='bbox 410 3734 444 3788; x_wconf 91' lang='lat' dir='ltr'><strong>de</strong></span> <span class='ocrx_word' id='word_1_578' title='bbox 464 3735 614 3805; x_wconf 89' lang='lat' dir='ltr'><strong>principiis,</strong></span> <span class='ocrx_word' id='word_1_579' title='bbox 629 3736 704 3790; x_wconf 88' lang='lat' dir='ltr'><strong>etde</strong></span> <span class='ocrx_word' id='word_1_580' title='bbox 718 3735 823 3801; x_wconf 85' lang='lat' dir='ltr'><strong>anima)</strong></span> <span class='ocrx_word' id='word_1_581' title='bbox 838 3734 1017 3803; x_wconf 85' lang='lat' dir='ltr'><strong>compositam</strong></span> <span class='ocrx_word' id='word_1_582' title='bbox 1054 3739 1162 3804; x_wconf 86' lang='lat' dir='ltr'><strong>vocant)</strong></span> <span class='ocrx_word' id='word_1_583' title='bbox 1178 3754 1241 3791; x_wconf 89' lang='lat' dir='ltr'><strong>cum</strong></span> <span class='ocrx_word' id='word_1_584' title='bbox 1258 3737 1374 3805; x_wconf 87' lang='lat' dir='ltr'><strong>jamjam</strong></span> <span class='ocrx_word' id='word_1_585' title='bbox 1395 3737 1490 3791; x_wconf 87' lang='lat' dir='ltr'><strong>adesse</strong></span> <span class='ocrx_word' id='word_1_586' title='bbox 1511 3737 1641 3801; x_wconf 82' lang='lat' dir='ltr'><strong>videatur,</strong></span> <span class='ocrx_word' id='word_1_587' title='bbox 1662 3737 1774 3807; x_wconf 89' lang='lat' dir='ltr'><strong>placide</strong></span> <span class='ocrx_word' id='word_1_588' title='bbox 1797 3740 1855 3795; x_wconf 84' lang='lat' dir='ltr'><strong>ela·</strong></span> 
     </span>
     <span class='ocr_line' id='line_1_44' title="bbox 221 3812 1855 3888; baseline 0.005 -22"><span class='ocrx_word' id='word_1_589' title='bbox 221 3819 249 3866; x_wconf 90' lang='lat' dir='ltr'><strong>et</strong></span> <span class='ocrx_word' id='word_1_590' title='bbox 262 3822 427 3883; x_wconf 78' lang='lat' dir='ltr'><strong>congestam,</strong></span> <span class='ocrx_word' id='word_1_591' title='bbox 442 3822 469 3867; x_wconf 92' lang='lat' dir='ltr'><strong>et</strong></span> <span class='ocrx_word' id='word_1_592' title='bbox 479 3815 645 3868; x_wconf 90' lang='lat' dir='ltr'><strong>sublimitate</strong></span> <span class='ocrx_word' id='word_1_593' title='bbox 657 3815 773 3886; x_wconf 88' lang='lat' dir='ltr'><strong>quadam</strong></span> <span class='ocrx_word' id='word_1_594' title='bbox 785 3813 917 3868; x_wconf 91' lang='lat' dir='ltr'><strong>sermonis</strong></span> <span class='ocrx_word' id='word_1_595' title='bbox 928 3812 1016 3867; x_wconf 89' lang='lat' dir='ltr'><strong>homi·</strong></span> <span class='ocrx_word' id='word_1_596' title='bbox 1055 3816 1151 3879; x_wconf 77' lang='lat' dir='ltr'><strong>bendi3</strong></span> <span class='ocrx_word' id='word_1_597' title='bbox 1173 3816 1300 3870; x_wconf 90' lang='lat' dir='ltr'><strong>convenit</strong></span> <span class='ocrx_word' id='word_1_598' title='bbox 1313 3834 1376 3871; x_wconf 91' lang='lat' dir='ltr'><strong>cum</strong></span> <span class='ocrx_word' id='word_1_599' title='bbox 1390 3825 1468 3886; x_wconf 90' lang='lat' dir='ltr'><strong>tropo</strong></span> <span class='ocrx_word' id='word_1_600' title='bbox 1477 3816 1615 3871; x_wconf 88' lang='lat' dir='ltr'><strong>rhetorico</strong></span> <span class='ocrx_word' id='word_1_601' title='bbox 1629 3818 1855 3888; x_wconf 86' lang='lat' dir='ltr'><strong>expectationem</strong></span> 
     </span>
     <span class='ocr_line' id='line_1_45' title="bbox 220 3893 1855 3964; baseline 0.004 -18"><span class='ocrx_word' id='word_1_602' title='bbox 220 3907 294 3956; x_wconf 90' lang='lat' dir='ltr'><strong>num,</strong></span> <span class='ocrx_word' id='word_1_603' title='bbox 319 3893 365 3962; x_wconf 92' lang='lat' dir='ltr'><strong>qni</strong></span> <span class='ocrx_word' id='word_1_604' title='bbox 394 3909 424 3947; x_wconf 91' lang='lat' dir='ltr'><strong>se</strong></span> <span class='ocrx_word' id='word_1_605' title='bbox 450 3894 526 3964; x_wconf 89' lang='lat' dir='ltr'><strong>ipsos</strong></span> <span class='ocrx_word' id='word_1_606' title='bbox 552 3893 681 3948; x_wconf 89' lang='lat' dir='ltr'><strong>admirari</strong></span> <span class='ocrx_word' id='word_1_607' title='bbox 704 3901 804 3957; x_wconf 85' lang='lat' dir='ltr'><strong>amant,</strong></span> <span class='ocrx_word' id='word_1_608' title='bbox 829 3899 960 3963; x_wconf 90' lang='lat' dir='ltr'><strong>tanquam</strong></span> <span class='ocrx_word' id='word_1_609' title='bbox 987 3894 1017 3947; x_wconf 92' lang='lat' dir='ltr'><strong>in</strong></span> <span class='ocrx_word' id='word_1_610' title='bbox 1055 3895 1187 3950; x_wconf 88' lang='lat' dir='ltr'><strong>eludendi.</strong></span> <span class='ocrx_word' id='word_1_611' title='bbox 1230 3901 1246 3927; x_wconf 91' lang='lat'>“</span> <span class='ocrx_word' id='word_1_612' title='bbox 1260 3895 1369 3950; x_wconf 84' lang='lat' dir='ltr'><strong>Fidium</strong></span> <span class='ocrx_word' id='word_1_613' title='bbox 1383 3912 1465 3950; x_wconf 91' lang='lat' dir='ltr'><strong>sonus</strong></span> <span class='ocrx_word' id='word_1_614' title='bbox 1480 3895 1855 3953; x_wconf 83' lang='lat' dir='ltr'><strong>tremulus”eaudemaliert</strong></span> 
     </span>
     <span class='ocr_line' id='line_1_46' title="bbox 221 3971 1856 4049; baseline 0.007 -26"><span class='ocrx_word' id='word_1_615' title='bbox 221 3971 321 4025; x_wconf 88' lang='lat' dir='ltr'><strong>vertice</strong></span> <span class='ocrx_word' id='word_1_616' title='bbox 343 3972 517 4027; x_wconf 86' lang='lat' dir='ltr'><strong>scientiarum</strong></span> <span class='ocrx_word' id='word_1_617' title='bbox 539 3973 706 4027; x_wconf 88' lang='lat' dir='ltr'><strong>collocatam.</strong></span> <span class='ocrx_word' id='word_1_618' title='bbox 749 3974 809 4027; x_wconf 88' lang='lat' dir='ltr'><strong>Nos</strong></span> <span class='ocrx_word' id='word_1_619' title='bbox 833 3989 906 4036; x_wconf 88' lang='lat' dir='ltr'><strong>vero,</strong></span> <span class='ocrx_word' id='word_1_620' title='bbox 930 3971 1016 4027; x_wconf 89' lang='lat' dir='ltr'><strong>misso</strong></span> <span class='ocrx_word' id='word_1_621' title='bbox 1055 3975 1166 4029; x_wconf 84' lang='lat' dir='ltr'><strong>auribus</strong></span> <span class='ocrx_word' id='word_1_622' title='bbox 1178 3973 1354 4045; x_wconf 86' lang='lat' dir='ltr'><strong>voluptatem,</strong></span> <span class='ocrx_word' id='word_1_623' title='bbox 1370 3992 1452 4046; x_wconf 84' lang='lat' dir='ltr'><strong>quam</strong></span> <span class='ocrx_word' id='word_1_624' title='bbox 1465 3974 1566 4039; x_wconf 89' lang='lat' dir='ltr'><strong>lumen,</strong></span> <span class='ocrx_word' id='word_1_625' title='bbox 1580 3993 1661 4047; x_wconf 77' lang='lat' dir='ltr'><strong>aquas</strong></span> <span class='ocrx_word' id='word_1_626' title='bbox 1675 3984 1724 4031; x_wconf 91' lang='lat' dir='ltr'><strong>aut</strong></span> <span class='ocrx_word' id='word_1_627' title='bbox 1735 3994 1856 4049; x_wconf 72' lang='lat' dir='ltr'><strong>gemme</strong></span> 
     </span>
     <span class='ocr_line' id='line_1_47' title="bbox 221 4050 1308 4123; baseline 0.005 -20"><span class='ocrx_word' id='word_1_628' title='bbox 221 4050 299 4115; x_wconf 80' lang='lat' dir='ltr'><strong>fastu,</strong></span> <span class='ocrx_word' id='word_1_629' title='bbox 314 4050 342 4103; x_wconf 91' lang='lat' dir='ltr'><strong>id</strong></span> <span class='ocrx_word' id='word_1_630' title='bbox 356 4058 461 4105; x_wconf 89' lang='lat' dir='ltr'><strong>tantum</strong></span> <span class='ocrx_word' id='word_1_631' title='bbox 474 4051 607 4117; x_wconf 87' lang='lat' dir='ltr'><strong>volumus,</strong></span> <span class='ocrx_word' id='word_1_632' title='bbox 618 4059 647 4106; x_wconf 93' lang='lat' dir='ltr'><strong>nt</strong></span> <span class='ocrx_word' id='word_1_633' title='bbox 657 4052 813 4123; x_wconf 89' lang='lat' dir='ltr'><strong>designetur</strong></span> <span class='ocrx_word' id='word_1_634' title='bbox 822 4050 915 4121; x_wconf 88' lang='lat' dir='ltr'><strong>aliqua</strong></span> <span class='ocrx_word' id='word_1_635' title='bbox 926 4051 1015 4105; x_wconf 91' lang='lat' dir='ltr'><strong>scien·</strong></span> <span class='ocrx_word' id='word_1_636' title='bbox 1054 4054 1187 4119; x_wconf 85' lang='lat' dir='ltr'><strong>insiliens,</strong></span> <span class='ocrx_word' id='word_1_637' title='bbox 1203 4053 1290 4108; x_wconf 88' lang='lat' dir='ltr'><strong>oculis</strong></span> <span class='ocrx_word' id='word_1_638' title='bbox 1301 4075 1308 4118; x_wconf 82' lang='lat'>3</span> 
     </span>
     <span class='ocr_line' id='line_1_48' title="bbox 220 4128 1016 4201; baseline 0.005 -19"><span class='ocrx_word' id='word_1_639' title='bbox 220 4128 267 4191; x_wconf 87' lang='lat' dir='ltr'><strong>tia,</strong></span> <span class='ocrx_word' id='word_1_640' title='bbox 283 4146 344 4199; x_wconf 83' lang='lat' dir='ltr'><strong>quoe</strong></span> <span class='ocrx_word' id='word_1_641' title='bbox 358 4130 395 4184; x_wconf 89' lang='lat' dir='ltr'><strong>ait</strong></span> <span class='ocrx_word' id='word_1_642' title='bbox 412 4131 613 4200; x_wconf 88' lang='lat' dir='ltr'><strong>receptaculum</strong></span> <span class='ocrx_word' id='word_1_643' title='bbox 631 4133 807 4197; x_wconf 74' lang='lat' dir='ltr'><strong>crismatum,</strong></span> <span class='ocrx_word' id='word_1_644' title='bbox 823 4149 884 4201; x_wconf 79' lang='lat' dir='ltr'><strong>quse</strong></span> <span class='ocrx_word' id='word_1_645' title='bbox 897 4131 1016 4200; x_wconf 86' lang='lat' dir='ltr'><strong>particu-</strong></span> 
     </span>
     <span class='ocr_line' id='line_1_49' title="bbox 219 4207 1016 4282; baseline 0.005 -21"><span class='ocrx_word' id='word_1_646' title='bbox 219 4207 319 4262; x_wconf 88' lang='lat' dir='ltr'><strong>larium</strong></span> <span class='ocrx_word' id='word_1_647' title='bbox 340 4209 516 4265; x_wconf 88' lang='lat' dir='ltr'><strong>scientiarum</strong></span> <span class='ocrx_word' id='word_1_648' title='bbox 537 4227 592 4265; x_wconf 92' lang='lat' dir='ltr'><strong>nou</strong></span> <span class='ocrx_word' id='word_1_649' title='bbox 616 4211 671 4265; x_wconf 92' lang='lat' dir='ltr'><strong>sint</strong></span> <span class='ocrx_word' id='word_1_650' title='bbox 689 4211 809 4282; x_wconf 86' lang='lat' dir='ltr'><strong>propria,</strong></span> <span class='ocrx_word' id='word_1_651' title='bbox 823 4209 872 4264; x_wconf 92' lang='lat' dir='ltr'><strong>sed</strong></span> <span class='ocrx_word' id='word_1_652' title='bbox 892 4209 1016 4280; x_wconf 90' lang='lat' dir='ltr'><strong>pluribus</strong></span> 
     </span>
     <span class='ocr_line' id='line_1_50' title="bbox 221 4286 1856 4361; baseline 0 -20"><span class='ocrx_word' id='word_1_653' title='bbox 221 4304 314 4342; x_wconf 89' lang='lat' dir='ltr'><strong>earum</strong></span> <span class='ocrx_word' id='word_1_654' title='bbox 328 4288 513 4343; x_wconf 88' lang='lat' dir='ltr'><strong>incommune</strong></span> <span class='ocrx_word' id='word_1_655' title='bbox 527 4298 690 4361; x_wconf 81' lang='lat' dir='ltr'><strong>competant</strong></span> <span class='ocrx_word' id='word_1_656' title='bbox 1055 4286 1197 4357; x_wconf 87' lang='lat' dir='ltr'><strong>“Organa</strong></span> <span class='ocrx_word' id='word_1_657' title='bbox 1218 4302 1349 4341; x_wconf 88' lang='lat' dir='ltr'><strong>sensuum</strong></span> <span class='ocrx_word' id='word_1_658' title='bbox 1369 4303 1431 4340; x_wconf 92' lang='lat' dir='ltr'><strong>cum</strong></span> <span class='ocrx_word' id='word_1_659' title='bbox 1454 4286 1565 4357; x_wconf 84' lang='lat' dir='ltr'><strong>organis</strong></span> <span class='ocrx_word' id='word_1_660' title='bbox 1588 4287 1771 4341; x_wconf 88' lang='lat' dir='ltr'><strong>reflexionum</strong></span> <span class='ocrx_word' id='word_1_661' title='bbox 1794 4304 1856 4342; x_wconf 83' lang='lat' dir='ltr'><strong>con·</strong></span> 
     </span>
     <span class='ocr_line' id='line_1_51' title="bbox 261 4365 1856 4440; baseline 0.001 -20"><span class='ocrx_word' id='word_1_662' title='bbox 261 4366 384 4421; x_wconf 90' lang='lat' dir='ltr'><strong>Plurima</strong></span> <span class='ocrx_word' id='word_1_663' title='bbox 397 4375 489 4422; x_wconf 89' lang='lat' dir='ltr'><strong>autem</strong></span> <span class='ocrx_word' id='word_1_664' title='bbox 504 4368 532 4422; x_wconf 90' lang='lat' dir='ltr'><strong>id</strong></span> <span class='ocrx_word' id='word_1_665' title='bbox 545 4387 631 4440; x_wconf 88' lang='lat' dir='ltr'><strong>genus</strong></span> <span class='ocrx_word' id='word_1_666' title='bbox 643 4370 781 4423; x_wconf 81' lang='lat' dir='ltr'><strong>axiomata</strong></span> <span class='ocrx_word' id='word_1_667' title='bbox 792 4383 852 4422; x_wconf 89' lang='lat' dir='ltr'><strong>esse</strong></span> <span class='ocrx_word' id='word_1_668' title='bbox 866 4383 947 4422; x_wconf 91' lang='lat' dir='ltr'><strong>nemo</strong></span> <span class='ocrx_word' id='word_1_669' title='bbox 961 4385 1016 4422; x_wconf 91' lang='lat' dir='ltr'><strong>am-</strong></span> <span class='ocrx_word' id='word_1_670' title='bbox 1054 4368 1174 4421; x_wconf 87' lang='lat' dir='ltr'><strong>veuinnt.</strong></span> <span class='ocrx_word' id='word_1_671' title='bbox 1216 4367 1279 4420; x_wconf 89' lang='lat' dir='ltr'><strong>Hoc</strong></span> <span class='ocrx_word' id='word_1_672' title='bbox 1293 4365 1322 4418; x_wconf 90' lang='lat' dir='ltr'><strong>in</strong></span> <span class='ocrx_word' id='word_1_673' title='bbox 1342 4366 1514 4434; x_wconf 80' lang='lat' dir='ltr'><strong>perspectiva</strong></span> <span class='ocrx_word' id='word_1_674' title='bbox 1529 4365 1621 4420; x_wconf 89' lang='lat' dir='ltr'><strong>locum</strong></span> <span class='ocrx_word' id='word_1_675' title='bbox 1635 4366 1736 4429; x_wconf 87' lang='lat' dir='ltr'><strong>habet;</strong></span> <span class='ocrx_word' id='word_1_676' title='bbox 1758 4367 1856 4422; x_wconf 82' lang='lat' dir='ltr'><strong>oculus</strong></span> 
     </span>
     <span class='ocr_line' id='line_1_52' title="bbox 220 4443 1855 4519; baseline 0 -19"><span class='ocrx_word' id='word_1_677' title='bbox 220 4446 304 4517; x_wconf 81' lang='lat' dir='ltr'><strong>big‘at.</strong></span> <span class='ocrx_word' id='word_1_678' title='bbox 345 4446 474 4517; x_wconf 86' lang='lat' dir='ltr'><strong>Exempli</strong></span> <span class='ocrx_word' id='word_1_679' title='bbox 497 4449 594 4519; x_wconf 87' lang='lat' dir='ltr'><strong>gratia,</strong></span> <span class='ocrx_word' id='word_1_680' title='bbox 617 4449 673 4503; x_wconf 88' lang='lat' dir='ltr'><strong>“Si</strong></span> <span class='ocrx_word' id='word_1_681' title='bbox 696 4445 877 4517; x_wconf 79' lang='lat' dir='ltr'><strong>inaequalibus</strong></span> <span class='ocrx_word' id='word_1_682' title='bbox 898 4446 1017 4517; x_wconf 72' lang='lat' dir='ltr'><strong>aqualia</strong></span> <span class='ocrx_word' id='word_1_683' title='bbox 1055 4443 1236 4500; x_wconf 88' lang='lat' dir='ltr'><strong>enimsimilia</strong></span> <span class='ocrx_word' id='word_1_684' title='bbox 1251 4443 1363 4514; x_wconf 89' lang='lat' dir='ltr'><strong>speculo</strong></span> <span class='ocrx_word' id='word_1_685' title='bbox 1377 4445 1434 4498; x_wconf 84' lang='lat' dir='ltr'><strong>sive</strong></span> <span class='ocrx_word' id='word_1_686' title='bbox 1456 4444 1542 4515; x_wconf 88' lang='lat' dir='ltr'><strong>aquis.</strong></span> <span class='ocrx_word' id='word_1_687' title='bbox 1583 4445 1620 4497; x_wconf 90' lang='lat' dir='ltr'><strong>Et</strong></span> <span class='ocrx_word' id='word_1_688' title='bbox 1641 4444 1671 4498; x_wconf 93' lang='lat' dir='ltr'><strong>in</strong></span> <span class='ocrx_word' id='word_1_689' title='bbox 1696 4447 1855 4509; x_wconf 75' lang='grc' dir='ltr'><strong>ιιοιιιιιιιι</strong></span> 
     </span>
     <span class='ocr_line' id='line_1_53' title="bbox 221 4523 1856 4598; baseline 0.001 -20"><span class='ocrx_word' id='word_1_690' title='bbox 221 4526 312 4590; x_wconf 87' lang='lat' dir='ltr'><strong>addas,</strong></span> <span class='ocrx_word' id='word_1_691' title='bbox 327 4527 420 4580; x_wconf 91' lang='lat' dir='ltr'><strong>omnia</strong></span> <span class='ocrx_word' id='word_1_692' title='bbox 432 4536 512 4581; x_wconf 89' lang='lat' dir='ltr'><strong>erunt</strong></span> <span class='ocrx_word' id='word_1_693' title='bbox 532 4527 678 4598; x_wconf 75' lang='lat' dir='ltr'><strong>inaequalia</strong></span> <span class='ocrx_word' id='word_1_694' title='bbox 690 4529 721 4582; x_wconf 77' lang='lat'><strong>=’&#39;</strong></span> <span class='ocrx_word' id='word_1_695' title='bbox 743 4525 839 4597; x_wconf 90' lang='lat' dir='ltr'><strong>regula</strong></span> <span class='ocrx_word' id='word_1_696' title='bbox 852 4533 943 4581; x_wconf 86' lang='lat' dir='ltr'><strong>estex</strong></span> <span class='ocrx_word' id='word_1_697' title='bbox 958 4543 1016 4581; x_wconf 89' lang='lat' dir='ltr'><strong>ma·</strong></span> <span class='ocrx_word' id='word_1_698' title='bbox 1054 4526 1264 4579; x_wconf 89' lang='lat' dir='ltr'><strong>instrumentum</strong></span> <span class='ocrx_word' id='word_1_699' title='bbox 1287 4524 1360 4577; x_wconf 89' lang='lat' dir='ltr'><strong>euim</strong></span> <span class='ocrx_word' id='word_1_700' title='bbox 1384 4523 1492 4578; x_wconf 89' lang='lat' dir='ltr'><strong>auditus</strong></span> <span class='ocrx_word' id='word_1_701' title='bbox 1515 4523 1585 4577; x_wconf 91' lang='lat' dir='ltr'><strong>obici</strong></span> <span class='ocrx_word' id='word_1_702' title='bbox 1609 4524 1685 4577; x_wconf 86' lang='lat' dir='ltr'><strong>iutra</strong></span> <span class='ocrx_word' id='word_1_703' title='bbox 1708 4542 1856 4580; x_wconf 86' lang='lat' dir='ltr'><strong>cavernam</strong></span> 
     </span>
     <span class='ocr_line' id='line_1_54' title="bbox 220 4603 1856 4677; baseline 0.001 -19"><span class='ocrx_word' id='word_1_704' title='bbox 220 4604 392 4670; x_wconf 77' lang='lat' dir='ltr'><strong>thematicis3</strong></span> <span class='ocrx_word' id='word_1_705' title='bbox 415 4606 510 4660; x_wconf 88' lang='lat' dir='ltr'><strong>endem</strong></span> <span class='ocrx_word' id='word_1_706' title='bbox 521 4614 549 4660; x_wconf 93' lang='lat' dir='ltr'><strong>et</strong></span> <span class='ocrx_word' id='word_1_707' title='bbox 562 4607 592 4660; x_wconf 93' lang='lat' dir='ltr'><strong>in</strong></span> <span class='ocrx_word' id='word_1_708' title='bbox 604 4606 702 4660; x_wconf 86' lang='lat' dir='ltr'><strong>ethicis</strong></span> <span class='ocrx_word' id='word_1_709' title='bbox 713 4606 824 4670; x_wconf 89' lang='lat' dir='ltr'><strong>obtinet,</strong></span> <span class='ocrx_word' id='word_1_710' title='bbox 837 4612 969 4677; x_wconf 91' lang='lat' dir='ltr'><strong>quatenus</strong></span> <span class='ocrx_word' id='word_1_711' title='bbox 981 4606 1016 4659; x_wconf 88' lang='lat' dir='ltr'><strong>ad</strong></span> <span class='ocrx_word' id='word_1_712' title='bbox 1054 4604 1153 4659; x_wconf 85' lang='lat' dir='ltr'><strong>simile.</strong></span> <span class='ocrx_word' id='word_1_713' title='bbox 1196 4604 1264 4658; x_wconf 78' lang='lat' dir='ltr'><strong>Haec</strong></span> <span class='ocrx_word' id='word_1_714' title='bbox 1286 4619 1373 4672; x_wconf 87' lang='lat' dir='ltr'><strong>pauca</strong></span> <span class='ocrx_word' id='word_1_715' title='bbox 1386 4618 1558 4658; x_wconf 88' lang='lat' dir='ltr'><strong>enumerasse</strong></span> <span class='ocrx_word' id='word_1_716' title='bbox 1573 4603 1693 4658; x_wconf 84' lang='lat' dir='ltr'><strong>sufficiet</strong></span> <span class='ocrx_word' id='word_1_717' title='bbox 1705 4603 1742 4657; x_wconf 90' lang='lat' dir='ltr'><strong>ad</strong></span> <span class='ocrx_word' id='word_1_718' title='bbox 1762 4622 1856 4660; x_wconf 84' lang='lat' dir='ltr'><strong>exem·</strong></span> 
     </span>
     <span class='ocr_line' id='line_1_55' title="bbox 218 4681 1857 4757; baseline 0.001 -19"><span class='ocrx_word' id='word_1_719' title='bbox 218 4685 353 4754; x_wconf 85' lang='lat' dir='ltr'><strong>justitiam</strong></span> <span class='ocrx_word' id='word_1_720' title='bbox 374 4685 589 4750; x_wconf 65' lang='lat' dir='ltr'><strong>distributivam</strong></span> <span class='ocrx_word' id='word_1_721' title='bbox 612 4685 747 4757; x_wconf 90' lang='lat' dir='ltr'><strong>siquidem</strong></span> <span class='ocrx_word' id='word_1_722' title='bbox 765 4685 795 4739; x_wconf 91' lang='lat' dir='ltr'><strong>iu</strong></span> <span class='ocrx_word' id='word_1_723' title='bbox 814 4685 921 4754; x_wconf 90' lang='lat' dir='ltr'><strong>justitia</strong></span> <span class='ocrx_word' id='word_1_724' title='bbox 941 4702 1016 4739; x_wconf 90' lang='lat' dir='ltr'><strong>com·</strong></span> <span class='ocrx_word' id='word_1_725' title='bbox 1055 4683 1109 4755; x_wconf 79' lang='lat' dir='ltr'><strong>pla.</strong></span> <span class='ocrx_word' id='word_1_726' title='bbox 1150 4683 1382 4752; x_wconf 84' lang='lat' dir='ltr'><strong>Quinimomagia</strong></span> <span class='ocrx_word' id='word_1_727' title='bbox 1395 4681 1541 4736; x_wconf 88' lang='lat' dir='ltr'><strong>Persarum</strong></span> <span class='ocrx_word' id='word_1_728' title='bbox 1556 4684 1631 4753; x_wconf 77' lang='lat' dir='ltr'><strong>(qum</strong></span> <span class='ocrx_word' id='word_1_729' title='bbox 1645 4683 1676 4736; x_wconf 89' lang='lat' dir='ltr'><strong>in</strong></span> <span class='ocrx_word' id='word_1_730' title='bbox 1694 4691 1803 4739; x_wconf 88' lang='lat' dir='ltr'><strong>tantum</strong></span> <span class='ocrx_word' id='word_1_731' title='bbox 1816 4692 1857 4738; x_wconf 81' lang='lat' dir='ltr'><strong>est</strong></span> 
     </span>
     <span class='ocr_line' id='line_1_56' title="bbox 220 4761 1854 4836; baseline 0 -18"><span class='ocrx_word' id='word_1_732' title='bbox 220 4764 360 4829; x_wconf 87' lang='lat' dir='ltr'><strong>mutativa,</strong></span> <span class='ocrx_word' id='word_1_733' title='bbox 375 4771 406 4818; x_wconf 91' lang='lat' dir='ltr'><strong>ut</strong></span> <span class='ocrx_word' id='word_1_734' title='bbox 419 4765 498 4836; x_wconf 89' lang='lat' dir='ltr'><strong>paria</strong></span> <span class='ocrx_word' id='word_1_735' title='bbox 509 4765 660 4835; x_wconf 90' lang='lat' dir='ltr'><strong>imparibus</strong></span> <span class='ocrx_word' id='word_1_736' title='bbox 674 4765 835 4828; x_wconf 89' lang='lat' dir='ltr'><strong>tribuantur,</strong></span> <span class='ocrx_word' id='word_1_737' title='bbox 850 4764 921 4817; x_wconf 93' lang='lat' dir='ltr'><strong>ratio</strong></span> <span class='ocrx_word' id='word_1_738' title='bbox 934 4764 1017 4835; x_wconf 84' lang='lat' dir='ltr'><strong>oequi·</strong></span> <span class='ocrx_word' id='word_1_739' title='bbox 1054 4762 1203 4831; x_wconf 78' lang='lat' dir='ltr'><strong>celebrata)</strong></span> <span class='ocrx_word' id='word_1_740' title='bbox 1218 4763 1247 4816; x_wconf 93' lang='lat' dir='ltr'><strong>iu</strong></span> <span class='ocrx_word' id='word_1_741' title='bbox 1261 4778 1295 4815; x_wconf 91' lang='lat' dir='ltr'><strong>eo</strong></span> <span class='ocrx_word' id='word_1_742' title='bbox 1308 4762 1480 4832; x_wconf 89' lang='lat' dir='ltr'><strong>potissimum</strong></span> <span class='ocrx_word' id='word_1_743' title='bbox 1493 4761 1660 4823; x_wconf 80' lang='lat' dir='ltr'><strong>versabatur,</strong></span> <span class='ocrx_word' id='word_1_744' title='bbox 1674 4769 1706 4816; x_wconf 89' lang='lat' dir='ltr'><strong>ut</strong></span> <span class='ocrx_word' id='word_1_745' title='bbox 1719 4763 1854 4818; x_wconf 78' lang='lat' dir='ltr'><strong>archites·</strong></span> 
     </span>
     <span class='ocr_line' id='line_1_57' title="bbox 220 4841 1854 4914; baseline -0.001 -17"><span class='ocrx_word' id='word_1_746' title='bbox 220 4843 285 4898; x_wconf 88' lang='lat' dir='ltr'><strong>tatis</strong></span> <span class='ocrx_word' id='word_1_747' title='bbox 295 4842 427 4914; x_wconf 78' lang='lat' dir='ltr'><strong>postulat3</strong></span> <span class='ocrx_word' id='word_1_748' title='bbox 449 4852 479 4898; x_wconf 87' lang='lat' dir='ltr'><strong>at</strong></span> <span class='ocrx_word' id='word_1_749' title='bbox 492 4845 522 4898; x_wconf 90' lang='grc' dir='ltr'><strong>ιι</strong></span> <span class='ocrx_word' id='word_1_750' title='bbox 532 4845 714 4908; x_wconf 85' lang='lat' dir='ltr'><strong>distributiva,</strong></span> <span class='ocrx_word' id='word_1_751' title='bbox 729 4844 785 4898; x_wconf 89' lang='lat' dir='ltr'><strong>nisi</strong></span> <span class='ocrx_word' id='word_1_752' title='bbox 798 4843 917 4912; x_wconf 88' lang='lat' dir='ltr'><strong>imparia</strong></span> <span class='ocrx_word' id='word_1_753' title='bbox 929 4843 1017 4914; x_wconf 88' lang='lat' dir='ltr'><strong>impa-</strong></span> <span class='ocrx_word' id='word_1_754' title='bbox 1055 4850 1128 4897; x_wconf 89' lang='lat' dir='ltr'><strong>tnras</strong></span> <span class='ocrx_word' id='word_1_755' title='bbox 1138 4850 1165 4895; x_wconf 90' lang='lat' dir='ltr'><strong>et</strong></span> <span class='ocrx_word' id='word_1_756' title='bbox 1179 4842 1296 4895; x_wconf 78' lang='lat' dir='ltr'><strong>fabricas</strong></span> <span class='ocrx_word' id='word_1_757' title='bbox 1307 4858 1397 4895; x_wconf 88' lang='lat' dir='ltr'><strong>rernm</strong></span> <span class='ocrx_word' id='word_1_758' title='bbox 1410 4841 1584 4905; x_wconf 89' lang='lat' dir='ltr'><strong>naturalium,</strong></span> <span class='ocrx_word' id='word_1_759' title='bbox 1599 4847 1628 4894; x_wconf 91' lang='lat' dir='ltr'><strong>et</strong></span> <span class='ocrx_word' id='word_1_760' title='bbox 1637 4841 1769 4906; x_wconf 87' lang='lat' dir='ltr'><strong>civilium,</strong></span> <span class='ocrx_word' id='word_1_761' title='bbox 1785 4859 1854 4911; x_wconf 80' lang='lat' dir='ltr'><strong>sym</strong></span> 
     </span>
     <span class='ocr_line' id='line_1_58' title="bbox 219 4920 1853 4995; baseline -0.002 -18"><span class='ocrx_word' id='word_1_762' title='bbox 219 4923 296 4978; x_wconf 86' lang='lat' dir='ltr'><strong>ribus</strong></span> <span class='ocrx_word' id='word_1_763' title='bbox 317 4930 486 4994; x_wconf 68' lang='lat' dir='ltr'><strong>praestentur,</strong></span> <span class='ocrx_word' id='word_1_764' title='bbox 499 4924 631 4995; x_wconf 89' lang='lat' dir='ltr'><strong>iniquitas</strong></span> <span class='ocrx_word' id='word_1_765' title='bbox 646 4924 727 4977; x_wconf 85' lang='lat' dir='ltr'><strong>suerit</strong></span> <span class='ocrx_word' id='word_1_766' title='bbox 745 4923 873 4977; x_wconf 78' lang='lat' dir='ltr'><strong>maxima.</strong></span> <span class='ocrx_word' id='word_1_767' title='bbox 916 4926 932 4953; x_wconf 91' lang='lat'>“</span> <span class='ocrx_word' id='word_1_768' title='bbox 950 4922 1017 4983; x_wconf 73' lang='lat' dir='ltr'><strong>Quas</strong></span> <span class='ocrx_word' id='word_1_769' title='bbox 1054 4922 1204 4976; x_wconf 86' lang='lat' dir='ltr'><strong>bolizantes</strong></span> <span class='ocrx_word' id='word_1_770' title='bbox 1218 4927 1330 4973; x_wconf 86' lang='lat' dir='ltr'><strong>notaret</strong></span> <span class='ocrx_word' id='word_1_771' title='bbox 1365 4920 1464 4990; x_wconf 90' lang='lat' dir='ltr'><strong>Neque</strong></span> <span class='ocrx_word' id='word_1_772' title='bbox 1474 4921 1534 4973; x_wconf 83' lang='lat' dir='ltr'><strong>haec</strong></span> <span class='ocrx_word' id='word_1_773' title='bbox 1545 4920 1644 4983; x_wconf 86' lang='lat' dir='ltr'><strong>omnia,</strong></span> <span class='ocrx_word' id='word_1_774' title='bbox 1655 4921 1853 4991; x_wconf 81' lang='lat' dir='ltr'><strong>quoediximus,</strong></span> 
     </span>
     <span class='ocr_line' id='line_1_59' title="bbox 219 4998 1854 5071; baseline -0.002 -15"><span class='ocrx_word' id='word_1_775' title='bbox 219 5002 250 5056; x_wconf 94' lang='lat' dir='ltr'><strong>in</strong></span> <span class='ocrx_word' id='word_1_776' title='bbox 263 5003 359 5057; x_wconf 90' lang='lat' dir='ltr'><strong>eodem</strong></span> <span class='ocrx_word' id='word_1_777' title='bbox 373 5005 453 5057; x_wconf 84' lang='lat' dir='ltr'><strong>tertio</strong></span> <span class='ocrx_word' id='word_1_778' title='bbox 465 5003 635 5067; x_wconf 87' lang='lat' dir='ltr'><strong>conveniunt,</strong></span> <span class='ocrx_word' id='word_1_779' title='bbox 649 5012 678 5057; x_wconf 91' lang='lat' dir='ltr'><strong>et</strong></span> <span class='ocrx_word' id='word_1_780' title='bbox 690 5004 762 5056; x_wconf 91' lang='lat' dir='ltr'><strong>inter</strong></span> <span class='ocrx_word' id='word_1_781' title='bbox 776 5019 805 5055; x_wconf 87' lang='lat' dir='ltr'><strong>se</strong></span> <span class='ocrx_word' id='word_1_782' title='bbox 817 5002 981 5056; x_wconf 88' lang='lat' dir='ltr'><strong>conveniunt</strong></span> <span class='ocrx_word' id='word_1_783' title='bbox 990 5003 1016 5057; x_wconf 85' lang='lat'><strong>:&#39;’</strong></span> <span class='ocrx_word' id='word_1_784' title='bbox 1056 5008 1081 5055; x_wconf 89' lang='lat' dir='ltr'><strong>et</strong></span> <span class='ocrx_word' id='word_1_785' title='bbox 1093 5000 1148 5055; x_wconf 85' lang='lat' dir='ltr'><strong>clia</strong></span> <span class='ocrx_word' id='word_1_786' title='bbox 1156 5000 1237 5067; x_wconf 88' lang='lat' dir='ltr'><strong>hujus</strong></span> <span class='ocrx_word' id='word_1_787' title='bbox 1247 4998 1363 5070; x_wconf 90' lang='lat' dir='ltr'><strong>generis,</strong></span> <span class='ocrx_word' id='word_1_788' title='bbox 1374 4998 1566 5054; x_wconf 88' lang='lat' dir='ltr'><strong>similitudines</strong></span> <span class='ocrx_word' id='word_1_789' title='bbox 1577 5016 1661 5053; x_wconf 80' lang='lat' dir='ltr'><strong>merse</strong></span> <span class='ocrx_word' id='word_1_790' title='bbox 1672 5007 1736 5054; x_wconf 88' lang='lat' dir='ltr'><strong>sunt</strong></span> <span class='ocrx_word' id='word_1_791' title='bbox 1745 5002 1854 5071; x_wconf 85' lang='lat' dir='ltr'><strong>(quales</strong></span> 
     </span>
     <span class='ocr_line' id='line_1_60' title="bbox 219 5077 1855 5152; baseline -0.001 -17"><span class='ocrx_word' id='word_1_792' title='bbox 219 5081 317 5152; x_wconf 90' lang='lat' dir='ltr'><strong>regula</strong></span> <span class='ocrx_word' id='word_1_793' title='bbox 337 5088 379 5137; x_wconf 87' lang='lat' dir='ltr'><strong>est</strong></span> <span class='ocrx_word' id='word_1_794' title='bbox 400 5082 494 5136; x_wconf 87' lang='lat' dir='ltr'><strong>itidem</strong></span> <span class='ocrx_word' id='word_1_795' title='bbox 523 5099 560 5135; x_wconf 86' lang='lat' dir='ltr'><strong>ex</strong></span> <span class='ocrx_word' id='word_1_796' title='bbox 581 5081 798 5146; x_wconf 72' lang='lat' dir='ltr'><strong>mathematicis,</strong></span> <span class='ocrx_word' id='word_1_797' title='bbox 820 5097 915 5136; x_wconf 84' lang='lat' dir='ltr'><strong>rerum</strong></span> <span class='ocrx_word' id='word_1_798' title='bbox 935 5081 1017 5136; x_wconf 89' lang='lat' dir='ltr'><strong>simul</strong></span> <span class='ocrx_word' id='word_1_799' title='bbox 1054 5079 1212 5135; x_wconf 89' lang='lat' dir='ltr'><strong>hominibus</strong></span> <span class='ocrx_word' id='word_1_800' title='bbox 1225 5079 1339 5132; x_wconf 76' lang='lat' dir='ltr'><strong>fortasse</strong></span> <span class='ocrx_word' id='word_1_801' title='bbox 1352 5094 1448 5147; x_wconf 87' lang='lat' dir='ltr'><strong>parum</strong></span> <span class='ocrx_word' id='word_1_802' title='bbox 1463 5077 1669 5148; x_wconf 88' lang='lat' dir='ltr'><strong>perspicacibus</strong></span> <span class='ocrx_word' id='word_1_803' title='bbox 1687 5079 1774 5133; x_wconf 85' lang='lat' dir='ltr'><strong>videri</strong></span> <span class='ocrx_word' id='word_1_804' title='bbox 1795 5096 1855 5150; x_wconf 63' lang='lat' dir='ltr'><strong>poe</strong></span> 
     </span>
     <span class='ocr_line' id='line_1_61' title="bbox 219 5157 1855 5232; baseline -0.002 -18"><span class='ocrx_word' id='word_1_805' title='bbox 219 5167 275 5215; x_wconf 90' lang='lat' dir='ltr'><strong>tam</strong></span> <span class='ocrx_word' id='word_1_806' title='bbox 289 5169 387 5232; x_wconf 90' lang='lat' dir='ltr'><strong>potens</strong></span> <span class='ocrx_word' id='word_1_807' title='bbox 396 5162 426 5215; x_wconf 93' lang='lat' dir='ltr'><strong>in</strong></span> <span class='ocrx_word' id='word_1_808' title='bbox 435 5161 533 5231; x_wconf 84' lang='lat' dir='ltr'><strong>logica,</strong></span> <span class='ocrx_word' id='word_1_809' title='bbox 545 5168 575 5214; x_wconf 90' lang='lat' dir='ltr'><strong>ut</strong></span> <span class='ocrx_word' id='word_1_810' title='bbox 585 5159 739 5229; x_wconf 84' lang='lat' dir='ltr'><strong>syllogismi</strong></span> <span class='ocrx_word' id='word_1_811' title='bbox 753 5161 789 5214; x_wconf 92' lang='lat' dir='ltr'><strong>sit</strong></span> <span class='ocrx_word' id='word_1_812' title='bbox 802 5160 1016 5215; x_wconf 78' lang='lat' dir='ltr'><strong>fundamentum.</strong></span> <span class='ocrx_word' id='word_1_813' title='bbox 1055 5160 1121 5226; x_wconf 89' lang='lat' dir='ltr'><strong>sint)</strong></span> <span class='ocrx_word' id='word_1_814' title='bbox 1137 5159 1185 5213; x_wconf 85' lang='lat' dir='ltr'><strong>sed</strong></span> <span class='ocrx_word' id='word_1_815' title='bbox 1206 5157 1287 5230; x_wconf 87' lang='lat' dir='ltr'><strong>plane</strong></span> <span class='ocrx_word' id='word_1_816' title='bbox 1300 5174 1356 5212; x_wconf 91' lang='lat' dir='ltr'><strong>una</strong></span> <span class='ocrx_word' id='word_1_817' title='bbox 1376 5158 1524 5229; x_wconf 90' lang='lat' dir='ltr'><strong>eademque</strong></span> <span class='ocrx_word' id='word_1_818' title='bbox 1546 5164 1653 5212; x_wconf 78' lang='lat' dir='ltr'><strong>naturae</strong></span> <span class='ocrx_word' id='word_1_819' title='bbox 1667 5158 1786 5229; x_wconf 88' lang='lat' dir='ltr'><strong>vestigia</strong></span> <span class='ocrx_word' id='word_1_820' title='bbox 1808 5167 1855 5213; x_wconf 90' lang='lat' dir='ltr'><strong>aut</strong></span> 
     </span>
     <span class='ocr_line' id='line_1_62' title="bbox 221 5236 1853 5311; baseline 0 -17"><span class='ocrx_word' id='word_1_821' title='bbox 221 5244 237 5271; x_wconf 82' lang='lat'><strong>⁴⁴</strong></span> <span class='ocrx_word' id='word_1_822' title='bbox 248 5240 579 5310; x_wconf 88' lang='lat' dir='ltr'><strong>Naturasepotissimum</strong></span> <span class='ocrx_word' id='word_1_823' title='bbox 590 5238 679 5308; x_wconf 89' lang='lat' dir='ltr'><strong>prodit</strong></span> <span class='ocrx_word' id='word_1_824' title='bbox 692 5240 721 5293; x_wconf 90' lang='lat' dir='ltr'><strong>in</strong></span> <span class='ocrx_word' id='word_1_825' title='bbox 736 5239 899 5293; x_wconf 84' lang='lat' dir='ltr'><strong>minimis:”</strong></span> <span class='ocrx_word' id='word_1_826' title='bbox 921 5240 1019 5311; x_wconf 89' lang='lat' dir='ltr'><strong>regula</strong></span> <span class='ocrx_word' id='word_1_827' title='bbox 1055 5238 1206 5310; x_wconf 82' lang='lat' dir='ltr'><strong>signacula,</strong></span> <span class='ocrx_word' id='word_1_828' title='bbox 1229 5236 1343 5291; x_wconf 85' lang='lat' dir='ltr'><strong>diversis</strong></span> <span class='ocrx_word' id='word_1_829' title='bbox 1366 5238 1487 5291; x_wconf 86' lang='lat' dir='ltr'><strong>materiis</strong></span> <span class='ocrx_word' id='word_1_830' title='bbox 1504 5242 1533 5291; x_wconf 91' lang='lat' dir='ltr'><strong>et</strong></span> <span class='ocrx_word' id='word_1_831' title='bbox 1557 5237 1690 5304; x_wconf 81' lang='lat' dir='ltr'><strong>subjectis</strong></span> <span class='ocrx_word' id='word_1_832' title='bbox 1713 5238 1853 5307; x_wconf 78' lang='lat' dir='ltr'><strong>impressa</strong></span> 
     </span>
     <span class='ocr_line' id='line_1_63' title="bbox 220 5316 1852 5389; baseline -0.001 -17"><span class='ocrx_word' id='word_1_833' title='bbox 220 5325 262 5372; x_wconf 88' lang='lat' dir='ltr'><strong>est</strong></span> <span class='ocrx_word' id='word_1_834' title='bbox 275 5317 449 5389; x_wconf 87' lang='lat' dir='ltr'><strong>inphysicis,</strong></span> <span class='ocrx_word' id='word_1_835' title='bbox 466 5326 522 5372; x_wconf 92' lang='lat' dir='ltr'><strong>tam</strong></span> <span class='ocrx_word' id='word_1_836' title='bbox 537 5316 635 5382; x_wconf 90' lang='lat' dir='ltr'><strong>valida,</strong></span> <span class='ocrx_word' id='word_1_837' title='bbox 650 5327 681 5372; x_wconf 90' lang='lat' dir='ltr'><strong>ut</strong></span> <span class='ocrx_word' id='word_1_838' title='bbox 694 5319 778 5372; x_wconf 88' lang='lat' dir='ltr'><strong>etiam</strong></span> <span class='ocrx_word' id='word_1_839' title='bbox 792 5318 943 5372; x_wconf 89' lang='lat' dir='ltr'><strong>Democriti</strong></span> <span class='ocrx_word' id='word_1_840' title='bbox 958 5327 1018 5373; x_wconf 89' lang='lat' dir='ltr'><strong>ato·</strong></span> <span class='ocrx_word' id='word_1_841' title='bbox 1056 5319 1145 5389; x_wconf 82' lang='lat' dir='ltr'><strong>Atque</strong></span> <span class='ocrx_word' id='word_1_842' title='bbox 1159 5318 1277 5371; x_wconf 84' lang='lat' dir='ltr'><strong>haecres</strong></span> <span class='ocrx_word' id='word_1_843' title='bbox 1294 5316 1382 5371; x_wconf 86' lang='lat' dir='ltr'><strong>adhuc</strong></span> <span class='ocrx_word' id='word_1_844' title='bbox 1397 5316 1492 5371; x_wconf 91' lang='lat' dir='ltr'><strong>sedulo</strong></span> <span class='ocrx_word' id='word_1_845' title='bbox 1505 5322 1622 5370; x_wconf 88' lang='lat' dir='ltr'><strong>tractata</strong></span> <span class='ocrx_word' id='word_1_846' title='bbox 1635 5333 1692 5371; x_wconf 89' lang='lat' dir='ltr'><strong>non</strong></span> <span class='ocrx_word' id='word_1_847' title='bbox 1714 5324 1763 5371; x_wconf 83' lang='lat' dir='ltr'><strong>est</strong></span> <span class='ocrx_word' id='word_1_848' title='bbox 1808 5317 1852 5370; x_wconf 89' lang='lat' dir='ltr'><strong>ln·</strong></span> 
     </span>
     <span class='ocr_line' id='line_1_64' title="bbox 220 5394 1853 5468; baseline -0.002 -18"><span class='ocrx_word' id='word_1_849' title='bbox 220 5413 280 5451; x_wconf 89' lang='lat' dir='ltr'><strong>mos</strong></span> <span class='ocrx_word' id='word_1_850' title='bbox 301 5398 477 5466; x_wconf 78' lang='lat' dir='ltr'><strong>produxerit3</strong></span> <span class='ocrx_word' id='word_1_851' title='bbox 505 5404 682 5451; x_wconf 90' lang='lat' dir='ltr'><strong>veruntamen</strong></span> <span class='ocrx_word' id='word_1_852' title='bbox 704 5414 765 5451; x_wconf 88' lang='lat' dir='ltr'><strong>eam</strong></span> <span class='ocrx_word' id='word_1_853' title='bbox 790 5405 864 5451; x_wconf 90' lang='lat' dir='ltr'><strong>recte</strong></span> <span class='ocrx_word' id='word_1_854' title='bbox 890 5397 1018 5452; x_wconf 89' lang='lat' dir='ltr'><strong>adhibuit</strong></span> <span class='ocrx_word' id='word_1_855' title='bbox 1055 5399 1149 5450; x_wconf 85' lang='lat' dir='ltr'><strong>venias</strong></span> <span class='ocrx_word' id='word_1_856' title='bbox 1157 5397 1270 5450; x_wconf 79' lang='lat' dir='ltr'><strong>fortasse</strong></span> <span class='ocrx_word' id='word_1_857' title='bbox 1281 5396 1309 5448; x_wconf 93' lang='lat' dir='ltr'><strong>in</strong></span> <span class='ocrx_word' id='word_1_858' title='bbox 1320 5395 1438 5466; x_wconf 88' lang='lat' dir='ltr'><strong>scriptis,</strong></span> <span class='ocrx_word' id='word_1_859' title='bbox 1446 5413 1508 5468; x_wconf 78' lang='lat' dir='ltr'><strong>qum</strong></span> <span class='ocrx_word' id='word_1_860' title='bbox 1518 5394 1554 5448; x_wconf 91' lang='lat' dir='ltr'><strong>ab</strong></span> <span class='ocrx_word' id='word_1_861' title='bbox 1563 5394 1686 5466; x_wconf 88' lang='lat' dir='ltr'><strong>ingeniis</strong></span> <span class='ocrx_word' id='word_1_862' title='bbox 1694 5395 1853 5451; x_wconf 87' lang='lat' dir='ltr'><strong>celsioribus</strong></span> 
     </span>
     <span class='ocr_line' id='line_1_65' title="bbox 221 5473 1851 5547; baseline 0.002 -19"><span class='ocrx_word' id='word_1_863' title='bbox 221 5473 382 5530; x_wconf 78' lang='lat' dir='ltr'><strong>Aristoteles</strong></span> <span class='ocrx_word' id='word_1_864' title='bbox 396 5477 425 5531; x_wconf 92' lang='lat' dir='ltr'><strong>in</strong></span> <span class='ocrx_word' id='word_1_865' title='bbox 438 5475 565 5546; x_wconf 84' lang='lat' dir='ltr'><strong>politicis,</strong></span> <span class='ocrx_word' id='word_1_866' title='bbox 576 5476 624 5545; x_wconf 91' lang='lat' dir='ltr'><strong>qui</strong></span> <span class='ocrx_word' id='word_1_867' title='bbox 633 5475 894 5546; x_wconf 83' lang='lat' dir='ltr'><strong>contemplationem</strong></span> <span class='ocrx_word' id='word_1_868' title='bbox 910 5477 1018 5547; x_wconf 83' lang='lat' dir='ltr'><strong>reipub</strong></span> <span class='ocrx_word' id='word_1_869' title='bbox 1056 5483 1257 5547; x_wconf 87' lang='lat' dir='ltr'><strong>promanarunt,</strong></span> <span class='ocrx_word' id='word_1_870' title='bbox 1271 5475 1428 5543; x_wconf 86' lang='lat' dir='ltr'><strong>hujusmodi</strong></span> <span class='ocrx_word' id='word_1_871' title='bbox 1451 5475 1592 5530; x_wconf 83' lang='lat' dir='ltr'><strong>axiomata</strong></span> <span class='ocrx_word' id='word_1_872' title='bbox 1613 5492 1677 5531; x_wconf 89' lang='lat' dir='ltr'><strong>raro</strong></span> <span class='ocrx_word' id='word_1_873' title='bbox 1696 5484 1724 5532; x_wconf 86' lang='lat' dir='ltr'><strong>et</strong></span> <span class='ocrx_word' id='word_1_874' title='bbox 1736 5475 1851 5546; x_wconf 84' lang='lat' dir='ltr'><strong>sparsim</strong></span> 
     </span>
    </p>
   </div>
   <div class='ocr_carea' id='block_1_3' title="bbox 1169 4173 1737 4237">
    <p class='ocr_par' dir='ltr' id='par_1_3' title="bbox 1169 4173 1737 4237">
     <span class='ocr_line' id='line_1_66' title="bbox 1169 4173 1737 4237; baseline 0.009 -18"><span class='ocrx_word' id='word_1_875' title='bbox 1169 4173 1351 4235; x_wconf 72' lang='lat' dir='ltr'><strong>“—spleudet</strong></span> <span class='ocrx_word' id='word_1_876' title='bbox 1361 4174 1460 4222; x_wconf 88' lang='lat' dir='ltr'><strong>tremulo</strong></span> <span class='ocrx_word' id='word_1_877' title='bbox 1470 4174 1514 4221; x_wconf 89' lang='lat' dir='ltr'><strong>suh</strong></span> <span class='ocrx_word' id='word_1_878' title='bbox 1523 4174 1613 4225; x_wconf 87' lang='lat' dir='ltr'><strong>lumine</strong></span> <span class='ocrx_word' id='word_1_879' title='bbox 1622 4178 1737 4237; x_wconf 72' lang='lat' dir='ltr'><strong>pcntna”</strong></span> 
     </span>
    </p>
   </div>
   <div class='ocr_carea' id='block_1_4' title="bbox 0 0 1904 5875">
    <p class='ocr_par' dir='ltr' id='par_1_4' title="bbox 0 0 1904 5875">
     <span class='ocr_line' id='line_1_67' title="bbox 0 0 1904 5875; baseline 0 0"><span class='ocrx_word' id='word_1_880' title='bbox 0 0 1904 5875; x_wconf 95' lang='lat' dir='ltr'><strong> </strong></span> 
     </span>
    </p>
   </div>
  </div>
 </body>
</html>
