3800 5875
865 324 1007 381 Novata
1028 324 1228 381 ORGANUM.
1749 323 1822 378 Lis.
1837 323 1860 377 Ι.

1068 490 1192 536 auctores
1205 482 1294 547 simul,
1308 481 1432 537 acvelnti
1446 497 1501 537 uno
1510 482 1566 536 ictu
1578 488 1608 536 et
1620 480 1733 551 impetu,
1746 497 1863 535 summo

1068 578 1195 623 veamus;
1214 561 1296 632 idque
1315 578 1371 616 non
1390 569 1531 632 assumpto
1543 561 1636 630 aliquo
1649 577 1687 614 ex
1701 560 1824 630 antiquis
1837 562 1862 613 in

276 642 313 697 At
326 642 359 696 de
372 642 421 696 illo
434 642 544 697 omnino
563 642 650 711 magis
670 646 793 693 accurate
812 636 1028 709 dispiciendum:
1068 639 1201 694 auxilium
1221 648 1248 694 et
1269 642 1426 711 presidium
1445 650 1573 707 nostmm,
1597 639 1645 693 sed
1667 639 1746 709 quasi
1759 639 1862 693 viribus

238 720 315 782 Quod
330 722 447 792 plurima
465 723 494 776 in
515 721 627 774 historia
644 729 737 772 nostra
750 717 841 787 captui
854 717 968 788 vulgari,
982 727 1030 772 aut
1067 719 1193 788 propriis.

589 545 674 587 cxxl.

238 802 321 855 etiam
342 801 430 855 cuivis
453 799 602 854 intellectui
624 798 718 866 (rebus
738 796 916 867 praesentibus
939 813 1029 851 assue-
1105 798 1167 852 Nos
1184 806 1273 852 autem
1292 801 1400 860 scimus,
1419 798 1443 851 si
1462 797 1552 851 minus
1573 797 1681 851 sincera
1704 797 1758 850 fide
1781 813 1861 867 agere

238 879 498 947 fasto)v1debuutur
515 879 628 932 curiosae
642 876 782 945 cujusdam
802 883 830 929 et
849 875 1029 930 inutilissub-
1066 876 1253 942 voluissemus,
1279 895 1334 931 non
1360 876 1470 931 difficile
1498 877 1582 931 fuisse
1603 876 1691 940 nobis,
1716 876 1781 939 iata,
1804 894 1861 946 qua

238 958 353 1013 tilitatis.
396 959 491 1030 Itaque
508 957 541 1011 de
564 957 615 1010 hoc
640 963 702 1010 ante
724 955 816 1008 omnia
836 961 863 1008 et
883 955 1029 1009 dictumst
1066 955 1222 1020 afferuntur,
1232 955 1275 1010 vel
1289 959 1323 1011 ad
1332 957 1443 1027 antiqua
1452 956 1543 1009 secula
1552 964 1614 1009 ante
1626 955 1786 1009 Grmcomrn
1800 964 1861 1009 tem·

238 1037 381 1092 dicendum
394 1046 444 1092 est.
486 1037 547 1091 Hoc
565 1035 686 1098 scilicet;
708 1036 775 1097 Nos,
794 1035 852 1101 jam
873 1034 923 1088 sub
939 1034 1027 1089 initiis
1066 1049 1133 1104 pora
1146 1038 1219 1104 (cum
1240 1036 1362 1090 scientim
1378 1036 1412 1089 de
1432 1043 1529 1088 natura
1548 1034 1640 1104 magis
1664 1034 1794 1097 fortasse,
1815 1036 1860 1089 sed

238 1126 264 1171 et
291 1116 326 1170 ad
352 1126 466 1187 tempus,
488 1123 590 1170 tantum
614 1116 730 1187 lucifera
753 1112 946 1183 experimenta,
974 1131 1029 1167 non
1067 1122 1157 1167 tamen
1180 1116 1282 1183 majore
1305 1131 1367 1169 cum
1394 1114 1509 1177 silentio,
1531 1114 1688 1175 floruerint;
1717 1130 1810 1184 neqm
1833 1115 1859 1167 in

237 1195 374 1250 fructifera
388 1211 525 1267 quaereres
547 1195 581 1248 ad
594 1193 748 1262 exemplum
763 1191 908 1246 creationis
922 1191 1027 1258 divina,
1067 1192 1222 1247 Graecorum
1243 1194 1322 1248 tubas
1340 1202 1368 1247 st
1392 1191 1496 1247 fistulas
1516 1193 1605 1247 adhuc
1627 1193 1806 1260 incidissent)
1820 1193 1859 1246 rel

238 1275 309 1345 quod
322 1275 421 1344 saepius
435 1274 561 1337 diximus,
576 1290 636 1344 quse
649 1272 737 1341 primo
750 1272 793 1325 die
814 1271 903 1326 lucem
922 1280 1027 1326 tantum
1066 1272 1148 1324 etiam
1163 1275 1226 1341 (per
1245 1279 1333 1342 partes
1346 1274 1431 1338 certe)
1450 1273 1484 1325 ad
1497 1272 1604 1342 aliquos
1617 1288 1654 1326 ex
1668 1271 1776 1326 Graecis
1796 1273 1858 1341 ipsis

237 1354 375 1424 produxit,
390 1354 470 1424 eique
484 1352 536 1407 soli
556 1369 640 1406 unum
654 1351 790 1421 integrum
811 1350 885 1405 diem
899 1351 1027 1414 attribuit,
1066 1350 1174 1414 referre,
1196 1361 1278 1422 atque
1297 1351 1515 1422 astipulationem
1529 1360 1556 1405 et
1574 1350 1709 1404 honorem
1732 1352 1797 1405 inde
1818 1368 1859 1420 pa

237 1449 325 1503 neque
336 1433 384 1486 illo
397 1433 440 1486 die
456 1432 602 1503 quicquam
615 1430 749 1485 materiati
763 1429 853 1498 operis
874 1430 1027 1485 immiscuit.
1066 1438 1135 1493 teter
1156 1447 1229 1484 more
1244 1445 1374 1485 novorum
1388 1430 1537 1494 hominum,
1552 1430 1599 1500 qui
1619 1429 1796 1484 nobilitatem
1809 1432 1856 1485 sibi

277 1513 373 1583 Itaque
387 1512 411 1564 si
426 1513 486 1582 quis
500 1509 654 1565 istiusmodi
668 1525 712 1562 res
720 1507 823 1563 nullius
832 1525 891 1562 esse
901 1524 968 1563 usus
977 1525 1028 1579 pu·
1066 1524 1101 1562 ex
1114 1509 1225 1580 antiqua
1245 1509 1339 1580 aliqua
1357 1510 1492 1580 prosapia,
1514 1526 1564 1580 per
1583 1509 1811 1580 genealogiarum
1824 1510 1857 1563 fa·

236 1590 367 1655 tetidem
382 1592 485 1661 cogitat
499 1588 683 1643 acsinnllum
697 1586 862 1641 ctiamlucia
875 1603 1027 1643 esseusam
1065 1604 1151 1651 rores,
1165 1596 1288 1643 asuuunt
1301 1596 1329 1644 et
1348 1589 1489 1659 affingunt.
1529 1590 1589 1643 Noa
1603 1605 1678 1652 vero,
1698 1606 1792 1643 rerum
1805 1590 1856 1643 cvi·

236 1679 354 1733 censeat,
375 1670 440 1740 quia
458 1685 503 1723 res
523 1668 627 1722 scilicet
645 1666 731 1721 solida
751 1673 797 1720 aut
816 1667 960 1720 materiata
973 1684 1028 1722 non
1066 1666 1158 1720 dentis
1180 1667 1250 1732 freti,
1272 1684 1380 1722 omnem
1403 1668 1547 1722 commenti
1570 1676 1598 1722 et
1620 1669 1782 1737 imposturae
1801 1685 1856 1721 eon·

236 1750 282 1804 sit.
323 1750 414 1820 Atque
428 1764 521 1802 revera
538 1746 680 1801 dicendum
700 1753 749 1808 est,
769 1745 934 1815 simplicium
947 1754 1027 1801 natu·
1065 1743 1196 1801 ditionem
1215 1747 1360 1815 rejicimus,
1383 1732 1471 1817 nlquc
1485 1744 1520 1800 ad
1540 1746 1569 1800 id
1590 1747 1664 1818 quod
1685 1747 1782 1817 agitur
1801 1746 1855 1818 plns

235 1845 327 1882 rarum
350 1827 533 1897 cognitionem
556 1827 624 1880 bene
645 1824 829 1880 examinatam
848 1831 875 1878 et
888 1826 1028 1880 definitam
1064 1823 1197 1879 interesse
1207 1835 1341 1896 putamus,
1354 1833 1451 1889 utrum
1465 1844 1526 1897 qnae
1542 1826 1600 1894 jam
1617 1827 1803 1890 invenientur,
1816 1843 1855 1880 an·

236 1907 322 1961 instar
340 1906 409 1960 lucis
424 1922 502 1970 esse3
524 1923 585 1976 quai
605 1904 639 1958 ad
662 1904 789 1957 universa
810 1920 921 1973 operum
942 1921 1027 1974 pene·
1066 1903 1150 1975 tiquis
1169 1905 1235 1960 olim
1254 1905 1371 1975 cognita,
1386 1914 1413 1959 et
1433 1922 1484 1975 per
1499 1922 1590 1959 rerum
1611 1906 1816 1960 vicissitudines
1831 1914 1855 1959 et

236 1986 317 2040 tralia
336 1986 439 2039 aditum
456 1984 571 2055 praebet3
601 1992 681 2053 atque
704 1989 761 2035 tota
784 1982 895 2053 agmina
916 2000 1027 2053 operum
1065 1982 1158 2037 secula
1171 1984 1320 2038 occidentia
1334 1993 1363 2037 et
1376 1985 1491 2038 orientia
1506 1985 1577 2048 sint;
1600 2002 1684 2054 quam
1705 1985 1854 2039 hominibvs

236 2074 265 2118 at
278 2073 387 2128 mimas,
402 2071 430 2118 et
443 2064 608 2118 axiomatum
620 2060 848 2116 nobilissimorum
869 2062 965 2125 fontes,
981 2080 1027 2132 po
1066 2078 1138 2117 curoe
1155 2079 1214 2118 esse
1233 2063 1339 2127 debere,
1354 2070 1443 2117 utrum
1462 2081 1548 2118 novus
1567 2063 1641 2118 orbis
1665 2063 1753 2118 fuerit
1774 2064 1855 2119 insula

235 2151 332 2198 testate
354 2143 471 2214 quadam
490 2140 684 2212 complectitur,
701 2149 729 2194 et
749 2148 811 2210 post
829 2157 858 2194 ss
875 2141 978 2205 trahit;
999 2143 1028 2196 in
1065 2140 1114 2194 ills
1127 2142 1252 2206 Atlantis,
1266 2150 1294 2196 et
1306 2143 1390 2196 veteri
1406 2143 1507 2196 mundo
1520 2142 1644 2212 cognitam
1667 2160 1705 2197 an
1719 2161 1792 2199 nnnc
1808 2145 1856 2213 pn'·

236 2240 267 2276 se
281 2233 436 2276 tamennon
449 2222 488 2275 ita
498 2221 589 2291 msgm
603 2237 668 2274 usus
681 2227 730 2274 est
765 2219 834 2280 Quin
849 2227 878 2273 et
889 2219 1027 2276 literarum
1065 2237 1139 2274 mum
1152 2230 1267 2291 reperta
1309 2221 1410 2275 Rerum
1425 2222 1498 2275 enim
1515 2223 1635 2275 inventio
1648 2239 1667 2275 a
1680 2229 1788 2277 naturas
1799 2223 1853 2277 laec

237 2300 371 2355 elementa
388 2319 438 2371 per
452 2317 481 2354 ae
499 2308 526 2355 et
545 2300 690 2369 separatim
708 2298 779 2351 nihil
801 2298 963 2370 significant,
977 2318 1028 2355 nec
1064 2301 1187 2370 petenda,
1201 2317 1256 2354 non
1269 2300 1303 2355 ab
1313 2300 1480 2370 antiquitatis
1494 2301 1612 2355 tenebris
1625 2302 1780 2371 repetenda
1791 2311 1838 2357 est.

236 2380 352 2448 alicujus
373 2395 437 2434 usus
457 2386 531 2443 sunt;
552 2379 598 2433 aed
620 2385 710 2432 tamen
731 2378 872 2432 adomnia
896 2381 1028 2434 sermonis
1104 2378 1181 2441 Quod
1193 2396 1257 2433 vero
1270 2379 1304 2433 ad
1318 2380 1498 2435 universalem
1511 2381 1593 2434 iatam
1616 2380 1854 2450 reprehensionem

236 2461 460 2529 compositionem
475 2466 502 2512 et
515 2467 676 2529 apparatum
689 2458 776 2511 instar
795 2458 918 2512 materies
931 2459 1027 2528 prima
1065 2459 1167 2524 attinet,
1182 2459 1360 2513 certissimum
1377 2468 1419 2514 est
1431 2476 1494 2515 vere
1513 2476 1571 2514 rem
1591 2461 1742 2530 reputanti,
1761 2470 1855 2516 eamct

236 2546 306 2593 sunt.
347 2538 438 2593 Etiam
460 2538 564 2593 semina
586 2554 682 2601 rerum,
703 2544 834 2607 potestate
857 2536 956 2601 valida,
977 2555 1027 2593 usu
1065 2538 1154 2609 magis
1168 2537 1336 2609 probabilem
1349 2539 1731 2609 esae,etmagismodestam,
1744 2542 1854 2611 quanm

237 2615 306 2692 (nisi
320 2618 349 2672 in
365 2635 491 2688 processu
504 2612 569 2689 suo)
582 2616 664 2671 nihili
683 2623 752 2671 sunt.
793 2615 881 2687 Atque
901 2615 971 2672 lucis
984 2618 1026 2687 ip·
1065 2616 1138 2671 facts
1151 2618 1289 2673 fuissctex
1299 2624 1383 2688 parte.
1424 2617 1454 2673 Si
1463 2618 1536 2671 enim
1547 2619 1575 2672 in
1589 2619 1690 2688 primis
1704 2620 1854 2674 notionibus

236 2697 293 2751 sius
307 2698 375 2751 radii
387 2697 509 2767 dispersi,
522 2696 575 2752 nisi
589 2695 692 2762 coeant,
706 2695 866 2750 mucidum
882 2712 959 2751 suum
972 2712 1027 2752 non
1065 2713 1169 2751 errores
1195 2697 1308 2751 radicati
1328 2712 1384 2751 non
1404 2697 1528 2761 fuissent,
1549 2698 1610 2752 fieri
1637 2714 1696 2751 non
1721 2700 1853 2769 potuisset

236 2775 433 2846 impertiuntur.
1065 2776 1131 2846 quin
1143 2776 1274 2832 nonnulla
1287 2784 1357 2830 recte
1375 2777 1495 2842 iuventa,
1509 2775 1565 2831 alia
1583 2794 1732 2848 perperam
1751 2778 1854 2832 inrents

276 2856 354 2917 Quod
364 2857 388 2910 ai
399 2857 461 2927 quis
471 2855 666 2910 subtilitatibus
676 2854 850 2924 speculativis
859 2854 1026 2917 offendatur:
1065 2856 1254 2911 correxissent.
1295 2855 1349 2910 Sed
1366 2873 1427 2910 cum
1448 2873 1553 2911 errores
1570 2856 1791 2912 fundamentales
1804 2858 1854 2911 fue·

237 2937 301 3006 quid
315 2938 348 2990 de
362 2935 531 2990 scholasticis
545 2935 610 2990 airis
623 2934 766 2989 dicendum
779 2934 839 3001 erit,
859 2935 906 3007 qui
920 2934 1025 2989 subtili·
1065 2935 1125 3000 rint,
1140 2944 1220 3008 atque
1235 2935 1375 3005 ejusmodi,
1386 2945 1417 2991 ut
1429 2935 1553 2991 homines
1567 2937 1662 3006 potius
1676 2955 1721 2991 res
1734 2938 1853 3008 neglexe-

236 3017 337 3070 tatibus
356 3018 517 3070 immensum
536 3014 730 3070 indulserunt?
771 3014 838 3075 Ques
857 3023 949 3068 tamen
964 3014 1027 3068 sub·
1065 3014 1118 3069 rint
1131 3032 1163 3069 ao
1176 3016 1360 3086 prasterierint,
1372 3016 1496 3086 quamde
1506 3016 1561 3070 illis
1575 3033 1692 3086 pravum
1703 3026 1750 3071 aut
1763 3017 1853 3071 falmn

236 3094 348 3150 tilitates
368 3096 397 3150 in
411 3095 509 3160 verbis,
524 3103 571 3148 aut
584 3093 680 3148 saltem
693 3094 850 3164 vulgaribus
870 3094 1027 3148 notionibus
1062 3094 1194 3161 judicium
1207 3096 1333 3160 fecerint3
1356 3096 1467 3149 minime
1482 3096 1580 3150 mimm
1593 3103 1646 3159 est,
1659 3097 1685 3151 si
1696 3095 1853 3151 hominesid

237 3175 322 3244 (quod
347 3175 505 3229 tantundem
521 3173 606 3244 vaiet)
621 3189 676 3227 non
698 3174 728 3226 in
750 3174 831 3228 rebus
854 3181 902 3228 aut
922 3181 1026 3236 natura,
1064 3190 1119 3227 non
1142 3175 1314 3238 obtinuerint,
1328 3176 1401 3245 quod
1419 3191 1473 3229 nou
1495 3176 1617 3246 egerint;
1637 3193 1693 3229 nec
1706 3175 1742 3229 ad
1758 3185 1853 3231 metam

236 3261 403 3325 consumptas
418 3254 542 3318 fuerunt3
563 3261 644 3324 atque
658 3251 782 3306 utilitatis
796 3259 922 3323 expertes
941 3258 1026 3318 erant,
1065 3254 1243 3323 pervenerint,
1268 3270 1350 3326 quam
1371 3270 1426 3308 non
1449 3254 1587 3323 posuerint
1614 3263 1663 3309 aut
1686 3254 1851 3318 collocarint;

236 3348 290 3386 non
312 3341 415 3387 tantum
429 3334 458 3387 in
473 3333 586 3403 origine,
601 3332 649 3386 sed
667 3333 749 3386 etiam
767 3332 795 3386 in
810 3332 1025 3403 consequentum
1064 3348 1152 3403 neque
1165 3334 1238 3387 mam
1252 3333 1354 3388 emensi
1366 3335 1430 3397 sint,
1447 3350 1529 3405 quam
1542 3350 1596 3387 non
1609 3333 1731 3406 ingressi
1746 3335 1801 3389 sint
1812 3342 1853 3388 ant

236 3411 305 3466 tales
318 3421 410 3468 autem
423 3429 477 3466 non
489 3412 604 3475 fuemnt‚
613 3418 641 3466 ut
654 3410 788 3465 haberent
800 3412 829 3466 in
843 3428 964 3482 presens
978 3412 1026 3465 uti-
1065 3413 1208 3466 tenuerint.

235 3487 340 3547 litatem
353 3492 464 3555 nullam,
472 3492 520 3545 sed
528 3508 576 3560 per
587 3491 911 3561 consequensinfinitam3
932 3491 1027 3561 quales
1103 3490 1192 3561 Atque
1211 3491 1382 3546 insolentiam
1396 3491 1436 3546 rei
1450 3492 1522 3562 quod
1535 3493 1650 3556 attinets
1672 3501 1748 3547 certe
1760 3493 1787 3547 si
1799 3491 1854 3563 quis

236 3580 300 3623 sunt
313 3589 360 3634 ea,
376 3571 409 3625 de
424 3571 520 3641 quibus
532 3570 677 3641 loquimur.
718 3570 779 3623 Hoc
793 3587 858 3624 vero
875 3571 962 3624 sciant
980 3570 1027 3624 ho
1065 3586 1161 3625 manus
1178 3571 1327 3625 constantia
1347 3576 1428 3641 atque
1447 3571 1518 3625 oculi
1533 3572 1627 3642 vigore
1648 3571 1752 3626 lineam
1772 3573 1853 3642 magis

236 3651 324 3705 mines
345 3668 394 3721 pro
407 3657 488 3714 certo,
503 3666 611 3705 omnem
628 3648 804 3703 subtilitatem
818 3649 1027 3720 disputationem
1065 3659 1173 3715 rectam,
1187 3657 1235 3704 ant
1247 3649 1378 3704 circulum
1392 3649 1481 3720 magis
1494 3651 1646 3721 perfectum
1662 3668 1693 3705 se
1706 3652 1853 3706 describere

237 3737 264 3782 et
277 3731 445 3785 discursuum
460 3729 598 3794 mentis,si
613 3728 773 3784 adhibeatur
787 3736 890 3783 tantum
903 3738 968 3800 post
981 3745 1027 3783 ax·
1065 3745 1152 3797 posse,
1168 3746 1249 3799 quam
1263 3730 1348 3783 alium
1367 3730 1530 3800 quempiam,
1544 3730 1598 3784 sibi
1618 3740 1756 3794 assumam
1778 3731 1852 3785 indu·

236 3807 338 3862 iomata
348 3810 465 3872 inventa,
477 3825 565 3863 seram
579 3825 638 3862 esse
652 3815 680 3861 et
692 3814 903 3878 praeposteram
925 3817 953 3861 et
962 3809 1026 3862 sub·
1064 3808 1134 3862 citur
1157 3809 1263 3863 scilicet
1286 3808 1422 3862 facultatis
1443 3809 1628 3879 comparatius
1655 3810 1730 3881 quod
1752 3811 1778 3864 si
1799 3811 1854 3880 quis

237 3886 342 3942 tilitatia
356 3896 464 3959 tempus
477 3904 570 3941 verum
584 3903 615 3940 ac
630 3888 777 3957 proprium,
790 3894 837 3941 aut
852 3886 948 3941 saltem
962 3903 1028 3957 pne·
1064 3896 1174 3951 asserat,
1188 3904 1218 3940 se
1231 3886 1355 3941 adhibita
1373 3887 1477 3957 regula,
1490 3895 1538 3942 aut
1549 3888 1735 3944 circumducto
1746 3891 1853 3949 circino.

237 3966 355 4036 cipunm,
376 3967 477 4021 versari
500 3967 530 4020 in
549 3966 708 4036 pensitanda
729 3965 905 4036 experientia,
919 3973 948 4020 et
964 3967 1027 4020 inde
1064 3964 1164 4019 lineam
1177 3967 1266 4036 magis
1280 3975 1391 4030 rectam,
1400 3972 1446 4020 aut
1455 3967 1586 4021 circulum
1602 3969 1693 4039 magis
1707 3969 1853 4038 perfeetum

237 4046 430 4100 constituendis
442 4046 641 4100 axiomatibus:
662 4062 726 4099 nam
735 4045 783 4098 illa
794 4044 879 4099 altera
892 4045 1027 4099 subtilitas
1065 4060 1144 4113 posse
1154 4046 1314 4109 describere,
1322 4062 1404 4116 quam
1416 4044 1534 4116 aliquem
1542 4045 1627 4101 alium
1638 4048 1666 4102 vi
1680 4046 1740 4102 sola
1750 4047 1819 4102 oculi
1829 4057 1854 4100 et

236 4132 360 4179 naturam
375 4133 486 4196 prensat
496 4131 524 4179 et
531 4131 628 4195 captat,
637 4125 685 4180 sed
698 4141 836 4195 nunquam
848 4124 1028 4195 apprehendit
1065 4140 1176 4188 manum
1193 4126 1218 4178 is
1228 4131 1300 4179 certe
1311 4141 1366 4178 non
1375 4124 1518 4180 admodum
1529 4126 1646 4193 jactator
1657 4127 1747 4182 fuerit.
1788 4127 1854 4188 Quin

237 4210 284 4255 aut
297 4205 377 4273 capit
417 4204 638 4258 Etverissimum
658 4211 731 4258 certe
751 4203 887 4274 estquod
905 4203 1027 4257 deocca
1065 4202 1125 4265 hoe,
1140 4204 1212 4274 quod
1231 4203 1353 4267 dicimus,
1367 4219 1421 4257 nou
1435 4204 1522 4258 solum
1535 4205 1564 4257 in
1583 4204 1636 4258 hoc
1650 4215 1746 4260 nostro
1758 4214 1853 4261 conatu

237 4280 312 4335 sione
327 4282 383 4336 sive
398 4282 519 4337 Fortuna
533 4283 586 4337 dici
600 4282 677 4346 solet,
691 4283 715 4336 ai
729 4283 917 4337 transferratur
929 4282 964 4335 ad
977 4300 1026 4335 na·
1065 4282 1154 4351 primo
1166 4291 1193 4336 et
1205 4283 1342 4352 inceptiva
1355 4282 1445 4337 locum
1459 4282 1555 4345 habet3
1577 4285 1625 4339 sed
1643 4286 1729 4339 etiam
1742 4287 1853 4356 metina

238 4367 342 4415 turam:
363 4361 495 4427 videlicet,
511 4367 527 4394 “
540 4378 602 4416 eam
616 4379 633 4416 a
647 4362 734 4416 fronte
755 4369 897 4426 comatam,
911 4362 946 4415 ab
960 4362 1027 4415 occi-
1065 4360 1100 4413 ad
1121 4378 1175 4426 eos,
1190 4362 1235 4432 qui
1259 4361 1325 4416 huic
1345 4362 1385 4416 rei
1410 4362 1524 4432 posthac
1547 4362 1715 4419 incumbent
1756 4366 1853 4420 Nostra

236 4438 306 4509 pitio
319 4439 425 4494 calvam
439 4442 526 4496 esse.’'
1065 4440 1139 4494 enim
1152 4442 1197 4494 via
1209 4440 1366 4495 inveniendi
1384 4441 1510 4495 scientias
1523 4451 1649 4513 exaequat
1662 4443 1720 4498 fere
1739 4444 1852 4515 ingenit.

276 4517 402 4590 Denique
416 4520 449 4574 de
463 4527 626 4590 contemptu,
640 4520 669 4574 in
679 4518 793 4573 naturali
806 4518 928 4585 historia,
938 4536 1028 4573 rerum
1065 4526 1092 4571 et
1110 4535 1165 4572 non
1186 4519 1302 4575 multum
1320 4519 1487 4575 excellentias
1509 4537 1602 4575 eorum
1624 4521 1776 4593 relinquit:
1797 4540 1852 4577 curn

237 4605 286 4651 aut
298 4597 459 4668 vulgarium,
474 4599 631 4664 autvilium,
645 4606 692 4653 aut
704 4599 786 4652 nimis
800 4597 947 4663 subtilium,
962 4607 990 4652 et
1000 4599 1029 4652 in
1065 4599 1156 4651 omnia
1176 4614 1226 4667 per
1246 4599 1411 4655 certissimas
1434 4600 1543 4670 regulas
1564 4608 1593 4655 et
1611 4600 1852 4656 demonstrationes

236 4676 388 4748 originibus
408 4679 464 4733 suis
491 4678 636 4743 inutilium,
660 4678 709 4732 illa
731 4694 785 4731 vox
804 4677 972 4731 mulierculae
993 4678 1028 4732 ad
1066 4678 1205 4748 transigat.
1247 4677 1341 4749 Itaque
1364 4679 1423 4733 hac
1446 4687 1540 4732 nostra
1563 4683 1606 4750 (at
1628 4697 1704 4751 steps
1727 4681 1852 4744 diximus)

236 4756 370 4811 tumidum
383 4757 541 4827 principem,
556 4758 602 4830 qui
615 4758 775 4828 petitionem
788 4756 855 4824 ejus,
869 4764 970 4811 utrem
983 4756 1027 4810 in·
1065 4754 1203 4811 felicitatis
1219 4758 1361 4825 cujusdam
1379 4765 1442 4812 sunt
1462 4758 1654 4829 potiusquam
1673 4759 1817 4823 facultatis,
1829 4769 1853 4814 st

236 4835 348 4907 dignam
362 4844 390 4890 et
403 4837 544 4905 majestate
561 4852 610 4891 sua
629 4836 793 4900 inferiorem,
808 4837 960 4905 abjecisset,
979 4852 1029 4905 pro
1065 4835 1157 4903 potius
1180 4836 1310 4906 temporis
1334 4845 1427 4906 partus
1453 4854 1535 4907 quarn
1557 4839 1673 4908 ingenii.
1715 4839 1765 4893 Est
1786 4840 1852 4894 enim

236 4914 347 4969 oraculo
360 4916 411 4979 ait;
434 4919 452 4947 ‘⁴
466 4915 568 4970 Desine
582 4933 649 4986 ergo
662 4933 711 4970 rex
725 4915 818 4970 esse:’'
859 4916 923 4985 qnia
935 4916 1028 4969 certis·
1065 4923 1137 4968 certe
1154 4931 1233 4968 casua
1255 4914 1354 4986 aliquis
1366 4932 1421 4969 uon
1435 4916 1524 4976 minus
1540 4916 1570 4969 in
1583 4918 1797 4989 cogitationibus
1809 4919 1853 4973 hu

236 4993 336 5049 simum
350 5002 400 5056 est,
415 4995 559 5066 imperium
572 4996 600 5048 in
614 5002 745 5057 naturam,
761 4994 784 5048 si
800 4993 861 5064 quis
874 4994 1028 5063 hujusmodi
1066 4993 1160 5059 manis,
1175 5011 1256 5064 quam
1269 4995 1298 5049 in
1311 4995 1438 5065 operibus
1451 5002 1479 5049 et
1491 4995 1578 5050 factis

236 5074 325 5137 rebus,
339 5080 370 5127 ut
383 5074 466 5128 nimis
479 5074 597 5128 exilibus
611 5079 639 5128 et
652 5074 770 5138 minutia,
784 5090 879 5128 vacare
893 5074 969 5140 nolit,
978 5091 1028 5129 uec

237 5152 352 5207 obtineri
367 5170 417 5208 nec
431 5154 489 5225 geri
504 5170 591 5223 posse.
1407 5135 1515 5175 mm·

1107 5228 1202 5297 ltaque
1216 5228 1359 5282 dicendum
1373 5229 1498 5284 danobis
1518 5229 1587 5299 ipsis
1601 5231 1673 5301 quod
1694 5230 1740 5285 ille
1752 5247 1800 5301 per
1810 5231 1851 5296 jo

1067 5323 1129 5360 cum
1156 5307 1234 5370 dixit,
1257 5309 1406 5377 praesertim
1433 5325 1494 5362 curu
1518 5317 1574 5363 tam
1598 5309 1668 5364 bene
1689 5327 1743 5365 rem
1767 5315 1851 5362 secet:

279 5383 403 5437 Occurrit
422 5385 506 5439 etiam
526 5391 553 5437 et
572 5382 658 5449 illude
678 5383 803 5438 mirabile
820 5384 946 5455 quiddam
969 5402 1029 5441 esse
1067 5384 1172 5439 “Fieri
1192 5403 1248 5440 uon
1271 5393 1403 5456 potestat
1426 5387 1498 5441 idem
1517 5389 1642 5452 sentiant,
1657 5390 1703 5461 qni
1719 5405 1814 5460 aquam
1827 5394 1851 5439 et

237 5467 265 5516 ct
287 5461 393 5529 durum,
417 5465 489 5535 quod
507 5479 557 5518 nos
577 5480 672 5519 omnes
691 5463 819 5519 scientias
839 5472 922 5535 atque
935 5481 1030 5520 omnes
1067 5464 1218 5534 quirinum
1232 5465 1353 5521 bibant.”
1394 5465 1533 5522 Atesteri
1546 5466 1740 5532 hommeatam
1752 5474 1851 5523 vetem

589 5288 682 5329 CXXII·
