3800 5875
226 292 284 348 638
859 285 1050 344 COGle'ld
1069 287 1119 343 tet·
1140 285 1235 342 viss.

225 458 296 518 runt,
310 458 338 507 et
351 466 387 507 ex
398 449 575 521 consequenti
590 446 742 519 Antipodas
753 451 933 511 amnuerunt,
947 462 1025 501 sccu-
1061 444 1205 501 Leotiones
1216 450 1307 500 autem
1320 450 1349 501 ct
1361 444 1494 501 exeuntia
1505 444 1548 501 ita
1559 443 1702 515 disposita
1717 452 1749 501 ut
1761 444 1857 503 alinde

225 533 350 588 mutibus
363 529 524 601 quibusdam
538 544 575 583 ex
588 527 708 599 antiquis
717 527 841 597 patribus
853 525 917 579 fidei
931 526 1026 581 ctnio
1060 526 1198 581 conmetis
1209 541 1246 580 ne
1258 523 1339 579 facile
1357 525 1484 596 cuiquam
1497 526 1527 579 in
1543 533 1666 581 mentera
1679 525 1774 581 veniat
1792 529 1857 598 cogi

226 613 317 667 tiana
359 610 430 672 Quin
444 616 472 663 et
485 609 621 662 duriorem
635 612 680 679 (at
692 623 765 661 nuno
782 614 845 661 aaut
857 606 915 674 rea)
928 606 1024 660 eundi·
1061 615 1128 660 tare.
1169 605 1219 660 Sin
1232 613 1323 660 autem
1336 603 1420 659 alicui
1432 604 1618 677 inquisitionis
1633 612 1663 658 et
1673 604 1775 672 judicii
1786 604 1858 661 liber-

225 691 328 747 tionem
342 704 496 745 sermonum
515 688 548 742 de
565 696 663 742 natura
679 686 804 741 fflmtam
817 702 856 741 ex
871 686 1024 740 temeritate
1061 691 1117 738 tate
1131 684 1169 739 uti
1183 684 1337 755 contigerit,
1350 685 1376 739 is
1393 701 1424 739 sc
1442 684 1473 739 in
1486 700 1588 756 magna
1600 682 1751 739 solitudine
1764 688 1857 741 rann

226 770 420 841 theologorum
433 764 961 832 scholasticorumeteurumolientelis,
975 765 1024 836 qni
1061 764 1155 819 statim
1178 764 1288 820 smtiet.
1330 762 1378 819 Sin
1400 773 1430 818 et
1450 763 1504 818 boc
1529 762 1699 827 toleraverit,
1720 770 1812 819 nmen
1833 766 1858 820 in

225 866 289 906 cum
312 848 480 919 theologiam
502 844 586 922 (satis
606 862 657 916 pro
677 840 827 918 potestate)
849 844 879 898 iu
900 843 1024 899 ordinem
1061 844 1231 913 capemenda
1243 844 1353 899 fortuna
1365 843 1525 898 industriam
1544 842 1617 897 bane
1635 850 1665 897 et
1681 844 1857 915 magnanimi·

225 929 387 1001 redegerint,
402 934 431 982 et
443 927 473 981 iu
492 926 558 980 artis
576 925 707 980 fabricam
724 925 895 987 effinxeriotc
917 922 971 978 hoc
984 924 1024 977 in-
1061 929 1145 977 tatem
1168 923 1221 978 sibi
1245 940 1300 977 non
1320 922 1374 977 leri
1394 923 1591 994 impedimento
1612 920 1673 977 fore
1696 924 1856 992 experietur.

226 1025 308 1080 super
328 1008 388 1063 ausi
408 1013 479 1069 sunt,
498 1012 529 1060 ut
550 1004 749 1060 contentiosam
769 1010 798 1058 et
818 1003 1023 1058 mmaltnariam
1062 1001 1160 1057 Studia
1171 1003 1245 1057 euim
1258 1002 1403 1057 hominum
1417 1003 1447 1056 in
1460 1002 1595 1071 ejusmodi
1611 1000 1684 1056 locis
1701 1003 1731 1056 in
1749 1021 1858 1074 quom

226 1086 383 1143 Aristotelis
395 1084 600 1157 philosophiam
611 1084 718 1156 corpori
733 1083 875 1154 religionis
888 1082 1024 1137 immiscu-
1060 1082 1124 1136 dam
1138 1089 1280 1137 auctorum
1293 1082 1397 1153 scripta
1405 1081 1489 1136 veluti
1500 1080 1624 1153 relegata
1633 1096 1715 1144 essee
1735 1099 1755 1135 a
1767 1084 1858 1153 quibus

225 1168 305 1222 crint.
346 1166 451 1221 Eodem
462 1171 585 1235 spectare
598 1163 688 1228 etiam,
699 1163 772 1234 quod
781 1162 833 1217 hoc
844 1161 937 1217 meula
948 1161 1023 1217 haud
1060 1161 1085 1216 si
1095 1161 1157 1232 quis
1167 1161 1316 1225 dimntiat,
1325 1169 1373 1216 aut
1382 1161 1592 1216 controversiam
1602 1163 1858 1225 moueateontinno

224 1246 294 1302 alias
307 1245 449 1323 opiniones
459 1252 486 1299 et
495 1243 692 1316 disputationes
700 1243 789 1315 magis
800 1241 926 1297 mmm·
934 1243 1023 1296 sentis
1061 1249 1091 1295 ut
1103 1240 1187 1296 homo
1204 1240 1370 1296 turbidaret
1385 1256 1480 1295 rerum
1494 1257 1627 1296 noramm
1646 1240 1767 1310 cupidus
1782 1244 1857 1297 corn·

225 1326 290 1381 ferri
303 1325 431 1397 reperies,
446 1340 529 1396 quam
542 1340 647 1389 eorum,
663 1322 711 1394 qui
727 1321 873 1393 meotogtc
886 1328 914 1375 et
931 1322 1023 1392 philo·
1060 1320 1150 1390 pitur3
1171 1337 1234 1376 cnm
1244 1327 1335 1375 nmen
1349 1321 1387 1392 (si
1400 1319 1462 1391 quis
1471 1335 1550 1375 verns
1564 1319 1719 1376 numum
1728 1320 1778 1389 sit)
1788 1318 1872 1393 mag-⁸

224 1404 339 1476 sophin,
361 1404 391 1459 id
413 1410 463 1468 est,
483 1403 564 1457 fidem
586 1411 614 1457 et
634 1418 738 1466 sensas,
760 1401 918 1472 conjugium
939 1400 1022 1456 veluti
1059 1416 1125 1455 num
1143 1399 1290 1455 discrimen
1308 1400 1380 1454 inter
1393 1416 1484 1454 rerum
1503 1399 1627 1455 civilium
1641 1416 1675 1453 ac
1695 1402 1795 1455 artium
1811 1403 1855 1456 ad·

224 1484 387 1556 legitimum,
401 1482 488 1539 multa
503 1498 606 1554 pompa
618 1488 647 1536 et
659 1480 821 1536 solennitate
833 1479 981 1547 celebrant,
995 1489 1023 1536 et
1060 1480 1284 1535 ministrationem
1299 1479 1459 1550 reperiatur.
1498 1479 1564 1534 Non
1579 1479 1655 1534 enias
1669 1479 1744 1534 idern
1758 1482 1856 1551 pericu

224 1573 303 1635 grata
316 1580 407 1619 rerum
421 1563 551 1618 varietate
569 1561 675 1616 animos
690 1560 833 1616 bominum
850 1560 1022 1631 permrtlcea·
1060 1558 1116 1613 inm
1129 1575 1146 1613 a
1159 1558 1303 1614 nursiaec
1316 1576 1349 1613 ao
1363 1576 1380 1612 a
1393 1575 1465 1613 nouo
1475 1558 1676 1613 motuinstare.
1717 1559 1817 1615 Verum
1828 1562 1854 1615 in

224 1653 273 1708 tes,
290 1643 400 1698 interim
417 1642 510 1697 diuina
529 1649 558 1695 et
578 1640 699 1696 hnmana
719 1640 891 1711 inauspicato
909 1641 1022 1711 permis·
1060 1638 1141 1693 rebus
1158 1637 1285 1693 civilibus
1305 1646 1409 1693 motum
1430 1639 1514 1693 etiam
1532 1638 1562 1691 in
1583 1637 1686 1693 arelius
1706 1649 1852 1709 suspectu·

224 1730 296 1778 cent
338 1722 446 1776 llerera
468 1730 560 1775 autem
584 1721 608 1776 si
633 1720 694 1792 quis
716 1718 875 1792 diligentius
900 1720 1022 1775 animum
1059 1734 1121 1773 esse
1135 1718 1170 1772 ob
1183 1719 1423 1788 perturbationem,
1437 1735 1500 1773 cum
1514 1717 1607 1772 ciuilia
1620 1720 1853 1783 auctoritamus

223 1802 353 1867 adsonat,
376 1818 432 1855 non
457 1802 547 1856 minus
567 1800 681 1870 periculi
701 1798 817 1853 naturali
840 1797 1022 1870 philosophia
1060 1813 1148 1863 sensu,
1171 1798 1251 1862 mma,
1266 1798 1402 1869 opinione,
1417 1814 1472 1851 non
1493 1797 1726 1852 demonstratione
1748 1807 1776 1853 et
1792 1802 1852 1854 reri·

224 1898 262 1937 ex
288 1880 437 1937 istiusmodi
461 1879 552 1934 fallaci
572 1887 601 1933 et
621 1878 717 1950 iniquo
743 1878 852 1943 foedere,
877 1894 959 1948 quam
985 1896 1022 1934 ex
1059 1884 1123 1943 tate,
1138 1885 1270 1932 meant
1313 1878 1346 1931 ln
1365 1877 1470 1932 artibus
1487 1887 1579 1931 autem
1601 1886 1630 1930 et
1651 1878 1783 1941 scientiis,
1796 1888 1852 1932 tau-

224 1962 328 2034 apertis
340 1959 500 2024 inimicitiis,
513 1959 665 2014 imminere.
705 1957 767 2012 Tali
788 1958 862 2012 enim
877 1956 980 2013 foedere
993 1967 1022 2012 et
1060 1973 1141 2028 quam
1161 1958 1189 2011 in
1209 1957 1312 2012 metalli
1334 1956 1443 2021 fodinis,
1465 1956 1558 2010 omnia
1580 1957 1661 2011 noris
1682 1959 1810 2028 operibus
1828 1968 1853 2011 et

225 2042 355 2096 societate
380 2045 490 2109 recepta
515 2038 545 2093 in
567 2037 744 2109 philosophia
770 2044 875 2092 tantum
897 2054 1022 2109 compre·
1060 2035 1231 2091 ulterioribus
1258 2037 1447 2108 progressibus
1474 2043 1597 2107 strepere
1620 2036 1729 2092 debere.
1771 2039 1853 2109 Atque

224 2120 326 2176 hendi:
347 2126 425 2174 aucta
439 2126 531 2174 autem
545 2116 588 2172 rel
603 2117 703 2183 addita,
716 2116 761 2171 rel
779 2118 809 2171 in
823 2116 922 2172 melius
935 2126 1022 2172 mota·
1059 2124 1133 2170 recta
1155 2117 1260 2171 ratione
1284 2134 1343 2171 rens
1366 2133 1397 2171 se
1414 2116 1456 2170 ita
1477 2114 1589 2171 habere.
1634 2116 1667 2170 ln
1688 2117 1746 2171 rita
1768 2127 1852 2172 amem

224 2207 260 2264 tu,
275 2198 359 2255 etiam
372 2197 535 2253 serenaret
554 2196 719 2268 pertinacius
737 2195 855 2253 excludi.
895 2196 1021 2269 Denique
1058 2196 1147 2251 risum
1170 2205 1210 2250 est
1231 2196 1265 2259 ei,
1280 2196 1464 2251 doctrinarum
1487 2194 1613 2265 politiam
1636 2204 1665 2250 et
1688 2196 1852 2252 admbrisua

224 2295 319 2333 uersus
333 2277 508 2341 incrementa,
523 2284 551 2332 et
565 2293 650 2331 noras
668 2275 751 2332 ueluti
770 2292 832 2332 oras
850 2283 878 2331 et
894 2277 1021 2348 regiones
1060 2275 1169 2340 tionem,
1191 2292 1252 2347 qua
1274 2276 1304 2330 in
1323 2292 1376 2331 usu
1396 2283 1445 2340 est,
1468 2275 1646 2330 scientiarum
1667 2286 1812 2347 augmenta
1828 2289 1853 2332 et

224 2357 416 2429 philosophia,
439 2357 531 2411 omnia
549 2373 585 2412 ex
604 2363 682 2426 parte
705 2355 854 2427 religionis,
876 2373 1021 2427 pravarum
1059 2355 1238 2427 propaginem
1251 2355 1394 2411 durissime
1407 2371 1532 2426 premere
1545 2363 1576 2409 et
1587 2355 1728 2411 cohibere.

224 2437 408 2508 suspicionum
423 2443 451 2491 et
464 2436 622 2507 impotentis
636 2436 739 2491 fastidii
752 2435 914 2506 pienaesse.
943 2435 1021 2490 Alios
1099 2434 1236 2506 Cogitavit
1247 2443 1274 2489 et
1289 2434 1375 2498 illud;
1400 2435 1524 2489 etiamin
1537 2435 1667 2505 opinione
1681 2435 1853 2490 hominnmet

224 2516 360 2589 siquidem
384 2514 534 2587 simplicius
561 2515 708 2581 subvereri,
728 2531 764 2570 ne
788 2515 858 2570 forte
882 2514 964 2570 altior
992 2517 1021 2570 iu
1059 2530 1140 2569 sensu
1154 2513 1394 2578 communimulta
1407 2515 1509 2585 ubique
1523 2531 1676 2579 occanere,
1690 2532 1752 2587 qm
1771 2531 1849 2569 noras

224 2604 349 2651 naturam
361 2596 502 2668 inquisitio
516 2595 586 2650 ultra
599 2595 691 2650 datum
706 2601 733 2651 et
745 2610 903 2650 concessum
916 2596 1021 2650 sobrie·
1059 2595 1234 2649 scientiarum
1260 2595 1431 2649 accessiones
1461 2593 1550 2647 libem
1576 2595 1654 2649 aditu
1687 2595 1851 2665 prohibeant

224 2676 291 2730 tatis
311 2676 456 2730 terminum
477 2682 607 2746 penetret,
628 2674 798 2730 traducentes
817 2691 871 2729 nou
887 2683 961 2730 recte
979 2693 1019 2742 ea,
1060 2674 1212 2729 Maximam
1223 2674 1296 2729 enirn
1317 2682 1422 2745 partem
1440 2672 1591 2735 hominum,
1606 2674 1786 2744 presentibus
1801 2690 1851 2727 noo

131 2820 132 2823 Ἴ
225 2756 341 2826 quade
365 2754 464 2810 divinis
487 2754 624 2824 mysteriis
646 2755 779 2820 dicuntur,
799 2771 915 2826 quorum
935 2754 1021 2810 multa
1059 2771 1173 2825 taquam,
1188 2754 1217 2808 in
1238 2754 1427 2825 antiquitatem
1447 2753 1627 2824 propendere,
1647 2769 1680 2806 ac
1700 2753 1849 2816 crederesi

224 2835 276 2890 mh
289 2834 381 2906 sigillo
393 2835 486 2889 divium
499 2833 592 2890 clausa
604 2843 723 2899 manent,
737 2834 773 2888 ad
784 2834 891 2888 occrtlta
907 2844 1020 2903 naturae,
1058 2834 1144 2898 uobis,
1163 2834 1209 2905 qui
1224 2849 1295 2888 nunc
1308 2834 1432 2898 vivimus,
1447 2849 1480 2886 ea
1495 2848 1554 2887 sors
1569 2832 1732 2896 obvenisset,
1746 2841 1777 2887 ut
1795 2850 1851 2903 qen

224 2930 286 2985 qun
299 2914 374 2970 nullo
386 2914 530 2970 interdicto
543 2922 721 2986 separantur:
741 2912 810 2970 alios
821 2912 945 2969 callidius
959 2932 1020 2971 con·
1058 2912 1094 2969 ab
1114 2913 1234 2987 antiquis
1257 2913 1371 2985 quaesita
1390 2920 1419 2968 et
1438 2912 1548 2967 inventa
1561 2920 1634 2978 suunt,
1649 2913 1731 2984 primi
1745 2921 1853 2967 tentare

222 2992 318 3072 jicere,
336 2994 359 3050 si
377 2995 466 3050 media
484 2994 651 3066 ignorentur,
673 2992 782 3065 singula
803 2994 837 3048 sd
858 3011 971 3050 manum
994 3004 1021 3051 et
1059 3011 1127 3060 mna,
1141 3011 1191 3049 nos
1212 3010 1305 3049 eornm
1327 3010 1414 3064 pensa
1434 2991 1518 3064 longo
1537 2992 1684 3047 intervallo
1701 3010 1757 3046 non
1775 2993 1851 3047 fuisse

224 3074 359 3146 virgulum
372 3074 492 3129 divinam
507 3074 593 3146 (quod
611 3072 760 3146 religionis,
774 3079 805 3128 ut
822 3082 926 3144 putant,
946 3092 1021 3131 max·
1058 3083 1226 3145 aequaturus:
1247 3073 1357 3128 credere
1383 3073 1519 3136 similiter,
1541 3072 1566 3126 si
1589 3073 1652 3144 quis
1673 3075 1758 3127 etiam
1778 3089 1852 3134 uma,

224 3153 279 3208 ime
302 3154 420 3223 intersit)
440 3153 550 3209 facilius
569 3153 682 3218 referris
717 3153 788 3225 quod
808 3152 849 3207 nil
871 3153 946 3209 alind
970 3163 1020 3222 est,
1058 3153 1170 3225 ingenio
1183 3171 1233 3208 suo
1246 3154 1371 3217 conlisus,
1384 3152 1590 3223 inquisitionem
1603 3152 1638 3206 de
1652 3152 1760 3223 integro
1771 3154 1852 3206 aad·

225 3249 308 3304 quam
326 3233 387 3288 Deo
401 3250 451 3304 per
471 3234 643 3288 mendacium
662 3232 808 3306 gratificari
821 3231 900 3288 velle.
941 3232 1021 3289 Alios
1059 3250 1124 3304 pere
1138 3234 1254 3298 affectet,
1269 3233 1342 3287 hunc
1356 3232 1471 3301 hujusce
1492 3232 1533 3285 rei
1548 3241 1676 3286 ereutnrn
1690 3232 1755 3296 fore,
1769 3241 1797 3285 nt
1809 3245 1853 3284 aut

224 3312 261 3366 ab
274 3312 401 3384 exemplo
414 3320 543 3378 metuere,
556 3329 591 3367 ne
605 3320 694 3368 motus
710 3319 737 3366 et
755 3313 918 3368 mutationes
932 3314 1021 3385 philo
1058 3312 1087 3367 in
1101 3313 1162 3384 ipsa
1175 3313 1284 3378 incidat,
1296 3330 1357 3384 qure
1367 3311 1403 3365 ab
1415 3311 1579 3382 antiquitate
1589 3311 1704 3382 probata
1718 3320 1795 3374 sunm
1807 3320 1852 3364 aut

224 3391 329 3463 sophim
342 3392 371 3446 in
386 3393 548 3464 religionem
565 3392 704 3447 incurrant
723 3399 750 3447 et
767 3392 901 3448 desinant.
942 3393 1021 3450 Alios
1058 3393 1167 3448 sanein
1182 3391 1243 3457 alia,
1259 3410 1327 3462 quae,
1336 3392 1373 3446 ab
1385 3391 1548 3461 antiquitate
1558 3391 1726 3461 jampridem
1737 3390 1851 3459 judicata

224 3470 342 3543 denique
363 3472 483 3526 solicitos
501 3472 594 3537 videri,
615 3488 650 3525 ne
669 3472 699 3525 in
720 3479 823 3527 naturus
844 3472 1020 3544 inquisitione
1059 3480 1086 3526 et
1109 3472 1217 3541 rejecta,
1244 3472 1273 3526 iu
1294 3471 1459 3526 obliuionem
1487 3470 1585 3525 mento
1611 3486 1729 3524 cessere
1767 3468 1848 3534 Alios,

224 3550 327 3622 aliquid
348 3550 464 3605 inveniri
484 3551 579 3622 possit,
595 3551 665 3622 quod
683 3550 844 3623 religionem
865 3551 1017 3609 labefactet.
1059 3561 1150 3622 spreta
1163 3552 1275 3607 omnino
1291 3560 1373 3623 gente
1386 3558 1415 3605 et
1432 3548 1560 3604 facultate
1574 3549 1705 3612 humana,
1719 3551 1851 3620 utrimque

224 3629 292 3691 Quae
313 3631 367 3685 duo
387 3631 504 3702 cogitata
524 3629 741 3685 incredulitatem
760 3631 895 3702 quandam
912 3634 1021 3702 sapiunt
1060 3632 1269 3703 temperiemve
1287 3630 1391 3702 antiqui
1413 3630 1470 3684 sire
1484 3630 1557 3695 nori,
1571 3630 1600 3683 in
1622 3630 1780 3700 opinionem
1797 3630 1852 3683 labi

115 3711 125 3728 ⁶
223 3717 251 3764 et
271 3710 433 3780 sapientium
455 3710 619 3775 animalem
648 3709 784 3781 posterius
804 3719 896 3764 autern
917 3712 1019 3784 ubsque
1059 3712 1193 3765 curiosam
1212 3719 1241 3766 et
1259 3710 1496 3781 superstitiosam
1518 3709 1718 3774 existimantes,
1733 3710 1853 3764 suinth-

223 3788 362 3861 impietate
376 3806 411 3844 ne
423 3789 451 3843 in
465 3789 659 3845 dubitationem
673 3797 721 3843 aut
734 3789 916 3861 suspicionem
927 3793 1020 3847 uenire
1059 3807 1118 3845 rum
1135 3790 1283 3861 primordia
1306 3806 1323 3843 a
1343 3789 1484 3860 spiritibus
1502 3805 1638 3852 manasse,
1660 3799 1689 3844 et
1709 3789 1746 3843 ab
1763 3805 1852 3843 mum

223 3877 321 3940 potest
362 3869 450 3930 Quare
464 3869 531 3924 satis
544 3868 692 3935 constabat,
710 3870 740 3924 in
759 3869 912 3938 hujusmodi
931 3872 1019 3942 opini-
1059 3870 1217 3942 dignatione
1238 3879 1265 3923 et
1285 3869 1421 3924 consortio
1438 3867 1564 3923 similiter
1577 3885 1649 3922 nova
1669 3869 1781 3922 inuenta
1792 3884 1852 3921 anc-

223 3949 320 4003 onibus
337 3949 453 4003 multum
474 3949 647 4014 infirmitatis,
662 3949 728 4020 quin
749 3957 776 4003 et
790 3949 901 4004 invidia
921 3958 950 4005 et
970 3952 1020 4006 fer·
1060 3958 1238 4005 loramentum
1261 3949 1363 4004 habere
1382 3964 1471 4019 posse.
1512 3947 1598 4012 Alios,
1619 3948 1750 4018 opinione
1767 3950 1853 4017 tnagis

223 4029 307 4082 menti
322 4045 376 4082 non
390 4045 494 4099 parum,
508 4029 628 4084 subesse.
669 4027 830 4083 Naturalem
845 4031 916 4084 enim
931 4030 1020 4101 philo
1059 4030 1149 4084 sobria
1163 4037 1189 4083 et
1202 4045 1304 4092 seuera,
1319 4028 1366 4083 sed
1380 4028 1529 4082 diffidentia
1542 4028 1677 4099 graviore,
1691 4028 1727 4082 de
1735 4027 1853 4081 metiore

223 4107 358 4177 sophiam,
370 4113 432 4178 post
440 4107 551 4162 verbum
562 4107 623 4172 Dei,
633 4108 809 4162 certissimam
820 4110 1020 4179 superstitionis
1058 4109 1233 4164 scientiarum
1241 4116 1313 4163 statu
1324 4108 1406 4178 plane
1420 4107 1573 4176 desperare,
1587 4114 1692 4161 naturas
1706 4106 1852 4161 oboeunta·

223 4186 394 4250 medicinam,
409 4187 523 4241 eandem
537 4187 757 4257 probatissimum
777 4188 839 4242 iidei
861 4187 1019 4246 alimentum
1059 4195 1122 4252 tem,
1131 4189 1291 4243 brevitatem
1305 4189 1376 4251 vita,
1388 4203 1515 4241 sensuam
1530 4185 1663 4250 fallacias,
1674 4185 1771 4253 judieii
1783 4186 1853 4239 infir·

224 4281 293 4318 esse.
336 4265 433 4337 ltaque
451 4267 550 4321 merito
568 4266 693 4339 religioni
713 4276 840 4337 tanquam
860 4267 1019 4324 fidissimam
1058 4269 1189 4332 mitatem,
1197 4277 1223 4322 et
1232 4268 1477 4338 experimentorum
1488 4265 1664 4320 difficultates
1674 4267 1852 4320 etimmeusas

223 4351 251 4396 et
265 4345 480 4414 acceptissimam
494 4345 622 4401 ancillam
644 4346 771 4402 attribui:
792 4363 853 4401 cum
876 4346 962 4401 altera
976 4366 1020 4404 vo
1058 4348 1202 4402 varietates
1224 4346 1382 4418 reputando.
1424 4345 1520 4416 itaque
1543 4344 1702 4414 hujnsmodi
1723 4346 1785 4416 spei
1809 4362 1852 4400 ex·

222 4421 355 4477 luntatem
369 4422 430 4488 Dei,
445 4424 530 4480 altera
544 4434 703 4495 potestatem
714 4425 878 4481 manifestet.
919 4427 1019 4500 Neque
1058 4444 1234 4498 cessosque
1253 4426 1364 4496 maiora,
1379 4441 1462 4496 quam
1475 4442 1537 4496 quse
1557 4423 1701 4487 habemns,
1716 4424 1849 4495 sposrdut.

224 4518 328 4556 errasse
342 4520 412 4568 eum,
427 4505 473 4576 qui
487 4505 603 4560 dixerit:
626 4511 642 4537 “
651 4505 755 4559 Erratis
769 4506 920 4561 nescientes
931 4507 1019 4579 Scrip·
1059 4522 1117 4561 esse
1132 4506 1288 4577 impotentis
1302 4505 1386 4559 animi
1401 4513 1428 4558 et
1440 4505 1590 4568 immaturi,
1605 4511 1688 4576 atque
1702 4503 1770 4559 laeta
1782 4504 1851 4558 seili-

222 4589 297 4636 turas
316 4589 344 4636 et
362 4591 522 4654 potestatem
541 4584 621 4649 Dei,’'
636 4584 856 4640 informationem
875 4585 908 4640 de
926 4586 1020 4641 volun·
1058 4593 1101 4640 cet
1114 4586 1254 4656 principia,
1269 4585 1360 4640 media
1373 4583 1465 4647 ardua,
1480 4591 1605 4639 extrema
1617 4584 1733 4639 confusa
1746 4584 1850 4644 habere.

224 4669 288 4725 tate,
309 4670 336 4716 et
354 4663 558 4718 meditationem
577 4665 611 4719 de
630 4674 770 4736 potestate,
789 4681 863 4720 nexu
881 4665 1020 4722 indiuiduo
1058 4682 1108 4720 nec
1132 4665 1264 4720 minorem
1287 4664 1503 4736 desperationem
1531 4663 1645 4734 praemii,
1670 4680 1755 4734 quarn
1782 4663 1850 4726 faeti

222 4739 405 4810 copulantem.
447 4743 514 4804 Quae
528 4743 592 4798 lieet
606 4743 748 4799 verissima
762 4744 825 4809 sint,
840 4745 1020 4801 nihilominus
1058 4762 1135 4799 esse:
1156 4745 1284 4800 scientias
1297 4744 1433 4816 siquidem
1446 4744 1475 4797 iu
1489 4744 1599 4814 magnis
1614 4743 1735 4813 ingeniis
1750 4742 1850 4815 procul·

223 4817 291 4873 iilud
309 4829 407 4885 manet,
427 4821 455 4876 in
475 4823 668 4892 potentissimis
687 4823 819 4878 naturalis
836 4824 1020 4896 philosophia
1057 4825 1141 4879 dubio
1167 4825 1271 4879 innasci
1294 4833 1324 4878 et
1345 4823 1455 4893 augeri;
1477 4823 1565 4893 pretia
1584 4831 1677 4878 autera
1691 4831 1720 4876 et
1744 4824 1850 4878 mins·

222 4898 434 4968 impedimentis,
449 4917 490 4965 ea,
506 4902 613 4972 quade
628 4902 687 4958 seio
705 4903 833 4974 imperito
853 4911 881 4958 et
893 4907 1020 4975 supersti-
1058 4904 1326 4958 tionesseientiarum
1336 4902 1617 4973 pencspopqumaut
1628 4902 1848 4972 prinoipesrirss

222 4977 296 5033 tione
311 4978 467 5044 dictasunt,
482 4980 775 5038 eitraeontroversiam
790 4985 938 5038 numerari.
1058 4991 1105 5037 aut
1125 4983 1194 5039 aiios
1211 4983 1382 5037 mediocriter
1401 4981 1502 5044 doctos,
1516 4997 1586 5036 esse.
1629 4982 1729 5052 itaque
1747 4997 1801 5035 non
1814 4997 1850 5034 eo

263 5056 403 5128 Cogitavit
416 5067 444 5113 et
457 5058 543 5125 illud,
567 5061 596 5114 in
610 5062 730 5117 moribus
744 5071 772 5118 et
780 5062 912 5118 institutis
921 5062 1017 5118 acade-
1058 5062 1171 5117 rundem
1185 5062 1399 5134 propositionem
1410 5061 1586 5115 scientiarum
1597 5068 1626 5115 et
1637 5061 1773 5130 judicium
1782 5077 1848 5114 me:

223 5136 347 5200 mierum,
362 5137 547 5209 collegiorum,
562 5145 588 5192 ei
604 5139 735 5196 similium
753 5151 943 5207 conventuum,
959 5160 1020 5214 quae
1058 5141 1130 5197 unde
1145 5142 1212 5206 fleri,
1226 5149 1257 5195 ut
1270 5158 1302 5195 ea
1313 5148 1417 5196 tantum
1433 5140 1542 5194 inventa
1556 5141 1679 5212 rigeant.
1694 5157 1757 5211 quae
1774 5157 1849 5211 popa·

223 5213 258 5267 ud
271 5214 410 5271 doctorum
425 5216 566 5272 hominum
580 5218 659 5274 sedes
673 5229 701 5274 et
716 5237 811 5292 operas
821 5231 929 5277 mutuas
936 5222 1020 5276 desti-
1058 5220 1217 5289 larijudicio
1227 5228 1256 5274 et
1269 5221 1360 5275 sensui
1374 5219 1511 5275 communi
1520 5220 1728 5274 accommodata
1737 5229 1813 5282 sunt;
1826 5225 1851 5272 ut

223 5301 287 5347 nuta
302 5303 373 5358 suut,
389 5297 480 5350 omnia
492 5297 650 5369 progressui
672 5300 846 5355 scientiarum
864 5301 892 5354 iu
906 5302 1020 5357 ulterius
1058 5301 1086 5355 iu
1106 5300 1254 5356 Democriti
1275 5299 1403 5370 opinione
1426 5299 1459 5353 de
1481 5299 1581 5354 atomis
1605 5299 1761 5364 usuvenit,
1787 5317 1850 5370 qna.

224 5371 478 5431 adversainveuiri:
500 5376 762 5446 frequentiamenim
776 5379 1020 5436 multomaximam
1058 5380 1122 5451 quia
1136 5378 1218 5452 paulo
1231 5379 1361 5435 remotior
1375 5387 1440 5442 erat,
1455 5378 1516 5434 lusu
1530 5379 1729 5451 excipiebatur.
1762 5379 1852 5449 ltaque

225 5450 413 5518 professoriam
440 5455 537 5525 primo,
557 5472 589 5509 uc
617 5454 730 5513 subinde
757 5459 924 5515 meritoriam
951 5478 1019 5517 esse.
1058 5459 1167 5517 altiores
1180 5458 1423 5532 contemplationes
1436 5466 1637 5532 actamquae,
1647 5459 1704 5516 fere
1717 5456 1852 5531 religionis
