3800 5875
755 322 805 376 DE
826 320 1051 377 AUGMENTIS
1071 321 1343 377 SClBN'l'lARUM.
1691 316 1750 373 ure
1769 317 1834 373 llll.

1071 486 1233 553 potestatem
1245 479 1275 534 in
1292 478 1407 551 singulis
1427 476 1529 549 politiis
1548 475 1640 547 legum
1660 476 1835 531 condendarum

630 542 654 582 ¹“
1071 559 1180 623 habent,
1194 574 1244 628 per
1258 558 1412 624 niennium,
1424 564 1471 611 aut
1484 555 1702 626 quinquennium,
1712 561 1763 619 aut,
1771 564 1837 626 prout

284 635 438 708 Diligenter
450 636 648 699 attendendum,
662 653 697 691 ne
719 653 759 691 eas
778 634 854 706 leges
874 641 980 690 tantum
999 634 1034 688 ad
1072 637 1383 701 ridebitur,antinomias
1392 642 1562 692 retractante.
1602 634 1836 698 &summatim

244 715 383 785 preterita
395 716 529 786 respicere
540 722 742 785 potentumque
750 713 1032 768 anteactaintirmant:
1072 718 1107 771 ad
1118 714 1172 771 hoc
1185 716 1326 787 delegatis,
1341 716 1416 786 prius
1433 714 1612 786 inspiciantur
1628 719 1657 767 et
1669 721 1837 783 praeparentur,

245 794 294 847 sed
307 801 334 848 et
347 810 395 859 eae,
409 812 470 864 qaas
483 795 574 849 iutura
586 793 732 865 prohibent
745 800 773 847 et
784 795 958 863 restringunt,
971 809 1033 848 cum
1071 804 1099 851 et
1112 795 1221 851 demum
1234 795 1352 850 comitiis
1369 795 1564 858 exhibeantur3
1584 800 1615 847 ut
1628 791 1699 862 quod
1718 790 1836 862 placuerit¹

245 873 390 942 preteritis
407 874 562 928 necessario
582 888 714 927 connexa
755 871 855 935 Veluti,
869 873 893 926 si
907 889 968 942 quae
987 871 1034 925 lert
1072 892 1122 946 per
1134 875 1265 947 suffragia
1277 875 1428 930 stabiliatur
1442 879 1469 927 et
1482 872 1587 944 figatur.

245 952 393 1005 artificibus
406 951 541 1023 aliquibus
554 951 703 1016 interdicat,
714 968 748 1005 ne
758 951 932 1006 mercimonia
942 966 992 1005 sua
1005 950 1032 1003 in

245 1037 381 1098 posterum
407 1032 538 1096 vendant3
565 1030 624 1085 haec
651 1039 731 1085 sonat
756 1031 785 1084 iu
812 1039 958 1100 posterum,
986 1028 1033 1089 sed
1436 1011 1502 1051 m·

246 1110 700 1181 operaturinpraeteritumrncque
712 1107 916 1163 enimillisalia
928 1107 1033 1161 ratione
1111 1105 1210 1175 Neque
1224 1120 1288 1159 vero
1300 1102 1435 1158 condaris
1447 1101 1539 1173 legum
1558 1101 1653 1171 capita
1663 1100 1836 1163 reconnlieadi

245 1187 346 1242 rictum
356 1204 474 1257 quaerere
484 1190 543 1257 iam
556 1189 693 1260 integrum
707 1195 757 1244 est
1072 1191 1101 1239 et
1118 1185 1211 1238 omnia
1224 1185 1266 1252 (at
1284 1182 1441 1253 loquuntur)
1464 1179 1594 1244 saltandi,
1609 1195 1659 1250 per
1679 1180 1837 1235 disdmdanss

1072 1261 1185 1318 subtiles
1206 1270 1235 1317 et
1255 1263 1391 1333 quesitas,
1410 1261 1493 1316 nimia
1513 1258 1611 1314 sedula
1631 1267 1678 1313 aut
1697 1259 1773 1313 anub
1788 1276 1837 1313 eun

617 1330 660 1368 ¹⁴¹·
1072 1350 1139 1397 esto.
1181 1341 1289 1412 Ingenii
1311 1341 1384 1395 enim
1405 1339 1465 1395 hmc
1482 1339 1537 1393 tela
1557 1345 1612 1393 est:
1634 1345 1714 1410 atque
1727 1344 1837 1409 utcmque

283 1419 344 1476 Lex
363 1420 539 1476 declaratoria
560 1421 655 1485 omnis,
679 1421 744 1475 lieet
767 1436 821 1475 nou
846 1420 929 1475 habet
948 1420 1033 1476 verba
1072 1420 1233 1476 modestiam
1251 1420 1385 1491 quandam
1406 1426 1435 1473 et
1457 1418 1638 1474 reverentiam
1658 1434 1713 1487 prae
1732 1434 1758 1472 se
1776 1417 1835 1480 lent,

245 1501 278 1554 de
299 1501 442 1570 praeterito,
462 1507 554 1555 tamen
574 1500 609 1554 ad
628 1500 772 1570 praeterita,
786 1499 848 1570 ipsa
867 1501 894 1553 ri
915 1499 1033 1553 declara·
1071 1501 1141 1555 inter
1154 1500 1237 1553 noxia
1250 1507 1341 1552 tamen
1350 1497 1485 1552 censenda
1498 1503 1557 1562 este
1577 1505 1674 1567 utpote
1692 1513 1749 1566 quae
1764 1495 1837 1550 reddat

244 1579 333 1643 tionis,
348 1580 457 1633 omnino
470 1579 594 1634 trahitur.
635 1579 699 1632 Non
713 1580 786 1632 enim
805 1589 863 1633 tum
881 1579 977 1648 incipit
991 1579 1032 1631 in·
1071 1595 1168 1648 corpus
1182 1579 1334 1632 universum
1347 1576 1558 1647 legumrariunu
1577 1587 1605 1629 et
1624 1574 1695 1630 male
1714 1584 1835 1629 conmtuu.

244 1659 401 1728 terpretatio
427 1675 488 1713 cum
511 1658 671 1721 declaratur,
694 1657 742 1712 sed
765 1657 880 1711 eflicitur
903 1665 1032 1729 tanquam
1072 1657 1173 1713 Melius
1187 1665 1229 1711 est
1241 1673 1351 1726 prorsus
1370 1666 1401 1711 ut
1417 1655 1595 1711 succumbant
1615 1654 1752 1719 deteriora,
1764 1665 1836 1708 etue

244 1745 469 1807 contemporanea
482 1737 535 1807 ipsi
549 1737 612 1808 legi.
645 1738 739 1807 ltaque
753 1735 829 1806 leges
842 1734 1033 1790 declaratorias
1071 1737 1140 1792 liora
1153 1743 1226 1791 stent
1238 1735 1304 1791 sola

243 1832 279 1870 ne
297 1817 428 1880 ordinato,
442 1817 494 1870 nisi
518 1815 547 1869 in
568 1815 683 1879 casibus,
700 1815 746 1870 abi
765 1815 840 1885 leges
857 1833 918 1869 cum
927 1815 1033 1883 justitia

244 1895 422 1966 retrospicere
436 1894 547 1966 possint

285 1974 338 2027 Hic
353 1989 490 2028 ueroeam
503 1979 608 2044 partem
622 1972 793 2036 absolvimus,
808 1990 869 2044 quoe
887 1980 985 2025 tractat
999 1974 1032 2027 de
1112 1968 1246 2022 Obsoletas
1260 1967 1344 2039 leges,
1353 1974 1381 2021 et
1391 1985 1452 2038 quae
1469 1967 1595 2022 abierant
1608 1967 1638 2022 in
1652 1965 1835 2029 desuetudinem,

244 2052 431 2106 incertitudine
445 2050 537 2121 legum
557 2051 605 2106 ubi
624 2052 760 2107 invenitur
780 2051 825 2106 lex
845 2051 926 2107 nulla
969 2051 1033 2106 Jam
1072 2048 1226 2102 conminus
1239 2063 1322 2117 quatu
1335 2045 1835 2117 aadnomimproponsnturadelegrtis

244 2130 388 2186 dicendum
407 2137 449 2185 eat
469 2131 502 2184 de
522 2129 607 2185 altera
627 2129 675 2183 illa
692 2138 776 2200 parte,
798 2132 843 2186 ubi
865 2129 967 2185 scilicet
986 2131 1033 2186 lex
1072 2145 1108 2182 ex
1122 2126 1210 2180 officio
1224 2125 1360 2181 tollendae.
1396 2125 1465 2180 Cum
1476 2126 1549 2180 enim
1559 2133 1693 2182 statutum
1706 2141 1835 2195 expressunt

245 2216 319 2264 extat
333 2209 432 2281 aliqua,
445 2208 493 2263 aed
507 2208 639 2280 perplexa
652 2216 678 2263 et
693 2209 814 2264 obscura.
1072 2204 1235 2278 regulariter
1247 2203 1422 2259 desuetudine
1436 2221 1491 2259 uon
1504 2205 1661 2275 abrogetur,
1672 2207 1739 2259 litut
1751 2221 1782 2258 ex
1791 2219 1836 2256 ono

1072 2292 1175 2355 tempta
1188 2283 1280 2355 legum
1295 2281 1476 2338 obsoletsmm
1491 2285 1539 2338 fiat
1552 2283 1687 2339 nonnulla
1698 2282 1835 2337 amtnitatir

426 2382 465 2421 na
486 2382 711 2424 nascunrrars
732 2382 850 2423 crena.
1069 2366 1176 2432 jactura
1190 2363 1272 2418 etiam
1285 2363 1315 2417 in
1330 2360 1458 2433 reliquis:
1479 2370 1507 2416 et
1519 2363 1641 2438 sequitur
1655 2361 1771 2418 tormenti
1785 2359 1836 2414 illud

1071 2459 1158 2514 genus
1171 2443 1309 2506 Mezentii,
1324 2449 1353 2496 ut
1364 2441 1441 2512 leges
1458 2443 1526 2497 virm
1539 2442 1568 2496 in
1589 2444 1731 2514 complexu
1742 2448 1836 2496 noma·

1071 2539 1131 2576 runt
1152 2522 1328 2592 perimantur.
1371 2522 1460 2592 Atque
1484 2520 1598 2576 omniuo
1621 2520 1760 2578 carendum
1776 2526 1835 2575 esta

284 2595 439 2651 Obscuritas
453 2596 543 2668 legum
557 2615 575 2652 a
588 2605 701 2668 quatuor
710 2599 790 2655 rebus
800 2601 932 2672 originem
942 2601 1032 2656 ducit:
1072 2617 1220 2674 gangrens
1231 2601 1259 2654 iu
1273 2600 1388 2672 legibus.

245 2674 289 2728 vel
309 2675 345 2729 ab
366 2677 578 2731 accumulatione
598 2676 691 2749 legum
710 2679 803 2743 nimia,
825 2682 977 2750 presertim
999 2681 1033 2734 ad

245 2755 339 2809 mixtis
353 2754 494 2820 obsoletis;
508 2757 551 2811 vel
565 2773 582 2810 a
595 2757 776 2828 descriptione
790 2774 882 2813 earum
896 2760 1032 2830 ambigua,

245 2834 394 2889 autminus
406 2835 550 2904 perspicua
562 2841 590 2890 et
606 2836 740 2902 dilucidae
760 2835 804 2892 vel
825 2853 842 2890 a
864 2839 949 2893 modis
969 2857 1034 2894 enu-
1112 2835 1183 2896 Quin
1194 2836 1260 2891 etin
1273 2836 1381 2906 legibus
1390 2844 1417 2890 et
1431 2835 1539 2890 statutis
1549 2835 1691 2901 obtoletia
1700 2831 1835 2888 Mttlffliltl

245 2912 349 2968 cleandi
360 2913 431 2982 jnris
447 2913 587 2986 neglectis,
601 2922 716 2972 autnon
732 2916 801 2972 bene
821 2918 968 2985 institutis3
990 2917 1034 2974 rel
1072 2914 1257 2987 promulgatis,
1272 2916 1354 2971 curiis
1375 2915 1507 2987 praetoriis
1525 2916 1638 2971 interim
1655 2922 1741 2969 contra
1752 2909 1834 2967 erade

244 2995 613 3064 deniqueacontradictione
627 3004 655 3050 et
667 2996 837 3053 vacillatione
846 2998 1019 3067 judiciorum.
1072 2995 1199 3050 cernendi
1209 2996 1333 3064 juseato.
1374 2996 1452 3050 Licet
1465 2995 1539 3050 enim
1549 3011 1608 3050 non
1621 2990 1834 3051 mueucnnsit

1072 3075 1207 3129 neminem
1221 3082 1345 3143 oportere
1359 3074 1465 3147 legibus
1480 3091 1540 3129 esce
1556 3076 1754 3146 sapientiorem,
1766 3080 1834 3125 umes

337 3167 378 3205 ns
400 3166 677 3209 accounaarross
699 3170 808 3211 assurt
831 3170 940 3212 stura.
1072 3152 1238 3224 intelligatur
1251 3153 1304 3207 troc
1319 3153 1353 3207 de
1372 3154 1486 3225 legibus,
1500 3170 1563 3208 cum
1584 3155 1721 3226 evigilent,
1733 3164 1833 3206 nonno

1072 3233 1223 3287 dormitent.
1263 3231 1367 3286 Contra
1378 3234 1529 3288 recentiora
1541 3250 1609 3287 rero
1621 3241 1719 3288 statuta
1730 3225 1833 3301 (quereri

1072 3311 1181 3382 publico
1193 3327 1290 3364 nocere
1304 3310 1554 3382 deprehenduntur)
1568 3328 1627 3367 non
1639 3313 1728 3384 ntique
1739 3305 1833 3381 pratari-

285 3382 359 3436 Dicit
384 3382 538 3453 prophetae
573 3389 590 3416 ‘⁸
603 3384 683 3439 Pluet
710 3403 792 3456 super
818 3403 865 3442 coa
890 3387 1030 3459 laqueos.''
1072 3390 1131 3456 bus,
1142 3389 1190 3445 sed
1203 3389 1313 3459 regibus
1327 3400 1355 3445 et
1365 3390 1543 3445 sanctioribus
1553 3392 1685 3455 consiliis,
1696 3400 1721 3444 et
1729 3383 1834 3458 repremit

246 3463 310 3515 Non
323 3468 386 3517 sunt
398 3472 489 3517 autem
502 3460 610 3538 pejores
622 3463 720 3534 laquei,
732 3483 813 3537 quam
827 3467 917 3538 laquei
932 3467 1033 3539 legum,
1072 3468 1251 3539 potestatibus
1261 3469 1397 3525 auxilium
1406 3470 1543 3540 praebendi
1551 3471 1601 3538 J‘ur
1612 3480 1686 3527 esto:
1700 3478 1834 3523 earumcre

245 3541 394 3610 pracsertim
408 3542 574 3612 poenaliumr
595 3542 619 3596 si
635 3561 748 3598 numero
768 3545 907 3600 immensae
920 3555 949 3600 et
968 3554 1034 3601 tem·
1072 3549 1207 3603 rationem
1226 3564 1275 3619 per
1298 3549 1386 3604 edicta
1406 3558 1453 3603 aut
1474 3556 1535 3603 acta
1557 3546 1834 3620 suspendendorum

246 3621 319 3689 poris
336 3620 450 3675 decursu
468 3621 584 3685 inutiles,
599 3639 653 3676 non
674 3624 810 3678 lucernam
828 3624 941 3695 pedibus
963 3643 1033 3699 prae·
1072 3628 1183 3682 redeaut
1196 3628 1313 3692 comitia,
1328 3638 1376 3683 ant
1393 3628 1548 3698 hujusmodi
1566 3639 1662 3692 emtus,
1682 3629 1726 3700 qai
1742 3629 1834 3696 poten

246 3700 335 3764 beant,
350 3699 397 3754 sed
410 3701 480 3754 retia
493 3702 581 3771 potius
593 3701 730 3770 objiciant
1073 3714 1127 3761 tem
1141 3708 1259 3761 habeant
1272 3724 1321 3762 eas
1331 3708 1495 3780 abrogandi;
1516 3723 1551 3761 ne
1561 3709 1638 3766 salus
1652 3706 1738 3779 populi
1750 3700 1833 3759 uem

1073 3786 1246 3855 periclitetur.

1427 1876 1507 1917 1,th-

493 2503 699 2546 Aruoatstws
722 2506 779 2545 att.

1421 2743 1516 2784 Lvttt.

487 3291 697 3333 APllORISMUS
720 3293 791 3333 Lttt.

610 3843 674 3883 LIV·

284 3934 395 4004 Duplex
405 3935 433 3989 in
446 3953 525 3990 usum
538 3937 614 3991 venit
624 3938 716 3991 statuti
731 3939 794 3992 nori
808 3939 941 3995 condendi
956 3940 1032 3995 ratio.
1229 3961 1270 3999 ns
1292 3960 1388 4001 novis
1411 3960 1560 4001 nrossrrs
1585 3962 1705 4003 trouu.

247 4012 347 4077 Altera,
368 4022 468 4069 statuta
490 4017 580 4085 priora
602 4016 674 4070 circa
701 4018 772 4071 idem
795 4019 946 4086 subjectum
973 4036 1035 4073 con·

246 4093 335 4146 firmat
355 4102 383 4148 et
404 4095 530 4159 roborate
551 4096 614 4149 dein
636 4096 766 4150 nonnulla
785 4099 859 4152 addit
872 4106 920 4152 aut
937 4105 1031 4153 mutat.
1318 4083 1529 4125 APH⁰⁸¹⁸MU⁸
1553 4085 1619 4126 ¹⁴¹¹·

246 4168 340 4225 Altera
359 4173 471 4243 abrogat
490 4182 517 4227 et
536 4173 608 4229 delet
629 4182 733 4240 cuncta,
749 4194 811 4246 quae
830 4183 893 4230 ante
912 4177 1034 4231 ordinata
1112 4178 1188 4239 Quod
1207 4178 1230 4231 si
1248 4176 1325 4249 leges
1348 4176 1410 4232 alise
1432 4194 1515 4247 super
1534 4177 1604 4234 aliea
1628 4175 1794 4234 immolata
1812 4169 1833 4220 5¹¹

246 4257 317 4312 sunt,
332 4251 402 4304 etde
415 4252 521 4322 integro
534 4252 624 4324 legem
637 4270 735 4308 novam
749 4265 776 4308 et
796 4255 956 4311 uniformem
969 4256 1033 4311 aub—
1072 4262 1127 4310 tnm
1140 4265 1215 4310 emta
1223 4257 1391 4312 excreverint
1405 4257 1550 4322 volumina,
1559 4267 1607 4313 aut
1621 4266 1694 4313 tanta
1705 4251 1833 4311 ,medone
1858 4281 1859 4294 ¹

246 4328 338 4382 stituit.
359 4328 452 4383 Placet
461 4332 675 4400 posteriorratio.
696 4334 813 4388 Namex
823 4334 911 4404 priore
921 4336 1034 4401 ratione,
1072 4333 1259 4400 laboraverint,
1273 4344 1303 4390 ut
1316 4352 1363 4390 eas
1375 4336 1409 4390 de
1428 4338 1534 4408 integro
1555 4345 1705 4398 retractare,
1718 4342 1744 4388 et
1756 4332 1780 4384 iu
1791 4343 1833 4382 cor·
1858 4313 1859 4372 l

247 4407 426 4463 ordinationes
440 4409 768 4482 deveniuntcomplicatte
788 4419 815 4467 et
834 4412 987 4484 perplexae:
1008 4423 1036 4469 et
1074 4432 1125 4484 pus
1140 4422 1276 4470 canumet
1294 4414 1386 4470 habile
1406 4415 1530 4486 redigere
1551 4433 1588 4470 ex
1609 4434 1658 4470 usu
1679 4416 1728 4477 site
1747 4410 1772 4465 id
1785 4413 1832 4460 anit

247 4485 318 4556 quod
340 4486 422 4541 instat
440 4489 531 4557 agitur
549 4506 622 4556 sane,
637 4491 684 4545 sed
704 4508 801 4561 corpus
819 4491 911 4564 legum
928 4492 1035 4547 interim
1073 4509 1152 4548 omne
1162 4493 1246 4563 agito,
1256 4501 1338 4566 atque
1346 4510 1414 4565 opus
1422 4494 1554 4563 ejusmodi
1563 4512 1632 4565 opas
1642 4494 1770 4549 heroicum
1778 4495 1831 4540 rat⁰=

246 4565 366 4621 redditur
378 4566 512 4622 vitiosum.
554 4568 744 4639 inposteriore
759 4578 850 4625 autem
862 4572 949 4640 major
963 4579 1035 4627 certe
1073 4581 1154 4644 atque
1174 4579 1299 4627 auctores
1313 4573 1375 4627 talis
1396 4574 1486 4643 operis
1507 4573 1579 4628 iuter
1600 4564 1858 4647 regnaturorum

246 4651 289 4699 est
302 4645 456 4700 adhibenda
468 4646 616 4718 diligentia,
631 4649 695 4704 dum
708 4650 741 4704 de
755 4650 816 4721 lege
828 4651 889 4722 ipsa
902 4651 1035 4706 delibera·
1073 4659 1235 4708 stauratores
1249 4652 1298 4707 rite
1311 4658 1340 4705 et
1352 4653 1448 4707 merito
1457 4661 1641 4708 numerantor.

247 4733 292 4779 tur
299 4747 306 4790 ς
328 4733 355 4779 et
374 4732 498 4779 anteacta
520 4726 624 4782 scilicet
648 4728 793 4784 evolvenda
815 4739 843 4784 et
866 4730 1034 4800 pensitanda,

246 4812 391 4876 antequam
404 4804 451 4860 lex
469 4804 581 4861 teratur:
602 4807 650 4861 sed
663 4809 764 4878 optime
778 4810 899 4880 procedit
912 4826 963 4879 per
982 4809 1035 4865 hoc
1447 4792 1496 4832 ¹⁴¹·

246 4884 339 4956 legum
348 4884 492 4939 concordia
505 4884 535 4940 ia
549 4885 677 4942 futurum.
1115 4884 1278 4954 Hujusrnodi
1292 4884 1385 4956 legum
1393 4885 1563 4957 expurgatio,
1573 4894 1601 4941 et
1610 4885 1738 4956 digestum
1747 4887 1830 4933 naun,
1856 4931 1857 4934 ,

651 5025 661 5037 Ο
1075 4963 1193 5035 quinque
1206 4965 1286 5019 rebus
1299 4963 1456 5019 absolvitur.
1497 4965 1596 5029 Primo,
1610 4965 1758 5019 omittantur
1773 4954 1831 5008 obtr

618 5024 670 5065 μ’
1074 5041 1136 5105 leta,
1151 5061 1211 5114 quse
1225 5042 1396 5098 lastinianus
1414 5044 1539 5115 antiquas
1557 5043 1662 5097 fabulas
1678 5045 1755 5095 vocat
1789 5031 1830 5084 D*

286 5114 353 5168 Erat
372 5115 400 5168 in
419 5133 492 5171 more
507 5116 578 5186 apud
596 5115 783 5182 Athenienses,
798 5127 828 5173 ut
847 5120 982 5175 contraria
1000 5121 1036 5174 le·
1074 5122 1136 5177 inde
1151 5139 1185 5176 ex
1199 5123 1353 5177 antinomiis
1371 5123 1537 5192 recipiantur
1554 5121 1750 5193 promomine,
1762 5107 1830 5166 thil*

246 5210 312 5264 gum
334 5195 425 5264 capita
445 5197 518 5266 (quae
539 5195 701 5280 antinomias
720 5200 829 5264 vocant)
854 5201 1037 5270 quotanniaa
1075 5211 1154 5255 antur
1171 5201 1321 5256 contrarias.
1361 5201 1454 5256 Tertio
1474 5200 1687 5264 homoionomiae,
1705 5197 1755 5250 sire
1772 5190 1830 5257 ledes

246 5290 296 5326 sex
310 5273 375 5326 viris
388 5275 613 5336 examinarentur,
628 5282 656 5328 et
668 5292 728 5344 quae
741 5276 909 5331 reconciliari
921 5295 975 5332 non
988 5295 1037 5348 po·
1075 5297 1136 5349 quse
1150 5281 1222 5334 idem
1235 5288 1339 5345 sonant,
1353 5290 1435 5351 atquc
1455 5280 1495 5333 nil
1513 5280 1586 5335 aliud
1607 5286 1668 5334 sunt
1686 5289 1758 5347 qaam
1769 5270 1829 5322 itm·

247 5358 342 5416 teram,
356 5359 570 5422 proponerentur
589 5352 697 5422 populo,
712 5362 742 5408 ut
755 5355 788 5409 de
802 5354 856 5409 illis
870 5365 973 5411 certum
987 5357 1037 5411 nli·
1075 5360 1163 5415 tiones
1183 5359 1305 5427 ejusdem
1322 5360 1369 5424 rei,
1390 5368 1594 5430 expungantur3
1614 5366 1691 5428 atque
1710 5367 1757 5408 una
1772 5360 1828 5417 ll*

248 5428 313 5499 quid
332 5438 504 5487 statueretur.
546 5431 588 5484 Ad
612 5450 726 5503 quoram
754 5432 908 5504 exemplum
936 5436 965 5501 ii,
990 5436 1035 5506 qui
1075 5437 1149 5507 piam
1168 5456 1203 5495 ex
1224 5439 1270 5506 iia,
1284 5456 1352 5516 quta⁴
1366 5438 1485 5494 maxime
1509 5445 1551 5493 est
1570 5437 1691 5511 perfecta,
1711 5429 1829 5487 norrun
1855 5443 1856 5460 ¹
