3800 5875
64 301 136 359 Car.
151 301 189 356 11.
593 298 644 354 DE
665 296 891 354 AUGMEN'I'IS
912 297 1188 355 sctanrtaauu.
1639 296 1698 353 345

66 460 185 516 hominis
205 457 333 523 iufflrisa,
347 473 380 512 ac
394 457 478 512 etiam
497 457 532 512 de
545 456 647 512 radere
661 457 746 511 animi
766 465 795 512 et
807 473 865 512 cor·
901 457 983 522 tibus,
998 474 1101 523 somno,
1118 465 1146 511 et
1159 456 1270 528 sigiliis,
1283 455 1358 511 vices
1372 471 1457 528 prope
1479 455 1598 510 infinitas
1611 458 1698 511 rana-

64 542 147 612 poria,
161 539 372 612 explicavimus.
901 555 961 592 mm
988 539 1167 592 mutationum
1195 537 1275 591 subit.
1317 538 1412 607 Usque
1439 536 1508 590 adeo
1534 553 1628 590 rerum
1655 545 1698 592 est

903 634 992 681 unam,
1006 618 1077 671 inter
1097 624 1281 681 reseratores,
1301 616 1423 686 corporis
1443 615 1556 669 humani
1578 632 1697 670 massam

278 712 302 766 0
305 710 406 767 APUT
427 708 649 767 SECUNDUM,
902 698 1020 751 maxime
1035 698 1234 762 fermentatam,
1249 704 1277 750 et
1293 712 1330 750 ex
1342 694 1467 765 plurimis
1481 701 1697 765 coagmentatum

901 792 971 830 ease.
1013 777 1050 830 At
1063 778 1156 830 anima
1165 783 1259 830 contra
1269 775 1482 830 mbstautiarum
1495 782 1537 829 est
1550 773 1696 846 simplicia·

71 870 194 927 Partitis
215 871 352 926 doctrinm
375 872 449 924 circu
473 886 570 941 corpus
594 868 708 922 hominia
731 869 761 921 s'n
783 869 864 921 medi·
901 856 979 920 ⁸5¹⁰&
993 864 1091 910 11111011
1104 853 1401 911 11111111111111111111

104 949 771 1020 cirum,eremeticamutblete'cam,etooluptars‘am.
791 947 863 1001 Por·
1277 991 1293 1014 „
1338 987 1360 1035 l,
1511 986 1528 1033 h.
1564 988 1582 1034 ,ι

104 1030 168 1084 titio
174 1031 321 1086 mcdr‘cinae
329 1032 358 1083 r'n
368 1030 455 1100 efficia
466 1031 529 1093 tria,
539 1030 590 1083 viz.
601 1030 631 1081 in
642 1029 864 1082 cmmeruutionem
959 1046 1101 1095 pathmum
1110 1060 1212 1104 „mm
1220 1051 1291 1107 atqu,
1301 1001 1608 1107 Jlfffflffissqrfflssp

104 1111 244 1175 sanitatis,
255 1112 421 1164 curationem
433 1110 584 1174 morborum,
599 1117 624 1160 et
634 1109 864 1180 prolongationem

105 1193 191 1246 „qm
219 1190 341 1261 quodque
361 1206 430 1261 pu„
449 1197 584 1261 mum,
606 1189 639 1241 d,
657 1189 864 1259 mongum
903 1166 983 1259 Unde
997 1167 1163 1258 minimeoest
1172 1166 1332 1231 mirandum,
1343 1166 1514 1258 auimamlsic
1525 1165 1694 1232 collocatam,

104 1273 172 1325 Μ,
184 1269 317 1341 ,ipsungg
330 1270 423 1322 debeat
437 1288 454 1322 a
468 1269 573 1322 duabu,
587 1269 710 1338 miqui„
902 1263 1026 1317 requiem
1038 1263 1094 1302 non
1107 1246 1237 1311 invenire,
1249 1247 1331 1315 juxta
1344 1262 1453 1300 axioma
1467 1245 1542 1310 illud,
1558 1252 1575 1278 ⁴⁴
1588 1246 1696 1302 Motum

902 1343 993 1382 rerum
1006 1335 1085 1381 extra
1093 1326 1183 1381 locum
1193 1342 1252 1381 esse
1266 1327 1399 1395 rapidum,
1413 1326 1552 1396 placidum
1565 1326 1594 1380 in
1607 1325 1694 1381 loco.'’

105 1408 257 1464 Docrarna
279 1409 354 1463 circa
375 1425 474 1479 corpus
494 1407 614 1462 hominis
634 1407 750 1462 eandem
767 1407 865 1479 recipit
902 1406 1005 1462 Verum
1025 1414 1056 1461 ut
1076 1406 1183 1460 adrem
1203 1405 1361 1470 redeamusr
1381 1404 1459 1459 rana
1475 1405 1529 1459 ista
1541 1412 1570 1459 et
1586 1405 1695 1460 subtilis

67 1488 237 1552 divisionem,
248 1506 332 1560 quam
345 1489 417 1542 bona
430 1488 550 1558 corporis
560 1487 654 1558 ipsius,
667 1487 767 1558 quibus
779 1488 864 1543 inser·
902 1486 1024 1557 corporis
1037 1485 1151 1540 humaui
1163 1485 1326 1555 compositio
1340 1492 1367 1539 et
1383 1484 1487 1538 fabrica
1501 1485 1599 1548 effecit,
1615 1492 1645 1538 ut
1657 1486 1695 1540 ait

68 1571 113 1622 rit.
154 1568 236 1622 Boua
252 1569 375 1638 corporis
390 1567 504 1622 lrmuani
524 1574 638 1638 quatuor
651 1574 730 1633 sunt3
751 1568 863 1634 sanitas,
902 1566 988 1620 instar
1001 1566 1096 1636 organi
1111 1564 1207 1619 musici
1221 1565 1330 1635 operosi
1344 1571 1371 1618 et
1388 1563 1525 1635 exquisiti,
1541 1563 1614 1634 quod
1628 1564 1694 1619 har·

68 1649 155 1702 forma
178 1648 236 1701 sire
257 1647 441 1717 pulchritudo,
462 1647 542 1711 vires,
565 1647 698 1717 voluptas.
739 1646 864 1703 Totidem
901 1646 996 1700 monia
1008 1661 1058 1700 sua
1067 1644 1149 1699 facile
1159 1644 1270 1699 excidit.
1291 1643 1379 1704 Quare
1390 1644 1462 1714 apud
1473 1646 1575 1712 pottas,
1587 1660 1694 1698 summa

68 1726 152 1798 igitur
173 1728 313 1790 scientim,
337 1726 481 1790 medicina,
504 1727 660 1790 cosmetica,
680 1725 818 1793 athletica,
837 1737 865 1781 et
902 1724 1015 1788 ratione,
1026 1724 1131 1779 musica
1144 1740 1206 1777 cum
1219 1722 1355 1777 medicina
1367 1723 1396 1777 in
1410 1721 1537 1793 Apolline
1551 1723 1694 1794 conjungi·

68 1805 227 1876 adaptans,
237 1805 439 1878 quamTacitus
447 1804 569 1876 appellat
578 1804 862 1861 “eruditumluxum.”
902 1812 962 1869 turc
984 1804 1049 1876 quia
1072 1803 1170 1859 similis
1191 1803 1249 1857 fere
1273 1803 1309 1857 sit
1331 1802 1470 1873 utriusque
1491 1802 1558 1856 artis
1579 1802 1692 1873 geniusz

107 1886 250 1941 Medicina
263 1902 308 1940 ars
321 1886 350 1940 in
364 1886 461 1955 primis
474 1884 581 1946 nobilis,
597 1893 624 1939 et
638 1903 674 1940 ex
688 1886 865 1956 generosissi-
902 1891 983 1954 atque
997 1885 1026 1937 in
1041 1900 1075 1937 eo
1091 1882 1221 1937 consistat
1232 1880 1314 1952 plane
1327 1881 1427 1936 medici
1441 1880 1567 1944 officium,
1583 1886 1612 1935 ut
1626 1882 1694 1936 sciat

68 1966 256 2036 maprosapia
269 1964 418 2020 secundum
431 1968 534 2036 po‘e‘tas.
567 1964 612 2017 Illi
626 1964 864 2021 enimintroduxe-
901 1962 1015 2018 humani
1035 1963 1155 2033 corporis
1177 1961 1265 2031 lyram
1287 1961 1328 2015 ita
1346 1960 1457 2015 tendere
1478 1966 1506 2014 et
1526 1961 1643 2031 pulsare,
1662 1968 1695 2015 ut

68 2054 131 2099 runt
158 2044 318 2116 Apollinem
345 2044 505 2114 primarium
528 2044 670 2099 medicina
695 2044 792 2109 deum3
819 2047 864 2102 cui
901 2043 1029 2097 reddatur
1042 2049 1186 2097 concentus
1196 2041 1309 2096 minime
1319 2039 1423 2094 discors
1433 2047 1460 2093 et
1468 2038 1597 2095 insuavis.
1618 2039 1693 2112 Ergo

69 2124 154 2179 filium
167 2125 301 2178 dederuut
314 2124 508 2194 AEsculapium,
526 2124 606 2178 deum
617 2123 720 2188 itidem,
735 2132 762 2178 et
781 2125 864 2179 medi·
902 2122 1011 2177 demum
1023 2123 1077 2176 ista
1090 2121 1203 2190 subjecti
1223 2120 1407 2175 inconstantia
1425 2128 1452 2175 et
1470 2120 1588 2174 cunetas
1606 2128 1694 2174 artem

68 2205 136 2260 ciue
149 2204 349 2274 professorem:
364 2204 465 2274 quippe
478 2221 541 2258 cum
554 2204 596 2258 sol
608 2204 638 2257 in
651 2203 819 2258 naturalibus
829 2207 865 2260 sit
902 2201 1020 2256 reddidit
1033 2202 1121 2273 magis
1135 2199 1364 2269 conjecturalemz
1385 2215 1429 2254 ars
1450 2207 1540 2253 autem
1562 2208 1619 2253 tam
1632 2216 1694 2253 con-

68 2284 131 2337 citae
144 2293 241 2338 auctor
253 2290 282 2337 et
295 2283 364 2347 fons,
372 2284 494 2338 medicus
508 2283 630 2359 ejusdem
644 2290 823 2348 conservator,
838 2290 865 2339 ct
899 2281 1040 2350 iectus-alis
1053 2298 1115 2335 cum
1129 2281 1172 2345 sit,
1184 2280 1273 2335 locum
1283 2278 1444 2350 ampliorem
1453 2278 1527 2333 dedit
1536 2294 1591 2332 non
1605 2278 1694 2334 solum

68 2371 198 2433 tauquam
211 2362 453 2434 scaturigoaltera
492 2362 529 2417 At
542 2362 624 2417 decus
637 2363 718 2432 longe
733 2362 865 2419 illustrius
902 2361 1109 2426 arcariorum
1131 2360 1397 2430 etiamimposturae.
1438 2357 1580 2429 Siquidem
1600 2374 1694 2412 omues

69 2442 175 2496 amedit
197 2442 343 2497 medicinas
369 2458 406 2497 ex
430 2442 557 2512 operibus
581 2443 740 2508 Servatoria,
765 2442 813 2514 qui
837 2450 865 2499 et
903 2440 965 2495 alica
985 2439 1179 2512 propemodum
1199 2446 1271 2494 artes
1290 2447 1318 2494 ct
1337 2438 1458 2495 scientiar
1477 2438 1575 2492 virtute
1596 2453 1646 2492 sua
1667 2446 1695 2492 et

69 2523 167 2576 anina
188 2531 218 2576 et
238 2522 362 2593 corporis
385 2522 506 2576 medicus
525 2521 591 2586 fuit3
613 2530 640 2577 et
658 2523 728 2576 sicut
746 2523 865 2578 animam
902 2519 1047 2584 iunctione,
1061 2536 1116 2573 nou
1129 2535 1254 2573 successu
1268 2526 1315 2573 aut
1328 2535 1417 2589 opere,
1437 2517 1599 2587 judicantur.
1641 2518 1695 2571 Ad·

69 2601 199 2656 &uiua
212 2617 269 2656 sure
283 2601 410 2667 coelestis,
425 2602 465 2655 ita
478 2617 577 2670 corpus
594 2601 787 2656 mirandorum
806 2618 866 2657 suo·
903 2606 1029 2654 vocatum
1042 2598 1103 2669 ipsa
1116 2599 1216 2670 agendi
1237 2605 1264 2651 et
1276 2597 1382 2652 dicendi
1398 2596 1519 2662 facultas,
1533 2614 1589 2651 non
1604 2598 1694 2652 exitus

69 2697 136 2744 rum,
150 2679 384 2749 objectumreluti
398 2681 538 2751 proprium
548 2681 693 2735 constituit.
720 2682 866 2753 Nusquam
903 2695 1000 2743 cauam,
1015 2679 1202 2742 commendate
1223 2678 1389 2748 gubernator
1407 2677 1485 2731 naris
1501 2676 1571 2730 clari
1585 2676 1694 2731 tenendi

70 2761 142 2814 erum
163 2758 284 2831 legimus
302 2759 463 2815 miraculum
483 2759 594 2830 aliquod
615 2761 651 2813 ab
673 2777 707 2814 eo
729 2767 866 2832 patratum
903 2759 1009 2828 peritia,
1033 2774 1088 2812 non
1114 2757 1295 2829 expeditionis
1316 2757 1433 2820 fortuna,
1457 2772 1488 2810 se
1512 2756 1618 2827 probat
1657 2754 1696 2810 At

70 2839 142 2892 eirca
166 2839 295 2903 honores,
317 2846 366 2894 sut
387 2839 518 2909 pecunias
540 2839 653 2909 (prater
670 2840 789 2905 unicum,
812 2859 867 2913 quo
903 2838 1032 2904 medicus,
1051 2846 1078 2891 et
1099 2838 1212 2891 fortasse
1233 2834 1368 2907 politicus,
1381 2836 1430 2890 rix
1448 2834 1553 2889 habent
1573 2835 1694 2890 actiones

70 2919 198 2973 tributum
210 2919 370 2974 redderetur
377 2916 496 2989 Casan)
510 2919 559 2973 sed
572 2920 867 2993 tautumcircacorpus
904 2917 1010 2989 aliquas
1030 2917 1162 2988 proprias,
1177 2916 1274 2988 quibus
1295 2915 1435 2987 specimen
1455 2914 1521 2969 artis
1542 2922 1570 2969 et
1584 2914 1694 2970 virtutis

71 2999 228 3062 humanum,
242 3008 291 3053 aut
299 2999 521 3065 conservandum,
535 3008 583 3055 aut
591 3000 807 3067 sustentandum,
821 3009 868 3056 aut
905 3015 961 3052 suar
984 2997 1088 3068 liquido
1109 2996 1277 3061 exhibeant3
1306 2996 1354 3050 sed
1377 2995 1412 3049 ab
1435 3002 1533 3049 eventu
1556 2995 1694 3067 praecipue

69 3079 278 3148 permnsudum.
904 3078 1038 3133 honorem
1051 3085 1098 3131 aut
1113 3076 1228 3131 dedecus
1241 3080 1385 3146 reportant,
1399 3074 1572 3146 iniquissimo
1584 3091 1695 3144 prorsus

110 3157 267 3224 Subiectum
287 3158 361 3213 istud
381 3158 524 3213 medicinae
540 3160 650 3229 (corpus
670 3159 800 3214 nimirum
817 3158 867 3213 hu·
901 3157 1011 3227 judicio.
1052 3157 1155 3217 Quotus
1168 3156 1241 3210 enim
1256 3155 1462 3226 quisquenorit,
1474 3160 1577 3226 oegroto
1590 3161 1696 3208 mortuo

70 3237 194 3303 mmum)
206 3254 243 3291 ex
253 3238 388 3302 omnibus,
398 3246 564 3309 qumnatura
575 3241 733 3307 procrearit,
746 3239 866 3294 maxime
905 3246 950 3290 aut
972 3236 1102 3301 restituto,
1126 3237 1192 3290 item
1219 3235 1360 3304 republica
1387 3243 1482 3298 stante,
1506 3233 1551 3289 vel
1576 3232 1694 3299 labante,

69 3324 112 3369 est
133 3332 224 3385 capax
246 3317 381 3382 remediic
409 3318 458 3373 sed
480 3318 602 3373 vicissim
625 3319 694 3373 illud
717 3319 866 3374 remedium
905 3325 995 3370 utrum
1009 3316 1044 3370 sit
1059 3334 1102 3370 rea
1116 3333 1202 3380 casus,
1217 3331 1252 3368 au
1273 3314 1404 3370 consiliii
1434 3314 1480 3369 Fit
1493 3314 1585 3385 itaque
1600 3314 1695 3384 sapis·

69 3394 190 3449 maxime
205 3403 248 3449 est
263 3397 414 3452 obnoxium
428 3396 522 3452 errori.
557 3397 661 3453 Eadem
674 3415 791 3469 namque
806 3398 867 3452 sub-
905 3396 981 3460 nme,
995 3402 1027 3449 ut
1039 3396 1170 3466 impostor
1190 3395 1318 3466 palmam,
1332 3394 1419 3449 virtus
1432 3410 1573 3448 censuram
1587 3393 1694 3449 referat.

67 3475 133 3542 jacti
158 3475 298 3531 subtilitas
325 3485 353 3530 et
380 3478 505 3541 carietes,
532 3484 563 3531 ut
588 3493 715 3548 magnam
741 3477 866 3532 medendi
904 3475 976 3536 Quin
997 3490 1031 3529 ea
1053 3483 1094 3530 est
1112 3475 1255 3531 hominum
1274 3475 1417 3529 infirmitas
1438 3481 1467 3526 et
1489 3472 1641 3537 credulitas,
1665 3481 1697 3528 ut

69 3553 229 3609 facultatem
239 3557 350 3625 prabet,
362 3556 401 3610 sic
412 3572 540 3627 magnam
554 3556 637 3611 etiam
648 3557 791 3612 aberrandi
801 3557 867 3611 faci·
904 3571 1090 3626 sepenumero
1103 3562 1233 3626 agyrtam,
1248 3561 1294 3609 aut
1307 3570 1402 3624 sagam
1416 3553 1494 3608 docto
1507 3553 1613 3606 medico
1624 3569 1695 3623 prae-

69 3632 183 3688 litatem
225 3635 358 3695 Quocirca
373 3636 599 3707 quemadmodum
616 3653 661 3691 ara
674 3638 728 3691 ista
743 3640 867 3708 (praser-
904 3642 1013 3704 ponant.
1054 3634 1143 3695 Quare
1164 3633 1253 3706 poeta
1266 3633 1367 3687 oculati
1389 3631 1470 3704 plane
1484 3640 1512 3686 et
1524 3632 1696 3702 perspicaces

69 3714 117 3767 tim
131 3730 190 3784 quo
201 3731 276 3768 nunc
291 3714 406 3769 habetur
418 3716 511 3781 modo)
525 3717 597 3769 inter
610 3717 747 3787 praecipue
761 3718 866 3785 conjec-
904 3713 988 3768 fuisse
1007 3714 1148 3777 videnturr
1176 3731 1239 3768 curn
1261 3712 1418 3783 AEsculapio
1445 3711 1551 3766 Circem
1576 3728 1696 3766 sororem

70 3793 192 3858 torales3
223 3793 263 3847 ita
280 3794 433 3866 ,inquisitio
460 3796 520 3864 ejus
545 3796 702 3866 reponenda
724 3803 768 3851 est
793 3796 867 3850 inter
903 3793 1041 3859 dederuut,
1055 3803 1199 3863 utrumque
1213 3809 1229 3846 e
1243 3791 1307 3846 Sole
1324 3798 1504 3862 prognatum
1525 3791 1597 3846 sicut
1610 3791 1696 3847 habe-

71 3889 177 3927 muse
190 3872 289 3928 mduas
304 3882 332 3927 et
346 3884 508 3929 accuratas„
535 3876 634 3946 Neque
646 3882 790 3947 propterea
803 3893 866 3930 cum
904 3880 947 3927 tur
961 3874 990 3928 in
1005 3873 1134 3938 versibus,
1148 3873 1182 3925 dc
1196 3871 1555 3943 AEsculapioPhoebigena:

72 3950 217 4007 baceho
231 3961 259 4007 et
280 3952 447 4009 slchcmistis
465 3956 505 4009 ita
518 3955 675 4024 desipimus,
689 3965 720 4010 ut
739 3962 866 4026 putemus
991 3994 1007 4016 n
1019 3990 1063 4037 me
1073 3995 1213 4051 repertorem
1223 3989 1345 4037 medicina
1355 3988 1416 4045 talis,
1428 4001 1451 4036 et
1462 3990 1519 4037 mi·

72 4032 187 4087 uranici
198 4034 229 4086 in
240 4049 353 4103 corpore
364 4034 491 4098 humano,
506 4052 567 4106 qua
579 4035 693 4105 singuiis
706 4035 866 4090 universita-
991 4025 1646 4109 ruminernoeuganrmstygrurenumriunrur·

72 4112 105 4165 tis
125 4128 220 4166 rerum
241 4113 384 4205 speciebus
405 4112 514 4188 (stellis,
533 4114 717 4180 mineralibus,
738 4120 767 4169 et
786 4111 865 4189 aliis)
904 4157 940 4212 Et
953 4154 1079 4210 simfliter
1092 4154 1126 4209 de
1141 4154 1219 4209 Circe
1243 4153 1315 4209 Solis
1328 4153 1401 4209 filia·

72 4192 261 4262 respondeant,
276 4200 348 4247 arcut
367 4192 411 4248 illi
432 4194 594 4258 fabulantur,
611 4194 709 4247 leviter
726 4202 755 4248 et
774 4210 867 4248 crassa
1220 4193 1228 4219 ’
1394 4194 1401 4209 ⁹

73 4269 199 4325 lliuerra
219 4272 392 4326 traducentes
411 4272 546 4327 emblema
563 4272 767 4327 illudreterum
781 4273 866 4343 (quod
991 4260 1482 4329 ⁴⁸Dll⁰¹5¹¹⁸⁰⁰⁶⁸⁸i⁸¹¹b¹slll¹ffl⁵3¹¹¹⁰5⁸
1550 4322 1566 4343 ‚,

72 4348 154 4404 homo
164 4357 241 4406 earet
253 4351 455 4415 microcosmus,
467 4352 524 4406 sire
535 4353 651 4420 epitome
666 4352 746 4406 totius
758 4353 865 4420 mundi)
991 4319 1047 4368 um
1055 4320 1174 4368 ⁰d⁰m²¹¹¹
1183 4326 1299 4367 ”mmm
1308 4335 1334 4367 ¹¹¹
1343 4318 1435 4368 mmm
1444 4319 1548 4369 mm

72 4429 105 4482 ad
118 4430 172 4484 hoc
186 4438 372 4484 commentum
385 4447 473 4485 suum.
503 4430 605 4485 Verum
618 4431 797 4486 nihilomiuus
810 4431 865 4485 huc
904 4427 1039 4484 Omnibus
1052 4428 1125 4483 enim
1138 4427 1313 4497 temporibus,
1328 4426 1401 4481 fama
1421 4434 1449 4481 et
1471 4426 1601 4497 opinione
1614 4426 1698 4499 vulgi,

72 4524 114 4563 res
125 4509 205 4573 redit,
220 4517 251 4564 ut
265 4510 351 4581 (quod
364 4511 519 4581 occepimus
532 4509 637 4580 dicere)
646 4527 701 4564 non
715 4511 868 4566 inveniatur
904 4525 987 4580 sagra,
1000 4516 1039 4563 »et
1061 4508 1184 4572 anicula,
1206 4515 1233 4562 et
1250 4507 1421 4577 impostores,
1442 4507 1608 4561 medicorum
1630 4525 1699 4578 quo-

72 4587 142 4643 inter
168 4605 286 4659 corpora
307 4590 444 4644 naturalia
468 4589 578 4661 aliquod
600 4599 656 4644 tam
680 4589 867 4661 multipliciter
904 4588 1048 4643 dammodo
1061 4587 1161 4642 rivales
1169 4587 1261 4652 fuere;
1282 4594 1310 4640 et
1323 4587 1356 4640 de
1366 4586 1699 4642 curationumcelebritate

71 4669 259 4739 compositum,
270 4684 353 4739 quam
363 4686 461 4740 corpus
471 4670 627 4724 humanum.
654 4669 785 4725 Videmus
793 4670 866 4725 enim
904 4686 967 4722 cum
981 4668 1078 4723 iisdem
1092 4670 1149 4722 fere
1163 4672 1305 4721 certarunt.
1346 4666 1391 4720 Ex
1401 4665 1453 4720 hoc
1467 4666 1519 4731 die,
1534 4666 1620 4731 sodes,
1635 4667 1700 4738 quid

71 4745 171 4803 barbas
185 4757 214 4802 et
227 4748 337 4819 plantas
350 4759 468 4804 exterra
477 4757 505 4804 et
516 4765 589 4820 aqua
602 4749 716 4813 nutriri,
737 4749 868 4803 animalia
905 4748 1049 4818 sequitur?
1077 4748 1187 4817 Nempe
1200 4755 1230 4800 ut
1244 4745 1343 4800 medici
1357 4747 1397 4800 ita
1411 4762 1511 4811 secum,
1526 4745 1700 4817 quemadmo-

72 4843 105 4883 σι
119 4828 215 4883 herbis
230 4838 258 4882 et
277 4829 426 4893 frucnbus;
445 4828 586 4883 hominem
599 4845 664 4882 vero
683 4845 720 4882 ex
739 4829 868 4883 carnibus
905 4827 970 4882 dum
984 4827 1155 4881 Solomonia
1172 4844 1201 4879 re
1222 4826 1357 4895 graviori3
1379 4832 1396 4858 “
1411 4825 1440 4880 Si
1455 4843 1526 4881 uuus
1537 4834 1565 4880 et
1578 4824 1652 4880 stulti
1672 4832 1700 4879 et

72 4906 193 4977 imm
207 4908 369 4963 animalium
384 4908 609 4978 (quadrupedum,
623 4908 723 4970 arium,
738 4909 866 4977 piscium)
905 4923 982 4960 meus
996 4914 1108 4960 eventus
1122 4905 1181 4972 erit,
1193 4905 1258 4976 quid
1266 4905 1334 4960 mihi
1350 4905 1468 4975 prodest,
1484 4906 1556 4976 quod
1567 4905 1700 4972 majorem

73 4987 155 5041 eciam
168 5005 206 5042 ex
216 4987 320 5051 herbis,
335 4988 435 5057 grams,
449 4987 588 5050 fructibus,
603 4987 699 5052 succis,
714 4996 742 5040 et
755 4988 868 5058 liquori·
905 4985 1047 5056 sapientias
1061 4985 1123 5039 dedi
1143 4985 1298 5055 operaml’'
1327 4984 1463 5056 Equidem
1476 4984 1589 5038 medicis
1610 4983 1700 5038 minus

73 5064 123 5121 bur
136 5068 229 5130 variis,
244 5083 300 5121 nou
317 5066 377 5120 sinc
395 5065 541 5137 multiplici
562 5066 763 5132 commixtione,
777 5067 869 5121 eondi-
906 5065 1094 5129 succenseasi
1108 5080 1295 5134 sepenumero
1304 5071 1401 5118 recent
1415 5064 1498 5119 alicui
1511 5064 1591 5117 alteri
1602 5062 1700 5129 studio,

74 5152 140 5209 tura,
155 5155 183 5200 et
203 5145 405 5216 preparatione
424 5145 523 5200 horum
541 5162 693 5216 corporum,
711 5148 869 5217 priusquam
906 5145 978 5216 quod
996 5144 1235 5216 adamantmagis,
1249 5161 1331 5215 quam
1345 5144 1398 5198 arti
1418 5160 1473 5199 sura
1487 5143 1612 5213 propria.
1655 5141 1701 5195 lu-

73 5223 178 5280 hmini
192 5226 248 5280 siut
261 5226 292 5279 iu
305 5225 406 5279 cibum.
428 5224 504 5279 Adde
518 5225 590 5295 quod
600 5225 763 5280 animalibus
775 5226 869 5279 viren-
906 5224 1000 5279 venies
1013 5223 1115 5279 etenim
1129 5223 1199 5279 inter
1212 5240 1266 5288 eos,
1282 5227 1384 5295 politas,
1396 5222 1572 5292 antiquarios,
1583 5220 1700 5285 criticos,

74 5303 100 5357 di
120 5304 219 5360 modus
239 5305 277 5359 rit
292 5304 449 5374 simplicior,
463 5303 637 5375 affectusque,
652 5304 699 5376 qui
720 5306 750 5359 in
770 5321 870 5376 corpus
906 5303 1037 5369 rhetores,
1061 5303 1195 5373 politicos,
1218 5303 1370 5375 theologos,
1392 5309 1472 5371 atquc
1493 5301 1522 5353 in
1540 5300 1576 5355 iic
1597 5300 1702 5356 artibus

74 5385 509 5455 agracpaucioresetadunum
524 5382 581 5438 fere
590 5384 868 5454 modumoperantesr
907 5384 1002 5453 magis,
1018 5400 1100 5455 quam
1113 5383 1142 5438 in
1155 5383 1323 5454 professione
1342 5380 1460 5453 propria,
1475 5380 1602 5436 eruditos.
1642 5381 1702 5434 Ne·

76 5463 121 5517 ubi
136 5463 219 5520 bomo
231 5463 301 5521 locis
314 5463 521 5530 habitationum,
533 5463 779 5531 exercitationibus,
791 5464 870 5520 affec·
907 5480 960 5534 que
973 5462 1025 5519 hoc
1038 5463 1076 5531 tit,
1090 5471 1120 5520 ut
1133 5464 1257 5530 arbitror,
1271 5463 1337 5534 quia
1350 5462 1395 5535 (ut
1414 5458 1524 5531 quidam
1537 5460 1704 5516 declamator
