3800 5875
52 261 114 317 lua.
131 262 155 317 1¹.
685 266 826 321 NOVUM
847 265 1048 323 ORGANUM.
1611 268 1670 324 449

51 420 122 489 rint3
137 430 229 475 tamen
245 437 279 475 ea
292 421 375 476 etiam
388 437 459 476 nunc
476 421 595 477 breviter
607 423 699 479 verbis
716 424 797 479 nudis
811 440 844 478 ac
881 421 991 478 omnino
1012 423 1208 479 deveniendum
1229 422 1283 494 est)
1298 430 1346 479 aut
1363 423 1447 488 nulla,
1461 432 1508 479 ant
1527 425 1671 482 admodum

52 497 220 569 simplicibus
233 507 427 572 representare
441 501 529 557 visum
543 508 591 556 est.
880 502 987 556 infirma
1005 502 1094 557 adhuc
1108 502 1232 569 fuerunt;
1253 519 1303 557 nec
1326 502 1528 572 particularium
1547 505 1624 573 sylva
1644 515 1672 560 et

880 582 1015 646 materies,
1034 580 1079 635 rel
1097 598 1218 646 numero,
1242 581 1286 636 vel
1311 597 1418 651 genere,
1440 581 1484 635 vel
1503 584 1670 650 certitudine,

880 659 1052 714 informando
1079 659 1227 715 intellectui
1251 666 1414 729 competens,
1443 669 1489 715 aut
1511 660 1567 715 ullo
1592 663 1671 719 modo

88 730 139 791 Qui
160 737 345 786 micuerunt
361 733 495 798 scientias,
510 740 558 788 aut
572 733 703 803 empirici,
717 742 764 788 aut
779 734 843 806 dog·
881 739 1024 803 sufficiens,
1050 738 1138 792 adhuc
1167 740 1282 809 quesita
1306 746 1349 792 est
1376 748 1403 792 et
1430 748 1567 810 congesta.
1616 741 1671 795 Sed

412 638 482 679 XCV.

51 810 139 864 matici
152 810 268 865 fuerunt
308 811 448 881 Empirici,
464 812 584 869 formica
597 829 679 878 more,
694 822 843 884 congerunt
881 825 975 871 contra
996 817 1121 872 homines
1143 818 1215 872 docti
1240 817 1342 887 (supini
1363 833 1429 871 saue
1450 827 1478 872 et
1501 819 1608 888 faciles)
1629 838 1671 876 ru·

51 897 153 944 tanturn
164 897 191 944 et
202 896 326 945 utuntur:
346 891 500 956 rationales,
512 908 671 946 aranearum
680 908 763 957 more,
775 891 842 946 telas
880 912 970 951 mores
983 895 1113 967 quosdam
1127 896 1311 966 experientia,
1320 904 1346 951 et
1359 896 1437 966 quasi
1450 897 1538 952 furnas
1551 908 1577 953 et
1588 914 1668 954 auras

52 985 85 1022 ex
104 986 134 1022 se
152 969 317 1024 conficiunt:
345 969 405 1038 apis
426 987 491 1024 vero
514 971 582 1025 ratio
601 971 691 1025 media
710 979 760 1035 est,
781 989 842 1042 quae
880 976 947 1044 ejus,
967 974 1002 1028 ad
1023 974 1226 1045 philosophiam
1246 993 1323 1030 suam
1336 974 1380 1029 vel
1400 977 1613 1032 constituendam
1626 978 1670 1032 vel

52 1048 190 1102 materiam
205 1065 241 1103 ex
255 1048 367 1103 floribus
380 1048 452 1103 horti
466 1056 493 1103 et
506 1050 565 1120 agri
580 1048 668 1116 elicit;
690 1050 738 1103 sed
751 1058 842 1104 tamen
880 1053 1090 1107 confirmandam
1114 1062 1286 1124 exceperunt,
1308 1061 1388 1123 atque
1412 1053 1468 1108 illis
1493 1055 1670 1111 nihilominus

51 1144 109 1180 eam
123 1128 236 1197 propria
255 1126 384 1181 facultate
403 1128 484 1182 vertit
496 1137 524 1181 et
537 1128 643 1198 digerit
684 1130 783 1199 Neque
796 1130 842 1183 ab·
880 1132 986 1202 pondus
1004 1133 1120 1204 legitimi
1138 1132 1287 1187 testimonii
1307 1133 1493 1187 attribuerunt.
1534 1134 1574 1188 Ac
1588 1134 1670 1190 veluti

51 1205 137 1261 simile
158 1206 342 1277 philosophia
355 1223 449 1260 verum
469 1208 607 1278 opificium
624 1215 681 1271 est;
703 1209 775 1278 quod
791 1225 841 1262 nec
880 1212 1032 1281 siregnnm
1051 1210 1161 1282 aliquod
1174 1218 1223 1266 aut
1235 1217 1321 1266 status
1333 1228 1388 1264 non
1403 1227 1438 1265 ex
1450 1211 1537 1266 literis
1556 1221 1583 1267 et
1601 1213 1670 1267 rela-

50 1286 149 1339 mentia
168 1286 272 1340 viribus
293 1292 399 1341 tantum
417 1295 463 1340 aut
484 1287 620 1357 precipue
636 1286 738 1350 nititur,
752 1304 841 1358 neque
880 1291 1023 1344 tionibusa
1035 1290 1133 1361 legatis
1143 1299 1170 1345 et
1183 1290 1285 1344 nuntiis
1299 1290 1351 1344 fide
1364 1289 1455 1359 dignis
1468 1291 1564 1356 missis,
1573 1293 1620 1346 sed
1634 1310 1669 1347 ex

50 1382 84 1418 ex
97 1364 215 1419 historia
223 1364 340 1418 naturali
355 1373 382 1419 et
391 1365 558 1420 mechanicis
571 1367 764 1436 experimentis
776 1383 843 1439 prae-
880 1369 1043 1424 urbanorum
1063 1368 1239 1424 sermunculis
1253 1376 1281 1423 et
1300 1386 1335 1423 ex
1354 1368 1441 1422 triviis
1454 1369 1566 1423 consilia
1579 1387 1628 1426 sua
1642 1382 1671 1426 et

49 1443 133 1498 bitam
146 1445 296 1507 materiam,
311 1444 339 1497 in
354 1444 485 1498 memoria
498 1445 640 1516 integram,
658 1444 747 1499 sedin
762 1445 842 1499 intel·
880 1449 992 1519 negotia
1010 1448 1191 1519 gubernaret3
1215 1448 1325 1502 omnino
1338 1447 1400 1500 talis
1417 1447 1447 1501 in
1467 1448 1669 1519 philosophiam

48 1521 122 1576 lectu
148 1530 283 1577 mutatam
310 1531 336 1577 et
357 1523 495 1577 subactam
520 1525 636 1593 reponit.
685 1524 781 1595 ltaque
807 1541 843 1579 ex
880 1526 1083 1591 administratio,
1098 1535 1230 1598 quatenus
1247 1528 1282 1580 ad
1301 1526 1504 1596 experientiam,
1519 1527 1670 1583 introducta

48 1600 147 1657 harum
161 1602 320 1657 facultatum
336 1602 570 1672 (experimentalis
585 1602 688 1657 scilicet
702 1610 729 1657 st
742 1603 842 1657 ration-
880 1616 930 1660 est.
971 1607 1021 1660 Nil
1035 1607 1133 1661 debitis
1149 1605 1237 1661 modis
1254 1605 1427 1676 exquisitum,
1441 1605 1666 1674 nilveridcatum,

49 1679 115 1748 alis)
128 1681 245 1735 arctiore
260 1690 289 1735 et
307 1682 440 1735 sanctiore
458 1681 559 1736 foedere
573 1682 658 1755 (quod
676 1682 765 1736 adhuc
786 1683 842 1736 fac·
879 1685 919 1738 nil
932 1693 1109 1749 numeratum,
1120 1685 1159 1738 nil
1172 1701 1330 1755 appensum,
1341 1684 1382 1738 nil
1391 1683 1542 1740 dimensum
1555 1685 1584 1739 in
1594 1694 1670 1742 natu-

50 1766 107 1815 tum
120 1776 177 1814 non
191 1759 326 1828 est)bene
341 1760 504 1831 sperandum
517 1768 567 1816 est.
881 1763 930 1817 rali
953 1764 1070 1819 historia
1092 1764 1233 1834 reperitur.
1273 1764 1310 1818 At
1333 1763 1405 1833 quod
1431 1763 1461 1817 in
1484 1763 1668 1821 observatione

880 1843 1051 1898 indefinitum
1072 1850 1099 1898 et
1111 1860 1218 1914 vagum,
1231 1842 1261 1897 id
1279 1842 1310 1896 in
1330 1842 1519 1896 informatione
1539 1842 1623 1898 fallax
1642 1853 1669 1900 et

880 1922 993 1976 infidum
1007 1931 1055 1977 est.
1095 1922 1209 1982 Quodsi
1223 1922 1266 1976 cui
1281 1921 1339 1978 hoec
1355 1920 1425 1975 mira
1438 1921 1512 1977 dictu
1521 1922 1666 1987 videantur,

88 1990 234 2046 llalurall!
253 1991 430 2063 philosophia
444 1992 531 2048 adhuc
546 1993 651 2048 sincera
669 2009 723 2048 non
736 1993 842 2047 invenl-
881 2010 908 2054 et
927 2000 1044 2072 querele
1062 2000 1152 2056 minus
1169 2000 1249 2070 juste
1269 2001 1410 2072 propiora3
1435 2017 1498 2054 cum
1511 2000 1668 2057 Aristoteles

50 2077 101 2135 tur,
120 2071 170 2125 aed
193 2072 298 2125 infecta
319 2079 347 2125 et
367 2080 506 2141 corrupta:
527 2073 555 2126 in
577 2072 727 2127 Aristotelis
750 2073 844 2127 schola
881 2088 971 2135 tantus
984 2080 1044 2149 ipss
1057 2081 1106 2144 vir,
1120 2087 1149 2134 et
1169 2080 1238 2133 tanti
1259 2080 1332 2150 regis
1351 2080 1447 2148 opibus
1460 2080 1598 2146 subnixus,
1612 2088 1669 2136 tam

51 2166 99 2220 per
119 2149 257 2220 logicam3
285 2150 315 2205 in
336 2149 458 2204 Platonis
481 2151 575 2206 schola
603 2169 651 2222 per
678 2152 843 2222 theologiam
881 2166 1035 2214 accuratam
1044 2158 1077 2214 de
1089 2158 1251 2213 animalibus
1265 2158 1403 2213 historiam
1413 2158 1574 2224 confecerit;
1588 2167 1669 2233 atque

51 2228 219 2293 naturalem
240 2229 269 2284 5¹¹
287 2229 406 2284 munda
426 2230 519 2284 ⁸0h⁰l⁸
544 2230 675 2295 Pl⁸10¹¹l⁸r
696 2230 793 2296 Proelb
816 2239 843 2286 et
881 2238 928 2292 alii
942 2238 1064 2293 nonnulli
1078 2239 1180 2307 majore
1190 2238 1332 2308 diligentia
1344 2237 1420 2306 (licet
1428 2239 1542 2308 strepitu
1551 2238 1668 2309 minora)

50 2309 174 2373 dimum·
187 2325 238 2379 per
250 2308 485 2374 fflsslbemeficamt
507 2327 567 2380 quoe
581 2309 784 2381 Philossophiam
798 2326 844 2364 na·
882 2316 966 2372 multa
988 2318 1150 2385 adjecerint;
1172 2326 1200 2371 et
1209 2328 1301 2372 rursus
1314 2317 1363 2370 alii
1381 2317 1414 2372 de
1436 2316 1544 2386 plantis,
1561 2317 1595 2371 de
1612 2335 1668 2373 me-

50 2387 165 2442 mralem
178 2388 332 2453 terminare,
341 2404 395 2441 1²⁰ss
403 2404 532 2458 generare
541 2396 587 2443 aut
600 2405 742 2459 procreare
753 2389 842 2443 debet·
882 2396 956 2452 tallis
975 2407 1003 2451 et
1016 2396 1161 2461 fossilibus,
1175 2396 1303 2451 historias
1317 2403 1346 2450 et
1367 2397 1534 2451 narrationes
1547 2397 1670 2467 copiosas

50 2468 86 2521 At
100 2485 138 2522 ex
151 2467 329 2538 philosophia
349 2467 464 2522 naturali
483 2475 591 2538 purast
607 2469 775 2540 impermista
790 2486 844 2523 mc·
881 2477 1104 2547 conscripserint;
1125 2476 1150 2530 is
1167 2492 1232 2530 sane
1253 2491 1309 2528 non
1328 2475 1394 2529 satis
1413 2476 1550 2530 attendere
1564 2485 1593 2531 et
1610 2494 1671 2546 per·

50 2545 119 2601 liora
129 2547 265 2618 speranda
278 2554 350 2603 sunt
882 2555 986 2625 spicere
1009 2556 1123 2619 videtur,
1146 2554 1211 2626 quid
1236 2560 1334 2625 agatur
1359 2553 1389 2607 in
1412 2554 1564 2624 prasentia.
1606 2555 1671 2611 Alia

882 2634 956 2688 enim
977 2644 1018 2690 est
1038 2635 1108 2689 ratio
1131 2633 1262 2689 naturalis
1282 2632 1411 2697 historice,
1432 2650 1492 2703 qua
1514 2642 1622 2705 propter
1640 2652 1670 2690 se

881 2715 1005 2770 confecta
1024 2721 1082 2776 est;
1103 2713 1158 2766 alia
1179 2712 1245 2782 ejus,
1265 2729 1326 2782 qua
1341 2712 1455 2766 collecta
1470 2720 1511 2767 est
1532 2714 1567 2766 ad
1589 2714 1670 2769 infor·

88 2791 182 2847 Nemo
200 2792 290 2848 adhuc
313 2800 390 2847 tanta
412 2792 512 2849 mentia
531 2793 681 2847 constantia
706 2800 734 2846 et
755 2793 843 2865 rigore
882 2794 1010 2849 mundum
1024 2792 1191 2848 intellectum
1204 2791 1234 2845 in
1248 2793 1339 2845 ordine
1353 2790 1388 2845 ad
1404 2791 1570 2846 condendam
1584 2792 1671 2863 philo·

52 2872 272 2938 inrenmsestut
285 2873 434 2927 decreverit
448 2873 537 2927 etsibi
552 2872 711 2944 imposuerit
725 2872 844 2929 theorias
883 2873 1036 2944 sophiam·
1057 2872 1146 2944 Atque
1161 2872 1205 2926 hre
1225 2871 1285 2925 duae
1298 2870 1417 2925 historia
1438 2877 1496 2926 tum
1509 2870 1569 2925 aliis
1582 2872 1669 2938 rebus,

51 2960 77 3004 et
90 2953 216 3007 notiones
229 2969 387 3009 communes
397 2954 505 3023 penitus
516 2952 632 3018 abolere,
640 2962 668 3007 et
678 2952 845 3008 intellectum
882 2960 939 3008 tum
956 2953 1092 3024 precipue
1105 2954 1134 3006 in
1147 2952 1200 3006 hoc
1214 2952 1355 3014 differunt3
1377 2951 1448 3020 quod
1467 2950 1555 3019 prima
1568 2968 1604 3006 ex
1616 2950 1670 3005 illis

51 3031 179 3086 abrasum
193 3040 222 3085 et
235 3050 343 3103 aequum
356 3032 392 3086 ad
404 3032 578 3101 particularia
592 3033 624 3087 de
639 3033 745 3102 integro
758 3033 843 3103 appli-
882 3033 1034 3102 specierum
1055 3032 1218 3085 naturalium
1238 3030 1405 3094 varietatem,
1427 3045 1482 3083 non
1500 3030 1597 3084 artium
1616 3047 1671 3084 me·

51 3127 122 3165 care.
165 3110 260 3182 Itaque
277 3112 348 3166 ratio
361 3112 409 3166 illa
423 3111 548 3176 humana,
562 3129 644 3183 qnam
656 3111 794 3175 habemus,
809 3130 845 3166 ex
882 3111 1056 3167 chanicarum
1066 3111 1259 3180 experimenta,
1272 3108 1420 3168 contiueat,
1440 3107 1670 3170 Quemadmodum

51 3190 136 3248 multa
150 3190 212 3254 tide,
228 3198 255 3245 et
268 3189 355 3245 multo
369 3191 449 3245 etiarn
462 3207 534 3256 casu,
548 3207 598 3244 nec
612 3207 666 3245 non
680 3207 717 3244 ex
736 3192 844 3260 puerili·
883 3191 956 3245 enirn
978 3192 1008 3245 in
1036 3190 1161 3245 civilibus
1186 3188 1327 3260 ingenium
1350 3188 1478 3258 cujusque
1502 3196 1529 3242 ct
1552 3188 1670 3243 occultus

51 3268 109 3331 bus,
124 3286 195 3340 quas
208 3271 297 3340 primo
310 3269 461 3336 hausimus,
473 3270 637 3336 notionibus,
651 3270 760 3341 farrago
774 3288 844 3342 quee-
882 3270 965 3325 animi
981 3271 1177 3341 affectuumque
1188 3284 1284 3323 sensus
1298 3265 1395 3321 melius
1410 3265 1523 3331 elicitur,
1534 3283 1596 3321 cnm
1609 3268 1670 3338 quis

52 3347 114 3401 dam
128 3357 172 3403 cat
185 3356 214 3403 et
227 3349 377 3420 congeries.
882 3349 911 3402 in
924 3349 1126 3418 perturbatione
1145 3348 1261 3420 punitur,
1275 3363 1357 3418 quam
1377 3345 1461 3400 alias:
1481 3344 1565 3400 simili
1583 3347 1669 3413 modo,

89 3427 204 3489 Quodsi
218 3429 280 3499 quis
289 3435 369 3483 oetate
382 3434 494 3493 matura,
505 3436 532 3482 et
545 3427 668 3482 sensibus
682 3429 804 3500 integris,
816 3436 842 3484 et
882 3435 909 3482 et
927 3428 1035 3482 occulta
1053 3437 1157 3483 nature
1173 3426 1262 3498 magis
1275 3444 1305 3480 se
1324 3425 1440 3496 produnt
1452 3441 1501 3496 per
1513 3429 1670 3483 vexationes

52 3515 142 3563 mente
157 3515 312 3579 repurgata,
327 3524 357 3562 se
373 3508 406 3560 ad
426 3507 621 3577 experientiam
635 3507 709 3561 etad
727 3508 843 3578 particu·
882 3509 989 3572 artium,
1015 3525 1098 3580 quarn
1120 3525 1180 3562 cum
1199 3523 1279 3560 curso
1297 3521 1345 3560 sno
1365 3514 1464 3560 meant.
1506 3507 1600 3576 Itaque
1614 3515 1671 3562 tum

52 3584 120 3640 laria
139 3588 175 3641 de
196 3587 304 3658 integro
325 3586 449 3657 applicet,
464 3587 497 3641 de
519 3604 552 3640 eo
570 3586 667 3641 melius
683 3587 844 3658 sperandum
882 3587 990 3642 demum
1004 3587 1072 3641 bene
1086 3585 1247 3656 sperandum
1258 3593 1300 3639 est
1313 3584 1346 3639 de
1359 3584 1476 3639 naturali
1489 3585 1670 3655 philosophia,

52 3674 105 3720 est.
148 3667 240 3738 Atque
254 3666 306 3720 hac
320 3666 348 3719 in
363 3674 438 3735 parte
451 3666 530 3720 nobis
538 3666 699 3735 spondemus
710 3666 844 3721 fortunam
882 3675 1027 3737 postquam
1037 3663 1288 3720 historianaturalis
1297 3663 1435 3735 (quaeejus
1443 3663 1515 3718 basis
1525 3672 1565 3719 est
1578 3674 1605 3719 et
1614 3665 1673 3718 fun·

53 3744 204 3800 Alexandri
220 3745 333 3816 Magni:
348 3760 435 3816 neque
453 3746 514 3816 quis
533 3761 584 3799 nos
598 3745 725 3799 vanitatis
742 3754 844 3816 arguat,
882 3741 1670 3813 dementum)meliusinstructafueriteanteavcromiuime.

53 3830 199 3895 antequem
226 3825 330 3879 exitum
358 3825 398 3878 rei
417 3825 515 3890 audiat,
543 3841 604 3896 quae
631 3824 666 3879 sd
692 3825 844 3880 exuendam

54 3918 162 3960 emnem
175 3902 322 3958 vanitatem
336 3909 448 3973 spectat.

90 3981 203 4036 Etenim
216 3982 250 4036 de
261 3983 419 4036 Alexandro
432 3989 460 4035 et
473 3982 532 4051 ejus
544 3981 625 4037 rebus
640 3982 726 4053 gestis
739 3983 845 4037 AEschi·
922 3979 1011 4052 Atque
1025 3997 1117 4035 rursus
1131 3981 1159 4034 in
1173 3980 1235 4050 ipsa
1248 3980 1496 4050 experimentorum
1505 3981 1673 4036 mechanico·

55 4077 103 4116 nes
119 4062 160 4116 ita
181 4061 309 4132 loquutus
329 4068 386 4115 est:
408 4066 424 4091 ‘⁴
437 4061 497 4114 Nos
515 4068 587 4116 certe
601 4062 686 4116 vitam
704 4061 845 4117 mortalem
882 4077 941 4113 rum
955 4059 1041 4130 copia,
1055 4076 1161 4113 summa
1174 4075 1275 4122 eornm,
1293 4077 1354 4130 quaa
1373 4059 1408 4113 ad
1428 4059 1580 4114 intellectus
1593 4060 1674 4115 infor·

55 4157 108 4194 non
121 4140 255 4204 vicimum
278 4140 327 4194 sed
345 4140 374 4194 in
392 4139 444 4194 hoc
463 4140 521 4194 nati
535 4157 636 4203 manus,
649 4149 680 4195 ut
702 4142 845 4210 posteritas
883 4138 1031 4193 mationem
1041 4138 1160 4193 maxime
1171 4138 1272 4192 faciunt
1280 4139 1417 4205 etjuvant,
1425 4139 1559 4209 detegitur
1569 4140 1671 4211 inopia.

55 4219 87 4272 de
101 4220 179 4273 nobis
192 4226 320 4290 portenta
333 4226 424 4272 narret
438 4219 635 4289 etpraedicet:”
650 4218 806 4289 perindeac
821 4220 844 4274 si
882 4216 1062 4271 Mechauicus
1089 4217 1169 4281 enim,
1194 4217 1227 4271 de
1254 4217 1376 4272 veritatis
1399 4217 1573 4289 inquisitione
1599 4219 1674 4275 nullo

56 4298 203 4354 Alexandri
217 4315 262 4352 res
276 4306 368 4368 gestas
377 4314 427 4367 pro
439 4298 569 4353 miraculo
581 4297 728 4353 habuisset
883 4296 964 4351 modo
983 4296 1111 4362 solicitus,
1132 4312 1186 4351 nou
1208 4295 1242 4349 ad
1263 4296 1325 4359 alia,
1344 4313 1426 4367 quam
1446 4314 1507 4366 qna
1528 4299 1604 4368 operi
1625 4314 1675 4353 suo

93 4377 130 4431 At
152 4379 220 4432 aeris
243 4376 419 4448 sequentibus
445 4376 522 4430 Titus
545 4375 640 4431 Livius
666 4377 764 4432 melius
788 4395 846 4431 rem
883 4375 1062 4438 subserviunt,
1071 4384 1118 4430 ant
1132 4375 1253 4429 animum
1267 4375 1354 4444 erigit,
1368 4384 1417 4430 aut
1429 4392 1537 4430 manum
1552 4378 1674 4448 porrigit.

54 4456 204 4511 advertitet
213 4455 384 4526 introspexit,
393 4463 472 4525 atque
483 4454 516 4507 de
524 4454 681 4511 Alexandro
691 4455 845 4524 hujusmodi
882 4452 1061 4509 'lumverode
1071 4454 1242 4509 scientiarum
1251 4453 1376 4509 ulteriore
1386 4471 1528 4525 progressu
1536 4456 1674 4526 spesbene

55 4536 194 4605 quippiam
207 4535 286 4598 dixit,
302 4540 318 4566 “
331 4534 403 4587 Eum
416 4550 470 4587 non
484 4533 558 4588 aliud
571 4551 653 4605 quam
668 4533 737 4589 bene
751 4551 847 4590 susum
883 4532 1046 4597 fundabitur,
1065 4534 1168 4587 cumin
1186 4532 1328 4588 historiam
1348 4534 1499 4588 naturalem
1512 4535 1676 4604 recipientur

408 1897 490 1938 XCVL

409 2686 497 2726 XCVH·

1245 3868 1321 3907 {mx-

54 4630 123 4668 vana
142 4613 344 4668 contemnere.”
386 4612 476 4683 Atque
498 4612 587 4666 simile
609 4613 693 4668 etiam
716 4613 750 4667 de
767 4614 847 4668 nobis
884 4619 912 4665 et
926 4613 1146 4682 aggregabuntur
1159 4611 1299 4681 complura
1312 4613 1507 4684 experimenta,
1522 4631 1583 4684 quae
1596 4614 1626 4667 in
1646 4630 1675 4668 se

51 4693 181 4766 judicium
191 4694 288 4747 futuris
302 4692 468 4761 temporibus
481 4691 582 4746 factum
594 4691 629 4745 iri
642 4692 845 4747 existimamus:
884 4690 985 4746 nullius
998 4699 1061 4745 sunt
1075 4708 1146 4753 usus,
1162 4690 1211 4744 sed
1232 4691 1267 4744 ad
1288 4690 1472 4746 inventionem
1488 4703 1631 4747 causarum
1649 4700 1677 4746 et

55 4772 179 4826 “Nosnil
188 4771 563 4842 magnileciase,sedtantnm
572 4786 611 4835 ea,
618 4788 679 4842 quae
686 4772 847 4841 promagnis
885 4769 1051 4824 axiomatum
1065 4777 1170 4824 tanturn
1185 4769 1301 4834 faciunt;
1323 4789 1384 4841 quae
1398 4788 1447 4826 nos
1462 4773 1580 4845 lucifera
1595 4787 1677 4841 expe·

55 4849 196 4918 habentur,
210 4852 326 4908 minoris
341 4849 464 4903 tectae?
505 4849 559 4903 Sed
572 4849 679 4903 interim
694 4848 779 4921 (quod
789 4851 847 4918 jam
885 4848 1008 4910 rimenta,
1025 4848 1071 4901 'ad
1093 4847 1273 4903 differentiam
1294 4853 1514 4925 fructiferarum,
1538 4849 1677 4919 appellare

55 4928 184 4999 diximus)
204 4947 261 4984 non
282 4935 325 4985 est
346 4944 411 4997 spes
429 4927 481 4982 nisi
502 4928 530 4981 in
549 4930 750 5014 regenerupe'one
765 4930 849 4983 scien-
886 4927 1083 4981 consuevimus.
1124 4926 1177 4980 Illa
1198 4935 1288 4982 autem
1301 4931 1397 4983 miram
1414 4930 1516 4983 habent
1532 4929 1562 4982 in
1582 4944 1611 4981 se
1625 4929 1677 4982 rir-

55 5009 166 5072 ὅπως
181 5017 212 5064 ut
224 5026 266 5063 eae
280 5007 387 5063 scilicet
396 5007 432 5060 ab
440 5007 608 5075 experientia
615 5013 689 5061 certo
699 5007 792 5062 ordine
803 5024 849 5062 cx·
886 5013 970 5058 tutem
984 5013 1012 5057 et
1026 5004 1224 5069 conditioneme
1239 5007 1310 5061 hanc
1319 5008 1450 5072 videlicet,
1459 5007 1530 5079 quod
1539 5023 1677 5077 nunquam

56 5087 171 5143 uitentur
179 5098 207 5143 et
216 5104 311 5143 rursus
320 5085 485 5139 condantur:
498 5086 570 5156 quod
583 5085 849 5142 adhucfactumesse
888 5083 990 5147 fallam,
1010 5091 1056 5138 aut
1069 5084 1236 5139 frustrentur.
1278 5085 1348 5142 Cum
1361 5088 1435 5141 enim
1448 5087 1483 5140 ad
1502 5086 1554 5140 hoc
1567 5084 1678 5139 adhibe-

57 5175 102 5220 ant
117 5168 275 5239 cogitatum,
289 5181 375 5221 nemo
393 5166 436 5236 (ut
449 5163 626 5236 arbitramur)
637 5165 818 5221 affirmaverit.
888 5171 973 5225 antur,
988 5179 1043 5216 nou
1056 5170 1087 5217 ut
1105 5179 1173 5233 opus
1192 5162 1302 5233 aliquod
1321 5166 1445 5229 efficiant,
1460 5165 1507 5218 sed
1526 5171 1556 5217 ιιι
1569 5179 1679 5218 causam

888 5241 1040 5296 naturalem
1053 5242 1081 5295 in
1096 5241 1188 5313 aliquo
1201 5243 1330 5308 revelent,
1342 5258 1556 5314 quaqueversum
1570 5242 1677 5307 cadunt,

888 5320 1031 5374 intentioni
1046 5338 1122 5391 reque
1131 5321 1308 5387 satisfaciunt,
1323 5339 1384 5376 cum
1398 5322 1573 5392 questionem
1589 5321 1678 5377 termi-

97 5398 180 5471 tque
193 5399 379 5474 experientia
393 5396 569 5452 fundamenta
590 5397 712 5470 (quando
726 5396 760 5451 ad
782 5396 851 5451 hanc
889 5405 963 5453 nent.

98 5493 154 5534 aot.
168 5498 197 5536 tt.
423 5476 482 5528 20

408 5303 505 5343 XCVHL
