3800 5875
634 348 686 405 ua
707 348 910 407 statuaris
929 343 1126 402 varaauu.
1629 344 1687 415 tot

55 511 176 578 pectam
189 504 287 562 dextra
295 506 402 577 pedum,
413 506 853 580 sivalignumsuperiusaurvum
891 509 959 564 honi
980 509 1136 582 expositum
1158 517 1186 565 et
1207 510 1356 568 obnoxium
1375 510 1486 566 iactum
1537 509 1589 566 ille
1611 511 1687 566 enim

55 586 242 652 etintlexnmr
261 586 425 643 induebatur
448 595 540 643 autem
560 586 705 659 chlamyde
726 606 763 644 ex
781 588 853 659 pelle
890 597 977 647 status
990 590 1044 645 Dei
1057 600 1085 644 et
1103 589 1195 662 pecati
1209 591 1300 661 proles
1314 591 1373 656 init,
1394 606 1426 644 ac
1439 597 1540 645 manet.
1589 590 1686 662 ltaque

54 665 182 737 pardalis.
222 666 374 722 Potestates
388 666 414 722 ei
428 674 583 722 stmunera
602 666 758 736 hujusmodi
775 668 852 723 attri-
890 669 991 739 triplex
1004 670 1418 742 istanarratiodegenerstione
1432 669 1516 724 Panis
1530 669 1687 725 etismrera

54 746 179 809 buuntur,
192 748 271 801 utait
288 746 356 802 deus
376 754 542 814 venatorum,
557 748 643 802 etiam
664 758 810 817 pastorum,
825 757 852 802 et
889 749 976 803 videri
990 749 1083 820 possit,
1097 750 1121 803 si
1142 750 1195 803 rite
1216 758 1245 804 et
1265 750 1346 804 rebus
1364 760 1392 804 et
1414 749 1579 820 temporibus
1593 749 1687 804 disun-

54 826 82 879 in
95 826 252 881 universum
274 826 467 881 ruricolarumr
487 844 591 896 praeses
610 827 678 881 item
699 829 849 882 montium:
890 837 1002 899 guatur:
1023 845 1088 882 nam
1101 829 1152 884 iste
1165 828 1232 893 Pan,
1243 846 1324 900 quem
1335 829 1468 883 inmemor
1481 836 1509 883 et
1521 828 1686 900 contempla·

55 911 113 959 erat
136 906 220 960 etiam
247 906 388 976 proximus
422 905 560 961 Mercurio
586 907 701 961 nuncius
728 907 849 961 deorum.
890 924 958 973 mur,
973 924 1005 961 ac
1019 907 1105 962 nimio
1126 908 1187 978 plus
1200 926 1282 979 quam
1295 917 1402 979 oportet
1416 909 1537 973 colimus,
1552 926 1588 962 ex
1602 909 1686 963 verbo

55 984 217 1039 Habebatur
239 985 351 1056 insuper
372 985 430 1040 dux
450 991 478 1039 et
494 986 641 1056 imperator
659 985 850 1056 nympharum,
890 987 988 1049 divino,
1011 988 1148 1041 mediante
1171 989 1284 1043 confusa
1304 989 1419 1042 materia
1441 989 1514 1059 (quas
1535 994 1563 1042 et
1585 988 1647 1059 ipsa
1668 1005 1686 1041 a

54 1080 115 1135 quar
128 1064 203 1118 circa
217 1081 281 1119 eum
291 1071 424 1135 perpetuo
434 1065 549 1120 choreas
558 1065 657 1120 ducere
666 1073 694 1119 et
703 1066 851 1135 tripudiare
889 1066 950 1121 Deo
964 1076 1056 1121 creata
1078 1066 1148 1137 erat)
1162 1074 1190 1121 et
1213 1067 1381 1122 subintrante
1402 1068 1626 1138 praevaricatione
1648 1079 1677 1122 et

54 1142 196 1198 solebant:
227 1144 425 1199 comitabantur
445 1154 473 1199 et
494 1145 593 1215 Satyri,
616 1153 643 1199 et
665 1144 711 1198 his
732 1145 851 1200 seniores
889 1145 1069 1216 corruptione,
1084 1156 1171 1201 ortum
1185 1146 1276 1201 habet

54 1222 149 1278 Sileni.
191 1221 320 1278 Habebat
340 1224 424 1278 etiam
440 1230 601 1295 potestatem
621 1232 737 1279 terrores
750 1225 851 1281 immit·
929 1227 1043 1281 Naturae
1057 1242 1155 1290 rerum,
1170 1226 1225 1280 iata
1238 1243 1335 1289 rerum,
1350 1226 1685 1295 sororesverepcrhiben·

53 1302 135 1367 tendi,
160 1302 312 1373 prasertim
338 1304 442 1368 inanes,
468 1311 496 1358 et
520 1304 728 1375 superstitiosos,
750 1303 798 1376 qui
824 1310 852 1359 et
890 1311 935 1361 tur
958 1315 986 1359 et
1009 1315 1163 1375 ponuntun
1195 1305 1358 1360 naturalium
1383 1305 1517 1376 siquidem
1540 1322 1684 1361 eausamm

53 1381 150 1437 Paniai
176 1382 266 1437 vocati
289 1389 362 1439 sunt.
406 1384 462 1438 Rea
488 1392 572 1455 gestae
597 1390 689 1438 autem
717 1383 776 1451 ejus
796 1399 850 1438 non
889 1392 993 1441 catenae
1010 1392 1085 1439 ortus
1104 1402 1202 1448 rerum,
1218 1393 1246 1439 et
1267 1385 1431 1449 durationes,
1450 1393 1478 1438 et
1500 1385 1634 1450 interitus,
1655 1393 1685 1440 et

53 1461 147 1518 multra
160 1469 359 1518 memorantur:
379 1462 448 1518 illud
461 1464 636 1534 precipuum,
651 1462 724 1534 quod
737 1462 850 1533 Cupidi-
889 1465 1084 1535 depressiones,
1099 1472 1127 1519 et
1140 1465 1308 1530 eminentiss,
1321 1471 1350 1520 et
1357 1463 1472 1529 labores,
1487 1472 1516 1519 et
1529 1464 1683 1531 felicitates,

53 1558 118 1596 nem
130 1541 287 1613 provocavit
300 1543 335 1597 sd
347 1542 485 1606 luctama
498 1543 645 1614 quostiam
658 1543 688 1596 in
701 1544 851 1597 tentamine
890 1552 918 1599 et
939 1545 996 1598 tata
1009 1543 1125 1615 denique
1140 1544 1238 1608 omnia,
1253 1562 1315 1616 quas
1333 1543 1414 1599 rebus
1427 1544 1550 1599 accidere
1563 1556 1683 1615 possunt,

53 1621 140 1677 rictus
169 1628 219 1676 est.
271 1621 364 1677 Etiam
391 1621 554 1693 Typhonem
581 1622 720 1693 gigantem
746 1622 851 1677 retibus
889 1624 1007 1679 trahunt.

52 1699 203 1771 implicavit
216 1707 244 1756 et
262 1701 403 1757 cohibuit:
432 1709 515 1773 atque
531 1708 641 1756 tramant
656 1702 773 1771 insuper,
788 1718 850 1756 cum
929 1703 1039 1758 Cornua
1053 1713 1145 1758 autem
1158 1703 1258 1756 mundo
1271 1701 1464 1757 attribuuntur.
1493 1701 1570 1763 Quod
1583 1719 1684 1759 cornua

53 1779 146 1847 Ceres,
160 1790 260 1836 maesta
272 1787 301 1835 et
310 1780 346 1835 ob
366 1788 472 1852 raptam
489 1780 681 1851 Proserpinam
701 1781 850 1852 indignata,
889 1782 1045 1852 hujusmodi
1066 1783 1102 1837 ab
1114 1783 1171 1837 imo
1192 1782 1296 1846 latiora,
1311 1781 1346 1835 ad
1364 1780 1494 1836 verticem
1508 1791 1588 1837 acuta
1609 1782 1682 1851 sint3

52 1875 80 1915 ae
95 1860 291 1926 abscondisset,
306 1867 386 1933 atque
399 1861 439 1914 dii
452 1876 547 1916 omues
561 1860 596 1914 ad
610 1876 672 1914 eam
684 1859 850 1931 investigari·
888 1863 917 1917 id
931 1870 1091 1933 suspectat,
1106 1861 1178 1934 quod
1194 1862 1282 1915 omnia
1296 1877 1386 1915 rerum
1405 1869 1505 1915 natura
1526 1860 1612 1916 instar
1632 1878 1683 1933 py-

52 1938 117 1995 dam
134 1956 302 2012 magnopere
324 1940 518 2005 incubuissent,
534 1947 562 1994 et
575 1956 606 1995 sc
626 1940 779 2012 pervarias
792 1941 850 1993 vias
889 1942 1000 1997 renuidis
1014 1952 1095 1997 acuta
1108 1943 1157 1996 sit:
1185 1940 1325 1995 individua
1338 1940 1531 1995 enimintinita
1544 1949 1623 2007 sunta
1649 1958 1684 1996 ea

51 2019 186 2091 dispertiti
201 2026 304 2084 essent3
326 2019 396 2074 Pani
406 2019 576 2076 solummodo
589 2036 626 2075 ex
639 2018 769 2074 felicitate
784 2036 850 2091 qua·
888 2021 1052 2094 colliguntur
1070 2023 1099 2076 in
1114 2019 1219 2091 species
1232 2027 1261 2073 et
1281 2020 1356 2089 ipsas
1370 2018 1548 2090 multiplices3
1578 2022 1684 2091 species

51 2099 116 2153 darn
129 2099 275 2171 contigisse
296 2099 577 2154 utintervenandum
590 2115 651 2154 earn
669 2099 803 2153 inveniret
822 2107 851 2153 et
889 2119 980 2156 rursus
994 2102 1137 2172 insurgunt
1150 2100 1178 2154 in
1193 2116 1307 2171 generar
1336 2107 1418 2170 atque
1432 2099 1491 2154 haec
1512 2116 1618 2172 quoque
1639 2116 1683 2155 as·

51 2178 194 2234 indiceret
245 2178 335 2233 Ausus
349 2186 391 2233 est
404 2195 512 2251 quoque
526 2196 588 2233 cum
601 2176 728 2250 Apolline
746 2178 780 2232 de
793 2178 850 2232 vic·
888 2178 1682 2252 condendoinmagiageneralisoontrahuntur,uttandem

52 2257 123 2312 toria
143 2257 261 2312 musices
278 2257 425 2322 decertare,
439 2266 522 2330 atque
544 2257 636 2323 etiam,
650 2257 730 2312 Mida
747 2254 849 2332 judice,
888 2268 986 2316 natura
1006 2269 1135 2332 tanquam
1155 2260 1185 2312 iu
1207 2275 1291 2313 unum
1312 2260 1384 2312 coire
1406 2258 1535 2314 videatur.
1584 2259 1683 2330 Neque

50 2336 180 2406 praelatus
193 2343 250 2392 est:
281 2336 318 2392 ob
331 2337 403 2409 quod
419 2337 553 2407 judicium
567 2337 659 2392 Midas
671 2337 791 2391 asininas
805 2355 851 2393 au·
888 2339 988 2396 mirum
1002 2340 1141 2395 estPania
1162 2354 1264 2393 comus
1282 2338 1363 2392 etiam
1382 2338 1482 2393 coelum
1501 2338 1600 2405 feriter
1621 2356 1685 2394 cum

50 2432 94 2471 res
109 2415 178 2481 tulit,
193 2416 242 2470 sed
255 2414 327 2470 clam
340 2425 368 2471 et
381 2423 493 2472 secreto.
542 2416 657 2470 Amores
679 2415 764 2470 Pania
781 2416 850 2472 nulli
888 2422 1057 2475 summitates
1071 2427 1176 2473 natura
1189 2419 1246 2472 sive
1266 2418 1335 2473 idea
1359 2417 1526 2473 universales
1546 2419 1629 2474 etiam
1648 2418 1684 2473 ad

50 2495 214 2559 referuntur,
228 2502 275 2550 aut
296 2495 393 2550 saltem
415 2495 560 2550 admodum
578 2495 641 2560 rari,
658 2494 731 2566 quod
750 2496 850 2551 mirum
888 2500 982 2554 divina
1004 2498 1202 2571 quodammodo
1219 2497 1383 2567 pertingant.
1425 2495 1539 2552 Paratus
1561 2498 1634 2552 enim
1655 2506 1685 2553 et

50 2575 122 2629 inter
132 2575 239 2629 turbam
249 2576 368 2639 deorum,
377 2592 487 2646 prorsus
497 2582 552 2630 tam
562 2575 672 2646 profuse
682 2575 849 2643 amatorium,
887 2581 1055 2651 propinquus
1065 2575 1509 2648 esttrausitusametsphysicaad
1517 2576 1684 2650 theologiam

50 2654 137 2708 sideri
151 2654 247 2725 possit.
288 2654 361 2709 Illud
375 2654 544 2710 solummodo
554 2655 580 2709 ei
590 2655 676 2718 datur,
686 2654 759 2725 quod
771 2655 850 2711 Echo
888 2659 1049 2714 naturalem.

50 2732 198 2797 adamaret,
223 2750 284 2804 quas
303 2734 387 2788 etiam
408 2751 478 2789 uxor
501 2734 561 2803 ejus
581 2733 677 2788 habita
696 2741 745 2798 est,
767 2742 849 2805 atque
928 2738 1036 2810 Corpus
1049 2743 1139 2792 autem
1154 2742 1258 2790 naturae
1279 2733 1481 2806 elegantissime
1495 2740 1523 2788 et
1542 2735 1683 2791 verissime

48 2828 133 2867 unam
147 2814 230 2866 eham
243 2812 403 2883 nympham,
417 2814 562 2886 Syringam
579 2812 700 2878 nomine,
714 2814 743 2866 in
760 2831 849 2886 quam,
888 2817 1045 2889 depingitur
1066 2816 1209 2879 hirsutum,
1234 2821 1345 2885 propter
1366 2830 1456 2867 rerum
1479 2813 1584 2879 radioa;
1613 2815 1684 2870 radii

48 2900 163 2963 propter
172 2891 241 2947 iram
252 2900 280 2948 ct
288 2892 435 2948 vindictam
446 2893 590 2965 Cupidinis
600 2895 694 2967 (quem
705 2892 850 2949 adluctam
889 2898 963 2954 enim
977 2906 1041 2954 sunt
1061 2903 1191 2968 tanquam
1207 2903 1310 2950 natura
1332 2893 1428 2957 omnes,
1442 2893 1500 2948 siae
1521 2893 1587 2961 villi,
1602 2903 1683 2968 atque

47 2987 198 3041 provocare
209 2988 265 3026 non
277 2973 409 3027 reveritus
422 2975 506 3045 esset)
520 2973 646 3028 incensus
661 2980 710 3028 est.
751 2974 850 3044 Neque
889 2979 980 3033 omnia
994 2978 1051 3033 iere
1065 2976 1109 3031 rel
1122 2975 1212 3047 magis
1225 2973 1270 3027 vel
1283 2975 1373 3028 minus
1385 2973 1493 3028 radiosa
1506 2982 1586 3037 sunt;
1613 2975 1684 3046 quod

47 3053 133 3106 etiam
148 3050 253 3122 prolem
266 3051 351 3106 ullam
365 3053 493 3124 suscepit,
510 3053 595 3124 (quod
609 3052 735 3107 similiter
750 3053 849 3108 mirum
888 3060 917 3113 iu
931 3056 1058 3113 facultate
1068 3057 1143 3110 visus
1157 3054 1408 3109 manifestissimum
1424 3061 1473 3117 est,
1484 3070 1534 3106 nec
1551 3054 1641 3109 minus
1654 3055 1685 3109 iu

47 3138 96 3196 est,
117 3130 242 3195 cumdii,
257 3132 408 3201 praesertim
425 3132 548 3198 masculi,
569 3132 685 3203 prolifici
705 3131 850 3188 admodum
888 3138 962 3192 omui
971 3138 1068 3191 virtute
1078 3144 1105 3190 et
1118 3135 1275 3206 operatione
1286 3135 1320 3188 ad
1330 3134 1447 3199 distans3
1469 3132 1597 3204 quicquid
1610 3134 1684 3189 enim

46 3212 162 3278 esseut)
177 3209 230 3264 nisi
245 3210 317 3283 quod
330 3211 356 3265 ei
370 3211 504 3266 tribuatur
518 3219 647 3283 tanquam
660 3211 725 3276 lilia,
739 3211 850 3266 mulier·
889 3224 1017 3287 operatur
1029 3217 1064 3270 ad
1080 3215 1192 3279 distans,
1208 3214 1236 3268 id
1250 3214 1331 3267 etiam
1353 3211 1443 3267 radios
1468 3211 1589 3267 emittere
1610 3221 1683 3269 recte

46 3289 111 3343 cula
130 3289 256 3361 quadam
275 3290 383 3355 ancilla,
400 3292 494 3346 Iambe
515 3292 633 3355 nomine,
648 3308 709 3361 quas
729 3291 850 3347 ridiculis
888 3297 941 3351 dici
957 3304 1062 3368 potest;
1091 3295 1138 3350 sed
1161 3295 1281 3349 maxime
1303 3293 1424 3347 omnium
1443 3293 1580 3363 prominet
1599 3292 1684 3347 barba

45 3367 260 3424 narratiunculis
284 3369 421 3425 oblectare
443 3370 566 3442 hospites
586 3371 707 3434 solebat3
737 3370 850 3443 ejusque
889 3375 981 3442 Panis,
995 3376 1060 3448 quia
1082 3374 1152 3429 radii
1173 3391 1315 3444 corporum
1336 3371 1487 3427 coelestium
1505 3372 1624 3426 maxime
1648 3390 1685 3428 ex

45 3447 141 3517 proles
156 3464 193 3503 ex
210 3447 327 3521 conjuge
341 3448 421 3505 Echo
438 3466 507 3517 esse,
521 3467 539 3504 a
558 3449 696 3505 nonnullis
709 3450 850 3506 existima·
888 3457 1039 3528 longinquo
1062 3463 1209 3526 operantur
1233 3461 1260 3506 et
1283 3457 1435 3523 penetrant.
1485 3452 1556 3512 Quin
1577 3460 1604 3506 et
1628 3452 1683 3518 Sol,

45 3527 138 3583 bflml'·
889 3536 1005 3607 quando,
1027 3543 1104 3606 parte
1126 3533 1264 3603 superiore
1289 3534 1349 3601 ejus
1368 3532 1439 3586 nube
1460 3531 1593 3596 obvoluta,
1614 3532 1684 3586 radii

84 3607 196 3663 Fabula
208 3606 316 3671 110le
331 3608 355 3662 01
370 3627 432 3680 11011
447 3607 510 3672 0110,
524 3616 606 3680 atque
623 3615 728 3664 natura
742 3609 850 3664 arcanis
888 3615 1001 3670 inferius
1015 3621 1167 3686 erumpunt,
1182 3612 1216 3665 ad
1230 3620 1368 3682 aspectum
1382 3610 1511 3666 barbatus
1524 3611 1650 3665 cernitur.

43 3694 73 3741 et
86 3687 230 3756 mysteriis
242 3687 362 3758 3111111111,
378 3696 406 3742 et
420 3689 498 3758 (111001
512 3688 637 3744 (11110111οι
927 3694 1020 3749 Etiam
1035 3710 1132 3764 corpus
1146 3701 1249 3747 naturae
1260 3692 1411 3745 rectissime
1425 3690 1585 3746 describitur
1598 3690 1683 3745 bifor-

84 3767 148 3821 Pan
158 3764 239 3843 (utet
246 3782 345 3821 nomen
354 3767 444 3837 ipsum
454 3768 537 3821 etiam
544 3763 638 3842 sonat)
646 3767 849 3822 universitatem
887 3791 940 3839 me,
958 3774 993 3829 ob
1010 3773 1188 3827 differentiam
1203 3788 1348 3842 corporum
1361 3770 1531 3841 auperiomm
1548 3778 1576 3824 et
1588 3769 1684 3825 inieri-

42 3864 147 3911 rerum,
162 3846 367 3910 sirenaturam,
383 3854 558 3918 repraesentat
579 3854 608 3901 et
627 3848 762 3918 proponit.
804 3844 847 3902 De
887 3871 972 3909 orum,
1015 3849 1583 3921 Illaenim,obpulehretudinemetmoms
1591 3867 1682 3920 aequa.

42 3925 132 3994 hujus
153 3925 259 3998 origine
273 3925 374 3997 duplex
397 3926 508 3980 omnino
531 3927 664 3981 sententia
685 3935 742 3990 est;
765 3933 848 3997 atque
887 3933 1022 3988 bilitatem
1035 3940 1063 3986 et
1073 3931 1260 3995 constantiam,
1271 3946 1378 3985 necnon
1388 3928 1533 4000 imperium
1542 3928 1571 3982 in
1582 3936 1683 3984 terram

42 4006 117 4060 adeo
130 4022 191 4059 esse
213 4012 316 4075 potest:
338 4012 384 4060 aut
406 4006 480 4060 enirn
503 4023 521 4059 a
540 4005 680 4061 Mercurio
703 4013 751 4071 est,
765 4004 848 4059 serbo
886 4021 914 4067 et
929 4013 1074 4076 terrestria,
1086 4011 1183 4065 merito
1197 4009 1247 4064 sub
1261 4008 1381 4063 humana
1393 4010 1481 4079 figura
1491 4018 1683 4078 repraesentan-

42 4085 154 4139 scilicet
173 4085 266 4139 divino
284 4085 369 4156 (quod
386 4095 414 4138 et
431 4103 516 4140 sacrae
536 4084 622 4139 literas
645 4094 723 4140 extra
744 4095 848 4140 contro-
885 4100 942 4147 tur:
964 4091 1023 4147 haee
1038 4100 1137 4155 autem,
1152 4090 1187 4143 ob
1199 4088 1430 4160 perturbationem
1441 4096 1468 4142 et
1481 4099 1571 4142 motus
1582 4088 1683 4143 incom.

41 4165 165 4219 10101001
178 4172 287 4234 1101111111,
302 4173 331 4218 et
348 4164 521 4237 philosophis
534 4165 576 4231 iis,
595 4165 643 4237 qui
656 4165 745 4236 magis
762 4166 846 4220 divini
886 4172 989 4242 positos
1003 4180 1030 4226 et
1043 4171 1114 4242 quod
1127 4186 1145 4223 a
1158 4168 1312 4224 ooelestibus
1326 4175 1460 4239 regantur,
1475 4168 1546 4222 bmti
1556 4167 1683 4225 animalis

41 4244 134 4298 habiti
149 4251 221 4309 sunt,
237 4244 326 4298 risum
341 4245 396 4312 est)
416 4253 462 4299 aut
477 4261 513 4299 ex
527 4245 748 4299 confusisrerum
763 4246 846 4299 semi·
885 4253 974 4324 figura
1004 4257 1131 4304 contenta
1158 4265 1218 4305 esse
1249 4254 1370 4319 possunt.
1430 4247 1534 4302 Eadem
1561 4249 1682 4320 corporis

40 4326 137 4380 nibus.
173 4323 846 4395 00100111001111110100101100111111111110000111111,
885 4331 1031 4401 descriptio
1058 4330 1176 4399 partinet
1199 4327 1233 4381 ad
1260 4326 1497 4397 participationem
1518 4328 1680 4398 specierum.

40 4403 142 4458 autad
159 4403 251 4457 Deum
272 4402 341 4457 illud
361 4402 527 4469 retulerunt;
558 4411 604 4457 sut
626 4404 649 4457 si
674 4405 846 4458 materiatum
885 4412 971 4467 Nulla
992 4410 1065 4464 enim
1084 4417 1181 4464 natura
1204 4405 1322 4477 simplex
1342 4407 1428 4461 videri
1446 4414 1541 4478 potest,
1560 4408 1607 4462 sed
1621 4416 1682 4462 tan.

40 4483 212 4554 principium
226 4482 327 4547 volunt,
342 4481 409 4537 illud
423 4492 513 4537 tamen
533 4483 657 4552 potentia
679 4483 784 4537 varium
806 4500 846 4538 aa
884 4509 966 4563 quam
990 4507 1026 4544 ex
1045 4489 1149 4543 duobus
1169 4488 1336 4559 participans
1357 4495 1385 4540 et
1404 4495 1538 4541 concreta
1590 4487 1682 4543 Habet

39 4571 208 4618 secuerunt:
238 4562 307 4616 adeo
329 4571 360 4616 ut
378 4565 467 4617 omnis
487 4562 643 4630 hujusmodi
664 4565 847 4618 controversia
884 4572 956 4626 enim
976 4569 1059 4624 homo
1072 4566 1198 4622 nonnihil
1218 4584 1255 4622 cx
1278 4567 1364 4631 bruto,
1378 4566 1486 4622 brutum
1500 4567 1624 4622 nonnihil
1646 4586 1683 4623 ex

39 4643 78 4697 ad
99 4642 178 4697 ssiam
201 4641 417 4696 distributionem
439 4643 588 4707 reducatur,
612 4648 643 4696 ut
662 4642 778 4697 mundus
801 4643 845 4708 sit,
884 4650 986 4721 planta,
994 4648 1088 4719 planta
1098 4645 1224 4702 nonnihil
1238 4664 1273 4701 ex
1287 4663 1398 4716 corpore
1410 4647 1569 4712 inanimato,
1580 4647 1683 4701 omnia·

39 4722 87 4778 vel
102 4738 122 4776 a
135 4720 282 4787 Mercurio,
296 4721 340 4775 101
354 4739 371 4774 a
384 4723 474 4792 procis
487 4721 621 4776 0111011111·
884 4748 936 4802 que
955 4744 1049 4784 revera
1068 4727 1196 4781 biformia
1213 4735 1275 4781 aunt
1292 4732 1320 4780 et
1333 4742 1369 4780 ex
1389 4727 1480 4796 speeie
1500 4727 1639 4797 superiore
1653 4735 1682 4782 et

103 4853 153 4902 ,N
212 4868 227 4900 u
282 4868 298 4900 n
311 4852 398 4902 tauri
547 4852 746 4900 “mem
883 4810 1012 4864 interiore
1027 4814 1176 4877 compacta.
1218 4805 1385 4860 Acutissima
1396 4814 1486 4861 autem
1498 4816 1540 4860 est
1550 4806 1682 4877 allegoria

103 4866 383 4972 εωᾞῑῖηᾝωψ,
394 4868 663 4978 ,ffifflpmfflw
674 4910 780 4969 sumt,
883 4890 917 4944 de
931 4887 1047 4960 pedibus
1063 4904 1160 4957 caprae,
1180 4895 1290 4957 propter
1308 4895 1412 4940 motum
1433 4886 1600 4940 ascensionis
1618 4903 1680 4939 cor·

102 4969 233 5037 1111110ῑά1
243 4969 313 5039 simul
323 4970 397 5032 ignis:
414 4969 486 5038 011111
496 4948 591 5015 eximia
601 4967 683 5037 primis
706 5026 722 5047 η
883 4986 980 5039 porum
1008 4966 1175 5021 terrestrium
1194 4983 1288 5020 versus
1308 4966 1434 5036 regiones
1454 4963 1526 5018 aeris
1546 4974 1574 5018 et
1600 4964 1679 5019 eoeli:

102 5029 201 5087 ⁰m¹¹¹²’
212 5034 237 5075 ⁰⁸
246 5042 296 5089 Ῥω
305 5035 373 5075 ‘⁰¹¹⁰'
382 5028 464 5074 ”mum
477 5026 724 5131 1011011*ξῖζὲώῇξᾶ
736 5082 767 5131 „L
778 5082 806 5131 31
882 5063 966 5118 capra
979 5047 1051 5103 enim
1075 5045 1177 5099 animal
1191 5046 1356 5100 scansiorum
1378 5052 1425 5108 est,
1440 5061 1525 5114 eaque
1539 5061 1554 5098 e
1569 5044 1681 5113 rupibus

652 5120 658 5132 ’
809 5118 815 5131 '
883 5127 1010 5199 pendere,
1031 5134 1111 5197 atque
1132 5125 1160 5178 iu
1181 5125 1340 5196 praecipitiis
1363 5123 1467 5178 hoerere
1487 5131 1574 5188 amat;
1610 5124 1680 5195 quod

35 5212 140 5269 Tertia
155 5218 248 5267 autem
261 5210 404 5282 generatio
418 5210 502 5265 Panis
515 5210 647 5279 ejusmodi
665 5217 714 5274 cst,
729 5217 759 5263 ut
773 5208 844 5263 ride·
883 5207 966 5262 etiam
993 5223 1045 5271 rea,
1073 5206 1138 5260 licet
1165 5205 1286 5259 interiori
1314 5204 1396 5275 globo
1428 5202 1576 5268 destinata,
1603 5203 1680 5259 miris

35 5301 125 5348 antrrr
146 5291 237 5347 Gnaei
260 5289 365 5360 aliquid
388 5290 422 5344 de
443 5290 622 5344 Hebraeorum
644 5289 787 5359 mysteriis,
801 5288 844 5342 rel
883 5287 970 5341 modis
984 5286 1094 5351 iaciunt,
1110 5293 1140 5338 ut
1153 5283 1182 5338 in
1196 5284 1314 5339 nubibus
1331 5288 1359 5337 et
1373 5283 1500 5337 meteoris
1514 5282 1680 5337 manifestis·

34 5390 92 5443 per
101 5371 247 5442 AEgyptios
257 5370 451 5436 intemuncios‚
460 5370 502 5423 vel
513 5368 843 5440 utcunque,inaudivisse;
882 5367 982 5421 simum
996 5373 1045 5421 est.

34 5451 164 5522 pertinet
177 5450 253 5505 enim
265 5448 301 5503 ad
314 5455 414 5504 statum
432 5449 526 5503 mundi
539 5465 594 5503 non
607 5449 637 5503 in
652 5449 735 5504 meris
749 5448 844 5502 natali·
923 5445 1048 5519 iusignia
1063 5452 1153 5499 autem
1167 5443 1196 5499 iu
1209 5441 1336 5498 manibus
1354 5439 1439 5497 Panis
1461 5440 1589 5523 duplicia
1630 5441 1680 5496 Al·

35 5532 93 5587 bus
109 5530 173 5599 suis,
189 5530 239 5587 sed
260 5535 323 5600 post
344 5528 452 5599 lapsum
468 5528 573 5596 Adami,
587 5530 668 5586 morti
686 5536 716 5584 et
737 5545 845 5600 corrup
882 5533 969 5581 terum
995 5525 1153 5591 harmonia,
1177 5522 1292 5578 alterum
1314 5520 1434 5593 imperii.
1475 5521 1583 5578 Fistula
1606 5523 1678 5578 enirn

407 5607 488 5662 222
