3800 5875
213 299 272 353 utu
835 292 1024 350 coGt‘rs‘ra
1044 294 1094 349 ET
1115 292 1209 348 VlSA.

213 459 297 528 pisse
337 455 440 513 Verum
458 461 488 511 ut
506 453 585 510 illum
603 453 747 517 mittamus,
761 451 904 507 Platonem
917 451 1006 506 virum
1041 458 1230 514 tusetrerum
1244 449 1366 505 civilium
1379 448 1577 514 inclinationes,
1590 448 1827 518 hujusmodisosi-

212 538 272 591 sine
286 535 369 589 dubio
382 534 486 589 altioris
499 532 603 604 ingenii
617 532 709 596 fuisse,
718 540 747 586 ut
760 532 807 603 qui
816 539 845 586 et
857 531 1006 585 formarum
1042 531 1141 585 tatibus
1155 530 1250 601 (etiam
1264 530 1294 583 iu
1303 528 1535 598 contemplativis)
1546 529 1666 583 muman
1679 537 1707 582 et
1719 529 1823 585 intensa

213 616 396 687 cognitionem
410 614 531 677 ambiret,
546 619 574 666 et
593 611 748 665 inductione
768 628 817 680 per
830 610 922 663 omnin
937 612 1004 678 (uun
1042 609 1216 674 exstitissent,
1243 608 1356 663 dubium
1382 606 1494 662 minime
1522 624 1591 673 esse,
1620 607 1685 678 quin
1712 616 1740 662 et
1768 608 1824 663 alie

214 695 249 748 ad
262 693 397 763 principia
411 694 527 759 tantum)
541 697 678 746 uteretur:
692 689 740 745 sed
754 688 846 744 inutili
857 688 1004 758 utrobique
1042 687 1136 743 multae
1162 689 1192 742 in
1217 687 1339 742 naturali
1364 686 1540 757 philosophia
1567 696 1648 741 sectae
1676 686 1824 742 innodares

214 772 326 837 ntione,
348 788 409 826 cum
429 770 597 825 inductiones
620 785 712 840 vegas,
734 769 834 822 formas
855 768 1004 821 abstractas
1042 766 1163 821 intiment
1204 765 1435 828 Quemadmodum
1449 767 1524 820 euim
1546 766 1575 819 in
1594 767 1825 831 mmnommiset
1885 798 1886 823 ι

213 858 354 921 preessent
367 859 395 904 et
411 849 550 919 reciperet.
591 849 681 919 Atque
703 848 784 916 hujus
803 845 961 917 philosophi
981 845 1004 899 ei
1041 845 1077 899 iis
1091 846 1189 917 quibus
1203 853 1305 900 terram
1317 845 1400 900 rotari
1415 846 1512 916 placet,
1527 852 1555 899 et
1568 846 1603 900 iis
1618 845 1666 915 qui
1678 863 1728 915 per
1739 862 1826 911 escen

213 931 275 1001 quis
288 929 417 984 attentius
425 936 454 982 et
464 929 565 998 scripta
578 934 606 981 et
619 944 708 981 mores
721 926 879 989 consideret,
893 942 957 979 eum
970 923 1004 977 de
1042 924 1124 978 tricos
1137 933 1166 978 et
1186 924 1322 994 epinyclos
1335 932 1425 978 motus
1438 924 1595 993 expediunt,
1610 939 1713 988 eorum,
1727 942 1784 996 qua
1800 925 1827 977 in

213 1007 387 1079 philosophia
404 1007 520 1061 naturali
540 1023 594 1061 non
608 1006 753 1060 admodum
771 1005 907 1060 solicitum
920 1002 1004 1057 fuisse
1042 1003 1119 1056 ecelis
1132 1003 1183 1058 sub
1196 1019 1277 1057 seusu
1290 1010 1430 1073 apparent,
1440 1002 1599 1073 maurinis,
1608 1010 1637 1057 et
1647 1004 1827 1057 mancationes

212 1087 336 1158 reperiet,
349 1087 403 1141 nisi
417 1097 549 1157 quatenus
563 1085 597 1139 ad
607 1084 766 1155 philosophi
780 1100 880 1138 nomen
895 1091 923 1137 et
935 1080 1005 1136 cele·
1042 1100 1128 1152 aequas
1141 1092 1169 1137 et
1189 1081 1320 1152 ancipites
1339 1089 1419 1145 sunt3
1441 1082 1508 1153 quin
1525 1088 1553 1137 et
1573 1082 1726 1138 tabularum
1739 1082 1827 1136 cdmii

213 1166 340 1221 britatem
366 1165 501 1229 tuendam,
530 1164 574 1218 vel
602 1164 637 1218 ad
664 1165 833 1233 majestatem
866 1162 1003 1232 quandam
1041 1163 1163 1231 utrisque
1184 1160 1364 1231 respondent:
1386 1160 1482 1215 eodem
1501 1161 1583 1215 modo
1603 1170 1633 1216 et
1651 1161 1739 1217 multo
1754 1163 1827 1216 etiam

212 1245 360 1299 moralibus
374 1253 402 1298 et
415 1243 541 1298 civilibus
551 1244 680 1297 doctrinis
691 1243 841 1297 addendam
855 1248 882 1296 et
895 1240 1004 1309 adeper·
1042 1238 1149 1295 facilius
1175 1256 1236 1295 esse
1269 1240 1299 1293 in
1330 1240 1449 1295 naturali
1479 1239 1657 1312 philosophia
1683 1241 1826 1312 complures

211 1324 329 1394 gendum
352 1323 495 1378 sufficeret.
535 1322 659 1378 Eundem
686 1331 809 1376 usturam
835 1336 890 1374 non
913 1320 1004 1374 minus
1026 1318 1519 1390 .the01tasexcogttue,longeintee
1535 1337 1566 1375 ee
1580 1320 1616 1375 ad
1629 1320 1748 1375 invicem
1761 1320 1827 1375 dide

214 1402 357 1474 theologia,
373 1419 454 1473 quam
468 1401 644 1456 Aristotelem
659 1400 809 1465 dialectica,
823 1399 951 1453 inficere:
966 1406 1003 1461 et,
1041 1404 1140 1464 rentes,
1154 1399 1203 1453 sed
1216 1406 1307 1452 tamen
1321 1397 1438 1469 siugulis
1450 1399 1503 1453 sibi
1517 1408 1683 1464 constantes,
1696 1407 1726 1454 et
1737 1401 1828 1454 instas

212 1481 345 1536 sinerum
358 1482 499 1537 dicendum
514 1489 564 1544 est,
579 1488 634 1534 tam
654 1497 739 1550 prope
752 1481 787 1535 ad
808 1480 906 1549 poitoe,
921 1493 1003 1549 quam
1042 1478 1141 1532 tiarum
1162 1477 1322 1549 vulgarium,
1344 1495 1405 1549 quae
1428 1479 1459 1533 in
1482 1478 1617 1546 daemon
1641 1480 1826 1551 questionibus

213 1559 260 1615 ille
287 1561 323 1615 ad
349 1561 479 1631 sophistes
499 1569 589 1631 partes
611 1560 749 1614 accedere.
791 1558 880 1629 Atque
904 1556 1003 1611 horum
1039 1557 1142 1625 judicia
1173 1573 1299 1611 exercere
1334 1555 1430 1622 solent,
1456 1558 1653 1628 suffragatione
1688 1559 1827 1623 abutentes,

213 1638 314 1710 placita
335 1656 371 1694 ex
390 1639 458 1710 ipsis
478 1639 597 1694 lontibus
614 1639 724 1693 haurire
740 1638 830 1701 licere,
845 1653 905 1690 cum
920 1651 1004 1705 opera
1042 1645 1123 1707 atque
1143 1636 1173 1689 in
1186 1637 1291 1691 diversa
1308 1634 1455 1690 trahentes.
1495 1637 1595 1708 Neque
1613 1639 1691 1692 enim
1711 1637 1826 1701 desum,

213 1735 308 1777 eorum
321 1726 435 1773 exstent.
476 1718 653 1789 Reliquorum
667 1733 739 1780 sero,
753 1714 925 1786 Pythagorae,
939 1714 1003 1768 Em·
1042 1716 1089 1787 qui
1103 1722 1196 1769 nostra
1209 1724 1238 1769 et
1250 1721 1358 1786 patrum
1371 1721 1450 1769 aetate
1464 1733 1548 1770 noras
1562 1716 1750 1787 philosophiae
1762 1727 1828 1772 ustu-

213 1798 344 1869 peduclis,
367 1796 510 1863 Heracliti,
526 1797 704 1867 Anaxagorae,
722 1795 878 1857 Democriti,
893 1793 1003 1847 Parme-
1042 1794 1108 1849 ralis
1122 1794 1239 1849 fabricas
1253 1794 1377 1848 meditati
1392 1801 1461 1850 sunt.
1502 1795 1577 1849 Nam
1591 1796 1735 1850 Telesiam
1748 1806 1829 1851 nosse

211 1877 293 1942 nidis,
315 1875 503 1946 Xenophanis,
525 1883 554 1930 et
571 1874 695 1940 aliorum,
715 1876 849 1929 diversam
868 1872 1003 1927 rationem
1042 1875 1172 1928 memoria
1194 1890 1303 1928 scenam
1327 1874 1524 1939 conscendisse,
1544 1883 1572 1929 et
1594 1892 1698 1930 noram
1720 1875 1829 1931 tabulam

212 1973 282 2022 esse,
297 1956 369 2027 quod
387 1956 496 2010 illorum
508 1953 649 2024 opiniones
668 1971 718 2025 per
730 1953 910 2008 internuntios
924 1968 1003 2023 quos·
1042 1953 1140 2022 egisse,
1154 1953 1242 2023 magis
1262 1960 1421 2023 argumento
1438 1953 1616 2022 probabilem,
1639 1972 1724 2025 quam
1744 1955 1829 2026 damn

213 2035 284 2101 dem,
297 2042 325 2089 et
339 2034 431 2097 lamas,
446 2040 474 2088 et
488 2033 642 2105 fragmenta
655 2032 822 2088 solummodo
835 2030 1002 2095 habeamus;
1041 2030 1193 2086 celebrem:
1217 2039 1245 2086 et
1271 2032 1471 2086 Fracastorium
1491 2049 1546 2087 non
1569 2034 1609 2087 ita
1632 2034 1749 2103 pridem,
1775 2036 1829 2089 lim

213 2126 293 2185 atque
315 2113 415 2166 idcirco
428 2113 530 2181 majore
548 2111 732 2183 inquisitione,
746 2127 778 2165 ac
799 2111 902 2178 majore
920 2110 1003 2164 etiam
1041 2126 1140 2165 noram
1153 2119 1255 2165 sectam
1275 2127 1330 2166 uon
1349 2110 1470 2181 elegerit,
1485 2120 1575 2167 tamen
1596 2110 1726 2168 libertate
1743 2115 1829 2182 joditii

211 2193 307 2261 judicii
318 2193 472 2263 integritate
485 2194 559 2262 (quse
568 2192 649 2246 sortis
659 2191 825 2261 iniquitatem
837 2188 922 2257 levet)
934 2204 1003 2259 opus
1042 2198 1070 2243 et
1080 2190 1266 2261 inquisitionis
1278 2189 1471 2245 honestissime
1486 2208 1566 2246 nsum
1580 2208 1659 2246 esee:
1683 2193 1828 2259 cerdonum
1885 2256 1886 2259 Ἴ

213 2288 282 2327 esse.
323 2271 378 2325 Sed
399 2277 572 2325 tamencum
595 2286 700 2324 summa
721 2269 864 2339 diligentis
885 2284 917 2322 sc
938 2284 1003 2321 cura
1042 2269 1122 2323 etiarn
1144 2286 1199 2323 non
1225 2269 1316 2323 minus
1337 2285 1441 2333 ausum,
1463 2270 1512 2324 sed
1534 2270 1679 2326 leviorem.
1721 2272 1788 2333 erin
1806 2282 1830 2326 et

212 2366 320 2406 omnem
334 2351 367 2404 de
381 2348 436 2403 illis
449 2349 619 2419 opinionibus
633 2355 871 2419 suramceptasse3
886 2355 917 2403 ut
930 2348 1003 2417 quic·
1041 2363 1128 2417 nuper
1142 2347 1293 2402 Gilbertum
1305 2355 1460 2413 nosuatem,
1476 2366 1538 2404 cnm
1557 2357 1686 2405 nauatam
1704 2353 1829 2422 magnetis

211 2430 278 2501 quid
291 2429 324 2483 de
335 2429 400 2493 illis,
415 2428 460 2484 vel
472 2428 537 2483 dum
555 2428 590 2483 ab
605 2426 748 2483 Aristotele
767 2427 945 2490 confutantur,
959 2426 1003 2479 vel
1041 2426 1253 2481 laboriosissime
1267 2435 1296 2482 et
1308 2444 1409 2498 magns
1427 2428 1524 2496 judicii
1544 2429 1714 2484 firmitudine
1732 2441 1759 2484 et
1777 2447 1830 2484 oon-

212 2510 277 2563 dum
290 2526 307 2561 a
320 2507 440 2574 Platone,
454 2507 498 2562 vel
520 2508 650 2562 Cicerone
671 2508 802 2562 citanture
823 2505 867 2561 vel
888 2506 917 2560 in
936 2504 1002 2559 Plu·
1042 2506 1150 2571 stantia,
1165 2522 1269 2560 necnon
1288 2507 1534 2577 experimentorum
1548 2525 1652 2579 magno
1665 2510 1794 2564 comitatu
1805 2518 1830 2564 et

213 2588 300 2643 tarchi
319 2587 454 2651 fasciculo,
468 2587 512 2642 vel
529 2587 559 2642 in
580 2586 683 2642 Ln'eIrtii
697 2588 768 2651 sitis,
781 2585 824 2641 vel
844 2586 871 2639 in
881 2585 1001 2640 Lucretii
1042 2585 1098 2639 iere
1108 2586 1225 2656 agmine,
1236 2594 1418 2655 perscrutatus
1429 2596 1506 2651 esset,
1515 2588 1608 2642 statim
1618 2605 1700 2644 norae
1710 2590 1739 2644 in
1752 2590 1831 2660 philo

213 2665 345 2738 pcdmate,
357 2666 401 2721 vel
421 2666 521 2722 alicubi
540 2667 570 2722 in
588 2667 683 2738 quasis
697 2666 751 2720 alia
765 2682 859 2737 sparsa
873 2666 1003 2719 memoris
1042 2664 1140 2734 sophis
1153 2664 1269 2719 namrali
1282 2673 1363 2719 sectae
1376 2665 1520 2721 iruusruere
1531 2668 1664 2738 caepisse:
1686 2684 1738 2723 nec
1748 2669 1831 2723 Xeno

213 2754 241 2800 et
257 2748 392 2800 mentione
406 2746 522 2802 inveniri
541 2747 634 2818 possit,
650 2746 798 2801 evolvisse:
820 2753 847 2799 et
868 2761 929 2798 curn
950 2745 1002 2799 fide
1042 2744 1141 2813 phanis
1160 2760 1267 2799 nomen·
1280 2744 1310 2798 iu
1331 2743 1478 2800 ludibrium
1500 2762 1607 2801 sermm
1629 2749 1784 2818 expavisse,
1804 2750 1829 2802 in

136 2835 137 2839 ’
212 2834 240 2880 et
258 2826 361 2895 judicio
373 2825 473 2880 librato
489 2826 668 2882 examinasse.
710 2825 750 2880 Ac
771 2825 860 2896 primo
873 2840 937 2877 sene
953 2824 1001 2879 du·
1041 2824 1120 2892 cujus
1138 2823 1301 2878 sententiam
1319 2823 1476 2891 inclinabat.
1519 2826 1580 2880 Hos
1593 2826 1699 2897 itaque,
1714 2830 1829 2898 etsiqni

212 2903 287 2960 bium
303 2922 358 2960 non
376 2922 443 2969 esse,
458 2905 522 2977 quin
541 2906 565 2961 si
578 2905 720 2977 opiniones
732 2921 824 2960 eorum
838 2904 867 2958 in
887 2904 1003 2974 propriis
1042 2911 1112 2968 sunt,
1134 2910 1181 2958 aut
1204 2909 1288 2969 eruut,
1310 2901 1407 2958 horum
1427 2903 1539 2970 similes,
1558 2906 1735 2978 antiquorum
1753 2908 1831 2966 turbe

212 2993 352 3040 exstarent
366 2985 500 3056 operibus,
517 2987 646 3056 majorem
661 2985 853 3040 firmitudinem
867 2981 1002 3039 habiturn
1041 2985 1239 3056 aggregandos,
1258 2999 1338 3037 unam
1363 2983 1434 3038 enim
1452 2986 1623 3057 eandemque
1649 2987 1772 3042 omnium
1791 3005 1830 3042 rs·

212 3063 334 3130 fuissent,
347 3082 410 3118 cum
429 3064 594 3122 theoriarum
610 3065 681 3119 vires
699 3066 727 3119 iu
741 3071 847 3135 aptast
865 3079 894 3116 se
908 3073 1003 3118 mutuo
1042 3063 1144 3118 tionem
1164 3062 1269 3118 haberi.
1309 3062 1377 3118 Esse
1397 3063 1526 3119 nimirum
1548 3064 1676 3120 homines
1690 3067 1831 3121 secmednm
1885 3117 1886 3128 ,

213 3143 360 3198 sustinente
382 3144 498 3215 partium
519 3144 667 3208 harmonia,
684 3149 712 3198 et
729 3143 846 3215 quadam
865 3142 894 3197 iu
909 3143 1003 3197 orbem
1041 3158 1128 3211 pauca
1141 3141 1353 3213 pronuntiantes,
1365 3149 1395 3198 et
1407 3153 1532 3198 naturam
1545 3144 1645 3199 leviter
1658 3147 1829 3216 attingentes,

212 3221 439 3277 demonstratione
452 3224 606 3290 consistent,
614 3224 731 3294 ideoque
741 3241 790 3294 per
797 3229 887 3293 partes
898 3223 1003 3277 traditae
1041 3239 1091 3276 nec
1106 3223 1145 3277 its
1159 3240 1188 3277 se
1203 3222 1243 3277 illi
1258 3221 1449 3286 immiscentes,
1464 3231 1493 3278 ut
1507 3232 1556 3278 sut
1573 3226 1831 3296 contemplationum
1885 3267 1886 3278 ,

212 3301 403 3357 infirmasint:
417 3319 500 3373 quare
509 3318 563 3356 uon
574 3304 748 3372 contemptim
760 3303 793 3356 de
808 3301 863 3355 illis
870 3300 1002 3370 judicium
1040 3303 1189 3366 veritatem,
1214 3309 1259 3356 aut
1282 3318 1393 3372 operum
1418 3301 1562 3357 utilitatem
1586 3306 1699 3376 assequi
1723 3307 1835 3375 possint

213 3380 319 3435 fecisse.
361 3380 507 3452 Reperisse
529 3382 611 3435 etism
631 3382 703 3437 iuter
725 3382 826 3454 placita
848 3390 904 3435 tam
917 3382 1001 3446 varia,
1042 3381 1160 3437 Credere
1175 3381 1248 3436 enirn
1262 3398 1298 3435 ex
1313 3388 1352 3435 tot
1371 3380 1563 3454 philosophiis,
1577 3400 1628 3453 per
1648 3392 1689 3438 tot
1706 3402 1829 3439 macrum

212 3458 285 3514 haud
307 3475 394 3530 pauca
413 3460 443 3514 in
464 3461 652 3515 observatione
676 3470 788 3526 natura,
813 3468 841 3514 et
860 3476 1003 3516 causarum
1041 3462 1130 3531 spatia
1150 3461 1297 3516 elaboratis
1316 3469 1345 3514 et
1358 3460 1447 3525 cultis,
1461 3479 1496 3515 ne
1515 3479 1597 3516 unuin
1620 3463 1733 3533 quidem
1752 3481 1826 3533 expe-

213 3538 398 3610 assignatione
408 3556 462 3593 uon
475 3540 649 3611 indiligenter
659 3547 766 3604 notata;
788 3540 857 3594 alios
871 3547 962 3594 autem
974 3541 1002 3594 iu
1041 3541 1186 3595 rimenturn
1208 3540 1304 3593 adduci
1323 3556 1411 3610 posse,
1426 3542 1498 3611 qnod
1517 3542 1552 3595 ad
1570 3540 1714 3597 hominum
1735 3551 1830 3597 statum

212 3619 275 3672 aliis
289 3622 333 3688 (ut
346 3618 402 3673 fere
416 3619 475 3673 lieri
496 3618 576 3688 solet)
593 3620 728 3674 feliciores
741 3619 834 3674 luisse.
875 3619 1003 3675 Tantum·
1040 3618 1186 3676 levandum
1199 3629 1247 3674 aut
1264 3618 1483 3689 locupletandum
1504 3628 1615 3690 spectet,
1634 3629 1662 3675 et
1679 3622 1830 3691 hujusmodi

212 3698 292 3752 modo
313 3696 476 3768 Pythagorae
497 3697 608 3753 inventa
631 3709 659 3753 et
680 3699 780 3769 placita
800 3698 877 3768 (licet
896 3701 1002 3754 numeri
1041 3699 1271 3769 speculationibus
1285 3715 1348 3753 vere
1362 3706 1505 3768 acceptum
1519 3699 1614 3754 referri
1630 3702 1727 3771 possit
1763 3702 1829 3762 Qerin

212 3777 271 3845 ejus
293 3776 420 3848 quiddam
440 3776 584 3846 physicum
605 3778 734 3845 innuant)
756 3777 822 3832 talia
843 3778 945 3846 majore
967 3796 1003 3834 ex
1041 3786 1143 3844 contra,
1153 3778 1306 3834 Aristotelis
1315 3778 1348 3832 de
1358 3786 1472 3848 quatuor
1485 3779 1629 3834 elementis
1643 3790 1830 3842 commentum,

212 3864 290 3927 parte
304 3855 398 3923 inisse,
411 3873 472 3926 quae
486 3856 520 3910 ad
534 3857 654 3913 ordinem
672 3859 763 3927 potius
784 3857 918 3928 quendam
939 3857 1003 3912 reli-
1041 3859 1084 3913 cui
1098 3858 1157 3929 ipse
1173 3858 1261 3928 potius
1277 3858 1462 3913 auctoritatem
1475 3875 1557 3929 quam
1574 3859 1741 3930 prinq'pium
1760 3860 1832 3914 dedit

212 3936 350 4005 giosorum
363 3935 535 4000 fundandum,
551 3953 631 4008 quam
645 3937 679 3991 ad
693 3935 815 3992 scholam
834 3937 861 3991 in
880 3935 1003 4007 philoso·
1042 3939 1127 4008 (quod
1143 3937 1221 3991 avide
1238 3936 1380 3991 amedicis
1399 3946 1548 4008 acceptum,
1563 3947 1682 4007 quatuor
1696 3940 1833 4009 complex-

212 4012 279 4084 phia
293 4014 475 4084 aperiendam,
490 4016 671 4085 pertinerent;
687 4016 758 4087 quod
772 4024 800 4070 et
813 4023 1003 4071 eventuscom·
1040 4016 1142 4080 ionum,
1170 4023 1285 4087 quatuor
1311 4015 1462 4079 humorum,
1490 4024 1517 4070 et
1543 4027 1658 4089 quatuor
1684 4019 1831 4088 primarum

212 4093 348 4162 probavit.
389 4094 463 4148 Nam
476 4096 590 4150 eandem
598 4094 770 4166 disciplinam
784 4094 847 4166 plus
860 4096 889 4149 in
903 4095 1002 4150 haeresi
1041 4095 1201 4166 qualitatum
1226 4095 1429 4165 conjugationes
1452 4105 1563 4165 poetae
1588 4096 1685 4166 traxit)
1707 4107 1832 4169 tanquam

212 4171 429 4227 Manichaeorum
456 4180 484 4227 et
510 4174 699 4245 superstitione
724 4174 887 4239 Mabumeti,
920 4192 1001 4244 quam
1041 4174 1191 4245 malignum
1212 4174 1323 4245 aliquod
1341 4182 1370 4227 et
1386 4173 1534 4228 infaustum
1547 4175 1631 4240 sidus,
1647 4177 1785 4231 infinitam
1804 4184 1832 4230 et

212 4251 285 4320 apud
298 4251 483 4322 philosophos,
498 4252 624 4308 valuisse.
652 4252 783 4324 Reliquos
796 4270 860 4309 vero
873 4253 1003 4323 physicos
1040 4254 1191 4318 medicina,
1218 4269 1323 4307 necnon
1344 4253 1528 4323 compluribus
1552 4254 1722 4310 mechanicis
1744 4256 1832 4320 rebus,

212 4338 285 4384 certe
299 4330 400 4394 fuisse3
421 4339 501 4401 atque
520 4349 556 4386 ex
575 4333 609 4387 iis
628 4332 781 4399 nonnullos,
796 4333 843 4404 qui
858 4331 1002 4387 Aristotele
1042 4333 1209 4388 sterilitatem
1229 4331 1365 4395 attulisse;
1387 4332 1452 4387 dum
1470 4331 1597 4387 homines
1610 4350 1661 4403 per
1674 4333 1830 4403 hujumodi

212 4408 472 4479 longeeteltiuset
490 4412 595 4466 acutius
611 4412 780 4466 innatorum
793 4413 1001 4482 penetraverint.
1041 4413 1236 4466 concinnitates
1259 4418 1286 4465 et
1306 4411 1512 4481 compendiosas
1533 4412 1654 4483 ineptias
1677 4412 1733 4468 sibi
1757 4416 1833 4469 setis·

212 4487 301 4559 Atque
312 4486 388 4542 illum
398 4487 502 4542 scilicet
511 4490 735 4545 Ottourannorum
744 4508 819 4546 more
833 4491 861 4545 iu
875 4490 1003 4546 iratribus
1041 4491 1099 4545 fieri
1127 4491 1268 4561 patientes,
1294 4489 1334 4543 nil
1359 4489 1477 4559 amplius
1501 4499 1604 4545 curant
1646 4492 1832 4553 Questionum

212 4567 377 4622 trucidandis
399 4576 558 4637 occupatum
581 4570 682 4634 fuisses
704 4571 776 4641 quod
797 4577 825 4624 et
845 4570 870 4624 ei
892 4588 928 4624 ex
941 4578 1003 4624 voto
1041 4570 1150 4625 iuterim
1171 4577 1199 4624 et
1217 4569 1457 4624 controversiarum
1478 4570 1570 4624 turbas
1584 4571 1659 4624 circa
1677 4570 1831 4642 hujusmodi

212 4647 349 4702 successit
390 4645 492 4702 Verum
515 4656 544 4701 et
566 4649 599 4703 de
619 4647 771 4714 Aristotele,
790 4648 867 4704 etde
889 4648 1003 4719 reliquis
1042 4648 1231 4722 philosophias
1254 4647 1372 4720 undique
1393 4663 1489 4702 souare
1512 4656 1541 4703 et
1563 4649 1695 4716 volitarer
1716 4652 1787 4706 adeo
1807 4662 1833 4706 ut

211 4726 271 4781 istis
286 4725 396 4790 Grecis,
406 4742 461 4780 non
473 4726 605 4783 dissimile
617 4728 751 4796 judicium
765 4728 834 4792 fecit,
849 4744 909 4782 esse
922 4728 1003 4781 nimi·
1041 4727 1133 4782 fabula
1154 4728 1202 4783 illa
1223 4728 1257 4782 de
1280 4725 1372 4796 Scylla
1393 4727 1421 4781 iu
1443 4743 1490 4781 eas
1511 4727 1546 4781 ad
1564 4729 1657 4783 virum
1679 4741 1832 4799 competere

211 4822 271 4860 rum
294 4805 451 4873 hujusmodi
474 4804 575 4875 placita
596 4823 628 4861 ac
653 4807 772 4862 theorias
790 4807 874 4861 veluti
895 4807 1003 4860 diversa
1040 4807 1171 4872 videatur,
1198 4824 1259 4878 qum
1285 4807 1398 4878 νίιςίιιὶε
1425 4822 1456 4860 os
1482 4813 1510 4860 et
1536 4808 1642 4863 vultum
1670 4809 1779 4874 extulit,
1802 4811 1833 4865 ad

212 4884 380 4940 diversarum
406 4884 557 4940 fabularum
587 4886 615 4940 in
642 4886 750 4940 theatro
777 4893 945 4956 argumenta,
972 4886 1001 4939 in
1040 4893 1148 4942 uterum
1168 4902 1234 4940 vero
1258 4895 1378 4941 monstra
1404 4884 1532 4939 latrantia
1554 4888 1787 4958 succingebantur
1809 4901 1833 4943 et

212 4964 350 5035 quandam
378 4963 649 5030 verisimilitudinem,
678 4966 733 5019 alia
759 4964 920 5037 elegantius,
947 4964 1003 5019 alia
1041 4965 1224 5020 adhaerebant.
1266 4965 1308 5019 Ita
1331 4964 1433 5019 habere
1458 4971 1486 5018 et
1509 4965 1577 5019 istas
1595 4967 1740 5022 doctrinas
1761 4987 1833 5041 que·

210 5042 404 5113 negligentius,
428 5050 475 5097 ant
498 5044 617 5098 crassius
640 5046 771 5109 conficta,
795 5052 876 5115 atque
900 5043 1002 5098 habere
1040 5044 1104 5100 dam
1127 5044 1216 5115 primo
1236 5050 1349 5113 aspectu
1369 5042 1501 5114 speciose,
1525 5045 1574 5098 sed
1594 5063 1658 5100 cum
1682 5047 1718 5100 ad
1742 5058 1832 5118 partes

211 5122 283 5190 quod
297 5121 449 5176 fabularum
462 5123 603 5193 proprium
617 5130 665 5186 est,
676 5132 705 5176 ut
718 5124 790 5177 veris
803 5122 1002 5177 narrationibus
1040 5123 1221 5194 generationis
1245 5131 1354 5178 ventum
1378 5132 1427 5187 est,
1448 5130 1478 5178 ut
1496 5121 1615 5178 fructum
1636 5143 1673 5180 ex
1696 5143 1726 5179 se
1744 5127 1831 5190 edant,

211 5201 386 5254 concinniora
408 5208 436 5254 et
458 5201 641 5255 commodiora
661 5201 811 5256 videantur.
853 5203 953 5272 Neque
973 5201 1002 5255 in
1040 5210 1098 5257 turn
1124 5200 1164 5256 nil
1191 5209 1290 5272 prater
1316 5201 1380 5256 lites
1408 5210 1436 5256 et
1462 5202 1600 5272 inquietas
1631 5204 1832 5274 disputationes

211 5278 272 5332 istis
286 5287 389 5334 tantum
404 5278 535 5334 exhibitis
549 5287 577 5332 et
591 5278 734 5349 publicatis
750 5279 871 5343 theoriis,
885 5280 1001 5335 humani
1040 5282 1244 5351 invenirique
1257 5288 1351 5352 pertus
1365 5281 1452 5335 ricem
1466 5281 1617 5338 obtineant.
1662 5283 1750 5356 Atque
1766 5284 1831 5339 illud

210 5356 315 5426 ingenii
341 5358 572 5429 peregrinationes
599 5364 628 5411 et
654 5374 758 5412 errores
785 5375 814 5412 se
838 5360 933 5413 sistere
957 5368 1003 5413 sut
1040 5361 1149 5415 interius
1174 5360 1328 5426 notandum,
1351 5377 1412 5431 qun
1437 5359 1470 5414 de
1497 5359 1661 5429 placitorum
1686 5363 1855 5432 rejectione·

211 5436 282 5489 liniri
297 5436 427 5505 potuisse.
470 5437 532 5491 Nisi
545 5437 617 5494 euim
628 5454 716 5492 mores
730 5437 871 5493 hominurn
882 5445 908 5492 et
922 5439 1002 5493 affec·
1040 5439 1111 5494 dicta
1136 5448 1206 5507 suut,
1228 5439 1402 5511 opinionibus
1419 5446 1541 5511 tanturn,¹
1554 5457 1609 5498 uon
1629 5442 1749 5514 ingeniis
1769 5459 1830 5498 aue·
