3800 5875
586 274 771 331 HISTORIA
792 274 890 330 Vl'l'AE
910 274 968 349 ΕΤ(
980 275 1135 332 Montis.
1616 268 1674 334 573

70 451 148 490 centu
160 434 257 489 senium
269 433 439 499 austerioris,
460 433 551 489 sedin
565 433 621 487 vita
639 435 747 504 privata
759 433 838 506 spiri-
875 434 928 488 isse
953 440 1027 488 certa
1048 450 1092 488 res
1115 438 1175 500 est3
1196 436 1286 503 atque,
1305 438 1367 503 post
1388 430 1541 486 consularia
1559 432 1675 502 imperia

70 524 199 585 tangerem
210 513 285 577 altos,
299 521 327 568 ct
339 513 393 567 late
407 513 516 584 fulgens
527 529 562 566 ex
577 513 700 569 obscuro.
876 511 991 566 feliciter
1004 512 1199 576 administrata,
1214 512 1370 583 pontificem
1390 512 1542 566 maximum
1560 511 1618 577 jam
1632 527 1674 566 se·

102 592 139 647 ta.
158 592 192 646 At
211 609 286 662 papea
307 591 426 648 Romani
446 602 621 647 numerantur
643 592 752 647 ducenti
774 607 838 661 qua·
876 608 939 645 nem
960 598 1080 646 creatum
1094 609 1162 656 esse,
1177 598 1203 645 et
1224 607 1301 645 sacra
1320 590 1480 665 per·viginti
1502 590 1569 643 duos
1589 606 1674 643 annos

69 672 174 743 draginta
194 688 278 737 uuus;
304 690 340 726 ex
360 680 435 726 tanto
457 688 570 726 numero
594 671 714 742 quinque
739 670 838 725 solum·
876 678 1021 735 tractasscc
1042 688 1131 742 neque
1143 687 1189 725 ore
1203 670 1232 723 in
1243 671 1313 724 votis
1322 668 1511 739 nuncupandis
1522 668 1673 735 haesitante,

69 753 133 805 modo
157 752 327 821 octogenarii,
356 760 403 805 aut
426 768 509 821 supra
532 751 718 819 reperiuntur:
747 751 838 820 primi·
875 750 1007 821 usquein
1021 750 1161 806 sacrificiis
1176 749 1309 803 faciendis
1323 748 1437 804 tremula
1451 764 1534 801 manu
1546 755 1672 802 utentem.

69 831 119 883 tisis
136 838 219 884 autem
234 831 418 900 compluribus
436 831 510 898 justa
524 837 589 882 aetas
603 829 728 899 martyrii
742 845 839 898 praeeo
878 829 998 899 Appium
1012 829 1122 884 Coectam
1133 829 1340 883 annosissimam
1351 828 1434 883 luisse
1445 836 1565 890 constat;
1587 843 1673 881 annos

69 911 143 980 gatira
161 910 305 980 anticipata
328 918 379 963 est.
420 909 548 972 loannes,
573 909 719 963 vicesimus
745 908 839 963 tertius
877 925 931 962 non
944 916 1103 972 numerant3
1127 925 1241 980 quorum
1254 916 1359 978 partem
1374 909 1513 975 majorem,
1528 915 1673 977 postquam

69 1006 126 1059 papa
146 988 288 1053 Romanus,
307 988 515 1058 nonagesimum
536 988 624 1042 atatis
645 1005 746 1041 annum
765 1004 839 1041 com·
877 987 1026 1042 luminibus
1040 988 1149 1041 orbatus
1163 995 1242 1051 esset,
1257 988 1405 1057 transegit;
1427 1002 1514 1056 neque
1530 995 1673 1055 propterca

69 1067 151 1137 piceit3
170 1068 211 1120 vir
230 1067 335 1138 ingenii
356 1068 479 1138 inquieti,
494 1074 521 1119 et
534 1068 612 1121 novis
626 1067 706 1121 rebus
720 1068 838 1129 studens,
877 1065 1004 1131 mollitus,
1020 1066 1150 1121 familiam
1171 1083 1351 1130 numerosam,
1366 1065 1508 1119 clientelas
1529 1065 1673 1136 quamplu-

68 1154 89 1199 et
110 1145 186 1200 multa
212 1147 385 1211 transferens,
413 1146 544 1201 nonnulla
576 1145 606 1201 in
632 1146 738 1209 melius,
766 1145 840 1201 haud
878 1146 970 1209 rimas,
985 1146 1135 1216 quinetiam
1149 1145 1344 1216 rempublicam
1359 1145 1503 1199 fortissime
1517 1145 1601 1208 rexit;
1624 1161 1673 1198 ex·

69 1241 139 1294 pauca
156 1226 183 1279 in
206 1224 294 1290 aliud;
316 1242 431 1296 magnus
453 1234 543 1280 autem
567 1241 648 1296 opum
669 1232 696 1279 et
718 1223 839 1279 thesauri
878 1233 965 1280 trema
974 1242 1039 1279 vero
1052 1233 1131 1279 astate
1145 1224 1242 1278 lectica
1258 1225 1286 1278 in
1306 1233 1428 1279 senatum
1448 1222 1562 1286 delatus,
1576 1240 1673 1294 pacem

68 1304 237 1359 accumulator.
280 1305 428 1377 Gregorius
439 1304 528 1360 dicbus
539 1305 721 1368 duodecimus,
734 1312 840 1359 creatus
878 1322 939 1359 cum
953 1304 1061 1374 Pyrrho
1075 1303 1313 1359 vehementissime
1325 1302 1468 1365 dissuasit;
1484 1302 1560 1369 cujus
1573 1302 1673 1372 princi-

68 1400 126 1452 pspa
137 1384 163 1436 in
176 1383 330 1449 schismate,
344 1391 373 1439 et
392 1385 469 1454 quasi
489 1385 617 1448 interrex,
639 1384 840 1453 nonagenarius
878 1385 953 1454 pium
970 1384 1102 1438 orationis
1115 1383 1259 1439 admodum
1272 1382 1455 1445 memorabile,
1470 1388 1496 1435 et
1514 1381 1671 1436 invincibile

68 1462 134 1525 obilu
151 1463 183 1517 de
196 1479 229 1516 eo
242 1473 354 1535 propter
366 1464 528 1518 brevitatem
541 1470 656 1533 papatus
676 1460 746 1517 nihil
766 1464 841 1516 inve·
879 1463 1013 1533 quoddam
1027 1464 1115 1528 robur,
1130 1471 1157 1518 et
1169 1464 1301 1533 impetum
1315 1462 1398 1515 animi
1413 1461 1527 1530 spirans.
1570 1460 1672 1531 “Mag-

67 1541 147 1606 nimus,
166 1543 236 1613 quod
260 1550 431 1598 annotemus.
470 1541 571 1596 Paulus
590 1542 686 1596 tertius
710 1542 745 1596 ad
765 1550 840 1597 octo-
878 1543 940 1606 na,”
956 1543 1055 1612 inquit,
1071 1543 1270 1613 “impatientia
1291 1537 1397 1616 (patres
1418 1535 1578 1612 conscripti)
1593 1541 1671 1595 caeci·

68 1620 130 1689 ginta
142 1628 167 1674 et
178 1638 263 1676 unum
276 1639 362 1676 annos
376 1622 459 1683 viait;
480 1621 523 1675 vir
543 1621 629 1675 sedati
643 1622 726 1675 animi
740 1629 768 1675 et
782 1639 841 1692 pro·
880 1629 962 1676 tatem
976 1639 1065 1675 meam
1075 1638 1124 1692 per
1137 1620 1228 1692 plures
1239 1622 1296 1689 jam
1310 1637 1396 1674 annos
1410 1619 1471 1683 tuli;
1493 1626 1520 1672 at
1539 1635 1609 1672 nunc
1624 1619 1672 1673 cti·

68 1698 129 1752 hodi
138 1700 247 1766 conmlii,
263 1701 337 1755 idem
351 1702 445 1755 doctus
456 1709 482 1754 et
496 1701 656 1771 astrologus,
671 1708 698 1753 et
711 1700 841 1755 valetudi-
879 1717 923 1754 nm
936 1718 980 1755 me
1000 1703 1110 1756 surdum
1125 1717 1232 1772 quoque
1247 1700 1405 1770 optaverim,
1420 1715 1482 1753 cum
1496 1715 1543 1752 vos
1558 1706 1613 1752 tam
1626 1698 1672 1752 de·

68 1793 117 1831 ncm
129 1778 243 1848 impense
258 1797 375 1851 regens3
396 1796 472 1834 more
484 1788 575 1834 autem
587 1779 685 1834 veteris
695 1780 840 1835 sacerdotis
879 1781 978 1834 formis
1004 1779 1117 1836 consilia
1145 1781 1248 1852 agitare
1271 1779 1405 1832 audiam.’'
1459 1778 1499 1832 M.
1527 1776 1671 1847 Perpenna

68 1854 103 1910 Eli
122 1857 258 1930 indulgens
282 1860 312 1913 in
335 1876 406 1915 suos.
448 1859 549 1914 Paulus
572 1866 683 1930 quartus
703 1859 842 1930 octoginta
880 1859 948 1913 vixit
970 1876 1054 1915 annos
1075 1860 1222 1930 nonaginta
1235 1865 1313 1922 octo;
1335 1858 1468 1922 omnibus,
1490 1872 1558 1927 quos
1578 1855 1671 1912 consul

69 1942 202 1992 turannos
216 1939 301 2004 riait;
322 1939 365 1994 vir
378 1945 475 1992 natura
496 1955 577 2009 asper
592 1949 620 1992 et
640 1954 757 2001 severus,
772 1937 842 1992 altos
879 1939 1042 1993 sententiam
1065 1939 1093 1992 in
1114 1946 1209 1993 senatu
1229 1945 1372 2009 rogaverat
1394 1936 1459 2005 (hoc
1480 1944 1528 2000 est,
1545 1936 1671 1991 omnibus

69 2030 148 2084 gerens
165 2017 282 2088 spiritus,
304 2025 333 2073 et
351 2018 520 2088 imperiosus,
543 2017 654 2088 ingenio
675 2018 841 2083 commotior,
879 2018 1048 2073 senatoribus
1062 2017 1104 2072 sui
1118 2018 1195 2085 anni)
1207 2025 1344 2087 superstes
1357 2015 1423 2070 fuit:
1445 2016 1526 2069 etiam
1537 2016 1670 2081 omnibus,

69 2110 172 2149 sermone
186 2095 316 2167 eloquens
329 2097 517 2166 etexpcditus.
559 2096 708 2167 Gregorius
722 2096 842 2151 decimus
880 2114 947 2167 quos
962 2096 1118 2168 paulopost
1132 2113 1227 2151 censor
1246 2096 1274 2150 in
1294 2103 1419 2149 senatum
1439 2093 1552 2165 legerat,
1567 2102 1672 2164 septem

69 2174 148 2228 tertius
157 2174 272 2229 similem
287 2182 397 2230 aetatem
407 2176 546 2247 octoginta
555 2176 636 2231 trium
648 2192 779 2230 annorum
793 2176 842 2230 im·
880 2183 982 2230 tantum
1006 2177 1136 2247 exceptis.
1190 2176 1285 2241 Hiero,
1307 2192 1357 2229 rex
1380 2173 1482 2229 Siciliae
1504 2175 1671 2243 temporibus

69 2249 152 2318 plerit;
169 2254 210 2308 vir
223 2253 513 2324 plauebonua,auimo
526 2261 678 2326 etcorporc
692 2271 781 2320 mnus,
796 2272 842 2327 po-
879 2254 945 2309 belli
968 2255 1063 2310 Punici
1086 2255 1205 2320 secundi,
1229 2255 1263 2308 ad
1288 2253 1466 2308 centesimum
1489 2253 1545 2307 fere
1570 2270 1672 2308 annum

68 2328 147 2396 liticur,
160 2338 332 2404 temperatus,
347 2342 488 2404 energetes
501 2342 530 2389 et
543 2334 780 2404 eleemosynarius.
879 2333 963 2399 sisit3
984 2335 1025 2388 sir
1039 2342 1065 2389 et
1079 2334 1212 2406 regimine
1224 2341 1252 2389 et
1263 2334 1383 2389 moribus
1398 2333 1564 2397 moderatum
1584 2333 1671 2387 numi·

102 2407 139 2465 19.
157 2410 221 2472 Quae
228 2422 385 2484 sequentur,
395 2415 488 2468 oraim
502 2414 665 2485 promiscua,
677 2413 740 2467 fidei
754 2414 841 2485 magis
879 2430 945 2467 num
955 2412 1049 2477 cultor,
1059 2421 1085 2468 et
1095 2414 1222 2468 amicitiae
1232 2419 1403 2467 conservator
1414 2411 1570 2482 religiosum
1591 2411 1671 2466 bene·

67 2484 345 2554 dubimobsersationc
361 2493 449 2564 magis
467 2494 570 2561 Jejuna,
584 2501 672 2547 emnt.
713 2493 775 2547 Rex
788 2494 841 2547 Ar·
880 2493 955 2556 licus,
977 2500 1005 2547 et
1023 2500 1178 2547 constantes
1200 2493 1358 2547 fortunatus.
1399 2491 1507 2546 statilia
1527 2508 1564 2545 ex
1584 2491 1670 2547 nobili

68 2568 221 2637 ganthonius,
236 2571 286 2643 qui
301 2573 423 2643 regnavit
436 2571 558 2627 Gadibus
574 2572 603 2625 in
618 2572 764 2642 Hispania,
778 2589 842 2627 cen·
880 2571 992 2638 familia,
1007 2570 1116 2626 Claudii
1130 2580 1258 2641 tempore,
1273 2572 1343 2625 vixit
1362 2586 1447 2624 annos
1458 2571 1607 2640 nonaginta
1619 2586 1670 2625 no·

68 2652 148 2701 tumet
161 2649 280 2722 triginta,
295 2660 341 2705 aut
356 2651 457 2723 (utalii
471 2648 582 2723 solunt)
597 2650 782 2723 quadraginta,
796 2668 842 2707 an·
879 2668 948 2705 vem.
1002 2650 1099 2706 Clodia
1126 2651 1201 2706 Ofilii
1234 2650 1289 2705 tilia
1315 2658 1425 2704 centum
1451 2656 1479 2703 ct
1506 2649 1669 2720 quindecim.

68 2728 191 2793 coauxit,
212 2730 355 2800 exquibus
369 2731 506 2803 octoginta
519 2730 658 2801 regnavit:
679 2730 713 2785 de
723 2731 842 2786 moribus
879 2730 1059 2800 Xenophilus,
1082 2730 1207 2801 antiquus
1229 2729 1415 2801 philosophus,
1436 2745 1451 2782 e
1472 2737 1547 2782 secta
1565 2727 1670 2799 Pytha·

68 2802 115 2870 sjua
133 2813 158 2860 et
175 2809 236 2863 ritae
260 2826 370 2881 genere,
385 2818 412 2864 et
432 2818 554 2880 tempore
577 2827 631 2881 quo
649 2809 724 2875 vixit,
739 2809 840 2866 siletur.
879 2827 961 2881 goras,
976 2818 1084 2864 centum
1097 2818 1124 2864 et
1146 2826 1195 2865 sex
1211 2826 1297 2864 annos
1310 2809 1386 2871 uixit,
1401 2823 1468 2862 sans
1481 2816 1510 2862 et
1522 2808 1613 2862 vivida
1627 2826 1671 2863 se·

69 2880 165 2955 Cinyras
180 2887 343 2959 Cypriomm
360 2906 410 2945 rex
431 2890 460 2945 in
482 2888 572 2946 insula
593 2888 649 2956 illa,
664 2897 728 2945 tunc
747 2889 842 2946 habita
879 2896 1034 2954 nectute,et
1047 2905 1147 2962 magna
1160 2889 1231 2959 apud
1246 2888 1357 2961 vulgum
1370 2886 1591 2942 doctrinaeiama.
1627 2888 1671 2943 ln-

68 2961 132 3018 beata
143 2975 168 3021 et
179 2968 341 3040 voluptaria,
355 2978 463 3024 centum
485 2969 681 3042 quinquaginta
696 2977 743 3024 aut
762 2986 841 3024 sexa·
879 2969 967 3024 sulani
981 2969 1119 3038 Corcyraei
1133 2969 1302 3024 habebantur
1321 2968 1385 3022 olim
1398 2968 1513 3032 vivaces,
1527 2968 1575 3021 sed
1588 2967 1670 3024 hodie

67 3041 220 3111 gintaannos
235 3049 339 3103 vixisse
355 3048 522 3119 perhibetur.
564 3048 656 3120 Reges
675 3049 729 3103 duo
749 3048 842 3104 Latini
880 3049 1017 3103 communi
1031 3048 1143 3104 aliorum
1159 3058 1229 3104 sorte
1244 3050 1343 3103 vivunt.
1385 3047 1567 3117 Hippocrates
1587 3046 1670 3112 Cous,

67 3120 90 3172 in
102 3122 179 3189 ltalia,
193 3135 272 3197 peter
286 3135 314 3181 et
328 3127 407 3193 tilius,
422 3128 489 3183 alter
503 3129 679 3199 octingentos,
694 3128 763 3183 alter
778 3145 841 3183 sex·
880 3129 1000 3182 medicus
1019 3128 1142 3199 insignis,
1164 3137 1273 3183 centum
1294 3136 1321 3181 et
1344 3135 1458 3197 quatuor
1476 3142 1562 3180 anuos
1582 3126 1669 3192 visits

67 3209 144 3256 centos
155 3221 245 3272 annos,
259 3207 363 3261 vixisse
378 3208 532 3274 tradunturs
546 3225 640 3262 verum
654 3206 706 3262 hoc
719 3217 842 3264 namatus
880 3217 1019 3279 artemque
1033 3225 1111 3262 suam
1122 3216 1178 3261 tam
1188 3208 1271 3278 longa
1280 3207 1336 3261 vita
1345 3206 1528 3277 comprobavit
1538 3214 1566 3259 et
1574 3205 1671 3261 hones·

67 3280 224 3356 aphuctogts
237 3286 408 3357 quibusdam,
420 3288 517 3359 quibus
528 3295 555 3341 et
567 3286 636 3356 ipsis
648 3284 764 3362 (caetera
776 3288 842 3343 satis
880 3288 962 3352 tavit;
977 3288 1085 3341 nircum
1093 3285 1462 3359 prudentiaquadamdoctus,
1470 3285 1671 3356 inexperientis

67 3359 179 3436 cunta)
192 3365 258 3419 fides
277 3366 318 3420 rei
338 3376 465 3436 suspecta
478 3375 527 3432 est,
541 3367 597 3422 imo
611 3366 748 3421 damnata.
790 3366 841 3421 Ar·
880 3375 906 3420 ct
928 3367 1115 3421 observatione
1134 3366 1251 3431 multus3
1281 3382 1336 3420 non
1358 3365 1441 3420 verba
1464 3371 1511 3419 aut
1530 3365 1671 3421 methodos

66 3437 146 3494 tadum
164 3460 241 3515 reges
263 3445 409 3500 nonnullos
429 3453 561 3500 trecentos
580 3462 664 3500 annos
677 3446 780 3500 vixisse
794 3445 841 3500 alii
880 3454 998 3515 captans,
1011 3446 1059 3500 sed
1071 3463 1168 3501 nervos
1178 3453 1283 3500 tantum
1297 3445 1416 3499 scientiae
1430 3461 1559 3514 separans
1569 3451 1596 3499 et
1607 3461 1670 3514 pro·

66 3519 171 3574 tradunt:
191 3524 267 3595 regio
281 3533 354 3578 certe
369 3525 499 3580 admtam
516 3524 627 3596 longam
647 3525 714 3579 satis
727 3525 840 3589 idonea;
879 3541 991 3594 ponens.
1031 3525 1176 3580 Demonax
1195 3524 1374 3594 philosophus
1387 3526 1454 3592 (non
1469 3524 1555 3578 solum
1568 3523 1671 3595 proies·

66 3610 100 3649 res
112 3598 216 3656 nonme
229 3602 332 3658 fabulis
342 3611 430 3660 aucta.
457 3604 578 3659 Narrant
588 3604 748 3659 Dandonem
759 3621 841 3676 quen·
879 3605 962 3667 mone,
977 3604 1025 3659 sed
1034 3603 1168 3671 moribus)
1181 3613 1301 3674 tempore
1310 3603 1429 3668 Adriani,
1440 3602 1475 3656 ad
1485 3604 1671 3659 centenarium

65 3671 115 3729 dam
127 3679 154 3732 in
168 3680 278 3751 Illyrico
292 3682 394 3753 absque
408 3684 586 3739 incommodis
600 3685 745 3738 senectutis
761 3685 840 3755 quin·
879 3682 935 3738 iere
949 3699 1050 3738 annum
1064 3684 1147 3748 vixit3
1163 3685 1204 3738 vir
1218 3685 1309 3754 magni
1323 3684 1414 3749 animi,
1428 3691 1509 3753 atque
1519 3682 1603 3737 animi
1617 3683 1671 3738 vic·

65 3764 145 3821 gentos
157 3775 239 3815 annos
250 3761 361 3817 vixisse.
403 3762 483 3834 Apud
495 3763 589 3834 Epioe,
600 3762 707 3817 AEtolioe
717 3762 841 3817 videlicet
878 3769 928 3826 tor,
941 3763 1023 3834 idque
1036 3780 1099 3818 vere
1120 3764 1178 3817 sine
1199 3763 1376 3827 affectatione,
1391 3773 1419 3817 et
1437 3762 1467 3815 in
1483 3763 1603 3816 maximo
1621 3761 1671 3818 hu·

64 3841 159 3901 panem
173 3846 284 3895 namant
295 3841 448 3897 universam
462 3851 572 3914 gentem
584 3842 727 3897 admodum
740 3842 840 3913 longae·
879 3858 1019 3897 manarum
1033 3861 1123 3897 rcmm
1140 3850 1303 3912 contemptu,
1318 3841 1407 3896 civilis
1425 3850 1452 3896 et
1472 3842 1599 3897 urbanus.
1641 3843 1670 3898 le

64 3915 219 3985 natasse,
240 3929 271 3975 ut
293 3920 369 3976 multi
383 3939 419 3976 ex
432 3922 476 3976 his
496 3922 629 3977 ducenum
649 3939 781 3976 annorum
796 3924 839 3976 in·
878 3939 940 3975 cum
964 3922 1044 3976 amici
1069 3923 1102 3976 de
1130 3920 1268 3992 sepultura
1295 3922 1380 3991 ipsius
1407 3920 1490 3975 verba
1517 3918 1669 3996 injicerent,

65 3992 123 4046 renti
136 3995 202 4062 sint;
224 3999 366 4056 intereos
388 4002 556 4072 precipuum
578 4001 714 4072 quendam
730 4002 839 4056 nomine
879 4005 895 4032 “
912 4001 1062 4065 Desinite,”
1084 4001 1179 4073 inquit,
1202 4001 1235 4055 de
1260 4000 1395 4070 sepultura
1418 4017 1527 4063 curare;
1556 4001 1670 4057 cadaver

64 4065 187 4141 Litorium,
201 4078 291 4133 virum
304 4079 439 4151 giganteae
453 4089 572 4145 staturae,
587 4081 634 4151 qui
649 4088 782 4135 trecentos
795 4097 840 4135 an·
878 4081 952 4134 enim
977 4080 1056 4136 t‘oetor
1078 4081 1220 4152 sepeliet.’'
1261 4080 1350 4150 Atque
1374 4080 1433 4145 i11i3
1455 4078 1580 4135 “Placet
1604 4098 1671 4152 ergo

64 4155 300 4238 sspssumnlaverat.
342 4159 375 4213 ln
389 4159 479 4214 'l'moli
493 4160 592 4214 montis
601 4159 712 4230 fastigio
722 4158 839 4235 (Temp-
878 4160 973 4213 avibus
986 4161 1157 4215 autcanibns
1171 4161 1316 4230 exponil”
1358 4158 1408 4213 Ille
1427 4176 1528 4224 mrsus,
1541 4165 1557 4191 “
1571 4159 1667 4226 Cum,’'

64 4233 241 4319 uentiquitns
264 4233 377 4310 vocato)
399 4238 523 4293 homines
551 4237 704 4309 complures
732 4248 839 4294 centum
877 4238 974 4309 inquit,
990 4239 1093 4294 “vivcu
1106 4240 1263 4295 hominibus
1276 4239 1405 4311 prodesse
1426 4255 1476 4311 pro
1489 4238 1593 4294 viribus
1607 4257 1670 4295 con·

64 4315 243 4383 qunquaginta
253 4333 339 4372 anuos
352 4318 454 4372 vixisse
468 4318 589 4372 maditus.
631 4317 739 4372 Sectam
751 4318 839 4373 Essa·
878 4319 1018 4383 tenderim,
1032 4337 1093 4390 quae.
1106 4319 1209 4373 invidia
1223 4326 1272 4383 est,
1286 4319 1310 4373 si
1325 4326 1445 4374 mortuus
1458 4317 1542 4373 etiam
1556 4319 1670 4375 animal·

64 4399 126 4478 num
138 4393 207 4462 apud
220 4394 237 4448 J
240 4394 331 4450 udreoa
345 4397 416 4451 ultra
428 4404 539 4452 centum
560 4413 645 4452 anuos
663 4398 840 4452 communiter
877 4397 939 4452 ibus
958 4398 1062 4470 aliquid
1075 4399 1210 4469 praebeam
1219 4398 1254 4451 P”
1295 4397 1415 4469 Populus
1430 4398 1670 4463 tucianensem

63 4479 149 4553 v{alsae
161 4473 283 4529 tradam:
304 4483 378 4530 aecta
391 4485 482 4532 antem
495 4476 542 4531 illa
556 4475 673 4547 simplici
692 4475 838 4531 admodum
877 4476 1016 4547 appellati,
1025 4478 1169 4533 admodum
1182 4477 1311 4548 longaevi,
1326 4478 1408 4531 etiam
1422 4495 1508 4550 usquc
1522 4477 1557 4531 ad
1568 4496 1669 4534 anuum

63 4540 130 4632 deu
148 4552 280 4619 utebatur,
295 4555 330 4609 ad
349 4555 473 4627 regulam
493 4553 667 4626 Pythagorae.
708 4554 839 4626 Appollo-
877 4555 1108 4612 ducentesimum:
1128 4557 1230 4611 addunt
1250 4573 1307 4611 rem
1327 4557 1542 4629 magismiram;
1563 4558 1670 4613 scilicet

62 4635 114 4680 mua
125 4624 256 4696 Tyaneus
270 4643 379 4689 centum
393 4651 477 4689 annos
491 4635 617 4699 excessit,
632 4641 743 4705 aspectu
758 4636 838 4707 (utin
876 4651 939 4689 cum
959 4636 1036 4706 pueri
1058 4637 1115 4691 fere
1136 4637 1251 4691 candido
1271 4636 1373 4708 capillo
1395 4636 1503 4701 luerint,
1528 4645 1668 4692 senectute

62 4705 126 4757 tante
136 4711 226 4779 atate)
241 4711 363 4782 pulcher,
373 4714 415 4767 vir
428 4723 501 4769 certe
515 4714 652 4777 mirificus,
663 4714 737 4784 apud
749 4715 839 4769 ethni·
877 4723 940 4769 ante
958 4716 1086 4769 canitiem
1100 4732 1146 4771 eos
1160 4716 1313 4786 nigrescere
1328 4718 1438 4771 solitos:
1460 4717 1488 4770 id
1501 4726 1592 4771 tamen
1605 4716 1667 4771 ubi·

62 4793 100 4834 cos
111 4784 210 4842 divium
223 4790 345 4858 habitus,
359 4793 432 4864 apud
448 4793 617 4848 Christianos
630 4810 742 4864 magum
764 4793 838 4849 victu
877 4810 929 4864 que
943 4794 1055 4864 vulgare
1066 4802 1114 4860 est,
1129 4802 1158 4848 ut
1167 4795 1259 4865 pueris
1272 4795 1405 4865 capillitio
1417 4795 1580 4860 candidiore,
1595 4794 1667 4850 virili

62 4855 253 4935 Pythagoricus,
277 4888 392 4942 magnus
411 4873 608 4944 peregrinator,
633 4889 733 4943 magna
756 4873 838 4929 etiem
876 4881 956 4927 etate
969 4873 1019 4944 pili
1033 4882 1169 4929 mutentur
1181 4874 1210 4927 in
1224 4874 1372 4931 obscurius.
1411 4875 1503 4930 Etiam
1516 4874 1604 4937 Seres,
1619 4874 1666 4928 ln-

61 4935 250 5013 damnarent,
265 4957 293 5003 et
305 4957 434 5022 tanquam
447 4968 497 5021 pro
515 4953 626 5008 numine
643 4951 745 5016 cultus3
767 4961 836 5007 atta·
875 4952 970 5007 dorum
994 4952 1117 5023 populus,
1131 4970 1194 5007 cum
1214 4953 1278 5007 eino
1297 4970 1347 5009 auo
1365 4972 1401 5010 ex
1421 4954 1528 5025 palmis,
1549 4953 1667 5024 longaevi

61 5030 115 5074 men
133 5024 180 5079 sub
198 5027 280 5081 finem
303 5030 391 5084 atatis
410 5030 594 5086 accusationes
615 5038 643 5085 et
661 5030 837 5087 contumelias
875 5031 1042 5096 habitisunt,
1053 5049 1137 5103 usque
1149 5033 1182 5086 ad
1194 5034 1477 5088 annumccnteaimum
1491 5032 1666 5089 tricesimum.

60 5109 151 5191 lmus
170 5105 240 5161 unde
262 5107 439 5164 nihilominus
461 5110 604 5166 incolumis
626 5128 735 5181 quoquo
757 5111 838 5165 modo
875 5110 1038 5181 Enrphranor
1051 5112 1243 5182 grammaticus
1256 5114 1398 5168 consenuit
1411 5112 1440 5166 in
1453 5111 1555 5177 schole,
1569 5118 1598 5166 et
1617 5112 1652 5166 do

60 5189 142 5266 estut.
179 5183 306 5241 Attamen
319 5205 353 5243 ne
366 5187 524 5260 longaevitas
537 5190 688 5246 susdioetae
700 5189 837 5262 Pythago-
875 5190 953 5244 cebat
976 5190 1077 5256 literas,
1100 5190 1172 5245 ultra
1192 5208 1293 5246 mnum
1314 5192 1499 5246 centesimum.
1553 5190 1668 5247 Ovidius

61 5261 211 5349 nearsolum
226 5265 366 5334 tribuatur,
378 5270 425 5323 sed
438 5269 520 5323 enam
532 5286 547 5324 e
561 5287 660 5340 genere
675 5286 725 5324 suo
734 5270 837 5339 aliquid
875 5269 972 5332 senior,
986 5269 1074 5339 poetae
1088 5279 1173 5341 pater,
1187 5272 1336 5341 nonaginta
1348 5287 1433 5325 annos
1442 5271 1525 5336 siaiu
1546 5270 1668 5328 diversus

60 5339 162 5395 “¹¹1⁸oe
179 5342 316 5410 videaturr
336 5364 403 5402 avus
422 5349 481 5416 ejus
501 5349 583 5404 etiam
602 5358 711 5403 centum
725 5349 838 5419 triginta
874 5365 891 5400 a
910 5348 1030 5403 moribus
1052 5351 1110 5415 filii,
1135 5358 1229 5421 utpote
1252 5351 1298 5421 qni
1323 5350 1418 5404 Musas
1444 5351 1615 5422 contempsit,
1640 5358 1669 5407 et

61 5419 222 5476 murteta
262 5422 536 5484 Quaestiunculas
553 5436 661 5483 centum
677 5428 836 5482 annosvix·
874 5426 1008 5498 poe'ticem
1023 5429 1079 5484 filio
1092 5429 1227 5485 dissuasit.
1269 5427 1379 5483 numus
1392 5428 1489 5496 Pollio,
1500 5429 1615 5503 Augusti
1630 5431 1668 5486 ie·
