<?xml version="1.0" encoding="UTF-8"?>
<!DOCTYPE html PUBLIC "-//W3C//DTD XHTML 1.0 Transitional//EN"
    "http://www.w3.org/TR/xhtml1/DTD/xhtml1-transitional.dtd">
<html xmlns="http://www.w3.org/1999/xhtml" xml:lang="en" lang="en">
 <head>
  <title>
</title>
<meta http-equiv="Content-Type" content="text/html;charset=utf-8" />
  <meta name='ocr-system' content='tesseract 3.04.00' />
  <meta name='ocr-capabilities' content='ocr_page ocr_carea ocr_par ocr_line ocrx_word'/>
</head>
<body>
  <div class='ocr_page' id='page_1' title='image "./workslordbaconw00bacogoog_0304.png"; bbox 0 0 3800 5875; ppageno 0'>
   <div class='ocr_carea' id='block_1_1' title="bbox 187 313 1149 382">
    <p class='ocr_par' dir='ltr' id='par_1_1' title="bbox 187 313 1149 382">
     <span class='ocr_line' id='line_1_1' title="bbox 187 313 1149 382; baseline -0.001 -9"><span class='ocrx_word' id='word_1_1' title='bbox 187 316 245 382; x_wconf 79' lang='lat'><strong>278</strong></span> <span class='ocrx_word' id='word_1_2' title='bbox 840 313 1029 372; x_wconf 78' lang='lat' dir='ltr'><strong>aucvoms</strong></span> <span class='ocrx_word' id='word_1_3' title='bbox 1050 313 1149 372; x_wconf 63' lang='lat' dir='ltr'><strong>Vl&#39;l&#39;h</strong></span> 
     </span>
    </p>
   </div>
   <div class='ocr_carea' id='block_1_2' title="bbox 177 470 1805 5488">
    <p class='ocr_par' dir='ltr' id='par_1_2' title="bbox 177 470 1805 5488">
     <span class='ocr_line' id='line_1_2' title="bbox 187 470 1803 548; baseline -0.003 -17"><span class='ocrx_word' id='word_1_4' title='bbox 187 483 195 509; x_wconf 91' lang='lat'><strong>‘</strong></span> <span class='ocrx_word' id='word_1_5' title='bbox 210 476 334 531; x_wconf 80' lang='lat' dir='ltr'>Historia</span> <span class='ocrx_word' id='word_1_6' title='bbox 348 475 428 548; x_wconf 88' lang='lat' dir='ltr'><strong>regni</strong></span> <span class='ocrx_word' id='word_1_7' title='bbox 442 474 557 531; x_wconf 86' lang='lat' dir='ltr'><strong>Henrici</strong></span> <span class='ocrx_word' id='word_1_8' title='bbox 571 473 683 546; x_wconf 86' lang='lat' dir='ltr'><strong>septimi</strong></span> <span class='ocrx_word' id='word_1_9' title='bbox 695 473 768 545; x_wconf 86' lang='lat' dir='ltr'><strong>regis</strong></span> <span class='ocrx_word' id='word_1_10' title='bbox 784 471 912 546; x_wconf 68' lang='lat' dir='ltr'><strong>anglise:</strong></span> <span class='ocrx_word' id='word_1_11' title='bbox 927 491 983 529; x_wconf 88' lang='lat' dir='ltr'><strong>ser-</strong></span> <span class='ocrx_word' id='word_1_12' title='bbox 1019 473 1174 529; x_wconf 88' lang='lat' dir='ltr'><strong>mortalium</strong></span> <span class='ocrx_word' id='word_1_13' title='bbox 1187 471 1345 528; x_wconf 89' lang='lat' dir='ltr'><strong>novissimis</strong></span> <span class='ocrx_word' id='word_1_14' title='bbox 1365 471 1411 527; x_wconf 90' lang='lat' dir='ltr'><strong>his</strong></span> <span class='ocrx_word' id='word_1_15' title='bbox 1427 471 1593 543; x_wconf 84' lang='lat' dir='ltr'><strong>temporibus</strong></span> <span class='ocrx_word' id='word_1_16' title='bbox 1606 470 1683 527; x_wconf 87' lang='lat' dir='ltr'><strong>radio</strong></span> <span class='ocrx_word' id='word_1_17' title='bbox 1696 471 1803 543; x_wconf 86' lang='lat' dir='ltr'><strong>quodam</strong></span> 
     </span>
     <span class='ocr_line' id='line_1_3' title="bbox 185 549 1803 626; baseline -0.002 -16"><span class='ocrx_word' id='word_1_18' title='bbox 185 573 266 610; x_wconf 89' lang='lat' dir='ltr'><strong>mone</strong></span> <span class='ocrx_word' id='word_1_19' title='bbox 294 557 389 626; x_wconf 90' lang='lat' dir='ltr'><strong>patrio.</strong></span> <span class='ocrx_word' id='word_1_20' title='bbox 446 555 675 610; x_wconf 67' lang='lat' dir='ltr'><strong>‘abecedarium</strong></span> <span class='ocrx_word' id='word_1_21' title='bbox 700 555 821 619; x_wconf 64' lang='lat' dir='ltr'><strong>natural</strong></span> <span class='ocrx_word' id='word_1_22' title='bbox 851 554 981 624; x_wconf 90' lang='lat' dir='ltr'><strong>scriptum</strong></span> <span class='ocrx_word' id='word_1_23' title='bbox 1020 554 1141 608; x_wconf 77' lang='lat' dir='ltr'><strong>scientim</strong></span> <span class='ocrx_word' id='word_1_24' title='bbox 1168 552 1298 607; x_wconf 78' lang='lat' dir='ltr'><strong>humanae</strong></span> <span class='ocrx_word' id='word_1_25' title='bbox 1329 549 1485 606; x_wconf 86' lang='lat' dir='ltr'><strong>illuminare</strong></span> <span class='ocrx_word' id='word_1_26' title='bbox 1513 551 1641 623; x_wconf 87' lang='lat' dir='ltr'><strong>dignatus</strong></span> <span class='ocrx_word' id='word_1_27' title='bbox 1665 551 1708 617; x_wconf 92' lang='lat' dir='ltr'><strong>sit,</strong></span> <span class='ocrx_word' id='word_1_28' title='bbox 1733 551 1803 608; x_wconf 86' lang='lat' dir='ltr'><strong>illum</strong></span> 
     </span>
     <span class='ocr_line' id='line_1_4' title="bbox 185 631 1805 707; baseline -0.002 -17"><span class='ocrx_word' id='word_1_29' title='bbox 185 635 424 707; x_wconf 85' lang='lat' dir='ltr'><strong>metaphysicum;</strong></span> <span class='ocrx_word' id='word_1_30' title='bbox 447 636 527 707; x_wconf 90' lang='lat' dir='ltr'><strong>quod,</strong></span> <span class='ocrx_word' id='word_1_31' title='bbox 541 633 635 690; x_wconf 90' lang='lat' dir='ltr'><strong>nescio</strong></span> <span class='ocrx_word' id='word_1_32' title='bbox 655 632 795 705; x_wconf 90' lang='lat' dir='ltr'><strong>quomalo</strong></span> <span class='ocrx_word' id='word_1_33' title='bbox 809 633 872 697; x_wconf 89' lang='lat' dir='ltr'><strong>fato,</strong></span> <span class='ocrx_word' id='word_1_34' title='bbox 891 634 981 703; x_wconf 80' lang='lat' dir='ltr'><strong>periit</strong></span> <span class='ocrx_word' id='word_1_35' title='bbox 1019 632 1114 703; x_wconf 90' lang='lat' dir='ltr'><strong>procul</strong></span> <span class='ocrx_word' id='word_1_36' title='bbox 1138 632 1220 687; x_wconf 91' lang='lat' dir='ltr'><strong>dubio</strong></span> <span class='ocrx_word' id='word_1_37' title='bbox 1238 631 1427 687; x_wconf 69' lang='lat' dir='ltr'><strong>illuminasse:</strong></span> <span class='ocrx_word' id='word_1_38' title='bbox 1456 647 1612 702; x_wconf 84' lang='lat' dir='ltr'><strong>quanquam</strong></span> <span class='ocrx_word' id='word_1_39' title='bbox 1625 631 1697 685; x_wconf 90' lang='lat' dir='ltr'><strong>enim</strong></span> <span class='ocrx_word' id='word_1_40' title='bbox 1718 631 1805 687; x_wconf 88' lang='lat' dir='ltr'><strong>sedulo</strong></span> 
     </span>
     <span class='ocr_line' id='line_1_5' title="bbox 187 710 1803 777; baseline -0.002 -8"><span class='ocrx_word' id='word_1_41' title='bbox 187 715 331 769; x_wconf 74' lang='lat' dir='ltr'>‘Historia</span> <span class='ocrx_word' id='word_1_42' title='bbox 353 717 510 769; x_wconf 69' lang='lat' dir='ltr'><strong>ventorum!</strong></span> <span class='ocrx_word' id='word_1_43' title='bbox 552 713 701 768; x_wconf 74' lang='lat' dir='ltr'>‘Historia</span> <span class='ocrx_word' id='word_1_44' title='bbox 724 713 787 768; x_wconf 79' lang='lat' dir='ltr'><strong>vitm</strong></span> <span class='ocrx_word' id='word_1_45' title='bbox 812 720 841 767; x_wconf 93' lang='lat' dir='ltr'><strong>et</strong></span> <span class='ocrx_word' id='word_1_46' title='bbox 864 713 979 768; x_wconf 76' lang='lat' dir='ltr'><strong>mortis.¹</strong></span> <span class='ocrx_word' id='word_1_47' title='bbox 1019 712 1104 767; x_wconf 90' lang='lat' dir='ltr'><strong>libros</strong></span> <span class='ocrx_word' id='word_1_48' title='bbox 1114 712 1258 777; x_wconf 88' lang='lat' dir='ltr'><strong>evolverat,</strong></span> <span class='ocrx_word' id='word_1_49' title='bbox 1269 729 1306 767; x_wconf 82' lang='lat' dir='ltr'><strong>ex</strong></span> <span class='ocrx_word' id='word_1_50' title='bbox 1315 710 1394 765; x_wconf 89' lang='lat' dir='ltr'><strong>libris</strong></span> <span class='ocrx_word' id='word_1_51' title='bbox 1403 719 1495 766; x_wconf 73' lang='lat' dir='ltr'><strong>umen</strong></span> <span class='ocrx_word' id='word_1_52' title='bbox 1505 712 1571 765; x_wconf 90' lang='lat' dir='ltr'><strong>solis</strong></span> <span class='ocrx_word' id='word_1_53' title='bbox 1584 711 1803 766; x_wconf 85' lang='lat' dir='ltr'><strong>scientismsasm</strong></span> 
     </span>
     <span class='ocr_line' id='line_1_6' title="bbox 186 789 1805 863; baseline -0.001 -16"><span class='ocrx_word' id='word_1_54' title='bbox 186 794 333 848; x_wconf 88' lang='lat' dir='ltr'><strong>‘Historia</strong></span> <span class='ocrx_word' id='word_1_55' title='bbox 348 796 425 849; x_wconf 87' lang='lat' dir='ltr'><strong>densi</strong></span> <span class='ocrx_word' id='word_1_56' title='bbox 438 803 464 848; x_wconf 92' lang='lat' dir='ltr'><strong>et</strong></span> <span class='ocrx_word' id='word_1_57' title='bbox 479 794 549 859; x_wconf 87' lang='lat' dir='ltr'><strong>rari,‘</strong></span> <span class='ocrx_word' id='word_1_58' title='bbox 562 794 621 861; x_wconf 88' lang='lat' dir='ltr'><strong>jam</strong></span> <span class='ocrx_word' id='word_1_59' title='bbox 631 792 749 863; x_wconf 90' lang='lat' dir='ltr'><strong>primum</strong></span> <span class='ocrx_word' id='word_1_60' title='bbox 759 793 832 863; x_wconf 90' lang='lat' dir='ltr'><strong>typis</strong></span> <span class='ocrx_word' id='word_1_61' title='bbox 843 793 979 847; x_wconf 85' lang='lat' dir='ltr'><strong>mandata</strong></span> <span class='ocrx_word' id='word_1_62' title='bbox 1019 792 1222 863; x_wconf 74' lang='lat' dir='ltr'>deprompsisse</span> <span class='ocrx_word' id='word_1_63' title='bbox 1239 791 1451 862; x_wconf 73' lang='lat' dir='ltr'><strong>haudquaquam</strong></span> <span class='ocrx_word' id='word_1_64' title='bbox 1464 790 1611 845; x_wconf 90' lang='lat' dir='ltr'><strong>concedere</strong></span> <span class='ocrx_word' id='word_1_65' title='bbox 1625 789 1695 856; x_wconf 86' lang='lat' dir='ltr'><strong>licet,</strong></span> <span class='ocrx_word' id='word_1_66' title='bbox 1709 791 1755 846; x_wconf 88' lang='lat' dir='ltr'><strong>sed</strong></span> <span class='ocrx_word' id='word_1_67' title='bbox 1771 808 1805 846; x_wconf 84' lang='lat' dir='ltr'><strong>ex</strong></span> 
     </span>
     <span class='ocr_line' id='line_1_7' title="bbox 186 871 1803 946; baseline -0.002 -19"><span class='ocrx_word' id='word_1_68' title='bbox 186 874 331 927; x_wconf 88' lang='lat' dir='ltr'><strong>‘Historia</strong></span> <span class='ocrx_word' id='word_1_69' title='bbox 350 875 442 946; x_wconf 82' lang='lat' dir='ltr'><strong>gravis</strong></span> <span class='ocrx_word' id='word_1_70' title='bbox 463 881 491 928; x_wconf 87' lang='lat' dir='ltr'><strong>et</strong></span> <span class='ocrx_word' id='word_1_71' title='bbox 509 873 595 937; x_wconf 77' lang='lat' dir='ltr'><strong>leria’</strong></span> <span class='ocrx_word' id='word_1_72' title='bbox 618 889 680 944; x_wconf 79' lang='lat' dir='ltr'><strong>qum</strong></span> <span class='ocrx_word' id='word_1_73' title='bbox 693 872 788 927; x_wconf 90' lang='lat' dir='ltr'><strong>itidem</strong></span> <span class='ocrx_word' id='word_1_74' title='bbox 807 872 899 943; x_wconf 92' lang='lat' dir='ltr'><strong>periit.</strong></span> <span class='ocrx_word' id='word_1_75' title='bbox 941 874 980 926; x_wconf 87' lang='lat' dir='ltr'><strong>Hi</strong></span> <span class='ocrx_word' id='word_1_76' title='bbox 1019 872 1161 942; x_wconf 89' lang='lat' dir='ltr'><strong>principiis</strong></span> <span class='ocrx_word' id='word_1_77' title='bbox 1171 880 1200 926; x_wconf 92' lang='lat' dir='ltr'><strong>et</strong></span> <span class='ocrx_word' id='word_1_78' title='bbox 1208 871 1365 926; x_wconf 87' lang='lat' dir='ltr'><strong>notionibus</strong></span> <span class='ocrx_word' id='word_1_79' title='bbox 1374 871 1546 942; x_wconf 86' lang='lat' dir='ltr'><strong>quibusdam,</strong></span> <span class='ocrx_word' id='word_1_80' title='bbox 1557 871 1803 936; x_wconf 64' lang='lat' dir='ltr'><strong>mnaseoooensim</strong></span> 
     </span>
     <span class='ocr_line' id='line_1_8' title="bbox 185 950 1802 1023; baseline -0.001 -17"><span class='ocrx_word' id='word_1_81' title='bbox 185 952 248 1007; x_wconf 90' lang='lat' dir='ltr'><strong>libri</strong></span> <span class='ocrx_word' id='word_1_82' title='bbox 274 953 348 1023; x_wconf 86' lang='lat' dir='ltr'><strong>stylo</strong></span> <span class='ocrx_word' id='word_1_83' title='bbox 371 954 495 1008; x_wconf 83' lang='lat' dir='ltr'><strong>Romano</strong></span> <span class='ocrx_word' id='word_1_84' title='bbox 517 952 675 1007; x_wconf 76' lang='lat' dir='ltr'><strong>elucubrati.</strong></span> <span class='ocrx_word' id='word_1_85' title='bbox 729 951 802 1006; x_wconf 88' lang='lat' dir='ltr'><strong>Dein</strong></span> <span class='ocrx_word' id='word_1_86' title='bbox 826 950 981 1023; x_wconf 88' lang='lat' dir='ltr'><strong>fragmenta</strong></span> <span class='ocrx_word' id='word_1_87' title='bbox 1019 968 1087 1022; x_wconf 87' lang='lat' dir='ltr'><strong>quas</strong></span> <span class='ocrx_word' id='word_1_88' title='bbox 1100 951 1280 1008; x_wconf 89' lang='lat' dir='ltr'><strong>nihilominus</strong></span> <span class='ocrx_word' id='word_1_89' title='bbox 1297 967 1353 1005; x_wconf 89' lang='lat' dir='ltr'><strong>nun</strong></span> <span class='ocrx_word' id='word_1_90' title='bbox 1372 959 1483 1016; x_wconf 88' lang='lat' dir='ltr'><strong>temere,</strong></span> <span class='ocrx_word' id='word_1_91' title='bbox 1497 951 1546 1005; x_wconf 86' lang='lat' dir='ltr'><strong>sed</strong></span> <span class='ocrx_word' id='word_1_92' title='bbox 1567 957 1645 1005; x_wconf 88' lang='lat' dir='ltr'><strong>caute</strong></span> <span class='ocrx_word' id='word_1_93' title='bbox 1660 950 1802 1015; x_wconf 79' lang='lat' dir='ltr'><strong>admodum,</strong></span> 
     </span>
     <span class='ocr_line' id='line_1_9' title="bbox 185 1029 1802 1104; baseline -0.001 -19"><span class='ocrx_word' id='word_1_94' title='bbox 185 1032 310 1103; x_wconf 72' lang='lat' dir='ltr'><strong>quasdam</strong></span> <span class='ocrx_word' id='word_1_95' title='bbox 332 1032 493 1104; x_wconf 67' lang='lat' dir='ltr'><strong>anglicana,</strong></span> <span class='ocrx_word' id='word_1_96' title='bbox 516 1050 577 1103; x_wconf 79' lang='lat' dir='ltr'><strong>quae</strong></span> <span class='ocrx_word' id='word_1_97' title='bbox 599 1032 716 1096; x_wconf 84' lang='lat' dir='ltr'><strong>fuerunt,</strong></span> <span class='ocrx_word' id='word_1_98' title='bbox 739 1031 927 1085; x_wconf 82' lang='lat' dir='ltr'>‘Dissertatio</span> <span class='ocrx_word' id='word_1_99' title='bbox 946 1031 980 1085; x_wconf 94' lang='lat' dir='ltr'><strong>de</strong></span> <span class='ocrx_word' id='word_1_100' title='bbox 1019 1032 1142 1097; x_wconf 90' lang='lat' dir='ltr'><strong>etlente,</strong></span> <span class='ocrx_word' id='word_1_101' title='bbox 1163 1029 1327 1102; x_wconf 78' lang='lat' dir='ltr'><strong>propalavit</strong></span> <span class='ocrx_word' id='word_1_102' title='bbox 1377 1029 1454 1102; x_wconf 88' lang='lat' dir='ltr'><strong>Opus</strong></span> <span class='ocrx_word' id='word_1_103' title='bbox 1476 1030 1545 1085; x_wconf 91' lang='lat' dir='ltr'><strong>illud</strong></span> <span class='ocrx_word' id='word_1_104' title='bbox 1567 1031 1670 1085; x_wconf 87' lang='lat' dir='ltr'><strong>‘Novi</strong></span> <span class='ocrx_word' id='word_1_105' title='bbox 1691 1030 1802 1100; x_wconf 84' lang='lat' dir='ltr'><strong>Orgsni&#39;</strong></span> 
     </span>
     <span class='ocr_line' id='line_1_10' title="bbox 184 1109 1803 1182; baseline -0.001 -18"><span class='ocrx_word' id='word_1_106' title='bbox 184 1111 258 1165; x_wconf 83' lang='lat' dir='ltr'><strong>ballo</strong></span> <span class='ocrx_word' id='word_1_107' title='bbox 268 1130 331 1166; x_wconf 90' lang='lat' dir='ltr'><strong>cum</strong></span> <span class='ocrx_word' id='word_1_108' title='bbox 344 1113 476 1182; x_wconf 85' lang='lat' dir='ltr'><strong>Hispanis</strong></span> <span class='ocrx_word' id='word_1_109' title='bbox 488 1112 624 1182; x_wconf 69' lang='lat' dir='ltr'><strong>gerendo!</strong></span> <span class='ocrx_word' id='word_1_110' title='bbox 647 1109 798 1182; x_wconf 80' lang='lat' dir='ltr'><strong>‘Dialogus</strong></span> <span class='ocrx_word' id='word_1_111' title='bbox 808 1110 842 1165; x_wconf 89' lang='lat' dir='ltr'><strong>de</strong></span> <span class='ocrx_word' id='word_1_112' title='bbox 856 1111 930 1164; x_wconf 88' lang='lat' dir='ltr'><strong>bello</strong></span> <span class='ocrx_word' id='word_1_113' title='bbox 939 1128 980 1166; x_wconf 85' lang='lat' dir='ltr'><strong>sa·</strong></span> <span class='ocrx_word' id='word_1_114' title='bbox 1020 1111 1077 1179; x_wconf 91' lang='lat' dir='ltr'><strong>(cui</strong></span> <span class='ocrx_word' id='word_1_115' title='bbox 1092 1112 1152 1182; x_wconf 89' lang='lat' dir='ltr'><strong>ipse</strong></span> <span class='ocrx_word' id='word_1_116' title='bbox 1164 1111 1239 1165; x_wconf 89' lang='lat' dir='ltr'><strong>inter</strong></span> <span class='ocrx_word' id='word_1_117' title='bbox 1253 1126 1337 1181; x_wconf 88' lang='lat' dir='ltr'><strong>opera</strong></span> <span class='ocrx_word' id='word_1_118' title='bbox 1350 1127 1400 1164; x_wconf 87' lang='lat' dir='ltr'><strong>sua</strong></span> <span class='ocrx_word' id='word_1_119' title='bbox 1413 1110 1517 1180; x_wconf 90' lang='lat' dir='ltr'><strong>primas</strong></span> <span class='ocrx_word' id='word_1_120' title='bbox 1536 1109 1644 1177; x_wconf 89' lang='lat' dir='ltr'><strong>tribuit)</strong></span> <span class='ocrx_word' id='word_1_121' title='bbox 1656 1110 1803 1179; x_wconf 76' lang='lat' dir='ltr'><strong>neutiquam</strong></span> 
     </span>
     <span class='ocr_line' id='line_1_11' title="bbox 185 1189 1803 1262; baseline -0.001 -17"><span class='ocrx_word' id='word_1_122' title='bbox 185 1193 249 1246; x_wconf 79' lang='lat' dir='ltr'><strong>cro.¹</strong></span> <span class='ocrx_word' id='word_1_123' title='bbox 272 1191 498 1246; x_wconf 79' lang='lat' dir='ltr'><strong>‘FabulaNovoe</strong></span> <span class='ocrx_word' id='word_1_124' title='bbox 513 1190 679 1245; x_wconf 63' lang='lat' dir='ltr'><strong>Artanada?</strong></span> <span class='ocrx_word' id='word_1_125' title='bbox 707 1190 859 1245; x_wconf 77' lang='lat' dir='ltr'><strong>‘Praefatio</strong></span> <span class='ocrx_word' id='word_1_126' title='bbox 871 1190 980 1261; x_wconf 84' lang='lat' dir='ltr'><strong>digesto</strong></span> <span class='ocrx_word' id='word_1_127' title='bbox 1019 1207 1087 1244; x_wconf 89' lang='lat' dir='ltr'><strong>sane</strong></span> <span class='ocrx_word' id='word_1_128' title='bbox 1109 1190 1240 1262; x_wconf 87' lang='lat' dir='ltr'><strong>cogitatio</strong></span> <span class='ocrx_word' id='word_1_129' title='bbox 1252 1189 1413 1254; x_wconf 91' lang='lat' dir='ltr'><strong>umbratilis,</strong></span> <span class='ocrx_word' id='word_1_130' title='bbox 1434 1197 1482 1245; x_wconf 88' lang='lat' dir='ltr'><strong>aut</strong></span> <span class='ocrx_word' id='word_1_131' title='bbox 1499 1189 1604 1244; x_wconf 83' lang='lat' dir='ltr'>cerebri</span> <span class='ocrx_word' id='word_1_132' title='bbox 1625 1189 1727 1261; x_wconf 92' lang='lat' dir='ltr'><strong>proprii</strong></span> <span class='ocrx_word' id='word_1_133' title='bbox 1740 1205 1803 1244; x_wconf 86' lang='lat' dir='ltr'><strong>eora-</strong></span> 
     </span>
     <span class='ocr_line' id='line_1_12' title="bbox 184 1268 1803 1342; baseline -0.002 -17"><span class='ocrx_word' id='word_1_134' title='bbox 184 1271 218 1325; x_wconf 88' lang='lat' dir='ltr'><strong>de</strong></span> <span class='ocrx_word' id='word_1_135' title='bbox 232 1271 340 1342; x_wconf 91' lang='lat' dir='ltr'><strong>legibus</strong></span> <span class='ocrx_word' id='word_1_136' title='bbox 352 1271 474 1342; x_wconf 79' lang='lat' dir='ltr'><strong>Angliae&#39;</strong></span> <span class='ocrx_word' id='word_1_137' title='bbox 490 1269 666 1342; x_wconf 78' lang='lat' dir='ltr'><strong>praefigenda.</strong></span> <span class='ocrx_word' id='word_1_138' title='bbox 698 1269 811 1324; x_wconf 82' lang='lat' dir='ltr'><strong>Initium</strong></span> <span class='ocrx_word' id='word_1_139' title='bbox 827 1270 979 1325; x_wconf 73' lang='lat' dir='ltr'><strong>‘Historia</strong></span> <span class='ocrx_word' id='word_1_140' title='bbox 1018 1278 1138 1324; x_wconf 89' lang='lat' dir='ltr'><strong>mentum</strong></span> <span class='ocrx_word' id='word_1_141' title='bbox 1153 1271 1222 1335; x_wconf 81' lang='lat' dir='ltr'><strong>fuit;</strong></span> <span class='ocrx_word' id='word_1_142' title='bbox 1243 1271 1291 1324; x_wconf 91' lang='lat' dir='ltr'><strong>sed</strong></span> <span class='ocrx_word' id='word_1_143' title='bbox 1306 1269 1392 1323; x_wconf 93' lang='lat' dir='ltr'><strong>veluti</strong></span> <span class='ocrx_word' id='word_1_144' title='bbox 1406 1270 1462 1324; x_wconf 78' lang='lat' dir='ltr'><strong>fixa</strong></span> <span class='ocrx_word' id='word_1_145' title='bbox 1475 1277 1504 1323; x_wconf 89' lang='lat' dir='ltr'><strong>et</strong></span> <span class='ocrx_word' id='word_1_146' title='bbox 1517 1269 1641 1323; x_wconf 85' lang='lat' dir='ltr'><strong>radicata</strong></span> <span class='ocrx_word' id='word_1_147' title='bbox 1653 1269 1733 1333; x_wconf 90' lang='lat' dir='ltr'><strong>notio,</strong></span> <span class='ocrx_word' id='word_1_148' title='bbox 1743 1268 1803 1322; x_wconf 85' lang='lat' dir='ltr'><strong>mul·</strong></span> 
     </span>
     <span class='ocr_line' id='line_1_13' title="bbox 184 1347 1803 1421; baseline -0.002 -17"><span class='ocrx_word' id='word_1_149' title='bbox 184 1352 263 1421; x_wconf 82' lang='lat' dir='ltr'><strong>regni</strong></span> <span class='ocrx_word' id='word_1_150' title='bbox 287 1351 402 1405; x_wconf 88' lang='lat' dir='ltr'><strong>Henrici</strong></span> <span class='ocrx_word' id='word_1_151' title='bbox 423 1352 512 1405; x_wconf 90' lang='lat' dir='ltr'><strong>octavi</strong></span> <span class='ocrx_word' id='word_1_152' title='bbox 530 1351 604 1421; x_wconf 88' lang='lat' dir='ltr'><strong>regis</strong></span> <span class='ocrx_word' id='word_1_153' title='bbox 622 1349 752 1420; x_wconf 69' lang='lat' dir='ltr'><strong>Angliar</strong></span> <span class='ocrx_word' id='word_1_154' title='bbox 789 1351 981 1405; x_wconf 88' lang='lat' dir='ltr'><strong>Intervenerat</strong></span> <span class='ocrx_word' id='word_1_155' title='bbox 1019 1358 1109 1404; x_wconf 90' lang='lat' dir='ltr'><strong>torum</strong></span> <span class='ocrx_word' id='word_1_156' title='bbox 1131 1366 1264 1404; x_wconf 90' lang='lat' dir='ltr'><strong>annorum</strong></span> <span class='ocrx_word' id='word_1_157' title='bbox 1286 1356 1314 1402; x_wconf 90' lang='lat' dir='ltr'><strong>et</strong></span> <span class='ocrx_word' id='word_1_158' title='bbox 1334 1347 1436 1404; x_wconf 90' lang='lat' dir='ltr'><strong>laboris</strong></span> <span class='ocrx_word' id='word_1_159' title='bbox 1460 1349 1579 1420; x_wconf 85' lang='lat' dir='ltr'>improbi</span> <span class='ocrx_word' id='word_1_160' title='bbox 1602 1348 1701 1419; x_wconf 80' lang='lat' dir='ltr'><strong>proles</strong></span> <span class='ocrx_word' id='word_1_161' title='bbox 1747 1347 1803 1417; x_wconf 84' lang='lat' dir='ltr'><strong>lpse</strong></span> 
     </span>
     <span class='ocr_line' id='line_1_14' title="bbox 184 1426 1803 1501; baseline -0.001 -18"><span class='ocrx_word' id='word_1_162' title='bbox 184 1446 253 1501; x_wconf 89' lang='lat' dir='ltr'><strong>opus</strong></span> <span class='ocrx_word' id='word_1_163' title='bbox 268 1435 275 1461; x_wconf 94' lang='lat'>‘</span> <span class='ocrx_word' id='word_1_164' title='bbox 288 1430 331 1485; x_wconf 91' lang='lat' dir='ltr'><strong>De</strong></span> <span class='ocrx_word' id='word_1_165' title='bbox 346 1431 501 1501; x_wconf 81' lang='lat' dir='ltr'><strong>augmentis</strong></span> <span class='ocrx_word' id='word_1_166' title='bbox 514 1430 689 1485; x_wconf 84' lang='lat' dir='ltr'><strong>scientiarum</strong></span> <span class='ocrx_word' id='word_1_167' title='bbox 700 1431 717 1493; x_wconf 72' lang='grc' dir='ltr'><strong>ς’</strong></span> <span class='ocrx_word' id='word_1_168' title='bbox 739 1430 767 1483; x_wconf 91' lang='lat' dir='ltr'><strong>iu</strong></span> <span class='ocrx_word' id='word_1_169' title='bbox 784 1447 839 1500; x_wconf 91' lang='lat' dir='ltr'><strong>quo</strong></span> <span class='ocrx_word' id='word_1_170' title='bbox 852 1447 867 1483; x_wconf 91' lang='lat' dir='ltr'><strong>e</strong></span> <span class='ocrx_word' id='word_1_171' title='bbox 881 1430 979 1500; x_wconf 87' lang='lat' dir='ltr'><strong>lingua</strong></span> <span class='ocrx_word' id='word_1_172' title='bbox 1017 1431 1114 1498; x_wconf 86' lang='lat' dir='ltr'><strong>reperi,</strong></span> <span class='ocrx_word' id='word_1_173' title='bbox 1137 1430 1168 1483; x_wconf 94' lang='lat' dir='ltr'><strong>in</strong></span> <span class='ocrx_word' id='word_1_174' title='bbox 1195 1428 1314 1483; x_wconf 85' lang='lat' dir='ltr'>archivis</span> <span class='ocrx_word' id='word_1_175' title='bbox 1337 1428 1530 1483; x_wconf 90' lang='lat' dir='ltr'><strong>dominationis</strong></span> <span class='ocrx_word' id='word_1_176' title='bbox 1554 1446 1620 1493; x_wconf 77' lang='lat' dir='ltr'><strong>sua,</strong></span> <span class='ocrx_word' id='word_1_177' title='bbox 1644 1426 1803 1499; x_wconf 79' lang='lat' dir='ltr'><strong>autographa</strong></span> 
     </span>
     <span class='ocr_line' id='line_1_15' title="bbox 183 1507 1802 1580; baseline -0.002 -17"><span class='ocrx_word' id='word_1_178' title='bbox 183 1510 338 1576; x_wconf 89' lang='lat' dir='ltr'><strong>vernacula,</strong></span> <span class='ocrx_word' id='word_1_179' title='bbox 356 1511 467 1580; x_wconf 91' lang='lat' dir='ltr'><strong>proprio</strong></span> <span class='ocrx_word' id='word_1_180' title='bbox 485 1518 580 1573; x_wconf 91' lang='lat' dir='ltr'><strong>marte,</strong></span> <span class='ocrx_word' id='word_1_181' title='bbox 594 1510 624 1563; x_wconf 92' lang='lat' dir='ltr'><strong>in</strong></span> <span class='ocrx_word' id='word_1_182' title='bbox 644 1508 775 1563; x_wconf 86' lang='lat' dir='ltr'><strong>Latinam</strong></span> <span class='ocrx_word' id='word_1_183' title='bbox 789 1509 980 1565; x_wconf 89' lang='lat' dir='ltr'><strong>transferendo</strong></span> <span class='ocrx_word' id='word_1_184' title='bbox 1017 1507 1079 1578; x_wconf 86' lang='lat' dir='ltr'><strong>plus</strong></span> <span class='ocrx_word' id='word_1_185' title='bbox 1100 1508 1194 1564; x_wconf 89' lang='lat' dir='ltr'><strong>minus</strong></span> <span class='ocrx_word' id='word_1_186' title='bbox 1217 1508 1357 1562; x_wconf 83' lang='lat' dir='ltr'><strong>duodecim</strong></span> <span class='ocrx_word' id='word_1_187' title='bbox 1379 1507 1506 1579; x_wconf 84' lang='lat' dir='ltr'><strong>‘Organi</strong></span> <span class='ocrx_word' id='word_1_188' title='bbox 1527 1509 1609 1573; x_wconf 87' lang='lat' dir='ltr'><strong>novi,’</strong></span> <span class='ocrx_word' id='word_1_189' title='bbox 1632 1509 1666 1563; x_wconf 88' lang='lat' dir='ltr'><strong>de</strong></span> <span class='ocrx_word' id='word_1_190' title='bbox 1687 1523 1756 1562; x_wconf 87' lang='lat' dir='ltr'><strong>anuo</strong></span> <span class='ocrx_word' id='word_1_191' title='bbox 1775 1508 1802 1561; x_wconf 91' lang='lat' dir='ltr'><strong>in</strong></span> 
     </span>
     <span class='ocr_line' id='line_1_16' title="bbox 183 1587 1803 1659; baseline -0.001 -16"><span class='ocrx_word' id='word_1_192' title='bbox 183 1587 411 1644; x_wconf 87' lang='lat' dir='ltr'><strong>honoratissimus</strong></span> <span class='ocrx_word' id='word_1_193' title='bbox 431 1597 524 1644; x_wconf 85' lang='lat' dir='ltr'><strong>auctor</strong></span> <span class='ocrx_word' id='word_1_194' title='bbox 541 1589 687 1659; x_wconf 89' lang='lat' dir='ltr'><strong>plurimum</strong></span> <span class='ocrx_word' id='word_1_195' title='bbox 706 1588 856 1652; x_wconf 86' lang='lat' dir='ltr'><strong>desudavit,</strong></span> <span class='ocrx_word' id='word_1_196' title='bbox 871 1596 898 1642; x_wconf 90' lang='lat' dir='ltr'><strong>et</strong></span> <span class='ocrx_word' id='word_1_197' title='bbox 912 1588 979 1643; x_wconf 86' lang='lat' dir='ltr'><strong>mul·</strong></span> <span class='ocrx_word' id='word_1_198' title='bbox 1017 1604 1120 1643; x_wconf 90' lang='lat' dir='ltr'><strong>annum</strong></span> <span class='ocrx_word' id='word_1_199' title='bbox 1134 1588 1272 1653; x_wconf 89' lang='lat' dir='ltr'><strong>elaborati,</strong></span> <span class='ocrx_word' id='word_1_200' title='bbox 1283 1596 1311 1642; x_wconf 95' lang='lat' dir='ltr'><strong>et</strong></span> <span class='ocrx_word' id='word_1_201' title='bbox 1324 1588 1359 1641; x_wconf 88' lang='lat' dir='ltr'><strong>ad</strong></span> <span class='ocrx_word' id='word_1_202' title='bbox 1371 1588 1498 1643; x_wconf 88' lang='lat' dir='ltr'><strong>incudem</strong></span> <span class='ocrx_word' id='word_1_203' title='bbox 1512 1588 1649 1653; x_wconf 75' lang='lat' dir='ltr'><strong>mvocati3</strong></span> <span class='ocrx_word' id='word_1_204' title='bbox 1670 1595 1698 1642; x_wconf 90' lang='lat' dir='ltr'><strong>et</strong></span> <span class='ocrx_word' id='word_1_205' title='bbox 1719 1587 1803 1658; x_wconf 86' lang='lat' dir='ltr'><strong>singu·</strong></span> 
     </span>
     <span class='ocr_line' id='line_1_17' title="bbox 183 1666 1801 1738; baseline -0.001 -17"><span class='ocrx_word' id='word_1_206' title='bbox 183 1667 220 1721; x_wconf 91' lang='lat' dir='ltr'><strong>tis</strong></span> <span class='ocrx_word' id='word_1_207' title='bbox 250 1669 366 1723; x_wconf 86' lang='lat' dir='ltr'><strong>subinde</strong></span> <span class='ocrx_word' id='word_1_208' title='bbox 397 1686 429 1722; x_wconf 93' lang='lat' dir='ltr'><strong>ac</strong></span> <span class='ocrx_word' id='word_1_209' title='bbox 462 1669 546 1723; x_wconf 89' lang='lat' dir='ltr'><strong>variis</strong></span> <span class='ocrx_word' id='word_1_210' title='bbox 579 1669 764 1723; x_wconf 87' lang='lat' dir='ltr'><strong>additionibus</strong></span> <span class='ocrx_word' id='word_1_211' title='bbox 793 1667 977 1738; x_wconf 87' lang='lat' dir='ltr'><strong>locupletavit.</strong></span> <span class='ocrx_word' id='word_1_212' title='bbox 1017 1666 1052 1721; x_wconf 90' lang='lat' dir='ltr'><strong>lis</strong></span> <span class='ocrx_word' id='word_1_213' title='bbox 1065 1668 1155 1733; x_wconf 90' lang='lat' dir='ltr'><strong>aunis,</strong></span> <span class='ocrx_word' id='word_1_214' title='bbox 1170 1668 1301 1722; x_wconf 90' lang='lat' dir='ltr'><strong>ulteriore</strong></span> <span class='ocrx_word' id='word_1_215' title='bbox 1315 1667 1381 1723; x_wconf 90' lang='lat' dir='ltr'><strong>lima</strong></span> <span class='ocrx_word' id='word_1_216' title='bbox 1398 1667 1512 1722; x_wconf 86' lang='lat' dir='ltr'><strong>subinde</strong></span> <span class='ocrx_word' id='word_1_217' title='bbox 1527 1667 1606 1738; x_wconf 87' lang='lat' dir='ltr'><strong>politi</strong></span> <span class='ocrx_word' id='word_1_218' title='bbox 1620 1676 1651 1722; x_wconf 93' lang='lat' dir='ltr'><strong>et</strong></span> <span class='ocrx_word' id='word_1_219' title='bbox 1666 1666 1801 1738; x_wconf 66' lang='lat' dir='ltr'><strong>castigatis</strong></span> 
     </span>
     <span class='ocr_line' id='line_1_18' title="bbox 182 1744 1801 1818; baseline -0.001 -17"><span class='ocrx_word' id='word_1_220' title='bbox 182 1746 292 1813; x_wconf 88' lang='lat' dir='ltr'><strong>Postea,</strong></span> <span class='ocrx_word' id='word_1_221' title='bbox 315 1755 322 1780; x_wconf 77' lang='lat'><em>⁶</em></span> <span class='ocrx_word' id='word_1_222' title='bbox 338 1747 462 1805; x_wconf 84' lang='lat' dir='ltr'><strong>Consilia</strong></span> <span class='ocrx_word' id='word_1_223' title='bbox 476 1748 568 1803; x_wconf 90' lang='lat' dir='ltr'><strong>civilia</strong></span> <span class='ocrx_word' id='word_1_224' title='bbox 589 1758 617 1801; x_wconf 90' lang='lat' dir='ltr'><strong>et</strong></span> <span class='ocrx_word' id='word_1_225' title='bbox 630 1747 758 1802; x_wconf 85' lang='lat' dir='ltr'><strong>moralia’</strong></span> <span class='ocrx_word' id='word_1_226' title='bbox 783 1750 880 1816; x_wconf 87' lang='lat' dir='ltr'><strong>(antea</strong></span> <span class='ocrx_word' id='word_1_227' title='bbox 904 1754 911 1780; x_wconf 96' lang='lat'><strong>‘</strong></span> <span class='ocrx_word' id='word_1_228' title='bbox 925 1748 979 1802; x_wconf 89' lang='lat' dir='ltr'><strong>De·</strong></span> <span class='ocrx_word' id='word_1_229' title='bbox 1017 1747 1102 1802; x_wconf 92' lang='lat' dir='ltr'><strong>donec</strong></span> <span class='ocrx_word' id='word_1_230' title='bbox 1113 1747 1141 1802; x_wconf 92' lang='lat' dir='ltr'><strong>in</strong></span> <span class='ocrx_word' id='word_1_231' title='bbox 1155 1747 1223 1803; x_wconf 91' lang='lat' dir='ltr'><strong>illud</strong></span> <span class='ocrx_word' id='word_1_232' title='bbox 1245 1747 1356 1802; x_wconf 86' lang='lat' dir='ltr'><strong>tandem</strong></span> <span class='ocrx_word' id='word_1_233' title='bbox 1369 1764 1468 1818; x_wconf 90' lang='lat' dir='ltr'><strong>corpus</strong></span> <span class='ocrx_word' id='word_1_234' title='bbox 1481 1747 1645 1812; x_wconf 90' lang='lat' dir='ltr'><strong>adoleverat,</strong></span> <span class='ocrx_word' id='word_1_235' title='bbox 1659 1764 1713 1818; x_wconf 87' lang='lat' dir='ltr'><strong>quo</strong></span> <span class='ocrx_word' id='word_1_236' title='bbox 1723 1746 1751 1800; x_wconf 92' lang='lat' dir='ltr'><strong>in</strong></span> <span class='ocrx_word' id='word_1_237' title='bbox 1766 1744 1801 1800; x_wconf 91' lang='lat' dir='ltr'><strong>lu·</strong></span> 
     </span>
     <span class='ocr_line' id='line_1_19' title="bbox 182 1826 1802 1898; baseline -0.001 -16"><span class='ocrx_word' id='word_1_238' title='bbox 182 1826 343 1883; x_wconf 71' lang='lat' dir='ltr'><strong>libationes*</strong></span> <span class='ocrx_word' id='word_1_239' title='bbox 365 1827 459 1895; x_wconf 77' lang='lat' dir='ltr'><strong>dicta)</strong></span> <span class='ocrx_word' id='word_1_240' title='bbox 481 1834 545 1882; x_wconf 91' lang='lat' dir='ltr'><strong>tunc</strong></span> <span class='ocrx_word' id='word_1_241' title='bbox 567 1835 659 1882; x_wconf 88' lang='lat' dir='ltr'><strong>autem</strong></span> <span class='ocrx_word' id='word_1_242' title='bbox 680 1835 707 1881; x_wconf 91' lang='lat' dir='ltr'><strong>et</strong></span> <span class='ocrx_word' id='word_1_243' title='bbox 729 1844 843 1881; x_wconf 88' lang='lat' dir='ltr'><strong>numero</strong></span> <span class='ocrx_word' id='word_1_244' title='bbox 863 1835 890 1882; x_wconf 91' lang='lat' dir='ltr'><strong>et</strong></span> <span class='ocrx_word' id='word_1_245' title='bbox 911 1844 979 1898; x_wconf 90' lang='lat' dir='ltr'><strong>pon·</strong></span> <span class='ocrx_word' id='word_1_246' title='bbox 1017 1844 1076 1881; x_wconf 88' lang='lat' dir='ltr'><strong>cem</strong></span> <span class='ocrx_word' id='word_1_247' title='bbox 1091 1827 1192 1882; x_wconf 79' lang='lat' dir='ltr'><strong>editam</strong></span> <span class='ocrx_word' id='word_1_248' title='bbox 1206 1828 1277 1882; x_wconf 83' lang='lat' dir='ltr'><strong>fuitr</strong></span> <span class='ocrx_word' id='word_1_249' title='bbox 1310 1828 1379 1882; x_wconf 91' lang='lat' dir='ltr'><strong>sicut</strong></span> <span class='ocrx_word' id='word_1_250' title='bbox 1396 1826 1482 1881; x_wconf 88' lang='lat' dir='ltr'><strong>multa</strong></span> <span class='ocrx_word' id='word_1_251' title='bbox 1494 1845 1532 1882; x_wconf 86' lang='lat' dir='ltr'><strong>ex</strong></span> <span class='ocrx_word' id='word_1_252' title='bbox 1545 1826 1709 1882; x_wconf 85' lang='lat' dir='ltr'><strong>animalibus</strong></span> <span class='ocrx_word' id='word_1_253' title='bbox 1729 1826 1802 1880; x_wconf 78' lang='lat' dir='ltr'><strong>faetus</strong></span> 
     </span>
     <span class='ocr_line' id='line_1_20' title="bbox 182 1906 1801 1978; baseline 0.001 -19"><span class='ocrx_word' id='word_1_254' title='bbox 182 1906 246 1961; x_wconf 89' lang='lat' dir='ltr'><strong>dere</strong></span> <span class='ocrx_word' id='word_1_255' title='bbox 261 1915 347 1973; x_wconf 86' lang='lat' dir='ltr'><strong>uncta,</strong></span> <span class='ocrx_word' id='word_1_256' title='bbox 364 1908 493 1962; x_wconf 87' lang='lat' dir='ltr'><strong>idiomate</strong></span> <span class='ocrx_word' id='word_1_257' title='bbox 512 1906 676 1978; x_wconf 72' lang='lat' dir='ltr'><strong>anglicano.</strong></span> <span class='ocrx_word' id='word_1_258' title='bbox 719 1907 911 1962; x_wconf 89' lang='lat' dir='ltr'><strong>‘Psalmorum</strong></span> <span class='ocrx_word' id='word_1_259' title='bbox 924 1908 979 1962; x_wconf 90' lang='lat' dir='ltr'><strong>Da·</strong></span> <span class='ocrx_word' id='word_1_260' title='bbox 1016 1906 1136 1962; x_wconf 85' lang='lat' dir='ltr'><strong>lambere</strong></span> <span class='ocrx_word' id='word_1_261' title='bbox 1163 1914 1355 1972; x_wconf 89' lang='lat' dir='ltr'><strong>consuescunt,</strong></span> <span class='ocrx_word' id='word_1_262' title='bbox 1378 1923 1465 1978; x_wconf 89' lang='lat' dir='ltr'><strong>usque</strong></span> <span class='ocrx_word' id='word_1_263' title='bbox 1489 1923 1545 1977; x_wconf 93' lang='lat' dir='ltr'><strong>quo</strong></span> <span class='ocrx_word' id='word_1_264' title='bbox 1564 1907 1601 1961; x_wconf 90' lang='lat' dir='ltr'><strong>ad</strong></span> <span class='ocrx_word' id='word_1_265' title='bbox 1629 1906 1801 1961; x_wconf 81' lang='lat' dir='ltr'><strong>membrorum</strong></span> 
     </span>
     <span class='ocr_line' id='line_1_21' title="bbox 181 1985 1441 2058; baseline 0.001 -18"><span class='ocrx_word' id='word_1_266' title='bbox 181 1986 254 2041; x_wconf 92' lang='lat' dir='ltr'><strong>vidis</strong></span> <span class='ocrx_word' id='word_1_267' title='bbox 268 1986 402 2052; x_wconf 86' lang='lat' dir='ltr'><strong>nonnulli,</strong></span> <span class='ocrx_word' id='word_1_268' title='bbox 416 1987 446 2040; x_wconf 92' lang='lat' dir='ltr'><strong>in</strong></span> <span class='ocrx_word' id='word_1_269' title='bbox 468 1985 611 2056; x_wconf 80' lang='lat' dir='ltr'><strong>rhythmos</strong></span> <span class='ocrx_word' id='word_1_270' title='bbox 631 1985 801 2058; x_wconf 80' lang='lat' dir='ltr'><strong>Anglicanos</strong></span> <span class='ocrx_word' id='word_1_271' title='bbox 815 1988 977 2056; x_wconf 80' lang='lat' dir='ltr'><strong>composit&#39;n’</strong></span> <span class='ocrx_word' id='word_1_272' title='bbox 1017 1986 1210 2042; x_wconf 86' lang='lat' dir='ltr'><strong>firmitudinem</strong></span> <span class='ocrx_word' id='word_1_273' title='bbox 1225 2005 1272 2041; x_wconf 90' lang='lat' dir='ltr'><strong>eos</strong></span> <span class='ocrx_word' id='word_1_274' title='bbox 1284 1986 1441 2058; x_wconf 82' lang='lat' dir='ltr'><strong>perducant</strong></span> 
     </span>
     <span class='ocr_line' id='line_1_22' title="bbox 182 2065 1802 2138; baseline -0.001 -18"><span class='ocrx_word' id='word_1_275' title='bbox 182 2065 295 2130; x_wconf 89' lang='lat' dir='ltr'><strong>Iterum,</strong></span> <span class='ocrx_word' id='word_1_276' title='bbox 309 2066 400 2121; x_wconf 88' lang='lat' dir='ltr'><strong>versio</strong></span> <span class='ocrx_word' id='word_1_277' title='bbox 418 2065 589 2136; x_wconf 88' lang='lat' dir='ltr'><strong>quorundam</strong></span> <span class='ocrx_word' id='word_1_278' title='bbox 610 2066 747 2137; x_wconf 82' lang='lat' dir='ltr'><strong>ascriptis</strong></span> <span class='ocrx_word' id='word_1_279' title='bbox 760 2065 818 2120; x_wconf 91' lang='lat' dir='ltr'><strong>suis</strong></span> <span class='ocrx_word' id='word_1_280' title='bbox 842 2067 875 2121; x_wconf 90' lang='lat' dir='ltr'><strong>de</strong></span> <span class='ocrx_word' id='word_1_281' title='bbox 890 2067 978 2136; x_wconf 91' lang='lat' dir='ltr'><strong>patrio</strong></span> <span class='ocrx_word' id='word_1_282' title='bbox 1057 2067 1090 2121; x_wconf 91' lang='lat' dir='ltr'><strong>ln</strong></span> <span class='ocrx_word' id='word_1_283' title='bbox 1105 2067 1182 2121; x_wconf 89' lang='lat' dir='ltr'><strong>libris</strong></span> <span class='ocrx_word' id='word_1_284' title='bbox 1195 2067 1252 2122; x_wconf 90' lang='lat' dir='ltr'><strong>suis</strong></span> <span class='ocrx_word' id='word_1_285' title='bbox 1265 2066 1469 2138; x_wconf 85' lang='lat' dir='ltr'><strong>componendis,</strong></span> <span class='ocrx_word' id='word_1_286' title='bbox 1482 2066 1626 2121; x_wconf 88' lang='lat' dir='ltr'><strong>verborum</strong></span> <span class='ocrx_word' id='word_1_287' title='bbox 1642 2065 1760 2137; x_wconf 83' lang='lat' dir='ltr'><strong>vigorem</strong></span> <span class='ocrx_word' id='word_1_288' title='bbox 1777 2071 1802 2119; x_wconf 88' lang='lat' dir='ltr'><strong>et</strong></span> 
     </span>
     <span class='ocr_line' id='line_1_23' title="bbox 181 2144 1801 2217; baseline 0.001 -18"><span class='ocrx_word' id='word_1_289' title='bbox 181 2144 212 2199; x_wconf 91' lang='lat' dir='ltr'><strong>in</strong></span> <span class='ocrx_word' id='word_1_290' title='bbox 232 2162 385 2200; x_wconf 90' lang='lat' dir='ltr'><strong>sermonem</strong></span> <span class='ocrx_word' id='word_1_291' title='bbox 402 2145 575 2200; x_wconf 83' lang='lat' dir='ltr'><strong>Romanum:</strong></span> <span class='ocrx_word' id='word_1_292' title='bbox 607 2162 669 2216; x_wconf 85' lang='lat' dir='ltr'><strong>quse</strong></span> <span class='ocrx_word' id='word_1_293' title='bbox 691 2145 809 2210; x_wconf 88' lang='lat' dir='ltr'><strong>fuerunt,</strong></span> <span class='ocrx_word' id='word_1_294' title='bbox 831 2146 978 2201; x_wconf 84' lang='lat' dir='ltr'><strong>‘Historia</strong></span> <span class='ocrx_word' id='word_1_295' title='bbox 1016 2146 1235 2217; x_wconf 87' lang='lat' dir='ltr'><strong>perspicuitatem</strong></span> <span class='ocrx_word' id='word_1_296' title='bbox 1244 2148 1381 2217; x_wconf 79' lang='lat' dir='ltr'><strong>praecipue</strong></span> <span class='ocrx_word' id='word_1_297' title='bbox 1390 2146 1556 2211; x_wconf 84' lang='lat' dir='ltr'><strong>sectabator;</strong></span> <span class='ocrx_word' id='word_1_298' title='bbox 1571 2162 1629 2201; x_wconf 89' lang='lat' dir='ltr'><strong>non</strong></span> <span class='ocrx_word' id='word_1_299' title='bbox 1638 2145 1801 2217; x_wconf 84' lang='lat' dir='ltr'><strong>elegantiam,</strong></span> 
     </span>
     <span class='ocr_line' id='line_1_24' title="bbox 181 2224 1801 2297; baseline 0 -18"><span class='ocrx_word' id='word_1_300' title='bbox 181 2226 261 2295; x_wconf 86' lang='lat' dir='ltr'><strong>regni</strong></span> <span class='ocrx_word' id='word_1_301' title='bbox 286 2225 400 2279; x_wconf 91' lang='lat' dir='ltr'><strong>Henrici</strong></span> <span class='ocrx_word' id='word_1_302' title='bbox 422 2225 532 2295; x_wconf 86' lang='lat' dir='ltr'><strong>septimi</strong></span> <span class='ocrx_word' id='word_1_303' title='bbox 557 2225 631 2296; x_wconf 84' lang='lat' dir='ltr'><strong>regis</strong></span> <span class='ocrx_word' id='word_1_304' title='bbox 652 2224 781 2297; x_wconf 66' lang='lat' dir='ltr'><strong>duglas!</strong></span> <span class='ocrx_word' id='word_1_305' title='bbox 833 2224 979 2280; x_wconf 83' lang='lat' dir='ltr'><strong>‘Consssis</strong></span> <span class='ocrx_word' id='word_1_306' title='bbox 1016 2234 1063 2280; x_wconf 89' lang='lat' dir='ltr'><strong>aut</strong></span> <span class='ocrx_word' id='word_1_307' title='bbox 1073 2226 1283 2281; x_wconf 88' lang='lat' dir='ltr'><strong>concinnitatem</strong></span> <span class='ocrx_word' id='word_1_308' title='bbox 1291 2226 1439 2281; x_wconf 88' lang='lat' dir='ltr'><strong>sermonis:</strong></span> <span class='ocrx_word' id='word_1_309' title='bbox 1453 2234 1481 2280; x_wconf 92' lang='lat' dir='ltr'><strong>et</strong></span> <span class='ocrx_word' id='word_1_310' title='bbox 1490 2226 1563 2281; x_wconf 86' lang='lat' dir='ltr'><strong>inter</strong></span> <span class='ocrx_word' id='word_1_311' title='bbox 1573 2226 1751 2290; x_wconf 90' lang='lat' dir='ltr'><strong>scribendum,</strong></span> <span class='ocrx_word' id='word_1_312' title='bbox 1760 2232 1801 2279; x_wconf 92' lang='lat' dir='ltr'><strong>aot</strong></span> 
     </span>
     <span class='ocr_line' id='line_1_25' title="bbox 182 2303 1801 2377; baseline 0.001 -19"><span class='ocrx_word' id='word_1_313' title='bbox 182 2304 276 2359; x_wconf 90' lang='lat' dir='ltr'><strong>civilia</strong></span> <span class='ocrx_word' id='word_1_314' title='bbox 289 2313 316 2359; x_wconf 92' lang='lat' dir='ltr'><strong>et</strong></span> <span class='ocrx_word' id='word_1_315' title='bbox 339 2304 469 2369; x_wconf 86' lang='lat' dir='ltr'><strong>moralia,’</strong></span> <span class='ocrx_word' id='word_1_316' title='bbox 484 2304 584 2359; x_wconf 83' lang='lat' dir='ltr'><strong>exinde</strong></span> <span class='ocrx_word' id='word_1_317' title='bbox 606 2304 679 2370; x_wconf 90' lang='lat' dir='ltr'><strong>dicti,</strong></span> <span class='ocrx_word' id='word_1_318' title='bbox 695 2311 702 2337; x_wconf 96' lang='lat'>‘</span> <span class='ocrx_word' id='word_1_319' title='bbox 714 2305 860 2361; x_wconf 87' lang='lat' dir='ltr'><strong>Sermones</strong></span> <span class='ocrx_word' id='word_1_320' title='bbox 874 2305 976 2371; x_wconf 85' lang='lat' dir='ltr'><strong>fideles,</strong></span> <span class='ocrx_word' id='word_1_321' title='bbox 1015 2304 1181 2371; x_wconf 87' lang='lat' dir='ltr'><strong>dictandum,</strong></span> <span class='ocrx_word' id='word_1_322' title='bbox 1192 2321 1265 2377; x_wconf 72' lang='lat' dir='ltr'><strong>saepe</strong></span> <span class='ocrx_word' id='word_1_323' title='bbox 1279 2305 1465 2376; x_wconf 83' lang='lat' dir='ltr'><strong>interrogavit,</strong></span> <span class='ocrx_word' id='word_1_324' title='bbox 1480 2323 1547 2360; x_wconf 90' lang='lat' dir='ltr'><strong>num</strong></span> <span class='ocrx_word' id='word_1_325' title='bbox 1557 2322 1658 2361; x_wconf 87' lang='lat' dir='ltr'><strong>sensus</strong></span> <span class='ocrx_word' id='word_1_326' title='bbox 1667 2307 1725 2375; x_wconf 75' lang='lat' dir='ltr'><strong>eius</strong></span> <span class='ocrx_word' id='word_1_327' title='bbox 1736 2303 1801 2359; x_wconf 86' lang='lat' dir='ltr'><strong>clare</strong></span> 
     </span>
     <span class='ocr_line' id='line_1_26' title="bbox 182 2383 1800 2457; baseline -0.001 -17"><span class='ocrx_word' id='word_1_328' title='bbox 182 2384 240 2440; x_wconf 89' lang='lat' dir='ltr'><strong>siva</strong></span> <span class='ocrx_word' id='word_1_329' title='bbox 253 2384 384 2439; x_wconf 88' lang='lat' dir='ltr'><strong>interiora</strong></span> <span class='ocrx_word' id='word_1_330' title='bbox 398 2385 509 2439; x_wconf 67' lang='lat' dir='ltr'><strong>rerum!</strong></span> <span class='ocrx_word' id='word_1_331' title='bbox 561 2383 717 2457; x_wconf 89' lang='lat' dir='ltr'><strong>‘Dialogus</strong></span> <span class='ocrx_word' id='word_1_332' title='bbox 731 2385 764 2440; x_wconf 90' lang='lat' dir='ltr'><strong>de</strong></span> <span class='ocrx_word' id='word_1_333' title='bbox 778 2384 976 2440; x_wconf 80' lang='lat' dir='ltr'><strong>bellosacror&#39;</strong></span> <span class='ocrx_word' id='word_1_334' title='bbox 1016 2385 1159 2440; x_wconf 87' lang='lat' dir='ltr'><strong>admodum</strong></span> <span class='ocrx_word' id='word_1_335' title='bbox 1173 2394 1201 2440; x_wconf 90' lang='lat' dir='ltr'><strong>et</strong></span> <span class='ocrx_word' id='word_1_336' title='bbox 1214 2385 1358 2457; x_wconf 90' lang='lat' dir='ltr'><strong>perspicue</strong></span> <span class='ocrx_word' id='word_1_337' title='bbox 1373 2385 1495 2440; x_wconf 87' lang='lat' dir='ltr'><strong>redditus</strong></span> <span class='ocrx_word' id='word_1_338' title='bbox 1509 2386 1605 2440; x_wconf 77' lang='lat' dir='ltr'><strong>esset?</strong></span> <span class='ocrx_word' id='word_1_339' title='bbox 1646 2383 1800 2457; x_wconf 88' lang='lat' dir='ltr'><strong>Quippequi</strong></span> 
     </span>
     <span class='ocr_line' id='line_1_27' title="bbox 181 2463 1801 2537; baseline -0.001 -19"><span class='ocrx_word' id='word_1_340' title='bbox 181 2471 211 2518; x_wconf 93' lang='lat' dir='ltr'><strong>et</strong></span> <span class='ocrx_word' id='word_1_341' title='bbox 222 2469 229 2495; x_wconf 96' lang='lat'><strong>‘</strong></span> <span class='ocrx_word' id='word_1_342' title='bbox 239 2463 344 2518; x_wconf 77' lang='lat' dir='ltr'><strong>Pabula</strong></span> <span class='ocrx_word' id='word_1_343' title='bbox 353 2465 441 2519; x_wconf 76' lang='lat' dir='ltr'><strong>Nova</strong></span> <span class='ocrx_word' id='word_1_344' title='bbox 450 2464 601 2519; x_wconf 86' lang='lat' dir='ltr'><strong>Atlantidis</strong></span> <span class='ocrx_word' id='word_1_345' title='bbox 609 2465 630 2528; x_wconf 68' lang='grc' dir='ltr'><strong>ς’</strong></span> <span class='ocrx_word' id='word_1_346' title='bbox 644 2465 674 2519; x_wconf 93' lang='lat' dir='ltr'><strong>in</strong></span> <span class='ocrx_word' id='word_1_347' title='bbox 686 2464 803 2537; x_wconf 75' lang='lat' dir='ltr'><strong>gratiam</strong></span> <span class='ocrx_word' id='word_1_348' title='bbox 813 2472 976 2529; x_wconf 82' lang='lat' dir='ltr'><strong>exterorum,</strong></span> <span class='ocrx_word' id='word_1_349' title='bbox 1015 2465 1097 2520; x_wconf 90' lang='lat' dir='ltr'><strong>sciret</strong></span> <span class='ocrx_word' id='word_1_350' title='bbox 1110 2482 1218 2536; x_wconf 71' lang='lat' dir='ltr'><strong>equum</strong></span> <span class='ocrx_word' id='word_1_351' title='bbox 1232 2483 1292 2521; x_wconf 90' lang='lat' dir='ltr'><strong>esse</strong></span> <span class='ocrx_word' id='word_1_352' title='bbox 1306 2475 1337 2520; x_wconf 91' lang='lat' dir='ltr'><strong>ut</strong></span> <span class='ocrx_word' id='word_1_353' title='bbox 1350 2466 1432 2520; x_wconf 87' lang='lat' dir='ltr'><strong>rerba</strong></span> <span class='ocrx_word' id='word_1_354' title='bbox 1445 2465 1643 2520; x_wconf 80' lang='lat' dir='ltr'><strong>famularentur</strong></span> <span class='ocrx_word' id='word_1_355' title='bbox 1655 2465 1740 2530; x_wconf 87' lang='lat' dir='ltr'><strong>rebus,</strong></span> <span class='ocrx_word' id='word_1_356' title='bbox 1753 2479 1801 2517; x_wconf 90' lang='lat' dir='ltr'><strong>uon</strong></span> 
     </span>
     <span class='ocr_line' id='line_1_28' title="bbox 182 2543 1802 2615; baseline 0.001 -18"><span class='ocrx_word' id='word_1_357' title='bbox 182 2545 437 2615; x_wconf 81' lang='lat' dir='ltr'><strong>apudquoseapeti</strong></span> <span class='ocrx_word' id='word_1_358' title='bbox 450 2543 629 2599; x_wconf 70' lang='lat' dir='ltr'><strong>inaudiverat.</strong></span> <span class='ocrx_word' id='word_1_359' title='bbox 670 2543 755 2599; x_wconf 89' lang='lat' dir='ltr'><strong>Liber</strong></span> <span class='ocrx_word' id='word_1_360' title='bbox 769 2543 829 2600; x_wconf 93' lang='lat' dir='ltr'><strong>‘De</strong></span> <span class='ocrx_word' id='word_1_361' title='bbox 840 2545 978 2615; x_wconf 87' lang='lat' dir='ltr'><strong>sapientia</strong></span> <span class='ocrx_word' id='word_1_362' title='bbox 1015 2561 1059 2598; x_wconf 90' lang='lat' dir='ltr'><strong>res</strong></span> <span class='ocrx_word' id='word_1_363' title='bbox 1072 2545 1163 2600; x_wconf 89' lang='lat' dir='ltr'><strong>verbis</strong></span> <span class='ocrx_word' id='word_1_364' title='bbox 1214 2545 1329 2601; x_wconf 84' lang='lat' dir='ltr'><strong>Etsiin</strong></span> <span class='ocrx_word' id='word_1_365' title='bbox 1341 2545 1441 2615; x_wconf 87' lang='lat' dir='ltr'><strong>stylum</strong></span> <span class='ocrx_word' id='word_1_366' title='bbox 1454 2545 1569 2600; x_wconf 85' lang='lat' dir='ltr'><strong>forsitan</strong></span> <span class='ocrx_word' id='word_1_367' title='bbox 1581 2545 1734 2615; x_wconf 87' lang='lat' dir='ltr'><strong>politiorem</strong></span> <span class='ocrx_word' id='word_1_368' title='bbox 1743 2543 1802 2597; x_wconf 87' lang='lat' dir='ltr'><strong>inci·</strong></span> 
     </span>
     <span class='ocr_line' id='line_1_29' title="bbox 181 2622 1800 2697; baseline 0 -20"><span class='ocrx_word' id='word_1_369' title='bbox 181 2625 317 2678; x_wconf 88' lang='lat' dir='ltr'><strong>veterum’</strong></span> <span class='ocrx_word' id='word_1_370' title='bbox 343 2624 509 2695; x_wconf 86' lang='lat' dir='ltr'><strong>recognitus.</strong></span> <span class='ocrx_word' id='word_1_371' title='bbox 563 2624 744 2695; x_wconf 88' lang='lat' dir='ltr'><strong>‘Inquisitio</strong></span> <span class='ocrx_word' id='word_1_372' title='bbox 770 2624 803 2678; x_wconf 93' lang='lat' dir='ltr'><strong>de</strong></span> <span class='ocrx_word' id='word_1_373' title='bbox 827 2626 975 2696; x_wconf 65' lang='lat' dir='ltr'><strong>magnete!</strong></span> <span class='ocrx_word' id='word_1_374' title='bbox 1015 2625 1099 2679; x_wconf 87' lang='lat' dir='ltr'><strong>disset</strong></span> <span class='ocrx_word' id='word_1_375' title='bbox 1122 2625 1272 2696; x_wconf 89' lang='lat' dir='ltr'><strong>(siquidem</strong></span> <span class='ocrx_word' id='word_1_376' title='bbox 1295 2625 1369 2697; x_wconf 88' lang='lat' dir='ltr'><strong>apud</strong></span> <span class='ocrx_word' id='word_1_377' title='bbox 1391 2633 1525 2680; x_wconf 84' lang='lat' dir='ltr'><strong>nostrates</strong></span> <span class='ocrx_word' id='word_1_378' title='bbox 1546 2624 1651 2696; x_wconf 88' lang='lat' dir='ltr'><strong>eloquii</strong></span> <span class='ocrx_word' id='word_1_379' title='bbox 1665 2622 1800 2695; x_wconf 81' lang='lat' dir='ltr'><strong>Anglicani</strong></span> 
     </span>
     <span class='ocr_line' id='line_1_30' title="bbox 182 2703 1801 2775; baseline -0.001 -18"><span class='ocrx_word' id='word_1_380' title='bbox 182 2703 303 2773; x_wconf 88' lang='lat' dir='ltr'><strong>‘Topica</strong></span> <span class='ocrx_word' id='word_1_381' title='bbox 314 2704 503 2774; x_wconf 90' lang='lat' dir='ltr'><strong>inquisitionis</strong></span> <span class='ocrx_word' id='word_1_382' title='bbox 517 2704 550 2758; x_wconf 90' lang='lat' dir='ltr'><strong>de</strong></span> <span class='ocrx_word' id='word_1_383' title='bbox 563 2705 625 2758; x_wconf 90' lang='lat' dir='ltr'><strong>luce</strong></span> <span class='ocrx_word' id='word_1_384' title='bbox 636 2712 663 2758; x_wconf 94' lang='lat' dir='ltr'><strong>et</strong></span> <span class='ocrx_word' id='word_1_385' title='bbox 675 2703 798 2759; x_wconf 89' lang='lat' dir='ltr'><strong>lumine.&#39;</strong></span> <span class='ocrx_word' id='word_1_386' title='bbox 840 2703 976 2760; x_wconf 92' lang='lat' dir='ltr'><strong>Ultimum</strong></span> <span class='ocrx_word' id='word_1_387' title='bbox 1015 2705 1115 2760; x_wconf 84' lang='lat' dir='ltr'><strong>artifex</strong></span> <span class='ocrx_word' id='word_1_388' title='bbox 1125 2704 1236 2761; x_wconf 85' lang='lat' dir='ltr'><strong>habitus</strong></span> <span class='ocrx_word' id='word_1_389' title='bbox 1254 2707 1310 2775; x_wconf 91' lang='lat' dir='ltr'><strong>est)</strong></span> <span class='ocrx_word' id='word_1_390' title='bbox 1330 2705 1359 2759; x_wconf 92' lang='lat' dir='ltr'><strong>id</strong></span> <span class='ocrx_word' id='word_1_391' title='bbox 1380 2705 1480 2771; x_wconf 89' lang='lat' dir='ltr'><strong>evenit,</strong></span> <span class='ocrx_word' id='word_1_392' title='bbox 1495 2705 1563 2775; x_wconf 89' lang='lat' dir='ltr'><strong>quia</strong></span> <span class='ocrx_word' id='word_1_393' title='bbox 1575 2707 1680 2760; x_wconf 88' lang='lat' dir='ltr'><strong>evitare</strong></span> <span class='ocrx_word' id='word_1_394' title='bbox 1698 2704 1801 2759; x_wconf 89' lang='lat' dir='ltr'><strong>arduom</strong></span> 
     </span>
     <span class='ocr_line' id='line_1_31' title="bbox 180 2781 1801 2857; baseline 0.001 -21"><span class='ocrx_word' id='word_1_395' title='bbox 180 2781 270 2838; x_wconf 91' lang='lat' dir='ltr'><strong>locum</strong></span> <span class='ocrx_word' id='word_1_396' title='bbox 294 2785 383 2839; x_wconf 90' lang='lat' dir='ltr'><strong>tenuit</strong></span> <span class='ocrx_word' id='word_1_397' title='bbox 396 2790 403 2815; x_wconf 78' lang='lat'><em>⁶</em></span> <span class='ocrx_word' id='word_1_398' title='bbox 418 2783 502 2853; x_wconf 82' lang='lat' dir='ltr'><strong>Sylva</strong></span> <span class='ocrx_word' id='word_1_399' title='bbox 524 2784 672 2855; x_wconf 84' lang='lat' dir='ltr'><strong>sylvarum,</strong></span> <span class='ocrx_word' id='word_1_400' title='bbox 687 2784 744 2838; x_wconf 90' lang='lat' dir='ltr'><strong>sive</strong></span> <span class='ocrx_word' id='word_1_401' title='bbox 767 2783 884 2839; x_wconf 88' lang='lat' dir='ltr'><strong>historia</strong></span> <span class='ocrx_word' id='word_1_402' title='bbox 898 2793 977 2839; x_wconf 89' lang='lat' dir='ltr'><strong>natu·</strong></span> <span class='ocrx_word' id='word_1_403' title='bbox 1015 2784 1040 2837; x_wconf 89' lang='lat' dir='ltr'><strong>ei</strong></span> <span class='ocrx_word' id='word_1_404' title='bbox 1055 2793 1122 2840; x_wconf 87' lang='lat' dir='ltr'><strong>erat</strong></span> <span class='ocrx_word' id='word_1_405' title='bbox 1163 2786 1262 2857; x_wconf 89' lang='lat' dir='ltr'><strong>Neque</strong></span> <span class='ocrx_word' id='word_1_406' title='bbox 1282 2802 1348 2840; x_wconf 89' lang='lat' dir='ltr'><strong>vero</strong></span> <span class='ocrx_word' id='word_1_407' title='bbox 1361 2786 1505 2840; x_wconf 88' lang='lat' dir='ltr'><strong>verborum</strong></span> <span class='ocrx_word' id='word_1_408' title='bbox 1524 2784 1660 2850; x_wconf 87' lang='lat' dir='ltr'><strong>minutiis,</strong></span> <span class='ocrx_word' id='word_1_409' title='bbox 1674 2792 1702 2840; x_wconf 93' lang='lat' dir='ltr'><strong>et</strong></span> <span class='ocrx_word' id='word_1_410' title='bbox 1721 2781 1801 2838; x_wconf 82' lang='lat' dir='ltr'><strong>allusi-</strong></span> 
     </span>
     <span class='ocr_line' id='line_1_32' title="bbox 180 2862 1799 2937; baseline -0.002 -19"><span class='ocrx_word' id='word_1_411' title='bbox 180 2862 264 2926; x_wconf 84' lang='lat' dir='ltr'><strong>ralis,’</strong></span> <span class='ocrx_word' id='word_1_412' title='bbox 277 2879 347 2933; x_wconf 93' lang='lat' dir='ltr'><strong>opus</strong></span> <span class='ocrx_word' id='word_1_413' title='bbox 361 2862 516 2935; x_wconf 85' lang='lat' dir='ltr'><strong>Anglicum.</strong></span> <span class='ocrx_word' id='word_1_414' title='bbox 565 2864 655 2934; x_wconf 80' lang='lat' dir='ltr'><strong>atque</strong></span> <span class='ocrx_word' id='word_1_415' title='bbox 679 2864 710 2917; x_wconf 94' lang='lat' dir='ltr'><strong>hi</strong></span> <span class='ocrx_word' id='word_1_416' title='bbox 733 2864 834 2919; x_wconf 85' lang='lat' dir='ltr'><strong>fructus</strong></span> <span class='ocrx_word' id='word_1_417' title='bbox 856 2865 975 2930; x_wconf 90' lang='lat' dir='ltr'><strong>fuerunt,</strong></span> <span class='ocrx_word' id='word_1_418' title='bbox 1015 2865 1115 2920; x_wconf 91' lang='lat' dir='ltr'><strong>onibus</strong></span> <span class='ocrx_word' id='word_1_419' title='bbox 1129 2866 1306 2937; x_wconf 87' lang='lat' dir='ltr'><strong>capiebatur;</strong></span> <span class='ocrx_word' id='word_1_420' title='bbox 1334 2866 1384 2920; x_wconf 85' lang='lat' dir='ltr'><strong>sed</strong></span> <span class='ocrx_word' id='word_1_421' title='bbox 1403 2882 1451 2919; x_wconf 87' lang='lat' dir='ltr'><strong>eas</strong></span> <span class='ocrx_word' id='word_1_422' title='bbox 1472 2881 1581 2937; x_wconf 85' lang='lat' dir='ltr'><strong>semper</strong></span> <span class='ocrx_word' id='word_1_423' title='bbox 1595 2882 1634 2920; x_wconf 83' lang='lat' dir='ltr'><strong>ex</strong></span> <span class='ocrx_word' id='word_1_424' title='bbox 1652 2863 1799 2935; x_wconf 88' lang='lat' dir='ltr'><strong>composito,</strong></span> 
     </span>
     <span class='ocr_line' id='line_1_33' title="bbox 181 2942 1801 3018; baseline -0.001 -20"><span class='ocrx_word' id='word_1_425' title='bbox 181 2943 270 3014; x_wconf 92' lang='lat' dir='ltr'><strong>quiin</strong></span> <span class='ocrx_word' id='word_1_426' title='bbox 285 2945 977 3016; x_wconf 88' lang='lat' dir='ltr'><strong>umbraannorumquinquememoratorummatu·</strong></span> <span class='ocrx_word' id='word_1_427' title='bbox 1015 2947 1089 3000; x_wconf 88' lang='lat' dir='ltr'><strong>etde</strong></span> <span class='ocrx_word' id='word_1_428' title='bbox 1103 2946 1245 3011; x_wconf 86' lang='lat' dir='ltr'><strong>industria,</strong></span> <span class='ocrx_word' id='word_1_429' title='bbox 1261 2947 1376 3018; x_wconf 74' lang='lat' dir='ltr'><strong>effugit3</strong></span> <span class='ocrx_word' id='word_1_430' title='bbox 1404 2947 1489 3016; x_wconf 89' lang='lat' dir='ltr'><strong>probe</strong></span> <span class='ocrx_word' id='word_1_431' title='bbox 1500 2946 1594 3001; x_wconf 89' lang='lat' dir='ltr'><strong>sciens</strong></span> <span class='ocrx_word' id='word_1_432' title='bbox 1619 2944 1747 3014; x_wconf 88' lang='lat' dir='ltr'><strong>ejusmodi</strong></span> <span class='ocrx_word' id='word_1_433' title='bbox 1766 2942 1801 2997; x_wconf 86' lang='lat' dir='ltr'><strong>fn-</strong></span> 
     </span>
     <span class='ocr_line' id='line_1_34' title="bbox 180 3023 1801 3098; baseline 0 -20"><span class='ocrx_word' id='word_1_434' title='bbox 180 3030 299 3078; x_wconf 85' lang='lat' dir='ltr'><strong>ruerunt</strong></span> <span class='ocrx_word' id='word_1_435' title='bbox 340 3023 440 3078; x_wconf 86' lang='lat' dir='ltr'><strong>Libros</strong></span> <span class='ocrx_word' id='word_1_436' title='bbox 449 3032 511 3078; x_wconf 88' lang='lat' dir='ltr'><strong>ante</strong></span> <span class='ocrx_word' id='word_1_437' title='bbox 523 3025 737 3095; x_wconf 89' lang='lat' dir='ltr'><strong>quinquennium</strong></span> <span class='ocrx_word' id='word_1_438' title='bbox 746 3024 813 3080; x_wconf 90' lang='lat' dir='ltr'><strong>illud</strong></span> <span class='ocrx_word' id='word_1_439' title='bbox 824 3024 977 3079; x_wconf 87' lang='lat' dir='ltr'><strong>elaboratos</strong></span> <span class='ocrx_word' id='word_1_440' title='bbox 1015 3023 1126 3080; x_wconf 89' lang='lat' dir='ltr'><strong>tilitates</strong></span> <span class='ocrx_word' id='word_1_441' title='bbox 1139 3026 1212 3081; x_wconf 91' lang='lat' dir='ltr'><strong>nihil</strong></span> <span class='ocrx_word' id='word_1_442' title='bbox 1225 3026 1300 3080; x_wconf 88' lang='lat' dir='ltr'><strong>aliud</strong></span> <span class='ocrx_word' id='word_1_443' title='bbox 1321 3043 1390 3091; x_wconf 86' lang='lat' dir='ltr'><strong>esse,</strong></span> <span class='ocrx_word' id='word_1_444' title='bbox 1405 3043 1489 3098; x_wconf 89' lang='lat' dir='ltr'><strong>quam</strong></span> <span class='ocrx_word' id='word_1_445' title='bbox 1507 3026 1717 3081; x_wconf 89' lang='lat' dir='ltr'><strong>deviationeset</strong></span> <span class='ocrx_word' id='word_1_446' title='bbox 1734 3024 1801 3078; x_wconf 90' lang='lat' dir='ltr'><strong>aber·</strong></span> 
     </span>
     <span class='ocr_line' id='line_1_35' title="bbox 179 3102 1800 3178; baseline -0.001 -22"><span class='ocrx_word' id='word_1_447' title='bbox 179 3119 235 3157; x_wconf 91' lang='lat' dir='ltr'><strong>nou</strong></span> <span class='ocrx_word' id='word_1_448' title='bbox 248 3104 294 3157; x_wconf 91' lang='lat' dir='ltr'><strong>hic</strong></span> <span class='ocrx_word' id='word_1_449' title='bbox 314 3105 406 3158; x_wconf 88' lang='lat' dir='ltr'><strong>recito.</strong></span> <span class='ocrx_word' id='word_1_450' title='bbox 452 3104 524 3165; x_wconf 86' lang='lat' dir='ltr'><strong>Quin</strong></span> <span class='ocrx_word' id='word_1_451' title='bbox 543 3112 570 3158; x_wconf 90' lang='lat' dir='ltr'><strong>et</strong></span> <span class='ocrx_word' id='word_1_452' title='bbox 582 3105 752 3174; x_wconf 91' lang='lat' dir='ltr'><strong>propositum</strong></span> <span class='ocrx_word' id='word_1_453' title='bbox 766 3104 808 3159; x_wconf 90' lang='lat' dir='ltr'><strong>illi</strong></span> <span class='ocrx_word' id='word_1_454' title='bbox 823 3104 875 3159; x_wconf 90' lang='lat' dir='ltr'><strong>fuit</strong></span> <span class='ocrx_word' id='word_1_455' title='bbox 888 3107 976 3174; x_wconf 88' lang='lat' dir='ltr'><strong>(man-</strong></span> <span class='ocrx_word' id='word_1_456' title='bbox 1014 3105 1133 3160; x_wconf 91' lang='lat' dir='ltr'><strong>rationes</strong></span> <span class='ocrx_word' id='word_1_457' title='bbox 1150 3123 1168 3160; x_wconf 94' lang='lat' dir='ltr'><strong>a</strong></span> <span class='ocrx_word' id='word_1_458' title='bbox 1181 3123 1264 3176; x_wconf 91' lang='lat' dir='ltr'><strong>scopo</strong></span> <span class='ocrx_word' id='word_1_459' title='bbox 1283 3106 1432 3178; x_wconf 89' lang='lat' dir='ltr'><strong>proposito,</strong></span> <span class='ocrx_word' id='word_1_460' title='bbox 1447 3115 1475 3160; x_wconf 87' lang='lat' dir='ltr'><strong>et</strong></span> <span class='ocrx_word' id='word_1_461' title='bbox 1488 3107 1616 3177; x_wconf 87' lang='lat' dir='ltr'><strong>gravitati</strong></span> <span class='ocrx_word' id='word_1_462' title='bbox 1637 3113 1665 3161; x_wconf 90' lang='lat' dir='ltr'><strong>et</strong></span> <span class='ocrx_word' id='word_1_463' title='bbox 1684 3102 1800 3177; x_wconf 75' lang='lat' dir='ltr'><strong>dignitati</strong></span> 
     </span>
     <span class='ocr_line' id='line_1_36' title="bbox 180 3182 1630 3255; baseline 0.003 -19"><span class='ocrx_word' id='word_1_464' title='bbox 180 3182 260 3236; x_wconf 90' lang='lat' dir='ltr'><strong>dante</strong></span> <span class='ocrx_word' id='word_1_465' title='bbox 282 3184 456 3238; x_wconf 88' lang='lat' dir='ltr'><strong>serenissimo</strong></span> <span class='ocrx_word' id='word_1_466' title='bbox 478 3200 565 3255; x_wconf 91' lang='lat' dir='ltr'><strong>nuper</strong></span> <span class='ocrx_word' id='word_1_467' title='bbox 586 3200 651 3254; x_wconf 79' lang='lat' dir='ltr'><strong>rege</strong></span> <span class='ocrx_word' id='word_1_468' title='bbox 666 3184 778 3252; x_wconf 82' lang='lat' dir='ltr'><strong>carolo)</strong></span> <span class='ocrx_word' id='word_1_469' title='bbox 800 3185 975 3239; x_wconf 87' lang='lat' dir='ltr'><strong>‘Historiam</strong></span> <span class='ocrx_word' id='word_1_470' title='bbox 1014 3184 1079 3255; x_wconf 87' lang='lat' dir='ltr'><strong>styli</strong></span> <span class='ocrx_word' id='word_1_471' title='bbox 1092 3202 1147 3240; x_wconf 90' lang='lat' dir='ltr'><strong>non</strong></span> <span class='ocrx_word' id='word_1_472' title='bbox 1158 3187 1296 3240; x_wconf 88' lang='lat' dir='ltr'><strong>modicum</strong></span> <span class='ocrx_word' id='word_1_473' title='bbox 1310 3187 1417 3241; x_wconf 87' lang='lat' dir='ltr'><strong>officere</strong></span> <span class='ocrx_word' id='word_1_474' title='bbox 1432 3194 1460 3241; x_wconf 91' lang='lat' dir='ltr'><strong>et</strong></span> <span class='ocrx_word' id='word_1_475' title='bbox 1473 3185 1630 3241; x_wconf 84' lang='lat' dir='ltr'><strong>detrahere.</strong></span> 
     </span>
     <span class='ocr_line' id='line_1_37' title="bbox 180 3261 1800 3338; baseline 0.001 -22"><span class='ocrx_word' id='word_1_476' title='bbox 180 3261 295 3316; x_wconf 87' lang='lat' dir='ltr'><strong>Henrici</strong></span> <span class='ocrx_word' id='word_1_477' title='bbox 309 3264 397 3317; x_wconf 90' lang='lat' dir='ltr'><strong>octavi</strong></span> <span class='ocrx_word' id='word_1_478' title='bbox 411 3263 520 3334; x_wconf 79' lang='lat' dir='ltr'><strong>Anglioe</strong></span> <span class='ocrx_word' id='word_1_479' title='bbox 533 3264 619 3334; x_wconf 82' lang='lat' dir='ltr'><strong>regis&#39;</strong></span> <span class='ocrx_word' id='word_1_480' title='bbox 634 3264 823 3318; x_wconf 74' lang='lat' dir='ltr'><strong>contexuisset</strong></span> <span class='ocrx_word' id='word_1_481' title='bbox 845 3264 893 3319; x_wconf 91' lang='lat' dir='ltr'><strong>sed</strong></span> <span class='ocrx_word' id='word_1_482' title='bbox 906 3281 976 3334; x_wconf 92' lang='lat' dir='ltr'><strong>opus</strong></span> <span class='ocrx_word' id='word_1_483' title='bbox 1053 3263 1185 3336; x_wconf 90' lang='lat' dir='ltr'><strong>Legendo</strong></span> <span class='ocrx_word' id='word_1_484' title='bbox 1207 3282 1292 3338; x_wconf 91' lang='lat' dir='ltr'><strong>usque</strong></span> <span class='ocrx_word' id='word_1_485' title='bbox 1316 3268 1351 3322; x_wconf 87' lang='lat' dir='ltr'><strong>ad</strong></span> <span class='ocrx_word' id='word_1_486' title='bbox 1371 3266 1524 3321; x_wconf 88' lang='lat' dir='ltr'><strong>satietatem</strong></span> <span class='ocrx_word' id='word_1_487' title='bbox 1548 3272 1597 3320; x_wconf 87' lang='lat' dir='ltr'><strong>aut</strong></span> <span class='ocrx_word' id='word_1_488' title='bbox 1626 3265 1733 3320; x_wconf 63' lang='lat' dir='ltr'><strong>mdium</strong></span> <span class='ocrx_word' id='word_1_489' title='bbox 1752 3279 1800 3317; x_wconf 89' lang='lat' dir='ltr'><strong>non</strong></span> 
     </span>
     <span class='ocr_line' id='line_1_38' title="bbox 179 3341 1800 3417; baseline 0 -22"><span class='ocrx_word' id='word_1_490' title='bbox 179 3341 248 3396; x_wconf 92' lang='lat' dir='ltr'><strong>illud</strong></span> <span class='ocrx_word' id='word_1_491' title='bbox 262 3342 334 3396; x_wconf 89' lang='lat' dir='ltr'><strong>ultra</strong></span> <span class='ocrx_word' id='word_1_492' title='bbox 355 3343 570 3414; x_wconf 75' lang='lat' dir='ltr'><strong>designationem</strong></span> <span class='ocrx_word' id='word_1_493' title='bbox 584 3342 672 3397; x_wconf 89' lang='lat' dir='ltr'><strong>solam</strong></span> <span class='ocrx_word' id='word_1_494' title='bbox 685 3359 741 3397; x_wconf 91' lang='lat' dir='ltr'><strong>non</strong></span> <span class='ocrx_word' id='word_1_495' title='bbox 762 3345 900 3414; x_wconf 86' lang='lat' dir='ltr'><strong>processit,</strong></span> <span class='ocrx_word' id='word_1_496' title='bbox 914 3344 976 3399; x_wconf 89' lang='lat' dir='ltr'><strong>Deo</strong></span> <span class='ocrx_word' id='word_1_497' title='bbox 1014 3343 1217 3400; x_wconf 87' lang='lat' dir='ltr'><strong>immorabatur.</strong></span> <span class='ocrx_word' id='word_1_498' title='bbox 1258 3346 1389 3407; x_wconf 87' lang='lat' dir='ltr'><strong>Quamvis</strong></span> <span class='ocrx_word' id='word_1_499' title='bbox 1399 3347 1475 3401; x_wconf 90' lang='lat' dir='ltr'><strong>enim</strong></span> <span class='ocrx_word' id='word_1_500' title='bbox 1486 3346 1603 3401; x_wconf 88' lang='lat' dir='ltr'><strong>multum</strong></span> <span class='ocrx_word' id='word_1_501' title='bbox 1614 3345 1717 3417; x_wconf 87' lang='lat' dir='ltr'><strong>legerit,</strong></span> <span class='ocrx_word' id='word_1_502' title='bbox 1728 3343 1800 3413; x_wconf 91' lang='lat' dir='ltr'><strong>idque</strong></span> 
     </span>
     <span class='ocr_line' id='line_1_39' title="bbox 179 3420 1801 3496; baseline 0.001 -20"><span class='ocrx_word' id='word_1_503' title='bbox 179 3420 337 3477; x_wconf 90' lang='lat' dir='ltr'><strong>ulteriorem</strong></span> <span class='ocrx_word' id='word_1_504' title='bbox 361 3423 445 3477; x_wconf 87' lang='lat' dir='ltr'><strong>vitam</strong></span> <span class='ocrx_word' id='word_1_505' title='bbox 467 3423 646 3478; x_wconf 88' lang='lat' dir='ltr'><strong>celeberrimo</strong></span> <span class='ocrx_word' id='word_1_506' title='bbox 665 3422 769 3477; x_wconf 90' lang='lat' dir='ltr'><strong>auctori</strong></span> <span class='ocrx_word' id='word_1_507' title='bbox 789 3423 902 3478; x_wconf 89' lang='lat' dir='ltr'><strong>minime</strong></span> <span class='ocrx_word' id='word_1_508' title='bbox 923 3424 975 3477; x_wconf 89' lang='lat' dir='ltr'><strong>lar·</strong></span> <span class='ocrx_word' id='word_1_509' title='bbox 1014 3440 1121 3479; x_wconf 90' lang='lat' dir='ltr'><strong>summo</strong></span> <span class='ocrx_word' id='word_1_510' title='bbox 1134 3442 1194 3480; x_wconf 91' lang='lat' dir='ltr'><strong>curu</strong></span> <span class='ocrx_word' id='word_1_511' title='bbox 1204 3426 1316 3494; x_wconf 84' lang='lat' dir='ltr'><strong>judicio,</strong></span> <span class='ocrx_word' id='word_1_512' title='bbox 1327 3434 1357 3481; x_wconf 92' lang='lat' dir='ltr'><strong>et</strong></span> <span class='ocrx_word' id='word_1_513' title='bbox 1368 3426 1515 3496; x_wconf 75' lang='lat' dir='ltr'><strong>reJectione</strong></span> <span class='ocrx_word' id='word_1_514' title='bbox 1526 3426 1619 3482; x_wconf 88' lang='lat' dir='ltr'><strong>omnis</strong></span> <span class='ocrx_word' id='word_1_515' title='bbox 1633 3425 1733 3488; x_wconf 71' lang='lat' dir='ltr'><strong>sooria,</strong></span> <span class='ocrx_word' id='word_1_516' title='bbox 1747 3439 1801 3494; x_wconf 82' lang='lat' dir='ltr'><strong>que</strong></span> 
     </span>
     <span class='ocr_line' id='line_1_40' title="bbox 179 3501 1800 3576; baseline 0.002 -21"><span class='ocrx_word' id='word_1_517' title='bbox 179 3501 280 3572; x_wconf 82' lang='lat' dir='ltr'><strong>giente.</strong></span> <span class='ocrx_word' id='word_1_518' title='bbox 321 3503 407 3557; x_wconf 85' lang='lat' dir='ltr'><strong>Extat</strong></span> <span class='ocrx_word' id='word_1_519' title='bbox 428 3510 519 3557; x_wconf 87' lang='lat' dir='ltr'><strong>tamen</strong></span> <span class='ocrx_word' id='word_1_520' title='bbox 534 3503 675 3573; x_wconf 86' lang='lat' dir='ltr'><strong>specimen</strong></span> <span class='ocrx_word' id='word_1_521' title='bbox 697 3502 830 3573; x_wconf 90' lang='lat' dir='ltr'><strong>quoddam</strong></span> <span class='ocrx_word' id='word_1_522' title='bbox 854 3503 975 3558; x_wconf 77' lang='lat' dir='ltr'><strong>historiae</strong></span> <span class='ocrx_word' id='word_1_523' title='bbox 1013 3503 1043 3558; x_wconf 92' lang='lat' dir='ltr'><strong>in</strong></span> <span class='ocrx_word' id='word_1_524' title='bbox 1068 3505 1245 3574; x_wconf 87' lang='lat' dir='ltr'><strong>scriptoribus</strong></span> <span class='ocrx_word' id='word_1_525' title='bbox 1273 3505 1398 3576; x_wconf 91' lang='lat' dir='ltr'><strong>plurimis</strong></span> <span class='ocrx_word' id='word_1_526' title='bbox 1421 3522 1482 3560; x_wconf 91' lang='lat' dir='ltr'><strong>sese</strong></span> <span class='ocrx_word' id='word_1_527' title='bbox 1509 3505 1606 3571; x_wconf 78' lang='lat' dir='ltr'><strong>offert3</strong></span> <span class='ocrx_word' id='word_1_528' title='bbox 1641 3503 1800 3559; x_wconf 77' lang='lat' dir='ltr'><strong>commodam</strong></span> 
     </span>
     <span class='ocr_line' id='line_1_41' title="bbox 179 3579 1799 3653; baseline -0.001 -18"><span class='ocrx_word' id='word_1_529' title='bbox 179 3579 262 3646; x_wconf 87' lang='lat' dir='ltr'><strong>illius,</strong></span> <span class='ocrx_word' id='word_1_530' title='bbox 277 3599 359 3651; x_wconf 87' lang='lat' dir='ltr'><strong>quam</strong></span> <span class='ocrx_word' id='word_1_531' title='bbox 373 3599 467 3653; x_wconf 76' lang='lat' dir='ltr'><strong>panem</strong></span> <span class='ocrx_word' id='word_1_532' title='bbox 480 3582 560 3637; x_wconf 89' lang='lat' dir='ltr'><strong>unius</strong></span> <span class='ocrx_word' id='word_1_533' title='bbox 573 3583 627 3636; x_wconf 91' lang='lat' dir='ltr'><strong>diei</strong></span> <span class='ocrx_word' id='word_1_534' title='bbox 642 3582 745 3636; x_wconf 74' lang='lat' dir='ltr'><strong>hunsla</strong></span> <span class='ocrx_word' id='word_1_535' title='bbox 756 3583 896 3636; x_wconf 73' lang='lat' dir='ltr'><strong>matutine</strong></span> <span class='ocrx_word' id='word_1_536' title='bbox 909 3582 974 3637; x_wconf 91' lang='lat' dir='ltr'><strong>olim</strong></span> <span class='ocrx_word' id='word_1_537' title='bbox 1014 3591 1107 3639; x_wconf 89' lang='lat' dir='ltr'><strong>tamen</strong></span> <span class='ocrx_word' id='word_1_538' title='bbox 1120 3585 1206 3639; x_wconf 91' lang='lat' dir='ltr'><strong>animi</strong></span> <span class='ocrx_word' id='word_1_539' title='bbox 1219 3584 1418 3640; x_wconf 83' lang='lat' dir='ltr'><strong>relaxationem</strong></span> <span class='ocrx_word' id='word_1_540' title='bbox 1432 3585 1531 3640; x_wconf 90' lang='lat' dir='ltr'><strong>studiis</strong></span> <span class='ocrx_word' id='word_1_541' title='bbox 1541 3585 1601 3640; x_wconf 90' lang='lat' dir='ltr'><strong>suis</strong></span> <span class='ocrx_word' id='word_1_542' title='bbox 1615 3581 1799 3640; x_wconf 75' lang='lat' dir='ltr'><strong>intermiscuitr</strong></span> 
     </span>
     <span class='ocr_line' id='line_1_42' title="bbox 179 3661 1798 3738; baseline 0.001 -23"><span class='ocrx_word' id='word_1_543' title='bbox 179 3662 372 3732; x_wconf 88' lang='lat' dir='ltr'><strong>parturierunt,</strong></span> <span class='ocrx_word' id='word_1_544' title='bbox 380 3663 452 3716; x_wconf 90' lang='lat' dir='ltr'><strong>inter</strong></span> <span class='ocrx_word' id='word_1_545' title='bbox 459 3677 542 3732; x_wconf 91' lang='lat' dir='ltr'><strong>opera</strong></span> <span class='ocrx_word' id='word_1_546' title='bbox 552 3662 611 3738; x_wconf 89' lang='lat' dir='ltr'><strong>ejus</strong></span> <span class='ocrx_word' id='word_1_547' title='bbox 619 3661 748 3717; x_wconf 88' lang='lat' dir='ltr'><strong>historica</strong></span> <span class='ocrx_word' id='word_1_548' title='bbox 758 3661 874 3733; x_wconf 85' lang='lat' dir='ltr'><strong>Anglicc</strong></span> <span class='ocrx_word' id='word_1_549' title='bbox 884 3662 973 3729; x_wconf 75' lang='lat' dir='ltr'><strong>edita3</strong></span> <span class='ocrx_word' id='word_1_550' title='bbox 1013 3662 1105 3729; x_wconf 91' lang='lat' dir='ltr'><strong>veluti,</strong></span> <span class='ocrx_word' id='word_1_551' title='bbox 1120 3664 1368 3720; x_wconf 88' lang='lat' dir='ltr'><strong>deambulationem</strong></span> <span class='ocrx_word' id='word_1_552' title='bbox 1385 3665 1487 3729; x_wconf 90' lang='lat' dir='ltr'><strong>lenem,</strong></span> <span class='ocrx_word' id='word_1_553' title='bbox 1501 3666 1656 3720; x_wconf 85' lang='lat' dir='ltr'><strong>vectionem</strong></span> <span class='ocrx_word' id='word_1_554' title='bbox 1670 3666 1699 3719; x_wconf 93' lang='lat' dir='ltr'><strong>in</strong></span> <span class='ocrx_word' id='word_1_555' title='bbox 1714 3662 1798 3725; x_wconf 83' lang='lat' dir='ltr'><strong>rheda,</strong></span> 
     </span>
     <span class='ocr_line' id='line_1_43' title="bbox 178 3741 1799 3817; baseline 0 -22"><span class='ocrx_word' id='word_1_556' title='bbox 178 3756 231 3811; x_wconf 88' lang='lat' dir='ltr'><strong>per</strong></span> <span class='ocrx_word' id='word_1_557' title='bbox 243 3742 315 3810; x_wconf 91' lang='lat' dir='ltr'><strong>quod</strong></span> <span class='ocrx_word' id='word_1_558' title='bbox 329 3758 366 3797; x_wconf 87' lang='lat' dir='ltr'><strong>ex</strong></span> <span class='ocrx_word' id='word_1_559' title='bbox 379 3759 469 3814; x_wconf 84' lang='lat' dir='ltr'><strong>ungue</strong></span> <span class='ocrx_word' id='word_1_560' title='bbox 482 3741 591 3796; x_wconf 89' lang='lat' dir='ltr'><strong>leonem</strong></span> <span class='ocrx_word' id='word_1_561' title='bbox 605 3741 763 3813; x_wconf 87' lang='lat' dir='ltr'><strong>dignoscere</strong></span> <span class='ocrx_word' id='word_1_562' title='bbox 777 3743 874 3813; x_wconf 88' lang='lat' dir='ltr'><strong>possis.</strong></span> <span class='ocrx_word' id='word_1_563' title='bbox 1014 3744 1219 3813; x_wconf 86' lang='lat' dir='ltr'><strong>equitationem,</strong></span> <span class='ocrx_word' id='word_1_564' title='bbox 1235 3760 1291 3799; x_wconf 90' lang='lat' dir='ltr'><strong>non</strong></span> <span class='ocrx_word' id='word_1_565' title='bbox 1312 3746 1396 3800; x_wconf 92' lang='lat' dir='ltr'><strong>citam</strong></span> <span class='ocrx_word' id='word_1_566' title='bbox 1412 3746 1460 3800; x_wconf 87' lang='lat' dir='ltr'><strong>sed</strong></span> <span class='ocrx_word' id='word_1_567' title='bbox 1481 3745 1590 3809; x_wconf 90' lang='lat' dir='ltr'><strong>lentam,</strong></span> <span class='ocrx_word' id='word_1_568' title='bbox 1607 3745 1747 3817; x_wconf 87' lang='lat' dir='ltr'><strong>globomm</strong></span> <span class='ocrx_word' id='word_1_569' title='bbox 1765 3741 1799 3796; x_wconf 82' lang='lat' dir='ltr'><strong>lu</strong></span> 
     </span>
     <span class='ocr_line' id='line_1_44' title="bbox 220 3820 1799 3897; baseline 0.003 -23"><span class='ocrx_word' id='word_1_570' title='bbox 220 3820 343 3876; x_wconf 82' lang='lat' dir='ltr'><strong>Virtutes</strong></span> <span class='ocrx_word' id='word_1_571' title='bbox 355 3829 384 3876; x_wconf 87' lang='lat' dir='ltr'><strong>et</strong></span> <span class='ocrx_word' id='word_1_572' title='bbox 397 3821 481 3876; x_wconf 90' lang='lat' dir='ltr'><strong>animi</strong></span> <span class='ocrx_word' id='word_1_573' title='bbox 493 3821 571 3876; x_wconf 90' lang='lat' dir='ltr'><strong>dotes</strong></span> <span class='ocrx_word' id='word_1_574' title='bbox 583 3838 637 3876; x_wconf 92' lang='lat' dir='ltr'><strong>non</strong></span> <span class='ocrx_word' id='word_1_575' title='bbox 650 3821 748 3886; x_wconf 88' lang='lat' dir='ltr'><strong>minua,</strong></span> <span class='ocrx_word' id='word_1_576' title='bbox 763 3838 845 3892; x_wconf 84' lang='lat' dir='ltr'><strong>quara</strong></span> <span class='ocrx_word' id='word_1_577' title='bbox 858 3822 975 3877; x_wconf 88' lang='lat' dir='ltr'><strong>curricu-</strong></span> <span class='ocrx_word' id='word_1_578' title='bbox 1014 3839 1092 3889; x_wconf 76' lang='lat' dir='ltr'><strong>sum3</strong></span> <span class='ocrx_word' id='word_1_579' title='bbox 1113 3832 1140 3878; x_wconf 92' lang='lat' dir='ltr'><strong>et</strong></span> <span class='ocrx_word' id='word_1_580' title='bbox 1154 3823 1209 3878; x_wconf 89' lang='lat' dir='ltr'><strong>alia</strong></span> <span class='ocrx_word' id='word_1_581' title='bbox 1221 3824 1251 3878; x_wconf 91' lang='lat' dir='ltr'><strong>id</strong></span> <span class='ocrx_word' id='word_1_582' title='bbox 1264 3841 1353 3895; x_wconf 87' lang='lat' dir='ltr'><strong>genas</strong></span> <span class='ocrx_word' id='word_1_583' title='bbox 1366 3825 1508 3880; x_wconf 86' lang='lat' dir='ltr'><strong>exercitia.</strong></span> <span class='ocrx_word' id='word_1_584' title='bbox 1556 3826 1659 3897; x_wconf 90' lang='lat' dir='ltr'><strong>Neque</strong></span> <span class='ocrx_word' id='word_1_585' title='bbox 1673 3840 1735 3879; x_wconf 85' lang='lat' dir='ltr'><strong>vero</strong></span> <span class='ocrx_word' id='word_1_586' title='bbox 1749 3822 1799 3890; x_wconf 80' lang='lat' dir='ltr'><strong>jat-</strong></span> 
     </span>
     <span class='ocr_line' id='line_1_45' title="bbox 178 3898 1799 3976; baseline 0.001 -24"><span class='ocrx_word' id='word_1_587' title='bbox 178 3898 236 3954; x_wconf 90' lang='lat' dir='ltr'><strong>lum</strong></span> <span class='ocrx_word' id='word_1_588' title='bbox 250 3900 320 3965; x_wconf 81' lang='lat' dir='ltr'><strong>vitre,</strong></span> <span class='ocrx_word' id='word_1_589' title='bbox 334 3901 363 3955; x_wconf 94' lang='lat' dir='ltr'><strong>in</strong></span> <span class='ocrx_word' id='word_1_590' title='bbox 384 3900 469 3956; x_wconf 75' lang='lat' dir='ltr'><strong>heroii</strong></span> <span class='ocrx_word' id='word_1_591' title='bbox 490 3902 544 3957; x_wconf 91' lang='lat' dir='ltr'><strong>isto</strong></span> <span class='ocrx_word' id='word_1_592' title='bbox 556 3902 794 3956; x_wconf 89' lang='lat' dir='ltr'><strong>commemorando</strong></span> <span class='ocrx_word' id='word_1_593' title='bbox 806 3901 898 3957; x_wconf 92' lang='lat' dir='ltr'><strong>locum</strong></span> <span class='ocrx_word' id='word_1_594' title='bbox 921 3903 975 3958; x_wconf 91' lang='lat' dir='ltr'><strong>sibi</strong></span> <span class='ocrx_word' id='word_1_595' title='bbox 1015 3909 1103 3958; x_wconf 90' lang='lat' dir='ltr'><strong>turam</strong></span> <span class='ocrx_word' id='word_1_596' title='bbox 1124 3904 1254 3975; x_wconf 85' lang='lat' dir='ltr'><strong>temporis</strong></span> <span class='ocrx_word' id='word_1_597' title='bbox 1280 3903 1364 3959; x_wconf 91' lang='lat' dir='ltr'><strong>ullam</strong></span> <span class='ocrx_word' id='word_1_598' title='bbox 1393 3906 1476 3960; x_wconf 88' lang='lat' dir='ltr'><strong>fecit:</strong></span> <span class='ocrx_word' id='word_1_599' title='bbox 1504 3907 1707 3976; x_wconf 88' lang='lat' dir='ltr'><strong>quamprimum</strong></span> <span class='ocrx_word' id='word_1_600' title='bbox 1732 3902 1799 3957; x_wconf 87' lang='lat' dir='ltr'><strong>enim</strong></span> 
     </span>
     <span class='ocr_line' id='line_1_46' title="bbox 180 3978 1799 4055; baseline 0.002 -23"><span class='ocrx_word' id='word_1_601' title='bbox 180 3978 334 4033; x_wconf 85' lang='lat' dir='ltr'><strong>vendicant.</strong></span> <span class='ocrx_word' id='word_1_602' title='bbox 376 3980 532 4036; x_wconf 83' lang='lat' dir='ltr'><strong>Facultates</strong></span> <span class='ocrx_word' id='word_1_603' title='bbox 544 3979 607 4047; x_wconf 78' lang='lat' dir='ltr'><strong>illm,</strong></span> <span class='ocrx_word' id='word_1_604' title='bbox 619 3998 686 4052; x_wconf 92' lang='lat' dir='ltr'><strong>quas</strong></span> <span class='ocrx_word' id='word_1_605' title='bbox 699 3982 729 4035; x_wconf 94' lang='lat' dir='ltr'><strong>in</strong></span> <span class='ocrx_word' id='word_1_606' title='bbox 742 3981 874 4036; x_wconf 89' lang='lat' dir='ltr'><strong>aliisnon</strong></span> <span class='ocrx_word' id='word_1_607' title='bbox 887 3982 974 4037; x_wconf 87' lang='lat' dir='ltr'><strong>infimi</strong></span> <span class='ocrx_word' id='word_1_608' title='bbox 1013 3982 1123 4038; x_wconf 90' lang='lat' dir='ltr'><strong>domum</strong></span> <span class='ocrx_word' id='word_1_609' title='bbox 1151 3983 1270 4048; x_wconf 89' lang='lat' dir='ltr'><strong>redierit,</strong></span> <span class='ocrx_word' id='word_1_610' title='bbox 1294 3984 1441 4040; x_wconf 76' lang='lat' dir='ltr'><strong>confestim</strong></span> <span class='ocrx_word' id='word_1_611' title='bbox 1466 3992 1494 4039; x_wconf 91' lang='lat' dir='ltr'><strong>et</strong></span> <span class='ocrx_word' id='word_1_612' title='bbox 1520 3985 1624 4055; x_wconf 89' lang='lat' dir='ltr'><strong>absque</strong></span> <span class='ocrx_word' id='word_1_613' title='bbox 1651 3983 1708 4038; x_wconf 90' lang='lat' dir='ltr'><strong>ulla</strong></span> <span class='ocrx_word' id='word_1_614' title='bbox 1732 3996 1799 4037; x_wconf 85' lang='lat' dir='ltr'><strong>mors</strong></span> 
     </span>
     <span class='ocr_line' id='line_1_47' title="bbox 178 4057 1799 4132; baseline 0 -19"><span class='ocrx_word' id='word_1_615' title='bbox 178 4057 282 4129; x_wconf 85' lang='lat' dir='ltr'><strong>ingenii</strong></span> <span class='ocrx_word' id='word_1_616' title='bbox 298 4059 455 4116; x_wconf 90' lang='lat' dir='ltr'><strong>hominibus</strong></span> <span class='ocrx_word' id='word_1_617' title='bbox 468 4061 627 4116; x_wconf 88' lang='lat' dir='ltr'><strong>dissociatas</strong></span> <span class='ocrx_word' id='word_1_618' title='bbox 641 4061 697 4116; x_wconf 89' lang='lat' dir='ltr'><strong>fere</strong></span> <span class='ocrx_word' id='word_1_619' title='bbox 711 4070 739 4116; x_wconf 90' lang='lat' dir='ltr'><strong>et</strong></span> <span class='ocrx_word' id='word_1_620' title='bbox 749 4060 886 4116; x_wconf 87' lang='lat' dir='ltr'><strong>solitarias</strong></span> <span class='ocrx_word' id='word_1_621' title='bbox 900 4078 975 4132; x_wconf 90' lang='lat' dir='ltr'><strong>repe-</strong></span> <span class='ocrx_word' id='word_1_622' title='bbox 1013 4060 1126 4117; x_wconf 89' lang='lat' dir='ltr'><strong>lectioni</strong></span> <span class='ocrx_word' id='word_1_623' title='bbox 1140 4070 1187 4117; x_wconf 90' lang='lat' dir='ltr'><strong>aut</strong></span> <span class='ocrx_word' id='word_1_624' title='bbox 1198 4064 1368 4118; x_wconf 89' lang='lat' dir='ltr'><strong>meditationi</strong></span> <span class='ocrx_word' id='word_1_625' title='bbox 1382 4064 1546 4119; x_wconf 76' lang='lat' dir='ltr'><strong>renovandae</strong></span> <span class='ocrx_word' id='word_1_626' title='bbox 1557 4064 1695 4119; x_wconf 85' lang='lat' dir='ltr'><strong>incubuit:</strong></span> <span class='ocrx_word' id='word_1_627' title='bbox 1715 4062 1799 4130; x_wconf 87' lang='lat' dir='ltr'><strong>sicque</strong></span> 
     </span>
     <span class='ocr_line' id='line_1_48' title="bbox 178 4137 1799 4215; baseline 0.002 -23"><span class='ocrx_word' id='word_1_628' title='bbox 178 4138 243 4203; x_wconf 89' lang='lat' dir='ltr'><strong>ries,</strong></span> <span class='ocrx_word' id='word_1_629' title='bbox 257 4138 286 4192; x_wconf 93' lang='lat' dir='ltr'><strong>iu</strong></span> <span class='ocrx_word' id='word_1_630' title='bbox 302 4137 350 4193; x_wconf 92' lang='lat' dir='ltr'><strong>illo</strong></span> <span class='ocrx_word' id='word_1_631' title='bbox 368 4140 526 4207; x_wconf 80' lang='lat' dir='ltr'><strong>conjuncta,</strong></span> <span class='ocrx_word' id='word_1_632' title='bbox 540 4147 569 4195; x_wconf 89' lang='lat' dir='ltr'><strong>et</strong></span> <span class='ocrx_word' id='word_1_633' title='bbox 591 4141 668 4212; x_wconf 87' lang='lat' dir='ltr'><strong>quasi</strong></span> <span class='ocrx_word' id='word_1_634' title='bbox 683 4141 819 4196; x_wconf 91' lang='lat' dir='ltr'><strong>connubio</strong></span> <span class='ocrx_word' id='word_1_635' title='bbox 840 4142 975 4212; x_wconf 74' lang='lat' dir='ltr'><strong>copulata</strong></span> <span class='ocrx_word' id='word_1_636' title='bbox 1015 4142 1119 4196; x_wconf 89' lang='lat' dir='ltr'><strong>nullum</strong></span> <span class='ocrx_word' id='word_1_637' title='bbox 1132 4151 1308 4208; x_wconf 89' lang='lat' dir='ltr'><strong>momentum,</strong></span> <span class='ocrx_word' id='word_1_638' title='bbox 1319 4152 1367 4199; x_wconf 86' lang='lat' dir='ltr'><strong>aut</strong></span> <span class='ocrx_word' id='word_1_639' title='bbox 1379 4145 1512 4215; x_wconf 90' lang='lat' dir='ltr'><strong>temporis</strong></span> <span class='ocrx_word' id='word_1_640' title='bbox 1527 4152 1708 4215; x_wconf 87' lang='lat' dir='ltr'><strong>segmentum,</strong></span> <span class='ocrx_word' id='word_1_641' title='bbox 1718 4140 1799 4212; x_wconf 84' lang='lat' dir='ltr'><strong>perire</strong></span> 
     </span>
     <span class='ocr_line' id='line_1_49' title="bbox 178 4218 1784 4293; baseline 0.001 -20"><span class='ocrx_word' id='word_1_642' title='bbox 178 4218 344 4273; x_wconf 86' lang='lat' dir='ltr'><strong>eminebant.</strong></span> <span class='ocrx_word' id='word_1_643' title='bbox 385 4219 435 4274; x_wconf 82' lang='lat' dir='ltr'><strong>Eas</strong></span> <span class='ocrx_word' id='word_1_644' title='bbox 454 4220 564 4275; x_wconf 91' lang='lat' dir='ltr'><strong>fuerunt</strong></span> <span class='ocrx_word' id='word_1_645' title='bbox 583 4221 687 4291; x_wconf 84' lang='lat' dir='ltr'><strong>ingenii</strong></span> <span class='ocrx_word' id='word_1_646' title='bbox 706 4238 828 4285; x_wconf 89' lang='lat' dir='ltr'><strong>acumen,</strong></span> <span class='ocrx_word' id='word_1_647' title='bbox 842 4222 976 4276; x_wconf 89' lang='lat' dir='ltr'><strong>memoria</strong></span> <span class='ocrx_word' id='word_1_648' title='bbox 1014 4228 1041 4275; x_wconf 90' lang='lat' dir='ltr'><strong>et</strong></span> <span class='ocrx_word' id='word_1_649' title='bbox 1054 4222 1216 4276; x_wconf 87' lang='lat' dir='ltr'><strong>intercidere</strong></span> <span class='ocrx_word' id='word_1_650' title='bbox 1230 4240 1325 4293; x_wconf 87' lang='lat' dir='ltr'><strong>passus</strong></span> <span class='ocrx_word' id='word_1_651' title='bbox 1339 4231 1389 4279; x_wconf 81' lang='lat' dir='ltr'><strong>est</strong></span> <span class='ocrx_word' id='word_1_652' title='bbox 1780 4267 1784 4275; x_wconf 90' lang='lat'>.</span> 
     </span>
     <span class='ocr_line' id='line_1_50' title="bbox 178 4297 1799 4373; baseline 0.001 -22"><span class='ocrx_word' id='word_1_653' title='bbox 178 4298 241 4362; x_wconf 88' lang='lat' dir='ltr'><strong>fida,</strong></span> <span class='ocrx_word' id='word_1_654' title='bbox 252 4297 386 4373; x_wconf 83' lang='lat' dir='ltr'><strong>judicium</strong></span> <span class='ocrx_word' id='word_1_655' title='bbox 396 4307 550 4368; x_wconf 87' lang='lat' dir='ltr'><strong>penetrans,</strong></span> <span class='ocrx_word' id='word_1_656' title='bbox 561 4308 590 4353; x_wconf 92' lang='lat' dir='ltr'><strong>et</strong></span> <span class='ocrx_word' id='word_1_657' title='bbox 599 4301 716 4356; x_wconf 91' lang='lat' dir='ltr'><strong>elocutio</strong></span> <span class='ocrx_word' id='word_1_658' title='bbox 724 4302 870 4371; x_wconf 86' lang='lat' dir='ltr'><strong>profluens.</strong></span> <span class='ocrx_word' id='word_1_659' title='bbox 891 4301 931 4355; x_wconf 76' lang='lat' dir='ltr'><strong>Ac</strong></span> <span class='ocrx_word' id='word_1_660' title='bbox 940 4302 974 4356; x_wconf 92' lang='lat' dir='ltr'><strong>de</strong></span> <span class='ocrx_word' id='word_1_661' title='bbox 1053 4302 1179 4356; x_wconf 89' lang='lat' dir='ltr'><strong>Mensam</strong></span> <span class='ocrx_word' id='word_1_662' title='bbox 1201 4304 1261 4370; x_wconf 89' lang='lat' dir='ltr'><strong>ejus</strong></span> <span class='ocrx_word' id='word_1_663' title='bbox 1283 4303 1460 4358; x_wconf 87' lang='lat' dir='ltr'><strong>refectionem</strong></span> <span class='ocrx_word' id='word_1_664' title='bbox 1482 4304 1588 4358; x_wconf 85' lang='lat' dir='ltr'><strong>aurium</strong></span> <span class='ocrx_word' id='word_1_665' title='bbox 1602 4304 1715 4366; x_wconf 88' lang='lat' dir='ltr'><strong>diceres,</strong></span> <span class='ocrx_word' id='word_1_666' title='bbox 1729 4313 1799 4369; x_wconf 85' lang='lat' dir='ltr'><strong>arque</strong></span> 
     </span>
     <span class='ocr_line' id='line_1_51' title="bbox 178 4377 1798 4450; baseline 0.004 -18"><span class='ocrx_word' id='word_1_667' title='bbox 178 4377 315 4448; x_wconf 84' lang='lat' dir='ltr'><strong>prioribus</strong></span> <span class='ocrx_word' id='word_1_668' title='bbox 329 4378 384 4431; x_wconf 90' lang='lat' dir='ltr'><strong>illis</strong></span> <span class='ocrx_word' id='word_1_669' title='bbox 399 4379 486 4434; x_wconf 89' lang='lat' dir='ltr'><strong>tribus</strong></span> <span class='ocrx_word' id='word_1_670' title='bbox 500 4379 562 4434; x_wconf 91' lang='lat' dir='ltr'><strong>libri</strong></span> <span class='ocrx_word' id='word_1_671' title='bbox 577 4382 635 4450; x_wconf 89' lang='lat' dir='ltr'><strong>ejus</strong></span> <span class='ocrx_word' id='word_1_672' title='bbox 650 4381 755 4435; x_wconf 92' lang='lat' dir='ltr'><strong>abunde</strong></span> <span class='ocrx_word' id='word_1_673' title='bbox 772 4387 918 4445; x_wconf 74' lang='lat' dir='ltr'><strong>testantur3</strong></span> <span class='ocrx_word' id='word_1_674' title='bbox 940 4380 974 4434; x_wconf 91' lang='lat' dir='ltr'><strong>de</strong></span> <span class='ocrx_word' id='word_1_675' title='bbox 1013 4398 1045 4435; x_wconf 92' lang='lat' dir='ltr'><strong>ac</strong></span> <span class='ocrx_word' id='word_1_676' title='bbox 1065 4383 1184 4436; x_wconf 83' lang='lat' dir='ltr'><strong>ventris:</strong></span> <span class='ocrx_word' id='word_1_677' title='bbox 1216 4399 1270 4436; x_wconf 93' lang='lat' dir='ltr'><strong>non</strong></span> <span class='ocrx_word' id='word_1_678' title='bbox 1295 4384 1448 4438; x_wconf 89' lang='lat' dir='ltr'><strong>absimilem</strong></span> <span class='ocrx_word' id='word_1_679' title='bbox 1469 4383 1596 4438; x_wconf 88' lang='lat' dir='ltr'><strong>noctibus</strong></span> <span class='ocrx_word' id='word_1_680' title='bbox 1619 4382 1676 4437; x_wconf 89' lang='lat' dir='ltr'><strong>illis</strong></span> <span class='ocrx_word' id='word_1_681' title='bbox 1696 4378 1798 4438; x_wconf 74' lang='lat' dir='ltr'><strong>Atticis.</strong></span> 
     </span>
     <span class='ocr_line' id='line_1_52' title="bbox 179 4457 1799 4533; baseline 0.002 -22"><span class='ocrx_word' id='word_1_682' title='bbox 179 4459 278 4528; x_wconf 90' lang='lat' dir='ltr'><strong>quibus</strong></span> <span class='ocrx_word' id='word_1_683' title='bbox 286 4457 564 4528; x_wconf 81' lang='lat' dir='ltr'><strong>(utdedulioCoesare</strong></span> <span class='ocrx_word' id='word_1_684' title='bbox 573 4461 695 4529; x_wconf 89' lang='lat' dir='ltr'><strong>Hirtius)</strong></span> <span class='ocrx_word' id='word_1_685' title='bbox 703 4467 806 4531; x_wconf 89' lang='lat' dir='ltr'><strong>“quam</strong></span> <span class='ocrx_word' id='word_1_686' title='bbox 816 4460 974 4531; x_wconf 87' lang='lat' dir='ltr'><strong>beneatque</strong></span> <span class='ocrx_word' id='word_1_687' title='bbox 1013 4468 1060 4513; x_wconf 91' lang='lat' dir='ltr'><strong>aut</strong></span> <span class='ocrx_word' id='word_1_688' title='bbox 1067 4462 1198 4515; x_wconf 80' lang='lat' dir='ltr'><strong>conviviis</strong></span> <span class='ocrx_word' id='word_1_689' title='bbox 1209 4462 1509 4533; x_wconf 68' lang='lat' dir='ltr'><strong>deipnosophistarusm</strong></span> <span class='ocrx_word' id='word_1_690' title='bbox 1531 4463 1560 4516; x_wconf 94' lang='lat' dir='ltr'><strong>in</strong></span> <span class='ocrx_word' id='word_1_691' title='bbox 1572 4463 1799 4532; x_wconf 84' lang='lat' dir='ltr'><strong>quibasmeuteet</strong></span> 
     </span>
     <span class='ocr_line' id='line_1_53' title="bbox 179 4538 1797 4613; baseline -0.001 -21"><span class='ocrx_word' id='word_1_692' title='bbox 179 4538 329 4602; x_wconf 85' lang='lat' dir='ltr'><strong>emendate,</strong></span> <span class='ocrx_word' id='word_1_693' title='bbox 344 4538 434 4592; x_wconf 77' lang='lat' dir='ltr'><strong>crateri</strong></span> <span class='ocrx_word' id='word_1_694' title='bbox 454 4539 593 4606; x_wconf 82' lang='lat' dir='ltr'><strong>judicent;</strong></span> <span class='ocrx_word' id='word_1_695' title='bbox 619 4556 669 4594; x_wconf 90' lang='lat' dir='ltr'><strong>nos</strong></span> <span class='ocrx_word' id='word_1_696' title='bbox 686 4540 776 4604; x_wconf 76' lang='lat' dir='ltr'><strong>enam,</strong></span> <span class='ocrx_word' id='word_1_697' title='bbox 791 4556 873 4611; x_wconf 90' lang='lat' dir='ltr'><strong>quam</strong></span> <span class='ocrx_word' id='word_1_698' title='bbox 894 4539 974 4594; x_wconf 88' lang='lat' dir='ltr'><strong>facile</strong></span> <span class='ocrx_word' id='word_1_699' title='bbox 1013 4539 1152 4595; x_wconf 82' lang='lat' dir='ltr'><strong>intellectu</strong></span> <span class='ocrx_word' id='word_1_700' title='bbox 1174 4543 1249 4595; x_wconf 88' lang='lat' dir='ltr'><strong>refici</strong></span> <span class='ocrx_word' id='word_1_701' title='bbox 1269 4542 1377 4608; x_wconf 89' lang='lat' dir='ltr'><strong>licebat,</strong></span> <span class='ocrx_word' id='word_1_702' title='bbox 1391 4560 1447 4597; x_wconf 86' lang='lat' dir='ltr'><strong>non</strong></span> <span class='ocrx_word' id='word_1_703' title='bbox 1466 4543 1558 4597; x_wconf 91' lang='lat' dir='ltr'><strong>minus</strong></span> <span class='ocrx_word' id='word_1_704' title='bbox 1580 4560 1662 4613; x_wconf 90' lang='lat' dir='ltr'><strong>quam</strong></span> <span class='ocrx_word' id='word_1_705' title='bbox 1686 4554 1797 4608; x_wconf 86' lang='lat' dir='ltr'><strong>corpore.</strong></span> 
     </span>
     <span class='ocr_line' id='line_1_54' title="bbox 178 4615 1797 4694; baseline -0.001 -23"><span class='ocrx_word' id='word_1_706' title='bbox 178 4624 262 4687; x_wconf 88' lang='lat' dir='ltr'><strong>atque</strong></span> <span class='ocrx_word' id='word_1_707' title='bbox 276 4618 408 4681; x_wconf 88' lang='lat' dir='ltr'><strong>celeriter,</strong></span> <span class='ocrx_word' id='word_1_708' title='bbox 424 4635 471 4672; x_wconf 87' lang='lat' dir='ltr'><strong>eas</strong></span> <span class='ocrx_word' id='word_1_709' title='bbox 492 4621 697 4689; x_wconf 70' lang='lat' dir='ltr'><strong>praesupmsit,</strong></span> <span class='ocrx_word' id='word_1_710' title='bbox 711 4620 838 4674; x_wconf 79' lang='lat' dir='ltr'><strong>scimus&#39;’</strong></span> <span class='ocrx_word' id='word_1_711' title='bbox 873 4620 925 4674; x_wconf 89' lang='lat' dir='ltr'><strong>Sed</strong></span> <span class='ocrx_word' id='word_1_712' title='bbox 940 4620 974 4674; x_wconf 90' lang='lat' dir='ltr'><strong>de</strong></span> <span class='ocrx_word' id='word_1_713' title='bbox 1013 4621 1086 4673; x_wconf 92' lang='lat' dir='ltr'><strong>Novi</strong></span> <span class='ocrx_word' id='word_1_714' title='bbox 1101 4622 1184 4674; x_wconf 87' lang='lat' dir='ltr'><strong>etiam</strong></span> <span class='ocrx_word' id='word_1_715' title='bbox 1206 4622 1353 4676; x_wconf 91' lang='lat' dir='ltr'><strong>nonnullos</strong></span> <span class='ocrx_word' id='word_1_716' title='bbox 1366 4622 1533 4677; x_wconf 88' lang='lat' dir='ltr'><strong>sublimioris</strong></span> <span class='ocrx_word' id='word_1_717' title='bbox 1547 4622 1651 4694; x_wconf 87' lang='lat' dir='ltr'><strong>ingenii</strong></span> <span class='ocrx_word' id='word_1_718' title='bbox 1665 4621 1742 4682; x_wconf 92' lang='lat' dir='ltr'><strong>viros,</strong></span> <span class='ocrx_word' id='word_1_719' title='bbox 1756 4615 1797 4688; x_wconf 91' lang='lat' dir='ltr'><strong>qui</strong></span> 
     </span>
     <span class='ocr_line' id='line_1_55' title="bbox 179 4698 1798 4772; baseline -0.002 -21"><span class='ocrx_word' id='word_1_720' title='bbox 179 4704 276 4766; x_wconf 90' lang='lat' dir='ltr'><strong>quarta</strong></span> <span class='ocrx_word' id='word_1_721' title='bbox 290 4700 369 4767; x_wconf 89' lang='lat' dir='ltr'><strong>(puta</strong></span> <span class='ocrx_word' id='word_1_722' title='bbox 382 4698 545 4766; x_wconf 88' lang='lat' dir='ltr'><strong>elocutione)</strong></span> <span class='ocrx_word' id='word_1_723' title='bbox 560 4698 629 4753; x_wconf 92' lang='lat' dir='ltr'><strong>illud</strong></span> <span class='ocrx_word' id='word_1_724' title='bbox 650 4699 727 4754; x_wconf 82' lang='lat' dir='ltr'><strong>effari</strong></span> <span class='ocrx_word' id='word_1_725' title='bbox 740 4699 814 4764; x_wconf 85' lang='lat' dir='ltr'><strong>libet,</strong></span> <span class='ocrx_word' id='word_1_726' title='bbox 829 4700 901 4770; x_wconf 91' lang='lat' dir='ltr'><strong>quod</strong></span> <span class='ocrx_word' id='word_1_727' title='bbox 914 4700 973 4769; x_wconf 90' lang='lat' dir='ltr'><strong>ipse</strong></span> <span class='ocrx_word' id='word_1_728' title='bbox 1013 4700 1046 4753; x_wconf 91' lang='lat' dir='ltr'><strong>ad</strong></span> <span class='ocrx_word' id='word_1_729' title='bbox 1063 4700 1212 4771; x_wconf 82' lang='lat' dir='ltr'><strong>pugillares</strong></span> <span class='ocrx_word' id='word_1_730' title='bbox 1233 4719 1263 4755; x_wconf 88' lang='lat' dir='ltr'><strong>se</strong></span> <span class='ocrx_word' id='word_1_731' title='bbox 1283 4704 1419 4771; x_wconf 86' lang='lat' dir='ltr'><strong>recepisse</strong></span> <span class='ocrx_word' id='word_1_732' title='bbox 1442 4701 1559 4772; x_wconf 89' lang='lat' dir='ltr'><strong>professi</strong></span> <span class='ocrx_word' id='word_1_733' title='bbox 1580 4704 1644 4766; x_wconf 84' lang='lat' dir='ltr'><strong>sint,</strong></span> <span class='ocrx_word' id='word_1_734' title='bbox 1664 4699 1766 4771; x_wconf 89' lang='lat' dir='ltr'><strong>quoties</strong></span> <span class='ocrx_word' id='word_1_735' title='bbox 1783 4712 1798 4747; x_wconf 88' lang='lat' dir='ltr'><strong>a</strong></span> 
     </span>
     <span class='ocr_line' id='line_1_56' title="bbox 179 4777 1796 4857; baseline 0 -27"><span class='ocrx_word' id='word_1_736' title='bbox 179 4777 271 4832; x_wconf 86' lang='lat' dir='ltr'><strong>audivi</strong></span> <span class='ocrx_word' id='word_1_737' title='bbox 280 4777 416 4849; x_wconf 85' lang='lat' dir='ltr'><strong>insignem</strong></span> <span class='ocrx_word' id='word_1_738' title='bbox 430 4778 509 4832; x_wconf 90' lang='lat' dir='ltr'><strong>illum</strong></span> <span class='ocrx_word' id='word_1_739' title='bbox 520 4779 700 4833; x_wconf 85' lang='lat' dir='ltr'><strong>Gualtherum</strong></span> <span class='ocrx_word' id='word_1_740' title='bbox 711 4778 874 4850; x_wconf 86' lang='lat' dir='ltr'><strong>Raleghum,</strong></span> <span class='ocrx_word' id='word_1_741' title='bbox 885 4779 973 4833; x_wconf 90' lang='lat' dir='ltr'><strong>virum</strong></span> <span class='ocrx_word' id='word_1_742' title='bbox 1013 4796 1110 4834; x_wconf 89' lang='lat' dir='ltr'><strong>mensa</strong></span> <span class='ocrx_word' id='word_1_743' title='bbox 1133 4782 1193 4850; x_wconf 87' lang='lat' dir='ltr'><strong>ejus</strong></span> <span class='ocrx_word' id='word_1_744' title='bbox 1215 4784 1389 4857; x_wconf 76' lang='lat' dir='ltr'><strong>surpexerint.</strong></span> <span class='ocrx_word' id='word_1_745' title='bbox 1431 4781 1640 4837; x_wconf 80' lang='lat' dir='ltr'><strong>Convivantium</strong></span> <span class='ocrx_word' id='word_1_746' title='bbox 1659 4778 1796 4839; x_wconf 89' lang='lat' dir='ltr'><strong>neminem,</strong></span> 
     </span>
     <span class='ocr_line' id='line_1_57' title="bbox 178 4857 1798 4932; baseline -0.001 -21"><span class='ocrx_word' id='word_1_747' title='bbox 178 4857 297 4927; x_wconf 81' lang='lat' dir='ltr'><strong>equestri</strong></span> <span class='ocrx_word' id='word_1_748' title='bbox 307 4857 440 4928; x_wconf 91' lang='lat' dir='ltr'><strong>dignitate</strong></span> <span class='ocrx_word' id='word_1_749' title='bbox 454 4867 482 4912; x_wconf 92' lang='lat' dir='ltr'><strong>et</strong></span> <span class='ocrx_word' id='word_1_750' title='bbox 495 4858 680 4929; x_wconf 88' lang='lat' dir='ltr'><strong>singularibus</strong></span> <span class='ocrx_word' id='word_1_751' title='bbox 690 4859 834 4914; x_wconf 71' lang='lat' dir='ltr'><strong>viantibus</strong></span> <span class='ocrx_word' id='word_1_752' title='bbox 848 4867 974 4913; x_wconf 90' lang='lat' dir='ltr'><strong>ornatum</strong></span> <span class='ocrx_word' id='word_1_753' title='bbox 1013 4868 1060 4913; x_wconf 89' lang='lat' dir='ltr'><strong>aut</strong></span> <span class='ocrx_word' id='word_1_754' title='bbox 1081 4860 1150 4914; x_wconf 91' lang='lat' dir='ltr'><strong>alias</strong></span> <span class='ocrx_word' id='word_1_755' title='bbox 1170 4860 1389 4932; x_wconf 89' lang='lat' dir='ltr'><strong>colloquentium,</strong></span> <span class='ocrx_word' id='word_1_756' title='bbox 1410 4861 1513 4932; x_wconf 88' lang='lat' dir='ltr'><strong>pudore</strong></span> <span class='ocrx_word' id='word_1_757' title='bbox 1535 4862 1689 4916; x_wconf 80' lang='lat' dir='ltr'><strong>suffundere</strong></span> <span class='ocrx_word' id='word_1_758' title='bbox 1711 4857 1798 4929; x_wconf 75' lang='lat' dir='ltr'><strong>gloria</strong></span> 
     </span>
     <span class='ocr_line' id='line_1_58' title="bbox 180 4937 1797 5012; baseline -0.001 -21"><span class='ocrx_word' id='word_1_759' title='bbox 180 4937 271 5006; x_wconf 86' lang='lat' dir='ltr'><strong>(cujus</strong></span> <span class='ocrx_word' id='word_1_760' title='bbox 293 4937 398 5007; x_wconf 88' lang='lat' dir='ltr'><strong>judicio</strong></span> <span class='ocrx_word' id='word_1_761' title='bbox 418 4954 474 4992; x_wconf 89' lang='lat' dir='ltr'><strong>non</strong></span> <span class='ocrx_word' id='word_1_762' title='bbox 494 4938 631 4992; x_wconf 88' lang='lat' dir='ltr'><strong>immerito</strong></span> <span class='ocrx_word' id='word_1_763' title='bbox 655 4939 789 4993; x_wconf 85' lang='lat' dir='ltr'><strong>fidendum</strong></span> <span class='ocrx_word' id='word_1_764' title='bbox 813 4941 869 5007; x_wconf 84' lang='lat' dir='ltr'><strong>est)</strong></span> <span class='ocrx_word' id='word_1_765' title='bbox 889 4939 974 4993; x_wconf 87' lang='lat' dir='ltr'><strong>semel</strong></span> <span class='ocrx_word' id='word_1_766' title='bbox 1013 4940 1066 4993; x_wconf 90' lang='lat' dir='ltr'><strong>sibi</strong></span> <span class='ocrx_word' id='word_1_767' title='bbox 1086 4940 1171 5004; x_wconf 81' lang='lat' dir='ltr'><strong>duxit,</strong></span> <span class='ocrx_word' id='word_1_768' title='bbox 1187 4940 1256 4995; x_wconf 91' lang='lat' dir='ltr'><strong>sicut</strong></span> <span class='ocrx_word' id='word_1_769' title='bbox 1276 4941 1401 4996; x_wconf 88' lang='lat' dir='ltr'><strong>nonnulli</strong></span> <span class='ocrx_word' id='word_1_770' title='bbox 1424 4943 1563 5012; x_wconf 79' lang='lat' dir='ltr'><strong>gestiunt3</strong></span> <span class='ocrx_word' id='word_1_771' title='bbox 1593 4942 1641 4995; x_wconf 90' lang='lat' dir='ltr'><strong>sed</strong></span> <span class='ocrx_word' id='word_1_772' title='bbox 1665 4937 1797 4993; x_wconf 83' lang='lat' dir='ltr'><strong>facultates</strong></span> 
     </span>
     <span class='ocr_line' id='line_1_59' title="bbox 178 5014 1797 5091; baseline 0.001 -22"><span class='ocrx_word' id='word_1_773' title='bbox 178 5014 374 5072; x_wconf 79' lang='lat' dir='ltr'><strong>disserentem:</strong></span> <span class='ocrx_word' id='word_1_774' title='bbox 400 5018 537 5081; x_wconf 87' lang='lat' dir='ltr'><strong>nimirum,</strong></span> <span class='ocrx_word' id='word_1_775' title='bbox 557 5017 722 5072; x_wconf 87' lang='lat' dir='ltr'><strong>“Comitem</strong></span> <span class='ocrx_word' id='word_1_776' title='bbox 744 5018 974 5074; x_wconf 88' lang='lat' dir='ltr'><strong>Sarisburiensem</strong></span> <span class='ocrx_word' id='word_1_777' title='bbox 1012 5036 1105 5074; x_wconf 88' lang='lat' dir='ltr'><strong>eorum</strong></span> <span class='ocrx_word' id='word_1_778' title='bbox 1129 5020 1331 5091; x_wconf 89' lang='lat' dir='ltr'><strong>qualescunque</strong></span> <span class='ocrx_word' id='word_1_779' title='bbox 1359 5021 1450 5074; x_wconf 86' lang='lat' dir='ltr'><strong>fovere</strong></span> <span class='ocrx_word' id='word_1_780' title='bbox 1473 5029 1501 5073; x_wconf 89' lang='lat' dir='ltr'><strong>et</strong></span> <span class='ocrx_word' id='word_1_781' title='bbox 1523 5021 1673 5090; x_wconf 84' lang='lat' dir='ltr'><strong>provehere</strong></span> <span class='ocrx_word' id='word_1_782' title='bbox 1695 5023 1797 5090; x_wconf 80' lang='lat' dir='ltr'><strong>paratus</strong></span> 
     </span>
     <span class='ocr_line' id='line_1_60' title="bbox 178 5096 1796 5167; baseline 0.002 -19"><span class='ocrx_word' id='word_1_783' title='bbox 178 5102 314 5151; x_wconf 89' lang='lat' dir='ltr'><strong>oratorem</strong></span> <span class='ocrx_word' id='word_1_784' title='bbox 324 5097 425 5152; x_wconf 89' lang='lat' dir='ltr'><strong>bonum</strong></span> <span class='ocrx_word' id='word_1_785' title='bbox 434 5096 525 5160; x_wconf 87' lang='lat' dir='ltr'><strong>fuisse,</strong></span> <span class='ocrx_word' id='word_1_786' title='bbox 537 5096 697 5166; x_wconf 88' lang='lat' dir='ltr'><strong>scriptorem</strong></span> <span class='ocrx_word' id='word_1_787' title='bbox 708 5099 826 5160; x_wconf 83' lang='lat' dir='ltr'><strong>malum;</strong></span> <span class='ocrx_word' id='word_1_788' title='bbox 845 5107 973 5161; x_wconf 91' lang='lat' dir='ltr'><strong>econtra,</strong></span> <span class='ocrx_word' id='word_1_789' title='bbox 1012 5109 1078 5154; x_wconf 90' lang='lat' dir='ltr'><strong>erat.</strong></span> <span class='ocrx_word' id='word_1_790' title='bbox 1119 5100 1190 5160; x_wconf 86' lang='lat' dir='ltr'><strong>Quin</strong></span> <span class='ocrx_word' id='word_1_791' title='bbox 1205 5108 1230 5153; x_wconf 89' lang='lat' dir='ltr'><strong>et</strong></span> <span class='ocrx_word' id='word_1_792' title='bbox 1244 5101 1378 5155; x_wconf 90' lang='lat' dir='ltr'><strong>sermonis</strong></span> <span class='ocrx_word' id='word_1_793' title='bbox 1393 5101 1532 5154; x_wconf 90' lang='lat' dir='ltr'><strong>licentiam</strong></span> <span class='ocrx_word' id='word_1_794' title='bbox 1554 5101 1607 5154; x_wconf 91' lang='lat' dir='ltr'><strong>sibi</strong></span> <span class='ocrx_word' id='word_1_795' title='bbox 1620 5099 1670 5154; x_wconf 93' lang='lat' dir='ltr'><strong>soli</strong></span> <span class='ocrx_word' id='word_1_796' title='bbox 1684 5098 1796 5167; x_wconf 70' lang='lat' dir='ltr'><strong>arripere</strong></span> 
     </span>
     <span class='ocr_line' id='line_1_61' title="bbox 178 5175 1796 5247; baseline -0.003 -18"><span class='ocrx_word' id='word_1_797' title='bbox 178 5176 307 5230; x_wconf 90' lang='lat' dir='ltr'><strong>comitem</strong></span> <span class='ocrx_word' id='word_1_798' title='bbox 321 5177 629 5245; x_wconf 87' lang='lat' dir='ltr'><strong>Northamptnniensem</strong></span> <span class='ocrx_word' id='word_1_799' title='bbox 643 5178 804 5247; x_wconf 87' lang='lat' dir='ltr'><strong>scriptorem</strong></span> <span class='ocrx_word' id='word_1_800' title='bbox 818 5177 919 5231; x_wconf 90' lang='lat' dir='ltr'><strong>bonum</strong></span> <span class='ocrx_word' id='word_1_801' title='bbox 933 5179 974 5233; x_wconf 88' lang='lat' dir='ltr'><strong>fu·</strong></span> <span class='ocrx_word' id='word_1_802' title='bbox 1012 5180 1040 5232; x_wconf 93' lang='lat' dir='ltr'><strong>in</strong></span> <span class='ocrx_word' id='word_1_803' title='bbox 1053 5195 1128 5233; x_wconf 92' lang='lat' dir='ltr'><strong>more</strong></span> <span class='ocrx_word' id='word_1_804' title='bbox 1143 5196 1199 5233; x_wconf 90' lang='lat' dir='ltr'><strong>non</strong></span> <span class='ocrx_word' id='word_1_805' title='bbox 1215 5189 1290 5243; x_wconf 80' lang='lat' dir='ltr'><strong>erat;</strong></span> <span class='ocrx_word' id='word_1_806' title='bbox 1322 5181 1371 5234; x_wconf 89' lang='lat' dir='ltr'><strong>sed</strong></span> <span class='ocrx_word' id='word_1_807' title='bbox 1385 5188 1414 5234; x_wconf 92' lang='lat' dir='ltr'><strong>et</strong></span> <span class='ocrx_word' id='word_1_808' title='bbox 1427 5179 1489 5233; x_wconf 87' lang='lat' dir='ltr'><strong>aliis</strong></span> <span class='ocrx_word' id='word_1_809' title='bbox 1508 5179 1590 5234; x_wconf 91' lang='lat' dir='ltr'><strong>simul</strong></span> <span class='ocrx_word' id='word_1_810' title='bbox 1603 5175 1796 5234; x_wconf 87' lang='lat' dir='ltr'><strong>considentibus</strong></span> 
     </span>
     <span class='ocr_line' id='line_1_62' title="bbox 177 5254 1794 5330; baseline 0 -20"><span class='ocrx_word' id='word_1_811' title='bbox 177 5254 242 5317; x_wconf 85' lang='lat' dir='ltr'><strong>isse,</strong></span> <span class='ocrx_word' id='word_1_812' title='bbox 257 5262 390 5310; x_wconf 91' lang='lat' dir='ltr'><strong>oratorem</strong></span> <span class='ocrx_word' id='word_1_813' title='bbox 414 5254 534 5319; x_wconf 77' lang='lat' dir='ltr'><strong>malum3</strong></span> <span class='ocrx_word' id='word_1_814' title='bbox 565 5256 613 5309; x_wconf 90' lang='lat' dir='ltr'><strong>sed</strong></span> <span class='ocrx_word' id='word_1_815' title='bbox 634 5256 775 5312; x_wconf 90' lang='lat' dir='ltr'><strong>dominum</strong></span> <span class='ocrx_word' id='word_1_816' title='bbox 797 5257 973 5311; x_wconf 87' lang='lat' dir='ltr'><strong>Franciscum</strong></span> <span class='ocrx_word' id='word_1_817' title='bbox 1012 5258 1166 5313; x_wconf 87' lang='lat' dir='ltr'><strong>libertatem</strong></span> <span class='ocrx_word' id='word_1_818' title='bbox 1189 5266 1216 5313; x_wconf 91' lang='lat' dir='ltr'><strong>et</strong></span> <span class='ocrx_word' id='word_1_819' title='bbox 1237 5259 1452 5314; x_wconf 91' lang='lat' dir='ltr'><strong>vicissitudinem</strong></span> <span class='ocrx_word' id='word_1_820' title='bbox 1476 5258 1606 5329; x_wconf 88' lang='lat' dir='ltr'><strong>loquendi</strong></span> <span class='ocrx_word' id='word_1_821' title='bbox 1630 5257 1794 5330; x_wconf 81' lang='lat' dir='ltr'><strong>permittere:</strong></span> 
     </span>
     <span class='ocr_line' id='line_1_63' title="bbox 178 5333 1795 5410; baseline 0.001 -23"><span class='ocrx_word' id='word_1_822' title='bbox 178 5333 318 5388; x_wconf 64' lang='lat' dir='ltr'><strong>&amp;conum</strong></span> <span class='ocrx_word' id='word_1_823' title='bbox 331 5337 359 5390; x_wconf 89' lang='lat' dir='ltr'><strong>in</strong></span> <span class='ocrx_word' id='word_1_824' title='bbox 374 5342 496 5406; x_wconf 87' lang='lat' dir='ltr'><strong>utroque,</strong></span> <span class='ocrx_word' id='word_1_825' title='bbox 510 5341 566 5389; x_wconf 90' lang='lat' dir='ltr'><strong>tam</strong></span> <span class='ocrx_word' id='word_1_826' title='bbox 579 5334 701 5400; x_wconf 87' lang='lat' dir='ltr'><strong>dicendo,</strong></span> <span class='ocrx_word' id='word_1_827' title='bbox 716 5354 797 5406; x_wconf 89' lang='lat' dir='ltr'><strong>quam</strong></span> <span class='ocrx_word' id='word_1_828' title='bbox 819 5336 972 5403; x_wconf 90' lang='lat' dir='ltr'><strong>scribendo,</strong></span> <span class='ocrx_word' id='word_1_829' title='bbox 1012 5339 1064 5391; x_wconf 91' lang='lat' dir='ltr'><strong>hoc</strong></span> <span class='ocrx_word' id='word_1_830' title='bbox 1088 5339 1173 5392; x_wconf 88' lang='lat' dir='ltr'><strong>etiam</strong></span> <span class='ocrx_word' id='word_1_831' title='bbox 1196 5339 1328 5404; x_wconf 89' lang='lat' dir='ltr'><strong>addendo,</strong></span> <span class='ocrx_word' id='word_1_832' title='bbox 1354 5340 1425 5410; x_wconf 92' lang='lat' dir='ltr'><strong>quod</strong></span> <span class='ocrx_word' id='word_1_833' title='bbox 1447 5340 1476 5393; x_wconf 91' lang='lat' dir='ltr'><strong>iu</strong></span> <span class='ocrx_word' id='word_1_834' title='bbox 1503 5348 1560 5393; x_wconf 87' lang='lat' dir='ltr'><strong>arte</strong></span> <span class='ocrx_word' id='word_1_835' title='bbox 1585 5348 1795 5408; x_wconf 81' lang='lat' dir='ltr'><strong>unumquemque</strong></span> 
     </span>
     <span class='ocr_line' id='line_1_64' title="bbox 178 5412 1796 5488; baseline -0.001 -19"><span class='ocrx_word' id='word_1_836' title='bbox 178 5412 389 5484; x_wconf 54' lang='lat' dir='ltr'><strong>praecelluisse?</strong></span> <span class='ocrx_word' id='word_1_837' title='bbox 1011 5419 1121 5488; x_wconf 90' lang='lat' dir='ltr'><strong>propria</strong></span> <span class='ocrx_word' id='word_1_838' title='bbox 1134 5417 1321 5474; x_wconf 84' lang='lat' dir='ltr'><strong>lubentissime</strong></span> <span class='ocrx_word' id='word_1_839' title='bbox 1335 5419 1457 5483; x_wconf 85' lang='lat' dir='ltr'><strong>audiret;</strong></span> <span class='ocrx_word' id='word_1_840' title='bbox 1478 5420 1551 5473; x_wconf 87' lang='lat' dir='ltr'><strong>etad</strong></span> <span class='ocrx_word' id='word_1_841' title='bbox 1562 5418 1693 5488; x_wconf 82' lang='lat' dir='ltr'><strong>ejusmodi</strong></span> <span class='ocrx_word' id='word_1_842' title='bbox 1705 5414 1796 5469; x_wconf 82' lang='lat' dir='ltr'><strong>disser-</strong></span> 
     </span>
    </p>
   </div>
   <div class='ocr_carea' id='block_1_3' title="bbox 219 5491 1795 5570">
    <p class='ocr_par' dir='ltr' id='par_1_3' title="bbox 219 5491 1795 5570">
     <span class='ocr_line' id='line_1_65' title="bbox 219 5491 1795 5570; baseline 0.003 -24"><span class='ocrx_word' id='word_1_843' title='bbox 219 5492 283 5547; x_wconf 82' lang='lat' dir='ltr'><strong>Nou</strong></span> <span class='ocrx_word' id='word_1_844' title='bbox 295 5510 356 5549; x_wconf 88' lang='lat' dir='ltr'><strong>raro</strong></span> <span class='ocrx_word' id='word_1_845' title='bbox 370 5501 487 5550; x_wconf 87' lang='lat' dir='ltr'><strong>mentem</strong></span> <span class='ocrx_word' id='word_1_846' title='bbox 498 5492 582 5550; x_wconf 86' lang='lat' dir='ltr'><strong>subiit</strong></span> <span class='ocrx_word' id='word_1_847' title='bbox 594 5494 733 5567; x_wconf 84' lang='lat' dir='ltr'><strong>cogitatio,</strong></span> <span class='ocrx_word' id='word_1_848' title='bbox 743 5494 840 5562; x_wconf 73' lang='lat' dir='ltr'><strong>Deuca</strong></span> <span class='ocrx_word' id='word_1_849' title='bbox 852 5495 876 5550; x_wconf 92' lang='lat' dir='ltr'><strong>si</strong></span> <span class='ocrx_word' id='word_1_850' title='bbox 888 5495 973 5551; x_wconf 90' lang='lat' dir='ltr'><strong>ullum</strong></span> <span class='ocrx_word' id='word_1_851' title='bbox 1011 5498 1140 5553; x_wconf 87' lang='lat' dir='ltr'><strong>tationem</strong></span> <span class='ocrx_word' id='word_1_852' title='bbox 1155 5497 1284 5569; x_wconf 87' lang='lat' dir='ltr'><strong>pellicere</strong></span> <span class='ocrx_word' id='word_1_853' title='bbox 1304 5507 1332 5555; x_wconf 87' lang='lat' dir='ltr'><strong>et</strong></span> <span class='ocrx_word' id='word_1_854' title='bbox 1349 5516 1495 5570; x_wconf 84' lang='lat' dir='ltr'><strong>provocare</strong></span> <span class='ocrx_word' id='word_1_855' title='bbox 1510 5497 1687 5556; x_wconf 88' lang='lat' dir='ltr'><strong>consueverit.</strong></span> <span class='ocrx_word' id='word_1_856' title='bbox 1737 5491 1795 5562; x_wconf 68' lang='lat' dir='ltr'><strong>lpse</strong></span> 
     </span>
    </p>
   </div>
   <div class='ocr_carea' id='block_1_4' title="bbox 1789 5617 1799 5731">
    <p class='ocr_par' dir='ltr' id='par_1_4' title="bbox 1789 5617 1799 5731">
     <span class='ocr_line' id='line_1_66' title="bbox 1789 5617 1799 5731; baseline 0 -74"><span class='ocrx_word' id='word_1_857' title='bbox 1789 5617 1799 5731; x_wconf 49' lang='lat' dir='ltr'><strong>‘l</strong></span> 
     </span>
    </p>
   </div>
   <div class='ocr_carea' id='block_1_5' title="bbox 0 0 1904 5875">
    <p class='ocr_par' dir='ltr' id='par_1_5' title="bbox 0 0 1904 5875">
     <span class='ocr_line' id='line_1_67' title="bbox 0 0 1904 5875; baseline 0 2"><span class='ocrx_word' id='word_1_858' title='bbox 0 0 1904 5875; x_wconf 95' lang='lat' dir='ltr'><strong> </strong></span> 
     </span>
    </p>
   </div>
   <div class='ocr_carea' id='block_1_6' title="bbox 1778 5782 1785 5849">
    <p class='ocr_par' dir='ltr' id='par_1_6' title="bbox 1778 5782 1785 5849">
     <span class='ocr_line' id='line_1_68' title="bbox 1778 5782 1785 5849; baseline 0 0"><span class='ocrx_word' id='word_1_859' title='bbox 1778 5782 1785 5849; x_wconf 90' lang='lat' dir='ltr'><strong>l</strong></span> 
     </span>
    </p>
   </div>
  </div>
 </body>
</html>
