3800 5875
237 321 297 375 500
879 322 1020 378 NOVUM
1043 320 1245 383 occanum.
1737 319 1792 376 ιιι
1805 321 1835 376 ιι

235 480 402 535 sedationem
429 490 534 544 motum
575 479 643 535 alter
669 480 845 551 perfugam
877 482 1031 551 spirituum.
1071 480 1197 535 Canariis
1212 481 1401 551 (nequeenim
1423 481 1492 534 bene
1511 478 1636 549 memini)
1655 496 1713 549 quse
1731 490 1841 549 perpetuo

233 560 348 614 Etenim
360 560 441 625 viola,
451 576 513 615 rosa
527 560 607 624 sicca,
618 560 731 623 lactuca,
741 566 769 614 et
783 561 938 629 hujusmodi
952 562 1034 615 bene·
1070 559 1169 625 stillat3
1191 560 1261 614 adeo
1273 569 1303 614 ut
1322 560 1540 614 inhabitantibus
1553 558 1709 612 nonnullam
1718 561 1841 613 commodi·

235 639 309 693 dicta
322 641 379 694 sive
393 640 519 711 benigna,
531 656 580 708 per
590 656 705 708 vapores
715 656 779 694 suos
788 639 890 694 amicus
904 648 930 694 et
942 641 1033 694 mode-
1071 646 1155 693 tatem
1168 640 1383 710 aquaepraebeat.
1425 638 1680 693 Paracelsusautem
1694 638 1840 701 eitherban

236 726 294 773 rate
308 719 507 789 refrigerantes,
522 720 638 771 invitant
660 719 772 789 spiritus
788 728 820 773 ut
840 736 869 772 se
884 716 986 783 uniant,
1005 727 1032 774 et
1069 728 1192 773 vocatam
1207 719 1308 772 liorem
1329 719 1395 772 solis
1408 719 1521 772 meridie
1536 727 1562 772 et
1581 718 1701 771 fervente
1721 717 1772 771 sole
1790 735 1839 772 rore

235 797 357 866 ipsorum
384 816 474 853 acrem
497 805 526 851 et
545 797 695 868 inquietum
719 807 825 853 motum
847 808 1031 868 compescunt
1069 797 1186 867 impleri,
1201 814 1262 852 cum
1277 798 1339 851 aliar
1352 798 1446 851 herbae
1459 798 1578 868 undique
1592 797 1748 851 sintsicca:
1766 805 1840 851 atuor

235 876 327 931 Etiam
341 893 412 948 aqua
426 894 544 941 rosacea,
560 877 685 947 apposita
698 878 733 930 ad
751 894 832 931 nares
852 879 881 930 in
903 876 1032 948 deliquiis
1069 887 1213 948 utramque
1227 878 1410 931 narrationem
1425 878 1577 931 fabulosam
1590 893 1651 930 esse
1667 877 1839 930 existimamus

236 957 342 1021 animm,
357 958 467 1028 spiritus
481 955 611 1012 resolutos
625 965 651 1010 et
664 958 779 1011 nimium
793 956 930 1011 relaxatos
944 974 974 1011 se
989 974 1031 1011 re·
1070 956 1188 1010 Omnino
1196 966 1288 1009 autem
1300 955 1355 1009 illae
1366 957 1505 1011 instantiae
1515 955 1678 1010 nobilissimi
1692 955 1772 1010 forent
1782 973 1840 1019 usus

236 1037 328 1105 cipere
347 1036 421 1100 iacit,
441 1045 468 1090 et
489 1045 619 1106 tanquam
638 1035 701 1092 alit:
731 1044 760 1089 at
780 1037 872 1106 opiata
891 1044 1031 1090 eteorum
1069 1044 1097 1089 et
1109 1035 1323 1105 introspectione
1334 1036 1509 1106 dignissima,
1521 1035 1545 1089 si
1559 1042 1654 1089 esseut
1665 1051 1741 1089 vera.
1767 1035 1839 1088 Etiam

236 1115 328 1169 affinia
342 1115 452 1185 spiritus
460 1115 541 1186 plane
549 1116 652 1186 fugant,
664 1134 699 1170 ex
709 1116 841 1187 qualitate
851 1132 901 1169 sua
908 1115 1032 1187 maligna
1069 1132 1144 1168 rores
1157 1115 1220 1168 illos
1235 1114 1353 1168 mellitos
1365 1124 1394 1168 ιι
1407 1115 1495 1168 instar
1508 1131 1625 1179 manure,
1639 1114 1685 1185 qui
1698 1130 1772 1184 super
1783 1113 1840 1167 loliis

236 1202 265 1248 et
285 1194 403 1248 inimica.
446 1196 541 1266 ltaque
561 1195 585 1248 si
606 1196 778 1265 applicentur
800 1196 870 1264 parti
891 1197 1030 1259 exteriori,
1070 1211 1184 1264 quercus
1202 1195 1377 1248 inveniuntur
1394 1211 1488 1248 meuse
1503 1194 1588 1257 Maio,
1603 1210 1658 1247 nou
1677 1194 1839 1247 existimamur

236 1275 328 1329 statim
342 1274 486 1344 aufugiunt
500 1274 611 1345 spiritns
625 1275 661 1327 ab
681 1274 730 1328 illa
750 1282 833 1344 parte,
847 1291 897 1328 nec
911 1275 1030 1344 amplius
1069 1274 1127 1327 fieri
1143 1281 1170 1327 et
1184 1273 1293 1328 densari
1308 1291 1325 1326 a
1338 1290 1472 1328 consensu
1486 1272 1580 1344 aliquo
1600 1273 1658 1327 aive
1670 1289 1687 1325 a
1699 1274 1839 1342 proprietate

235 1352 352 1409 libenter
372 1355 505 1409 influunt:
540 1352 582 1408 sin
606 1362 747 1408 sumantur
769 1355 892 1417 interius,
916 1371 1031 1424 vapores
1069 1352 1128 1406 folii
1139 1369 1264 1423 quercus,
1273 1353 1321 1406 sed
1331 1371 1393 1408 cum
1404 1369 1486 1422 super
1494 1352 1555 1406 aliis
1566 1351 1640 1407 foliis
1651 1351 1837 1422 paritercsdaut,

236 1449 339 1497 eorum,
354 1434 530 1489 ascendeutes
544 1433 578 1487 ad
595 1442 684 1503 caput,
704 1433 814 1504 spiritus
832 1434 861 1487 iu
874 1433 1030 1488 ventriculis
1068 1433 1203 1487 contineri
1223 1433 1329 1486 scilicet
1349 1441 1376 1486 et
1396 1432 1493 1486 durare
1512 1433 1542 1485 in
1556 1431 1633 1485 foliis
1647 1449 1770 1502 quercum
1788 1432 1838 1500 qnia

235 1512 339 1566 cerebri
360 1521 501 1568 contentos
523 1512 701 1583 undequaque
723 1514 833 1583 fugant3
864 1530 979 1584 cumque
1001 1531 1030 1568 se
1068 1518 1132 1566 sunt
1145 1511 1215 1565 bene
1234 1512 1318 1576 unita,
1332 1528 1382 1566 nec
1396 1512 1552 1583 spongiosa,
1567 1518 1598 1565 ut
1612 1510 1836 1579 plurimaexaliia

235 1592 375 1647 retrahant
394 1593 513 1661 spiritus,
532 1609 621 1663 neque
642 1593 671 1646 iu
690 1591 772 1646 aliam
786 1600 891 1661 partem
909 1594 1030 1663 effugere
1108 1590 1235 1645 Calorem
1260 1608 1325 1645 vcro
1351 1591 1423 1662 quod
1450 1592 1564 1654 attinet;
1587 1591 1668 1660 copia
1694 1599 1719 1644 et
1743 1599 1837 1660 potestas

235 1672 347 1742 possint,
363 1689 412 1742 per
424 1689 595 1743 consequens
607 1674 706 1726 coiunt
718 1680 746 1726 et
766 1672 981 1736 condensantur3
1003 1681 1030 1726 et
1068 1670 1196 1725 nimirum
1209 1669 1315 1725 homini
1335 1671 1441 1725 abunde
1459 1671 1550 1732 adest;
1568 1669 1719 1723 observatio
1731 1678 1836 1723 autemet

236 1751 396 1823 quandoque
410 1751 491 1822 plane
505 1752 703 1821 extinguuntur
716 1758 742 1805 et
763 1751 944 1805 suffocantur:
966 1751 1031 1805 licet
1068 1749 1210 1821 inquisitio
1224 1749 1316 1803 deficit
1330 1752 1358 1804 in
1372 1749 1518 1813 nonnullis,
1536 1750 1627 1820 iisque
1641 1749 1754 1803 maxime
1765 1765 1834 1803 neces

235 1847 328 1886 rursus
341 1830 437 1886 eadem
451 1832 542 1901 opiata
555 1830 693 1885 moderate
710 1838 825 1900 sumpta,
840 1847 890 1900 per
903 1831 1030 1886 accidens
1069 1829 1165 1893 sariis;
1191 1838 1327 1901 utcunque
1352 1829 1487 1900 Spagirici
1514 1846 1544 1883 se
1569 1830 1715 1883 venditent.
1750 1828 1834 1881 Etenim

219 1910 423 1965 ,ιιιιιιιιιιιιιιι
439 1909 578 1979 (videlicet
591 1910 829 1963 condennationem
847 1909 925 1963 illam
939 1929 1000 1981 quta
1014 1929 1031 1963 a
1069 1907 1168 1963 caloris
1187 1909 1346 1963 intensioris
1360 1910 1470 1979 opificia
1484 1908 1668 1978 exquiruntur
1685 1917 1712 1961 et
1730 1907 1834 1977 conspici

236 1990 354 2044 coitione
368 1990 499 2057 succedit)
510 1990 662 2043 confortent
674 1989 793 2058 spiritus,
805 2005 904 2059 eosque
918 1991 1031 2044 reddant
1068 1996 1166 2052 untur;
1181 1989 1342 2043 ιιιιιιιιοιιι
1356 2005 1428 2052 sero,
1437 2006 1499 2058 quae
1512 1989 1634 2042 maxime
1648 1988 1677 2041 iu
1690 1989 1744 2041 rias
1755 1996 1834 2040 natum

235 2071 326 2141 magis
338 2070 471 2133 robustos,
482 2077 509 2122 ιι
523 2069 666 2122 retundant
679 2085 771 2121 eorum
784 2068 894 2122 inutiles
905 2078 931 2122 et
940 2069 1031 2124 incen-
1069 2067 1198 2132 incidunt,
1224 2085 1279 2122 non
1307 2075 1450 2131 tentantur,
1478 2067 1596 2137 ideoque
1625 2066 1716 2121 latent.
1761 2066 1833 2135 ltaque

236 2148 310 2204 sivos
328 2156 435 2203 motus:
457 2165 494 2203 ex
513 2165 567 2218 quo
589 2147 623 2200 ad
644 2164 722 2202 curas
743 2147 897 2202 morborum
920 2158 948 2203 et
969 2150 1031 2203 vitta
1070 2146 1191 2202 videmus
1210 2164 1260 2216 per
1286 2146 1414 2201 vulcanos
1441 2148 1516 2210 istos,
1545 2148 1595 2217 qui
1621 2148 1651 2200 in
1676 2145 1758 2217 pretio
1778 2154 1831 2207 ιιιι,

235 2228 470 2299 prolongationem
484 2227 558 2282 haud
568 2244 665 2296 parum
677 2226 825 2280 conterant.
1070 2226 1181 2295 spiritus
1199 2243 1340 2296 corporum
1364 2242 1529 2296 magnopere
1550 2224 1718 2289 excitarint
1735 2225 1761 2279 ιι
1776 2223 1835 2293 aqtds

275 2307 368 2361 Etiam
390 2307 595 2378 preparationes
620 2323 762 2376 corporum
782 2305 817 2358 ad
839 2306 1031 2377 excipiendum
1070 2305 1190 2370 fortibus,
1216 2313 1244 2359 ιι
1264 2305 1401 2361 nonnullis
1429 2305 1491 2359 aliis
1518 2304 1589 2360 oleis
1616 2304 1748 2366 chemicis,
1765 2311 1833 2373 partes

236 2386 390 2457 ingrasnus
405 2395 468 2441 sunt
481 2385 651 2451 omittendae;
666 2385 750 2440 veluti
765 2385 837 2456 quod
850 2403 921 2457 aqua
934 2403 1030 2457 parum
1070 2385 1215 2455 tangibiles
1228 2385 1355 2449 indurari,
1365 2392 1400 2449 et,
1409 2384 1636 2477 epussovolatrh
1644 2382 1832 2455 aliquandotigir

236 2467 329 2536 tepida
343 2466 450 2521 ιιιιιιιιι
462 2465 653 2538 conglacietur,
668 2482 751 2537 quam
765 2466 876 2520 omnino
889 2466 990 2538 frigida
1004 2474 1031 2520 et
1070 2472 1161 2533 partes
1174 2464 1358 2536 homogenaea
1371 2465 1507 2535 separarir
1528 2464 1616 2518 etiam
1636 2479 1743 2533 corpora
1754 2462 1834 2515 betete

236 2544 401 2615 hujusmodi.
1070 2560 1158 2612 genes
1183 2560 1278 2614 grosso
1304 2544 1422 2598 modo
1414 2543 1584 2613 incorporari
1618 2550 1648 2598 et
1678 2541 1833 2601 commiscetis

276 2625 419 2690 Praeterea,
429 2627 598 2698 quianatura
608 2625 695 2697 lngus
705 2633 761 2680 tam
775 2642 856 2696 parce
868 2625 1030 2696 suppeditat,
1069 2624 1189 2678 maxime
1212 2633 1304 2678 autern
1324 2640 1472 2693 compages
1491 2639 1638 2693 corporum
1660 2622 1834 2691 compositorum

236 2704 441 2760 faciendumest
454 2706 679 2777 quemadmodum
693 2705 913 2776 pharmacopola
927 2705 1030 2770 solent;
1070 2710 1096 2756 et
1109 2703 1263 2757 subtiliores
1278 2703 1484 2757 schematismos
1497 2700 1773 2757 destruietcouiuudi.
1795 2698 1834 2753 De

238 2785 292 2855 qui,
307 2785 415 2856 quando
430 2786 548 2855 simplex
561 2785 672 2857 aliquod
691 2785 787 2839 haberi
806 2802 862 2839 non
880 2785 974 2854 possit,
989 2801 1031 2837 ca
1069 2782 1184 2837 buerant
1207 2789 1298 2837 autem
1321 2782 1432 2853 opiticia
1456 2781 1556 2837 caloris
1583 2781 1694 2837 lenioris
1716 2779 1798 2834 tentari
1812 2786 1832 2829 et

236 2864 562 2933 piuntsuccedaueum
538 2883 606 2934 ejus,
617 2873 645 2919 et
658 2866 726 2937 quid
739 2882 789 2937 pro
804 2883 863 2937 qao,
877 2872 1030 2919 utvocant·
1070 2862 1192 2932 exquiri,
1212 2862 1284 2916 unde
1307 2861 1462 2916 subtiliores
1484 2862 1607 2917 misturae
1628 2870 1656 2915 et
1679 2855 1832 2915 schematismi

238 2946 323 3000 veluti
341 2945 447 3017 liguum
470 2945 544 3000 aloe's
564 2962 614 3016 pro
632 2944 826 3016 xylobalsamo,
845 2945 962 2999 cassiam
982 2961 1032 3014 pro
1069 2943 1222 2996 ordinati
1196 2942 1387 3013 gignipossint
1399 2949 1428 2996 et
1441 2942 1528 3005 educi,
1536 2941 1572 2996 ad
1588 2941 1739 3011 exemplum
1746 2946 1832 2998 natum

236 3024 416 3080 cinnamomo.
458 3025 835 3096 Similimododiligeuter
811 3025 1032 3095 mrcumspicien-
1070 3031 1099 3075 ιι
1125 3022 1303 3076 imitationem
1330 3038 1443 3091 operum
1467 3021 1551 3076 solis:
1582 3017 1817 3093 quemadmodum
1812 3032 1832 3069 ιι

237 3104 302 3159 dum
322 3113 371 3170 est,
385 3105 409 3160 ιι
424 3123 486 3176 quae
499 3106 553 3159 sint
572 3106 740 3159 succedanea
759 3105 885 3175 frigorisc
905 3104 1031 3157 videlicet
1070 3102 1227 3172 aphorismo
1244 3102 1278 3155 da
1291 3101 1427 3156 instantiis
1439 3101 1560 3175 soedsrt'c
1583 3101 1706 3173 quendam
1722 3096 1833 3154 aduubra

237 3184 446 3254 quibusmodis
471 3185 529 3239 lieri
554 3185 659 3255 possint
681 3184 904 3239 condensationes
924 3184 953 3236 in
974 3200 1039 3237 cor·
1069 3182 1167 3235 vimus.
1197 3181 1314 3252 Opificia
1327 3182 1401 3235 euim
1411 3187 1511 3235 natura
1524 3176 1833 3252 nanngrmmrperioace

237 3264 348 3332 poribus
367 3263 447 3319 aliter
460 3282 542 3335 quam
555 3280 604 3334 per
617 3263 711 3334 frigus,
726 3263 798 3334 quod
817 3262 881 3317 illas
894 3262 986 3327 eflicit,
1000 3270 1032 3317 ut
1070 3261 1189 3315 minores
1202 3261 1348 3330 portiones,
1363 3268 1392 3314 et
1404 3260 1538 3353 posituras
1558 3262 1651 3332 magis
1668 3257 1833 3330 exquisitaset

237 3358 306 3412 opus
327 3361 406 3398 suum
428 3344 576 3414 proprium.
619 3342 678 3397 111ae
699 3351 790 3397 eutem
808 3343 1032 3396 condensationes
1071 3341 1168 3403 ιιιιιι
1192 3357 1273 3410 quam
1295 3340 1431 3409 opificia
1423 3340 1504 3410 ignis,
1518 3349 1600 3410 prout
1618 3356 1688 3394 nunc
1706 3337 1832 3391 adhibetur

236 3421 443 3477 videnturintra
457 3432 770 3493 quaternumnumernm
783 3424 927 3492 (quantum
942 3421 1032 3475 adhuc
1071 3419 1141 3474 Τιιιι
1153 3437 1218 3473 vero
1231 3419 1353 3474 videatur
1366 3419 1450 3473 homo
1463 3437 1559 3474 revera
1572 3427 1669 3476 auctus
1686 3411 1833 3489 presumat

237 3500 337 3573 liquet)
353 3502 494 3557 contineri.
535 3502 654 3564 Quarum
675 3502 765 3571 prima
778 3502 884 3555 ιιιιιιιιι
902 3501 962 3555 fleri
983 3518 1032 3571 per
1070 3516 1120 3570 per
1140 3499 1244 3553 calores
1268 3507 1296 3552 et
1321 3499 1459 3570 potentias
1479 3499 1636 3554 artificiales
1658 3513 1735 3569 opera
1754 3502 1834 3549 nuuc

237 3583 436 3636 contrusionem
463 3582 724 3652 simplicemque
756 3597 853 3651 parum
880 3588 972 3651 potest
997 3581 1031 3633 ad
1070 3579 1174 3670 possint
1200 3579 1291 3649 specie
1313 3579 1512 3648 repraesentari,
1534 3578 1636 3634 ιιιιιιιι
1663 3575 1755 3649 perlici,
1773 3570 1834 3641 sopit

237 3659 397 3716 densitatem
410 3669 580 3715 constantem
594 3657 730 3732 (resiliunt
749 3660 823 3714 enim
842 3660 969 3731 corpora)
984 3660 1032 3715 sed
1069 3659 1185 3713 ιιιιιιιε
1207 3658 1305 3728 quibus
1325 3658 1423 3712 addere
1438 3664 1545 3728 oportet
1560 3657 1834 3713 accelerationemtem

237 3739 414 3796 nihilominus
428 3741 495 3795 forte
506 3758 550 3796 res
561 3740 702 3794 auxilians
715 3755 775 3794 esse
790 3749 883 3832 queat..
909 3741 1032 3795 Secunda
1070 3738 1153 3807 poris.
1195 3734 1269 3792 Nam
1283 3738 1380 3809 rubigo
1390 3736 1454 3792 iern
1467 3737 1553 3809 longo
1562 3746 1683 3809 tempore
1697 3732 1834 3805 prooediiti

238 3819 268 3871 ιιι
280 3837 330 3890 per
343 3821 554 3875 contractionem
567 3820 686 3890 partium
698 3819 861 3874 crassiorum
875 3820 903 3873 ιι
918 3836 1031 3889 corpore
1070 3818 1159 3871 versio
1171 3817 1201 3871 in
1214 3834 1324 3871 crocum
1337 3818 1431 3872 martis
1450 3818 1555 3881 subito,
1572 3826 1601 3872 et
1615 3816 1735 3872 similiter
1745 3813 1774 3866 de
1785 3826 1834 3865 ιιι

238 3897 331 3969 aliquo
344 3908 405 3970 post
419 3899 597 3954 evolationem
617 3907 665 3954 ιιιι
683 3900 787 3954 exitum
801 3900 917 3968 partium
931 3901 1032 3953 tenuio
1070 3897 1133 3968 gine
1147 3903 1175 3950 et
1187 3914 1304 3951 cerussa
1349 3896 1514 3965 crystallum
1528 3897 1614 3968 longo
1626 3905 1740 3967 tempore
1750 3887 1834 3947 confiat

237 3995 306 4042 rum,
320 3987 352 4033 ut
364 3981 420 4033 tit
412 3996 441 4033 ιι
458 3979 674 4033 indurationibus
689 3995 738 4048 per
751 3978 852 4048 ignem,
868 3988 896 4033 et
909 3979 1032 4048 repetitis
1070 3983 1121 4040 tur,
1129 3976 1229 4030 vitrum
1244 3976 1482 4031 subitocouflatur.
1513 3976 1635 4046 Lapides
1647 3976 1725 4046 longo
1737 3980 1833 4040 aanor

237 4057 451 4112 extinctionibus
465 4058 643 4122 metallorum,
659 4065 686 4112 et
707 4058 851 4113 similibus.
890 4056 985 4112 Tertia
1002 4059 1032 4111 fit
1070 4065 1252 4120 concrescunt,
1267 4055 1367 4110 lateres
1380 4056 1469 4109 subito
1482 4064 1644 4126 coquuntur,
1658 4065 1706 4110 etc
1743 4047 1834 4107 luteum

237 4151 289 4205 per
311 4139 456 4192 coitionem
482 4140 598 4208 partium
623 4137 861 4209 homogeuearum,
886 4156 948 4209 quta
971 4145 1033 4191 suut
1071 4135 1156 4205 (quod
1169 4152 1241 4190 nunc
1261 4136 1363 4207 agitur)
1385 4152 1478 4189 omnes
1499 4136 1668 4191 diversitates
1686 4132 1833 4188 calensem

238 4215 358 4270 maxime
368 4217 481 4272 solidae
473 4234 502 4272 ιι
512 4234 625 4310 corpore
636 4216 736 4287 aliquo,
743 4223 824 4288 atquc
835 4226 913 4272 antea
927 4216 1033 4271 fueraut
1071 4214 1209 4269 effectibus
1223 4214 1279 4270 suis
1297 4215 1446 4286 respective
1460 4215 1610 4286 diligenter
1623 4223 1651 4270 et
1669 4210 1785 4268 industn‘e
1795 4221 1833 4258 ιι·

238 4293 381 4359 distractae,
393 4304 491 4351 etcum
505 4299 594 4351 minus
608 4297 703 4350 solidis
717 4297 886 4351 commixtae:
906 4296 1011 4350 veluti'
1004 4313 1032 4349 ιι
1072 4294 1153 4366 dique
1172 4303 1241 4348 sunt
1261 4294 1423 4365 colligenda
1444 4302 1473 4348 et
1493 4295 1684 4366 exquirenda:
1703 4287 1833 4345 coelesdum·

239 4373 409 4428 restitutione
422 4377 548 4430 mercurii
541 4376 709 4440 sublimati,
721 4376 768 4446 qui
782 4376 811 4428 in
825 4375 935 4445 pulvere
949 4376 1032 4445 longe
1071 4390 1121 4465 per
1134 4374 1225 4428 radios
1239 4391 1303 4428 suos
1312 4374 1437 4437 directos,
1447 4375 1572 4440 reflexos,
1583 4375 1753 4436 retractoset
1763 4365 1834 4422 unitos

238 4452 328 4520 majus
341 4462 456 4524 occupat
466 4455 593 4525 spatium
602 4473 684 4527 quam
693 4455 843 4509 mercurius
857 4454 991 4526 simplex,
1006 4463 1033 4508 et
1070 4453 1100 4508 in
1114 4453 1233 4523 speculis
1246 4454 1483 4509 comburentibus:
1504 4453 1630 4525 fulguris,
1650 4455 1763 4512 flamma,
1779 4442 1834 4516 itud

238 4531 388 4587 similiter
380 4550 408 4586 ιι
429 4533 504 4587 omni
518 4535 708 4605 repurgatione
722 4532 892 4589 metallorum
907 4551 924 4587 a
938 4534 1033 4589 scoriis
1071 4533 1233 4596 carbonum
1253 4534 1328 4604 ignis
1342 4552 1378 4588 ex
1391 4533 1505 4588 diversis
1519 4535 1656 4599 ιιιιιιιιις
1676 4530 1745 4603 ignis
1758 4522 1833 4596 apetie

239 4612 305 4666 suis.
345 4611 446 4673 Quarta
460 4613 492 4665 ιιι
505 4629 556 4682 per
572 4630 726 4678 consensus,
741 4613 909 4668 admovendo
922 4632 984 4685 quae
998 4631 1034 4667 ex
1071 4611 1200 4677 conclusi,
1214 4614 1351 4683 angustati
1366 4622 1393 4667 et
1406 4613 1571 4676 inundantis,
1585 4613 1699 4706 demque
1712 4626 1757 4680 per
1767 4604 1834 4658 distr

238 4690 266 4746 ιι
292 4707 437 4763 corporum
463 4690 569 4746 occulta
602 4694 782 4756 condensatum
813 4694 860 4763 qui
886 4709 1034 4747 consensus
1072 4708 1117 4745 sas
1130 4691 1247 4746 fabricas
1261 4692 1586 4784 fornaciumqualificati,
1604 4693 1676 4764 iguis
1689 4690 1750 4743 flatu
1761 4679 1833 4739 exuti·

238 4769 327 4825 adhuc
348 4787 410 4826 raro
427 4786 458 4826 se
479 4771 629 4837 ostendunt,
643 4773 715 4842 quod
731 4772 831 4826 mirum
851 4773 962 4827 minime
983 4781 1033 4836 est,
1072 4771 1157 4842 quieti
1172 4779 1201 4825 et
1213 4788 1268 4825 non
1282 4772 1385 4826 exciti·
1377 4790 1474 4842 ignis
1484 4773 1518 4826 nd
1528 4789 1658 4841 majorem
1672 4777 1716 4824 sut
1727 4767 1833 4822 minem

200 4872 217 4912 ι
238 4851 368 4920 quoniam
390 4858 537 4920 antequam
556 4851 680 4906 inventio
696 4851 822 4906 succedat
840 4850 987 4907 formarum
1007 4860 1034 4906 et
1072 4850 1231 4905 distantiam
1240 4851 1352 4905 remon
1345 4868 1436 4922 rgms
1447 4868 1497 4921 per
1504 4869 1578 4906 varra
1587 4851 1675 4907 medis
1682 4841 1832 4928 permeantis

238 4929 501 4992 ιιιιιιιιιιιιιοιιιιι,
523 4929 557 4984 de
578 4930 756 5001 inquisitione
779 4947 959 4986 consensuum
979 4947 1033 4985 nou
1072 4929 1193 4984 calorum
1211 4930 1392 4994 humidorum,
1413 4939 1444 4985 ut
1460 4931 1552 4986 balnei
1567 4926 1744 4993 Marimfimi,
1756 4918 1833 4978 alem

238 5009 355 5066 multum
369 5009 532 5081 sperandum
546 5015 595 5063 est
637 5008 717 5064 Certe
736 5010 825 5081 quoad
844 5027 958 5081 corpora
978 5011 1035 5065 ani·
1073 5009 1230 5064 animalium
1252 5027 1302 5080 per
1320 5011 1450 5076 exterius,
1463 5010 1562 5066 caloris
1581 5007 1731 5064 animalium
1748 5018 1791 5074 per
1805 4998 1833 5050 ιι

238 5089 361 5155 mulium,
375 5090 487 5145 dubium
501 5104 557 5142 non
570 5095 619 5152 est,
635 5090 700 5159 quin
717 5089 938 5160 sintcomplures
952 5090 1035 5145 medi·
1073 5089 1165 5153 terius,
1189 5090 1255 5144 soeni
1276 5089 1415 5155 conclusi,
1443 5089 1563 5145 ιιιοιιιιι
1590 5089 1727 5150 aridonnn,
1747 5076 1832 5136 ιίιιῐῑι

239 5168 316 5234 cium,
336 5176 392 5224 tarn
406 5168 520 5223 interius
535 5184 617 5239 quarn
631 5169 750 5223 exterius
762 5177 885 5239 sumptae
899 5188 962 5241 qum
974 5186 1035 5224 con
1073 5166 1164 5232 calcis,
1192 5186 1283 5223 arente
1309 5170 1422 5240 tepidam
1455 5170 1573 5240 denique
1599 5168 1714 5223 calorum
1737 5154 1833 5229 mium*

239 5245 360 5313 densant,
388 5256 517 5318 tanquam
539 5263 590 5318 per
614 5262 784 5311 consensum,
808 5258 839 5303 ut
861 5249 944 5318 paulo
972 5257 1036 5303 ante
1074 5250 1183 5319 generh
1196 5265 1259 5303 cum
1274 5249 1403 5319 gradibus
1416 5265 1519 5306 comm.

240 5326 369 5385 diximus.
412 5327 495 5382 Sed
486 5343 517 5381 ιι
543 5326 701 5381 inanimatis
724 5343 787 5381 rara
813 5335 855 5382 est
882 5327 1037 5396 hujusmodi
1112 5328 1254 5398 Praecipue
1267 5345 1332 5382 vero
1347 5328 1475 5383 tentanda
1493 5335 1535 5382 est
1554 5326 1689 5413 rnqututto
1699 5329 1724 5377 et
1734 5311 1831 5372 mmm

240 5407 370 5473 operatio.
412 5406 569 5461 Percrebuit
583 5421 657 5470 sane,
666 5414 722 5460 tam
736 5406 845 5498 scriptis
859 5423 941 5477 quarn
955 5408 1035 5472 sama,
1074 5407 1219 5463 effectuum
1240 5415 1267 5461 et
1286 5408 1457 5478 opificiorum
1471 5408 1569 5462 caloris
1582 5394 1759 5461 accedcdtiset
1774 5405 1830 5448 rece

239 5487 360 5539 narratio
373 5486 407 5539 de
415 5487 552 5542 arborem
561 5501 615 5540 una
625 5503 662 5540 ex
671 5484 799 5540 insulis
777 5503 834 5540 atre
846 5486 1001 5542 Terceris
980 5504 1037 5541 sive
1073 5486 1162 5542 dentis
1176 5486 1338 5559 graduatim,
1352 5495 1380 5543 et
1401 5488 1554 5553 ordinatim,
1569 5494 1596 5542 et
1615 5481 1746 5557 mantice.
1757 5481 1781 5529 ιι
1791 5483 1830 5542 lif
