3800 5875
262 349 265 354 ¹
361 284 615 353 PARMRNIDIS,
636 284 794 351 TELESll,
816 283 864 339 ET
887 283 1106 339 DEMOCRl‘l'l
1128 283 1400 340 PHILOSOPHIA.
1643 282 1700 338 689

51 444 139 503 dstim
152 445 304 512 sublevato,
318 447 440 518 proiecta
450 447 593 510 ridenturr
607 461 671 501 nam
684 439 860 499 illudritiunr
898 441 1080 516 philosophus
1101 445 1140 498 ita
1163 444 1340 515 pronuntiat:
1376 450 1393 476 ⁴⁶
1408 442 1514 497 Cuncta
1538 442 1603 499 iecit
1626 443 1702 499 Deus

52 527 246 583 existimamus
272 527 355 583 etiam
383 528 476 598 prisca
502 527 595 582 secula
618 541 775 596 occupasse.
827 524 859 579 ln
898 523 1013 593 pulchra
1027 526 1235 595 tempestatibus
1249 524 1313 589 suis,
1328 532 1355 577 et
1369 523 1499 578 mundum
1521 523 1630 578 tradidit
1648 523 1701 578 dis·

52 607 152 679 pn'mis
165 615 259 663 autem
272 607 480 680 intelligendum
495 615 543 674 est,
563 623 624 677 quae
638 605 684 661 hic
702 605 859 669 afferuntur,
898 603 1085 673 putationibus
1112 621 1225 668 eorumr
1259 605 1300 658 ita
1328 611 1419 658 tamen
1441 611 1472 657 ut
1497 619 1553 657 non
1579 603 1701 658 inveniat

52 687 185 743 conclusa
199 695 226 742 et
247 687 356 759 prolata
368 705 429 743 esse
449 705 486 743 ex
499 686 661 742 auctoritate
674 684 790 740 rationis
810 683 859 740 bu·
898 683 982 738 homo
995 701 1064 754 opus
1078 684 1151 755 quod
1161 691 1288 755 operatus
1300 691 1342 739 est
1352 683 1428 738 Deus
1440 699 1456 737 a
1467 684 1604 754 principio
1614 700 1700 755 usque

52 784 144 824 manre
173 766 353 833 solummodo,
378 776 406 823 et
428 784 525 825 sensus
549 766 630 821 fidem
651 772 760 822 secum:
781 765 859 834 cujus
897 761 1051 818 adfinem.”
1093 763 1155 819 Lex
1165 766 1238 819 enim
1247 781 1353 819 summa
1362 764 1578 834 esseutiaeatque
1587 773 1700 826 naturae,

48 848 219 919 jampridem
245 849 381 904 cessantia
404 856 431 903 et
453 846 609 903 deficientia
629 844 740 901 oracula
759 844 860 900 merito
898 860 959 915 quaa
972 843 1173 899 vicissitudines
1187 861 1278 899 rerum
1292 852 1366 899 secat
1380 852 1407 897 et
1420 843 1563 914 percurrit,
1574 842 1614 913 (id
1629 843 1701 913 quod

53 927 224 996 rejiciuntur,
239 937 386 1001 postquam
398 928 514 983 meliora
528 934 557 981 et
570 927 686 982 certiora
700 925 859 980 mortalibus
897 939 934 977 ex
948 924 1091 979 verborum
1099 923 1246 994 complexu
1255 923 1373 979 describi
1382 923 1502 986 rideturr
1525 928 1540 954 ‘⁸
1550 938 1618 993 opus
1629 922 1701 993 quod

52 1025 91 1063 ex
118 1016 197 1079 parte
221 1008 296 1063 verbi
325 1008 410 1063 divini
433 1007 592 1063 effulserint.
642 1007 737 1078 Itaque
766 1004 859 1060 Chaos
897 1009 1025 1074 operatus
1038 1011 1080 1058 cst
1097 1003 1174 1059 Deus
1187 1021 1204 1058 a
1218 1004 1454 1075 principiousque
1469 1002 1639 1070 adfinem,”)
1658 1003 1700 1057 ris

51 1087 131 1153 illud,
146 1088 220 1159 quod
234 1086 364 1159 Cupidini
378 1105 499 1144 coaevum
513 1094 581 1151 erat,
592 1103 712 1141 massam
725 1086 783 1141 sire
796 1102 859 1140 con-
897 1082 1002 1137 scilicet
1016 1084 1112 1154 primis
1123 1083 1264 1155 particulis
1278 1100 1295 1138 a
1309 1083 1370 1138 Deo
1383 1083 1478 1148 indita,
1490 1099 1526 1137 cx
1539 1084 1617 1153 cujus
1629 1081 1700 1137 mul·

52 1168 246 1240 gregationem
262 1168 384 1224 materiae
397 1168 563 1223 inconditam
575 1167 756 1239 significabat.
798 1165 858 1220 Ma·
897 1162 1066 1235 tiplicatione
1082 1164 1170 1218 omnis
1184 1181 1275 1219 rerum
1289 1164 1406 1218 ranetam
1420 1172 1544 1233 emergat
1557 1171 1584 1217 et
1598 1162 1700 1216 coniic-

54 1249 232 1304 teriaautem
252 1248 321 1320 ipsa,
335 1255 417 1320 atque
430 1249 474 1302 ris
492 1255 520 1303 et
538 1254 638 1301 natura
657 1246 725 1317 ejus,
739 1246 857 1318 denique
897 1249 948 1308 tur,
977 1244 1171 1314 cogitationem
1197 1243 1353 1299 mortalium
1385 1243 1568 1314 perstringere
1599 1249 1698 1311 potest,

52 1328 193 1400 principia
206 1345 299 1384 rernm
318 1329 348 1383 in
367 1327 502 1399 Cupidine
521 1328 583 1398 ipso
596 1327 756 1382 adumbrata
769 1335 857 1381 erant.
896 1323 989 1378 subire
1009 1323 1057 1379 rix
1073 1330 1171 1394 potest.
1212 1323 1362 1394 aptissime
1383 1332 1476 1378 autern
1497 1321 1613 1376 refertur
1632 1321 1700 1376 illud

53 1407 108 1464 Ille
132 1408 312 1464 introducitur
332 1409 391 1463 sine
414 1416 534 1479 parente,
557 1407 585 1461 id
607 1414 657 1470 est,
677 1409 735 1462 sine
756 1422 856 1460 causa:
896 1402 930 1457 de
944 1420 997 1458 oso
1009 1404 1107 1459 Noctis
1121 1403 1157 1458 ad
1177 1402 1421 1459 demonstrationes
1439 1419 1489 1474 per
1507 1418 1574 1472 quas
1590 1402 1701 1473 Cupido

51 1504 138 1543 caum
151 1489 226 1544 enirn
236 1487 348 1544 effectus
356 1487 440 1544 veluti
454 1504 553 1559 parens
563 1494 620 1553 est;
635 1487 717 1559 idque
731 1486 760 1540 in
773 1487 858 1556 tropis
895 1483 948 1538 iste
971 1484 1001 1538 in
1020 1482 1110 1537 lucem
1130 1483 1227 1539 editur.
1269 1484 1335 1545 Quas
1355 1484 1430 1537 enim
1452 1499 1502 1553 per
1521 1483 1699 1536 affirmativas

52 1567 193 1623 familiare
207 1576 235 1623 et
248 1569 306 1624 fere
319 1576 482 1639 perpetuum
496 1575 545 1633 est,
559 1576 590 1622 ut
605 1583 703 1638 parens
717 1575 745 1622 ct
765 1564 857 1638 proles
895 1563 1099 1629 concluduntur,
1116 1563 1243 1619 videntur
1263 1571 1356 1634 partus
1375 1562 1460 1627 lucis3
1483 1579 1544 1633 quae
1564 1578 1629 1616 vero
1650 1578 1699 1632 per

51 1664 167 1703 musam
177 1656 207 1704 ct
216 1648 342 1704 effectum
352 1649 497 1703 denotent:
512 1648 634 1703 materia
648 1654 738 1701 autem
753 1647 856 1716 prima,
895 1645 1038 1715 negativas
1052 1652 1079 1698 et
1098 1643 1277 1709 exclusiones,
1291 1660 1324 1698 ea
1341 1651 1471 1714 tanquam
1491 1659 1509 1696 a
1530 1641 1650 1695 tenebris
1670 1650 1699 1696 et

52 1735 80 1782 et
93 1727 206 1784 virtutis
220 1737 302 1800 atque
322 1729 440 1784 actionis
460 1728 580 1799 proprias
600 1727 659 1795 ejus
680 1744 763 1782 causa
782 1726 857 1780 nulla
895 1731 974 1779 nocte
999 1723 1189 1794 exprimuntur
1207 1729 1236 1779 et
1254 1724 1414 1778 educuntur.
1456 1722 1508 1777 list
1530 1729 1620 1776 autern
1645 1722 1698 1776 iste

51 1823 114 1864 esse
128 1816 221 1879 potest
230 1808 477 1877 innatura(Deum
487 1808 561 1863 enim
571 1823 679 1878 semper
690 1806 856 1877 excipimus)
896 1800 1005 1874 Cupido
1019 1820 1081 1858 vere
1095 1820 1177 1859 orum
1190 1803 1332 1859 exclusum
1351 1820 1368 1857 a
1386 1804 1492 1867 Nocte,
1514 1801 1609 1855 notitia
1623 1801 1698 1855 enim

50 1886 126 1942 nihil
144 1889 221 1943 enim
234 1888 364 1959 hacipsa
383 1890 467 1959 prius.
509 1889 607 1959 ltaque
626 1887 748 1942 efficiens
770 1886 853 1951 nulla,
895 1884 956 1952 ejus
970 1883 1045 1956 (quae
1058 1884 1171 1938 omnino
1183 1884 1280 1939 haberi
1293 1882 1396 1955 potest)
1410 1882 1532 1953 procedit
1544 1898 1594 1953 per
1608 1880 1698 1936 exclu-

51 1983 105 2023 nec
133 1967 241 2041 aliquid
263 1976 369 2024 naturae
392 1969 498 2035 notius3
522 1985 590 2040 ergo
612 1984 663 2022 nec
687 1984 782 2038 genus,
805 1983 856 2022 nec
895 1963 986 2018 siones
999 1972 1029 2018 ct
1045 1965 1195 2035 negativas.
1236 1963 1366 2019 Probatio
1383 1972 1475 2018 autem
1495 1979 1544 2032 per
1562 1962 1698 2016 exclusio·

50 2047 149 2103 forma.
202 2047 385 2109 Quamobrem
409 2065 578 2121 quancunque
606 2047 717 2102 tandem
744 2048 781 2101 sit
808 2046 856 2102 illa
895 2060 959 2098 nem
974 2044 1055 2107 lacta,
1071 2043 1195 2115 quadam
1215 2043 1353 2114 ignoratio
1372 2051 1421 2108 est,
1436 2051 1464 2097 et
1481 2049 1612 2112 tanquam
1632 2057 1697 2105 nox,

50 2127 178 2194 materia,
188 2137 270 2200 atque
282 2129 341 2198 ejus
352 2130 393 2184 ris
409 2136 436 2183 et
447 2129 578 2200 operatio,
589 2144 634 2182 res
649 2127 765 2198 positiva
778 2135 856 2182 estet
895 2122 984 2194 quoad
998 2124 1027 2178 id
1038 2124 1110 2195 quod
1120 2123 1275 2180 includitur.
1317 2125 1406 2186 Quare
1417 2122 1546 2193 preclare
1558 2121 1699 2176 Democri·

50 2207 143 2272 surda,
155 2215 239 2280 atque
252 2225 365 2279 prorsus
378 2217 409 2264 ut
422 2210 560 2264 invenitur
574 2208 741 2279 accipienda,
756 2223 806 2261 nec
820 2224 856 2262 ex
895 2211 939 2259 tus
953 2212 1059 2259 atomos
1079 2205 1136 2259 sive
1154 2203 1267 2268 semina,
1282 2211 1364 2276 atque
1382 2219 1476 2258 eorum
1490 2203 1625 2266 virtutem,
1639 2199 1699 2255 nul·

49 2288 223 2359 praenotione
236 2289 329 2360 aliqua
339 2288 495 2358 judicanda.
522 2288 634 2344 Etenim
644 2288 740 2343 modus
753 2287 777 2341 si
791 2288 855 2343 sciri
894 2283 949 2339 lius
963 2284 1004 2339 rei
1017 2283 1128 2350 similia,
1142 2301 1203 2355 qum
1217 2284 1269 2339 sub
1286 2301 1396 2339 sensum
1414 2283 1512 2337 cadere
1531 2288 1631 2353 posset,
1652 2296 1698 2336 as·

49 2368 139 2432 detur,
155 2376 249 2424 tamen
267 2385 318 2438 per
337 2386 449 2424 causam
463 2369 527 2425 sciri
547 2386 601 2424 non
623 2375 723 2438 potest,
738 2384 801 2423 cum
821 2368 856 2422 sit
895 2364 998 2428 seruit;
1023 2365 1071 2419 sed
1089 2380 1122 2418 ea
1141 2380 1252 2435 prorsus
1272 2380 1346 2419 craca
1366 2371 1394 2418 et
1414 2363 1584 2418 clandestina
1601 2370 1699 2416 natura

49 2457 114 2519 post
127 2448 220 2503 Deum
235 2465 319 2503 causa
335 2466 478 2504 causarum
498 2449 559 2519 ipsa
578 2448 764 2504 incausabilis.
804 2448 856 2503 list
894 2443 1017 2515 insignit.
1061 2444 1155 2515 ltaque
1169 2444 1203 2498 de
1216 2443 1286 2515 ipsis
1299 2443 1499 2515 pronuntiarit:

49 2530 127 2583 enim
141 2529 277 2584 terminus
292 2529 402 2600 quidam
416 2546 496 2584 verus
509 2535 538 2583 et
559 2536 649 2583 certus
662 2545 807 2583 causarum
827 2528 856 2582 in
1056 2564 1071 2587 a
1080 2559 1198 2630 -quuc
1208 2566 1263 2609 ,um
1274 2561 1326 2623 igni
1336 2560 1453 2619 ,imum
1465 2574 1543 2620 neque
1553 2559 1596 2606 „115

49 2615 169 2673 natum
190 2616 273 2680 atque
288 2624 365 2679 mque
380 2609 500 2681 imperiti
515 2617 557 2664 est
576 2618 605 2664 et
624 2607 722 2664 leviter
735 2607 856 2679 philoso-
997 2618 1170 2676 Praetereunt,
1181 2633 1285 2679 quacor
1302 2620 1445 2667 ammittere
1455 2620 1527 2680 possit

48 2687 176 2759 phantis,
188 2706 251 2744 cum
265 2687 300 2742 ad
313 2688 437 2745 ultimam
451 2698 555 2744 naturae
568 2688 624 2743 vim
640 2697 669 2743 et
680 2688 770 2760 legem
785 2689 856 2759 posi-
998 2677 1119 2736 ⁸⁸⁰⁸ib¹¹b
1132 2684 1156 2725 ⁸²
1166 2683 1257 2724 ΜΟ*
1300 2677 1363 2725 '²⁰1⁰
1372 2684 1470 2739 ΜΒΝ
1480 2677 1601 2782 ῑῗξὲὲἷὶ
1616 2733 1661 2782 6ae

48 2768 135 2822 tinam
150 2777 262 2824 ventum
272 2769 315 2834 sit,
325 2786 435 2824 causam
450 2769 508 2839 ejus
521 2769 659 2841 requirere
673 2778 721 2823 aut
735 2768 854 2840 fingere;
1564 2771 1570 2782 '
1661 2770 1667 2781 '

48 2865 81 2903 ac
97 2848 128 2902 in
143 2849 190 2915 iis,
205 2867 266 2920 quaa
280 2849 459 2904 subordinate
472 2856 542 2915 sunt,
559 2866 671 2904 causam
684 2866 738 2904 non
752 2848 855 2903 deside
894 2843 932 2900 Et
945 2861 1039 2900 rursus
1052 2844 1085 2899 de
1100 2845 1199 2899 virtute
1212 2860 1323 2899 eorum:

47 2946 121 3020 fare.
165 2927 377 3022 QuareUCupido
388 2930 423 2985 ab
434 2930 552 3024 antiquis
563 2929 732 3024 sapientibus
746 2929 856 3002 ponitur
977 2968 993 2989 a
1001 2965 1034 3010 A,
1046 2962 1174 3024 primordia
1183 2961 1313 3031 gignunffi,
1323 2963 1350 3010 ᾖ,
1361 2962 1455 3011 „hmo
1487 2968 1532 3013 m,

46 3026 77 3063 rn
92 3009 229 3079 parabola
243 3026 302 3065 sine
312 3018 432 3082 parente,
444 3011 473 3064 ad
483 3017 533 3076 est,
548 3027 608 3066 srne
621 3027 714 3066 causa.
755 3010 855 3081 Neque
975 3020 1095 3069 Naturam
1105 3020 1279 3069 clandestinam
1290 3036 1448 3082 caramquca
1482 3021 1545 3068 'bere

46 3089 125 3143 nihil
144 3090 175 3143 in
192 3089 246 3144 boc
261 3097 317 3156 est;
339 3091 395 3146 imo
416 3090 490 3147 haud
504 3091 606 3146 scimus
620 3108 655 3145 an
669 3107 723 3145 non
738 3107 782 3145 res
795 3107 854 3145 orn-
976 3079 1090 3128 Emisstei
1100 3095 1131 3128 ¹²⁰
1141 3080 1205 3141 quid,
1217 3079 1371 3141 quodcourrs
1381 3086 1471 3142 9⁰8⁰&
1481 3086 1505 3127 et
1515 3079 1618 3186 ⁰b⁸l1⁰l}”
1630 3137 1666 3187 Ε

46 3169 129 3223 nium
150 3171 281 3225 maxima
328 3170 380 3225 Nil
402 3172 475 3226 enirn
499 3171 705 3242 philosophiam
728 3187 855 3243 perteque
1592 3139 1629 3187 '⁷

46 3249 182 3320 eorrupit,
199 3266 231 3304 ac
245 3248 293 3304 illa
307 3249 448 3322 inquisitio
466 3258 612 3323 parentum
626 3250 787 3322 Cupidinis;
802 3249 855 3305 hoc
897 3250 993 3322 ltaque
1007 3253 1091 3307 atomi
1106 3269 1194 3324 neque
1208 3251 1281 3323 ignis
1293 3250 1425 3317 scintillis,
1439 3268 1527 3324 neque
1542 3268 1621 3322 aqum
1634 3258 1698 3323 gut·

46 3337 101 3395 est,
115 3329 190 3401 quod
203 3329 362 3401 philosophi
377 3330 512 3403 principia
523 3348 621 3398 rerum,
630 3329 855 3403 quemadmodum
895 3331 936 3395 tis,
952 3349 1041 3403 neque
1055 3350 1128 3387 aurae
1142 3330 1232 3396 bullis,
1246 3349 1335 3403 neque
1350 3331 1472 3402 pulveris
1491 3332 1593 3403 grume,
1608 3348 1697 3402 neque

45 3409 77 3464 in
102 3417 204 3464 natura
224 3410 404 3476 inveniuntur,
422 3427 477 3465 non
499 3420 662 3482 receperunt
684 3418 712 3465 et
733 3410 854 3481 amplexi
895 3412 1007 3482 spiritus
1021 3421 1067 3466 aut
1082 3412 1193 3467 aetheris
1214 3412 1344 3476 minutiis,
1360 3411 1465 3467 similes
1486 3419 1556 3467 sunt.
1597 3412 1698 3482 Neque

46 3496 123 3554 sunt,
138 3498 172 3544 ut
190 3489 341 3545 doctrinam
355 3490 491 3562 quandam
513 3493 666 3562 positivam,
683 3498 710 3545 et
725 3499 854 3561 tauquam
895 3491 936 3545 vis
950 3500 979 3546 et
994 3490 1079 3546 forma
1094 3510 1187 3547 eorum
1202 3499 1249 3547 aut
1263 3509 1345 3564 grave
1361 3492 1488 3563 quiddam
1506 3498 1547 3546 est
1567 3498 1614 3545 aut
1628 3492 1696 3557 leve,

45 3571 104 3624 tide
121 3570 351 3639 experimentali,
358 3571 414 3643 sed
427 3571 519 3641 potius
528 3589 564 3626 ex
573 3572 681 3643 legibus
691 3587 854 3636 sermonum,
895 3579 943 3626 aut
962 3570 1081 3627 calidum
1101 3578 1149 3627 ant
1169 3572 1307 3644 frigidum,
1329 3580 1376 3626 aut
1396 3573 1510 3627 densum
1531 3580 1578 3626 aut
1598 3588 1698 3635 rarum,

45 3659 76 3704 et
99 3666 140 3704 ex
161 3649 313 3705 dialecticis
340 3657 367 3705 et
390 3651 594 3706 mathematicis
619 3651 854 3717 conclusiunculis,
895 3658 942 3706 aut
955 3651 1052 3706 durum
1066 3662 1114 3707 aut
1125 3652 1218 3718 molle,
1234 3652 1326 3723 qualia
1339 3653 1369 3706 in
1378 3653 1537 3724 corporibus
1547 3651 1698 3723 grandiori-

45 3738 134 3801 atque
146 3746 183 3784 cx
193 3731 381 3786 communibus
391 3731 555 3794 notionibus,
568 3739 595 3785 et
607 3731 763 3808 hujusmodi
777 3748 855 3786 men·
893 3730 946 3786 bus
967 3731 1157 3796 inveniuntur3
1182 3749 1244 3787 cunr
1265 3732 1325 3787 istae
1344 3733 1467 3796 virtutes,
1488 3739 1515 3786 et
1536 3730 1649 3802 reliquae
1669 3731 1698 3786 id

47 3812 85 3865 tis
105 3815 188 3865 extra
208 3818 333 3865 naturam
354 3811 597 3881 expatiationibus,
621 3828 655 3865 ea
677 3811 856 3875 deduxerunt.
895 3828 982 3884 geum
995 3813 1154 3883 compositas
1167 3812 1223 3867 sint
1238 3821 1267 3866 et
1282 3813 1414 3867 conflata.
1455 3813 1554 3883 Neque
1572 3811 1698 3866 similiter

48 3890 150 3960 ltaque
166 3889 372 3961 philosophanti
388 3892 465 3964 quasi
480 3899 613 3962 perpetuo
626 3891 678 3945 hoc
693 3891 786 3946 animo
799 3893 856 3963 agi·
894 3898 985 3946 motus
999 3891 1130 3947 naturalis
1144 3893 1235 3955 atomi,
1251 3899 1298 3946 aut
1316 3900 1406 3946 motus
1425 3891 1472 3946 ille
1488 3899 1529 3946 est
1543 3892 1697 3957 descensus,

45 3970 165 4024 tandum
176 3977 226 4034 est,
239 3987 294 4024 non
308 3987 368 4026 esse
383 3979 510 4041 parentes
525 3971 664 4042 Cupidini,
679 3989 714 4026 ue
729 3971 797 4027 sorte
816 3974 855 4026 in·
896 3972 941 4044 qui
951 3971 1253 4044 appellaturnaturalis,
1262 3982 1310 4025 aut
1321 3970 1460 4026 motusilli
1472 3971 1612 4043 oppositus
1627 3971 1698 4042 (pla-

46 4050 180 4104 tellectus
190 4049 225 4102 ad
238 4051 331 4104 inania
344 4051 487 4117 deflectat;
510 4052 574 4122 quia
588 4051 617 4105 in
626 4051 782 4120 hujusmodi
797 4068 856 4123 per·
895 4052 951 4123 gra)
966 4060 1012 4105 aut
1027 4060 1116 4107 motus
1129 4052 1307 4122 expansionis
1322 4060 1350 4106 et
1363 4052 1566 4115 contractionis,
1581 4059 1627 4105 aut
1638 4070 1697 4108 nro·

46 4129 226 4201 captionibus
237 4130 435 4186 universalibus
447 4131 539 4203 gliscit
550 4131 659 4185 animus
673 4131 818 4197 humanus,
827 4142 855 4187 et
895 4140 939 4186 tus
954 4131 1125 4203 impulsionis
1140 4141 1167 4187 et
1179 4148 1275 4196 nexus,
1287 4140 1333 4185 aut
1347 4140 1436 4185 motus
1450 4131 1591 4186 rotationis
1605 4133 1698 4187 coeles·

47 4212 134 4265 rebus
150 4217 180 4263 et
194 4227 223 4263 se
237 4210 299 4280 ipso
309 4210 439 4277 abutitur,
448 4219 475 4266 et
489 4212 553 4265 dum
567 4212 601 4265 ad
617 4211 747 4267 ulteriora
761 4212 855 4277 tendit,
895 4212 972 4274 titum,
997 4221 1045 4266 aut
1067 4212 1204 4283 quispiam
1228 4227 1264 4266 ex
1287 4211 1349 4265 aliis
1370 4211 1489 4267 motibus
1514 4212 1696 4282 grandiorum,

46 4291 84 4344 ad
106 4289 280 4361 proximiora
301 4291 404 4345 recidit.
446 4290 517 4345 Cum
534 4291 615 4355 enim,
629 4299 741 4362 propter
754 4309 854 4364 angus-
895 4292 1066 4362 simpliciter.
1116 4293 1207 4363 Atque
1241 4291 1423 4346 nihilominus
1455 4299 1482 4346 et
1513 4293 1542 4346 in
1575 4309 1696 4363 corpore,

46 4371 102 4425 tias
118 4385 193 4433 suas,
203 4370 245 4434 iis,
258 4388 318 4441 quae
333 4369 505 4426 familiariter
519 4381 669 4433 occurmm,
684 4380 711 4426 et
726 4390 787 4444 quac
801 4389 856 4428 una
895 4373 978 4426 atomi
1007 4370 1144 4427 elementa
1164 4371 1285 4426 omnium
1305 4388 1457 4442 corporum,
1478 4379 1506 4426 et
1525 4372 1554 4429 in
1574 4382 1649 4427 motu
1670 4381 1698 4428 et

45 4460 74 4505 et
90 4449 186 4504 subito
199 4457 318 4505 mentem
332 4450 425 4505 subire
441 4460 469 4505 et
489 4451 570 4506 ferire
593 4458 714 4521 possunt,
734 4453 854 4507 maxime
895 4452 995 4507 virtute
1019 4453 1103 4506 atomi
1126 4452 1206 4507 initia
1227 4451 1349 4506 omniurn
1373 4460 1493 4506 motuum
1519 4461 1545 4507 et
1568 4454 1697 4508 virtutum

45 4529 157 4585 moveri
174 4529 309 4584 consuerit
315 4552 323 4595 ;
345 4531 376 4584 fir
390 4538 418 4585 ut
439 4549 499 4585 cum
515 4532 549 4585 ad
570 4548 611 4595 ea,
627 4549 687 4602 quae
708 4533 855 4588 secundum
895 4532 995 4587 insunt
1038 4532 1223 4587 Veruntamen
1236 4532 1265 4585 in
1279 4530 1332 4586 hoc
1346 4530 1415 4603 ipso,
1430 4533 1559 4587 nimirum
1574 4533 1608 4587 de
1622 4541 1697 4588 motu

45 4610 254 4681 experientiam
274 4609 394 4665 maxime
415 4611 579 4667 universalia
594 4618 664 4676 sunt,
679 4629 708 4666 se
727 4613 856 4668 extende·
895 4612 988 4677 atomi,
1011 4612 1111 4666 collato
1131 4612 1167 4666 ad
1186 4618 1290 4666 motum
1314 4612 1496 4683 grandiorum,
1520 4612 1698 4683 philosophia

44 4690 91 4755 rit,
108 4696 138 4744 et
161 4687 342 4745 nihilominus
363 4692 536 4762 acquiescere
558 4691 645 4755 nolit;
668 4699 724 4746 tum
746 4691 856 4749 demum
895 4690 1033 4763 parabolae
1048 4709 1065 4745 a
1079 4691 1255 4763 philosophia
1266 4691 1417 4746 Democriti
1428 4693 1571 4747 dissentire
1583 4692 1695 4747 videtur.

45 4782 185 4841 tanquam
203 4768 292 4824 adhue
307 4770 414 4824 notiora
429 4780 572 4842 appetens,
586 4771 621 4825 ad
636 4787 677 4838 ea,
691 4790 752 4844 quar
765 4772 855 4843 ipsum
895 4772 1068 4827 Democritus
1081 4773 1154 4826 enirn
1169 4788 1223 4826 non
1238 4772 1349 4827 omnino
1363 4771 1501 4842 parabolae
1521 4780 1634 4837 tantum,
1649 4773 1698 4827 sed

44 4849 203 4922 plurimum
223 4848 371 4914 affecerint,
386 4859 433 4905 aut
451 4850 668 4922 illaqueaverint,
683 4853 814 4917 revertit,
830 4861 857 4908 et
896 4859 924 4908 et
937 4852 990 4907 sibi
1006 4868 1113 4924 quoque
1129 4852 1225 4923 impar,
1240 4858 1269 4905 et
1285 4852 1342 4907 iere
1356 4853 1508 4907 contrarius
1521 4853 1654 4922 reperitur
1669 4853 1697 4906 in

44 4947 82 4984 ea
98 4937 131 4983 ut
144 4929 236 5000 magis
254 4930 394 4985 causativa
413 4939 440 4985 et
460 4931 678 5001 demonstrativa,
693 4949 775 5003 quam
796 4933 857 5005 ipsa
895 4933 939 4999 iis,
950 4932 1141 5004 quaeamplius
1155 4932 1190 4985 ab
1204 4948 1238 4986 eo
1251 4933 1323 4986 circa
1334 4932 1387 4986 hoc
1398 4933 1552 4987 dictasunt.
1594 4931 1698 4986 Debuit

45 5008 100 5064 illa
113 5009 289 5073 universalia,
304 5010 358 5064 sibi
373 5010 458 5082 fingit.
896 5013 969 5067 enim
984 5018 1087 5067 motum
1102 5011 1311 5083 heterogeneurn
1328 5020 1421 5068 atomo
1442 5012 1561 5067 tribuere
1574 5028 1628 5065 non
1645 5013 1696 5066 rni-

91 5090 193 5160 ltaque
209 5090 281 5159 quod
294 5090 383 5159 prima
396 5108 486 5146 rerum
506 5092 631 5159 essentia,
646 5093 689 5147 vis
709 5099 737 5148 et
750 5090 857 5163 Cupido
895 5111 955 5157 nus,
971 5109 1052 5164 quam
1067 5108 1165 5162 comus
1179 5091 1392 5165 heterogeneum
1411 5101 1439 5146 et
1452 5092 1578 5145 virtutem
1592 5090 1698 5146 hetero

44 5169 211 5224 sinecauss
226 5171 268 5235 sit,
287 5170 462 5238 jamdictum
477 5179 527 5227 est.
569 5173 611 5227 De
625 5174 784 5228 modovero
798 5174 856 5242 ejus
896 5189 1020 5245 geneum.
1055 5173 1157 5227 Verum
1167 5172 1213 5227 ille
1222 5182 1311 5227 motus
1322 5172 1397 5237 duos,
1408 5173 1555 5226 descensus
1565 5172 1697 5244 grauium,

45 5251 88 5304 rei
118 5250 196 5320 (quta
219 5266 329 5304 causam
351 5268 404 5305 non
425 5250 537 5323 recipit)
562 5253 715 5310 videndum.
757 5252 857 5308 Modus
896 5262 922 5308 et
937 5254 1084 5307 adscensus
1098 5253 1208 5317 levium,
1220 5256 1315 5324 (quem
1330 5269 1380 5323 per
1393 5251 1505 5323 plagam
1517 5251 1575 5305 sivc
1589 5268 1698 5321 percus·

45 5338 145 5384 autern
161 5337 190 5381 et
204 5329 262 5398 ipsc
277 5347 383 5402 quoque
397 5333 577 5402 perobscurus
595 5343 653 5399 estr
674 5333 756 5406 idque
777 5351 793 5387 a
808 5352 857 5405 pa·
896 5334 999 5388 sionem
1014 5332 1103 5403 magis
1117 5334 1241 5404 gratim
1256 5332 1383 5403 pellendo
1398 5331 1487 5385 minus
1502 5331 1596 5403 maria
1610 5332 1638 5385 in
1652 5349 1698 5388 su·

46 5408 149 5463 rabola
164 5408 224 5477 ipsa
240 5425 388 5477 monemur,
404 5411 449 5465 ubi
464 5410 605 5482 eleganter
619 5414 730 5484 lingitur
741 5415 856 5485 Cupido,
895 5416 987 5485 purius
1001 5413 1185 5484 expediebat,)
1206 5413 1309 5483 delegit
1327 5430 1362 5466 ex
1380 5411 1497 5466 motibus
1515 5412 1696 5482 grandiorum,

47 5506 135 5543 osum
160 5488 251 5542 Nocte
281 5490 425 5546 incubante
449 5492 598 5548 exclusum.
641 5492 722 5549 Certe
747 5504 857 5550 sanctus
895 5512 963 5568 quos
978 5503 1069 5549 atomo
1083 5502 1111 5549 ut
1129 5495 1281 5565 primitivos
1300 5492 1521 5549 communicaret.
1546 5491 1697 5569 &Parabola

91 5583 160 5624 ΥΟΕ.
184 5583 215 5622 ll.
430 5573 448 5626 2
470 5590 486 5625 γ
