3800 5875
610 302 794 359 HISTORIA
815 301 932 357 usual
951 300 1001 357 ET
1021 299 1125 356 RARl.
1622 297 1680 354 543

78 462 227 518 raritatem
242 462 314 517 aeris
323 461 433 534 frigidi3
455 478 517 516 cum
530 462 630 532 etipse
643 458 699 527 eiir,
714 479 765 532 per
777 462 848 516 calo

79 559 152 607 rem,
172 544 307 610 maiorem
323 542 353 595 in
372 542 482 595 modum
502 540 640 606 dilatetur,
655 550 683 594 et
703 557 847 611 exporrec-

81 624 190 676 tionem
201 622 274 677 aeris
285 622 377 691 frigidi
388 621 462 674 haud
469 620 581 690 paulurn
592 627 709 691 superet
752 621 847 692 ltaque

81 702 258 767 arbitramur,
272 701 295 755 si
316 701 533 770 experimentum
550 700 601 754 fiat
620 701 649 753 in
668 715 747 770 aqua,
761 701 848 754 multo

81 781 221 835 minorem
255 780 373 834 futurum
404 780 617 849 expansionem,
652 778 717 832 licet
750 796 849 849 corpus

82 876 166 930 aquae
179 860 244 930 plns
257 860 379 913 materies
393 860 530 913 conuneat
546 875 629 930 quam
642 858 756 928 spiritur
769 859 834 913 vini.

286 938 315 992 Si
329 938 452 992 advertas
466 938 570 992 firmum
583 954 620 993 ex
633 953 714 990 cerco
725 946 850 991 recenter

246 1019 366 1072 extincto
392 1024 545 1080 exeuntem,
566 1023 596 1071 et
618 1017 705 1070 oculis
727 1017 850 1070 metiaris

45 1096 257 1151 crassitudinem
279 1097 347 1166 ejus,
371 1104 399 1150 ει
421 1113 515 1151 rursus
532 1096 663 1151 intuearis
685 1111 784 1165 corpus
806 1096 849 1165 ip·

44 1176 104 1228 sius
121 1177 192 1230 sirmi
213 1184 310 1246 postea
330 1176 506 1241 inflammatis
526 1175 631 1230 ridebis
652 1176 849 1245 expansionem

44 1255 173 1321 flammae,
188 1254 294 1310 collatae
307 1254 343 1308 ad
356 1255 470 1320 murum,
484 1255 644 1327 ampliatam
659 1255 736 1326 qnasi
751 1255 786 1308 ad
799 1255 849 1310 du·

46 1333 133 1403 piam.

77 983 189 1027 Historia

328 1412 357 1467 si
379 1413 499 1484 accipias
519 1428 607 1485 pauca
626 1431 713 1485 grans
729 1413 850 1484 pulveris

286 1493 367 1562 pyrii,
381 1510 468 1565 eaque
482 1493 643 1558 inflammes,
658 1510 758 1565 magns
770 1510 847 1563 pror-

84 1589 134 1625 sus
148 1572 180 1625 fit
193 1573 325 1643 expensio
340 1581 465 1643 respectu
484 1574 606 1644 corporis
625 1572 754 1643 pulveris.
795 1572 849 1627 Sed

83 1668 190 1714 rursus,
204 1652 323 1705 extincta
336 1651 386 1705 illa
398 1653 516 1719 flamma,
528 1651 613 1707 multo
627 1654 746 1723 amplius
760 1652 849 1706 adhuc

84 1746 117 1784 se
131 1730 260 1785 extendit
277 1748 374 1801 corpus
389 1732 468 1785 sumi.
511 1733 544 1786 ld
561 1749 626 1786 vero
644 1749 700 1786 uon
718 1739 744 1786 te
763 1731 848 1797 sallat,

85 1825 120 1862 ac
134 1810 160 1864 si
174 1826 274 1879 corpus
287 1810 418 1880 tangibile
432 1810 493 1881 plus
507 1813 707 1882 expanderetur
723 1812 752 1864 in
765 1812 848 1877 inmo,

86 1906 172 1959 quam
186 1889 217 1942 in
235 1890 361 1955 flamma,
382 1906 447 1944 nam
465 1890 494 1944 id
513 1906 592 1946 secus
610 1908 640 1945 se
660 1890 754 1945 habet.
795 1890 849 1945 Sed

86 1970 159 2023 ratic
173 1971 341 2039 apparentia
355 1978 403 2033 εει,
418 1970 490 2041 quod
504 1986 601 2040 corpus
613 1971 730 2024 flamme
744 1971 779 2024 sit
792 1987 849 2024 cor-

84 2064 140 2118 pus
154 2048 298 2119 integrum,
310 2066 408 2120 corpus
423 2050 490 2103 iumi
504 2066 603 2120 corpus
616 2050 801 2114 commixtum,
813 2067 849 2104 cx

86 2126 172 2198 louge
181 2128 285 2195 majore
296 2136 381 2197 parte,
392 2145 454 2182 cnm
465 2127 546 2184 aere:
567 2130 666 2199 itaque,
676 2129 746 2183 sicut
753 2145 848 2199 parum

85 2208 162 2261 croci
176 2206 292 2261 multum
304 2225 382 2279 aqum
396 2207 513 2273 coloret;
535 2208 661 2263 similiter
670 2225 767 2279 parum
781 2208 848 2263 sumi

88 2286 120 2340 in
134 2286 253 2341 multum
266 2285 357 2341 aerem
376 2302 405 2341 se
424 2288 538 2364 spargit.
579 2289 654 2343 Nam
673 2289 762 2343 firmus
780 2288 849 2358 spis-

85 2382 134 2423 sus
157 2367 203 2437 (ut
226 2372 307 2420 entes
329 2367 432 2421 dictum
455 2368 510 2439 est)
537 2384 593 2423 uon
619 2384 739 2440 sparsus,
761 2368 850 2423 minor

85 2442 209 2501 cernitur
222 2462 335 2516 corpore
349 2446 475 2502 flammre.

289 2524 319 2580 Si
337 2526 455 2597 accipies
467 2525 612 2581 frustulum
628 2525 736 2580 corticis
753 2543 850 2581 auran·

249 2603 282 2657 tii
306 2605 449 2660 exterioris
476 2603 540 2682 (qui
562 2605 725 2660 aromaticus
748 2614 797 2670 est,
822 2614 850 2660 et

47 2678 176 2756 oleosus)
190 2683 334 2755 ipsumque
348 2684 437 2743 subito
450 2685 614 2755 comprimas
621 2686 701 2754 juxte
709 2684 848 2755 lychnum,

49 2764 129 2820 exilit
142 2762 249 2834 aliquid
263 2765 331 2817 roris
347 2762 376 2817 in
397 2763 523 2835 guttulis;
549 2765 621 2836 quod
641 2773 732 2819 tamen
751 2765 850 2819 consti-

70 1458 194 1501 Monimm.

87 2578 199 2623 umoris

47 2846 100 2900 tuit
112 2858 215 2915 corpus
228 2842 345 2897 flamme
359 2844 496 2917 (respectu
510 2842 690 2917 guttularum)
703 2843 850 2916 insigniter
887 2840 986 2894 mirum
1000 2840 1024 2894 si
1038 2850 1167 2910 sequatur
1176 2840 1298 2894 dilatatio
1308 2839 1428 2907 corporis
1438 2837 1487 2892 ali·

886 2920 980 2989 cujus;
1001 2918 1220 2992 quandoquidem
1234 2918 1286 2974 hoc
1297 2917 1333 2974 sit
1346 2917 1427 2989 plane
1437 2925 1612 2990 augmentum
1625 2920 1683 2976 sive

47 2924 182 2997 amplum.

925 460 1091 515 collocando.
1132 458 1166 514 Id
1186 457 1309 513 consulto
1330 456 1499 521 evitavimus,
1518 455 1620 528 duplici
1641 477 1682 513 ra-

923 541 997 595 tione
1018 540 1094 593 moti.
1147 537 1248 602 Primo,
1274 536 1346 608 quod
1368 536 1462 591 multas
1485 553 1522 591 ex
1544 537 1682 594 instantiis

925 619 1052 689 ancipitis
1066 624 1169 672 natura
1182 617 1247 683 sint,
1261 617 1338 671 etad
1355 615 1435 688 plura
1455 623 1585 686 spectent.
1628 619 1682 672 lta-

925 716 979 770 que
993 699 1060 752 ordo
1072 705 1212 752 accuratus
1225 697 1255 749 in
1269 696 1402 765 ejusmodi
1422 696 1503 749 rebus
1524 703 1574 749 aut
1591 697 1681 764 iterat,

925 786 973 832 ent
990 777 1069 832 fallit.
1109 776 1216 831 Deinde
1235 772 1280 852 (id
1298 774 1371 847 quod
1393 776 1530 847 precipue
1551 776 1581 829 in
1600 791 1683 832 causa

927 858 984 922 init,
998 874 1047 911 cur
1060 873 1078 909 a
1090 855 1221 911 methodo
1235 854 1327 925 aliqua
1341 862 1440 909 exacta
1456 854 1681 930 abhorreremus)

927 937 978 990 hoc
993 936 1065 1008 qnod
1084 936 1199 1007 agimus,
1214 936 1335 989 omnium
1349 933 1489 988 industrias
1502 934 1536 988 ad
1555 934 1683 990 imitatio-

926 1032 989 1069 nem
1009 1025 1102 1085 patere
1123 1014 1255 1069 volumus.
1296 1013 1418 1074 Quodsi
1440 1013 1570 1069 methodo
1590 1014 1684 1084 aliqua

926 1095 1061 1149 artificiali
1075 1101 1103 1149 et
1115 1093 1216 1148 illustri
1225 1093 1349 1147 collectio
1355 1093 1409 1146 ista
1416 1093 1605 1148 instantiarum
1617 1110 1683 1148 con·

925 1191 999 1229 nexa
1012 1175 1114 1238 husset,
1128 1175 1317 1244 desperassent
1337 1171 1513 1242 proculdubio
1531 1172 1683 1245 complures

927 1270 957 1308 se
972 1253 1105 1322 ejusmodi
1115 1254 1318 1324 inquisitionem
1328 1253 1418 1306 lacere
1428 1252 1558 1323 potuisse.
1593 1252 1682 1313 Quare

926 1343 955 1388 et
967 1333 1096 1405 exemplo
1109 1340 1136 1387 et
1149 1334 1252 1387 monito
1265 1349 1400 1397 cavemus,
1415 1340 1444 1386 ut
1458 1333 1571 1403 quisque
1590 1333 1620 1386 in
1639 1333 1683 1386 in·

926 1414 1032 1467 stantiis
1050 1412 1240 1482 comparandis
1260 1418 1287 1465 et
1305 1411 1489 1482 proponendis
1509 1428 1559 1465 suo
1569 1412 1681 1480 judicio,

926 1508 983 1548 suas
1004 1493 1150 1556 memoria,
1165 1508 1221 1546 suae
1234 1492 1320 1560 copia
1339 1491 1477 1545 inserviat.
1519 1490 1590 1545 Satis
1605 1492 1640 1545 sit
1658 1492 1682 1545 si

926 1574 961 1627 de
981 1573 1090 1642 scripto,
1104 1579 1132 1625 et
1149 1588 1204 1625 non
1225 1571 1390 1635 memoriter,
1405 1571 1447 1642 (id
1468 1572 1540 1624 enim
1558 1570 1682 1625 intentis

926 1652 1116 1706 instantiarum
1134 1651 1260 1704 fluctibus
1281 1650 1414 1704 ludicrum
1438 1650 1566 1721 quiddam
1588 1650 1682 1720 esset)

926 1748 1034 1802 semper
1044 1731 1172 1801 procedat
1185 1729 1322 1794 invectim
1343 1736 1373 1784 nt
1386 1746 1457 1783 verte
1470 1729 1634 1784 inductionis
1643 1731 1683 1784 lu·

926 1812 999 1865 mine
1015 1819 1111 1881 postea
1123 1809 1227 1864 absolvi
1241 1809 1336 1879 possit
1369 1809 1458 1879 Atque
1471 1806 1539 1862 illud
1552 1817 1684 1879 perpetuo

925 1891 1059 1945 memoria
1072 1889 1223 1952 tenendum,
1237 1905 1288 1943 nos
1301 1887 1330 1941 iu
1344 1888 1396 1942 hoc
1412 1904 1493 1958 opere
1508 1889 1608 1957 stipem
1627 1896 1683 1942 tan-

927 1970 1066 2024 tummodo
1084 1976 1112 2023 et
1131 1970 1263 2023 tributum
1279 1984 1296 2021 a
1310 1984 1391 2022 sensu
1404 1967 1439 2020 ad
1452 1968 1577 2021 ararium
1597 1968 1684 2022 scien·

926 2049 1025 2104 uarum
1049 2049 1176 2119 exigere;
1204 2064 1293 2119 neque
1315 2045 1448 2116 exempla,
1466 2047 1501 2100 sd
1523 2046 1684 2102 illustranda

926 2130 1073 2192 axiomata,
1098 2126 1146 2182 sed
1169 2127 1357 2199 experimenta
1379 2125 1415 2179 ad
1435 2142 1470 2179 ea
1489 2127 1683 2193 constituenda,

925 2224 1087 2279 proponere.
1127 2206 1227 2279 Neque
1246 2215 1337 2261 tamen
1357 2202 1561 2276 dispositionem
1580 2208 1684 2262 instau-

925 2289 1024 2343 tiarum
1043 2304 1154 2357 prorsus
1176 2286 1354 2358 negligemus,
1375 2302 1463 2357 neque
1484 2285 1609 2340 discincti
1629 2286 1683 2341 hoc

927 2367 1133 2438 aggrediemur,
1155 2367 1202 2420 red
1218 2367 1256 2420 ita
1270 2366 1413 2420 instantias
1435 2364 1635 2432 collocabimus,
1654 2374 1685 2421 ut

926 2448 980 2503 sibi
993 2448 1111 2501 invicem
1123 2446 1213 2501 lucem
1225 2445 1366 2517 praebeant
1379 2443 1548 2500 nonnullam.

915 2587 1122 2628 praemorsas
1142 2585 1198 2625 PER
1217 2584 1469 2625 INTROCEPTlONBl(
1490 2585 1656 2637 struentem,

1016 2666 1083 2705 SIVE
1102 2665 1307 2705 ADHISSlONBH
1327 2663 1465 2704 conruere
1486 2665 1566 2706 novt.

929 2761 954 2815 l.
974 2758 1488 2830 Exintroccptionecorporisalieninil
1513 2773 1684 2866 rttstgtamar.

182 3056 186 3064 ,
287 3002 480 3058 commentum
506 3002 575 3058 illud
598 3003 849 3073 Peripateticorum,
886 3000 997 3064 additio,
1011 3016 1065 3053 non
1079 3001 1224 3054 rarescetio
1241 3016 1314 3054 vera.
1354 2999 1557 3053 Attameucum
1575 3016 1684 3069 eorpus,

189 3066 210 3098 α
248 3081 281 3136 de
294 3082 410 3154 decupla
423 3086 595 3154 proportione
609 3083 850 3139 clementorumad
887 3080 960 3150 quod
979 3079 1159 3151 introcipitur,
1176 3079 1260 3135 luerit
1277 3079 1486 3149 pneumaticum,
1510 3078 1606 3146 (veluti
1628 3078 1684 3144 aer,

47 3164 170 3217 invicem
190 3162 221 3215 in
240 3161 359 3227 raritate,
373 3180 418 3217 res
438 3163 532 3217 fictitia
552 3171 600 3227 est,
615 3163 690 3218 etad
704 3163 848 3233 placitum
887 3167 935 3213 aut
949 3159 1082 3230 spiritua)
1096 3160 1240 3214 autetiam
1254 3176 1315 3213 enm
1329 3174 1425 3228 corpus
1441 3158 1623 3228 introceptum
1638 3159 1684 3229 (li-

48 3261 111 3297 cum
125 3250 231 3296 certum
244 3242 287 3307 sit,
302 3241 394 3297 aerem
407 3243 534 3314 centuplo
549 3243 595 3311 (ad
612 3243 769 3309 minimum)
784 3243 850 3297 rari.
887 3245 931 3292 cet
949 3239 1032 3293 tuerit
1050 3238 1190 3310 tangibile,
1213 3239 1318 3308 ιειιιειι)
1334 3238 1436 3292 senum
1458 3237 1593 3303 illabatur,
1608 3246 1635 3292 et
1653 3255 1683 3293 se

48 3337 124 3376 orem
138 3337 200 3376 esse
215 3337 294 3391 aque,
308 3322 500 3393 flammamque
515 3322 593 3386 oleo,
615 3332 643 3377 at
656 3323 795 3377 flammam
810 3323 850 3392 ip·
887 3318 1020 3383 insiuuet;
1041 3317 1123 3389 vulgo
1135 3318 1251 3373 habetur
1264 3318 1354 3389 magis
1366 3333 1418 3388 pro
1435 3325 1539 3372 tumore
1557 3318 1683 3388 quodam,

49 3420 110 3456 sum
123 3400 219 3456 adrem
232 3400 347 3471 decupla
356 3402 468 3456 minime
482 3418 618 3472 superare.

327 3481 394 3534 Non
420 3489 470 3545 est,
497 3498 546 3535 cur
572 3483 626 3536 ista
652 3480 795 3552 inquisitio
822 3487 850 3534 et

888 3414 971 3469 quam
985 3398 1150 3453 accessione.

927 3477 954 3530 2.
975 3477 1082 3541 Vesica,
1104 3486 1152 3532 aut
1172 3477 1228 3532 alia
1247 3476 1357 3532 tensilia
1377 3478 1419 3546 (ut
1438 3476 1530 3543 folles)
1555 3476 1684 3531 inflantur

288 3561 479 3615 commentatio
492 3561 565 3615 circa
577 3561 748 3631 pneumatica
761 3560 850 3614 videa·
888 3554 951 3611 aere
966 3557 1079 3628 integro,
1090 3567 1172 3628 atque
1186 3557 1379 3623 extenduntur,
1393 3556 1461 3611 adeo
1473 3565 1504 3611 ut
1517 3556 1683 3621 indurentur,

86 3645 132 3692 tur
154 3637 277 3708 cuipiam
299 3639 381 3693 nimis
401 3639 507 3694 subtilis
521 3647 568 3694 aut
582 3641 696 3695 curiosa.
738 3640 850 3695 Certum
887 3643 915 3690 ει
928 3636 1019 3701 ictum,
1031 3638 1142 3705 jactum,
1158 3636 1214 3707 pati
1229 3638 1348 3707 possint:
1369 3637 1452 3691 etiam
1465 3634 1539 3690 bulla
1553 3642 1685 3706 aqnmest

87 3718 164 3771 enim
178 3727 229 3780 est,
244 3717 417 3774 omissionem
432 3729 460 3773 et
472 3719 701 3774 inobservantiam
715 3719 789 3774 circa
800 3718 850 3774 illa
886 3717 974 3770 instar
987 3718 1093 3780 resices,
1108 3717 1161 3770 uisi
1177 3717 1249 3787 quod
1262 3725 1303 3770 est
1314 3725 1371 3770 tam
1385 3714 1500 3786 fragilis.

87 3796 304 3867 obsmpeiecisse
312 3796 517 3868 philosophiam
527 3806 555 3852 et
567 3789 738 3864 medicinam,
749 3815 849 3871 easque
927 3797 954 3851 3.
976 3795 1109 3867 Liquores
1131 3797 1165 3850 de
1181 3813 1245 3850 vase
1266 3797 1296 3849 in
1316 3812 1365 3849 vas
1385 3797 1419 3849 de
1436 3795 1492 3848 alto
1504 3793 1567 3858 t'usi,
1582 3800 1629 3848 sut
1640 3809 1684 3848 co-

86 3884 222 3948 tanquam
235 3875 419 3942 siderasse,ut
433 3877 532 3932 luerint
552 3878 587 3933 ad
600 3896 692 3933 veram
706 3895 850 3934 causarum
888 3874 1043 3930 chlearibus
1065 3883 1093 3930 et
1116 3875 1238 3946 spatulis,
1262 3884 1309 3928 eut
1331 3875 1427 3940 ventis,
1450 3874 1554 3929 fortiter
1577 3873 1682 3944 agitati,

87 3956 328 4028 investigationem
348 3958 478 4022 ahonitae,
493 3967 521 4011 et
535 3958 612 4029 quasi
629 3958 747 4023 inutiles,
762 3958 850 4029 quali·
888 3955 1092 4010 committuntur
1113 3967 1141 4010 et
1162 3956 1370 4009 commiscentur
1390 3971 1452 4009 curn
1472 3952 1543 4017 aere,
1562 3954 1634 4008 unde
1653 3970 1684 4008 se

86 4035 191 4088 tatibus
210 4035 359 4101 tribuendo,
375 4053 436 4108 qua
457 4036 596 4107 spiritibus
609 4037 754 4092 debentur:
777 4039 851 4092 utin
888 4034 1014 4088 attollunt
1030 4035 1060 4088 iu
1077 4051 1211 4104 spumam.
1253 4034 1298 4088 llli
1320 4033 1402 4103 paulo
1422 4041 1485 4104 post
1504 4033 1633 4099 residunt,
1655 4041 1685 4088 et

86 4114 171 4170 titulo
183 4114 295 4185 proprio
308 4115 342 4170 de
350 4117 523 4186 pneumatice
530 4116 591 4186 ipso
600 4115 686 4172 fusius
694 4118 846 4187 apparebit.
888 4114 1021 4169 minorem
1034 4114 1125 4169 locum
1134 4121 1273 4185 occupant,
1282 4112 1346 4168 aere
1362 4113 1467 4182 (fractis
1481 4130 1584 4184 spumae
1598 4112 1685 4168 bullu-

288 4195 378 4266 Atque
396 4195 430 4250 de
452 4196 656 4267 eapomectione
678 4196 801 4250 materie
821 4197 850 4251 in
888 4192 935 4261 lis)
951 4202 1077 4249 exeunte.

249 4275 406 4345 corporibus
420 4274 568 4329 seeundum
582 4276 770 4330 consistenties
786 4292 850 4330 suas
928 4274 956 4327 4.
977 4274 1114 4328 Extruunt
1127 4272 1205 4344 pueri
1218 4289 1255 4328 ex
1268 4288 1340 4344 aqua
1353 4271 1448 4342 sapcni
1463 4271 1579 4325 admista
1600 4272 1683 4340 (uude

49 4351 179 4416 diversas,
201 4352 267 4408 dnm
288 4354 439 4425 quiescunt,
462 4352 522 4408 haee
544 4355 677 4425 inquisita
700 4355 764 4409 sint.
806 4355 849 4409 Dc
888 4354 918 4406 fit
931 4354 1015 4423 paulo
1029 4354 1160 4421 tenacior)
1176 4360 1264 4407 turres
1284 4351 1418 4414 bullatas;
1439 4352 1507 4405 adeo
1527 4358 1556 4405 ut
1575 4353 1684 4422 (parum

50 4432 176 4502 appetitu
190 4438 282 4488 autem
295 4441 324 4486 et
336 4442 412 4488 motu
431 4449 581 4504 corporum,
596 4435 666 4489 unde
689 4442 849 4498 tumescunt,
888 4432 1034 4487 admodum
1046 4450 1125 4505 aqure
1135 4431 1199 4487 a‘ere
1210 4433 1374 4503 introcepto)
1389 4446 1519 4502 magnum
1535 4429 1625 4486 locum
1639 4448 1684 4487 oc·

50 4510 180 4577 residunt,
196 4513 334 4576 mretiunt,
348 4513 555 4576 condensantur,
570 4513 723 4577 dilatantur,
743 4523 850 4568 contra·
889 4520 979 4582 cuper.

51 4590 159 4654 huntur,
175 4592 316 4659 majorem,
335 4593 468 4647 minorem
481 4593 572 4648 locum
588 4601 729 4664 occupant,
744 4609 850 4647 accurs·
928 4593 956 4645 ὅ.
979 4590 1016 4645 At
1025 4608 1080 4646 non
1089 4591 1228 4646 invenitur
1241 4590 1313 4662 qnod
1326 4589 1443 4655 flamma,
1455 4607 1503 4661 per
1516 4590 1685 4645 inflationem

50 4670 151 4734 tiuqsi
176 4672 237 4725 lieri
260 4672 354 4742 possit,
375 4672 580 4744 inquirendum
602 4673 668 4743 quia
688 4672 851 4727 fructuosior
889 4670 1003 4734 lollium,
1018 4677 1066 4723 aut
1079 4671 1255 4742 agitationem
1269 4669 1351 4723 aliam
1365 4669 1534 4736 exteriorem,
1548 4670 1684 4724 sumsere

50 4759 90 4802 est
104 4749 256 4820 inquisitio,
270 4759 395 4805 naturam
417 4751 499 4805 simul
513 4761 540 4805 et
553 4751 686 4815 revelans,
701 4758 728 4806 et
743 4768 849 4823 regens.
889 4750 1042 4813 misceatur,
1061 4759 1088 4804 et
1108 4757 1262 4819 spumescat
1282 4750 1310 4802 in
1329 4766 1392 4803 eum
1414 4750 1531 4814 modum,
1545 4757 1576 4803 ut
1598 4749 1686 4818 possit

50 4829 181 4883 Attamen
196 4831 311 4901 carptim
324 4830 450 4884 iacienda
463 4838 505 4883 est
518 4830 661 4901 inquisitio
674 4831 735 4895 ista,
750 4838 777 4885 et
790 4848 850 4885 cur·
889 4829 1016 4883 constitui
1029 4845 1127 4899 eorpus
1140 4829 1318 4883 commixtum
1339 4845 1375 4884 ex
1394 4829 1504 4884 flamma
1517 4837 1546 4883 et
1560 4826 1632 4892 aere,
1646 4828 1686 4881 in·

50 4908 110 4961 sim
154 4907 210 4962 lste
226 4910 300 4963 enim
313 4909 416 4973 titulus,
431 4909 464 4963 de
478 4909 563 4964 denso
577 4916 604 4964 ει
616 4927 685 4977 raro,
699 4917 756 4964 tam
770 4927 852 4982 gene-
889 4916 946 4964 star
959 4925 1071 4980 spumae,
1086 4925 1148 4980 qum
1161 4909 1310 4962 commixta
1323 4916 1364 4963 est
1377 4927 1414 4965 ex
1427 4908 1490 4963 aere
1504 4915 1531 4963 et
1544 4907 1658 4978 liquore.

49 4987 115 5041 ralis
140 4995 190 5052 est,
215 4996 246 5042 ut
266 4989 289 5043 si
311 4988 432 5058 plenarie
452 4987 583 5044 deductus
603 4990 680 5054 foret,
704 4990 791 5044 multa
815 5007 851 5044 ex
929 4986 956 5042 6.
978 4988 1124 5053 Atcontra,
1135 4996 1238 5042 certum
1246 4997 1294 5053 est,
1305 5005 1353 5058 per
1364 4988 1519 5043 mistionem
1529 4987 1687 5040 interiorem

50 5066 227 5138 sequentibus
241 5067 325 5122 titulis
339 5068 536 5138 anticipaturus
547 5078 625 5135 esset,
637 5068 710 5141 quod
724 5069 783 5124 fieri
796 5085 851 5124 non
889 5066 1043 5137 incorpore
1057 5075 1205 5140 antequam
1217 5068 1409 5133 inflammetur,
1420 5067 1479 5122 fieri
1494 5083 1574 5136 posse
1588 5081 1687 5135 corpus

52 5155 170 5215 oportet.

79 5275 199 5320 Emittam

71 4246 197 4290 Cumis

889 5147 1066 5201 commixtum
1080 5163 1116 5202 ex
1129 5146 1192 5202 aere
1207 5153 1235 5201 et
1248 5147 1366 5201 flamma.
1408 5147 1483 5201 Nam
1492 5144 1581 5216 pulvis
1592 5145 1688 5215 pyrius

328 5227 394 5280 Non
409 5226 520 5281 difficile
530 5226 609 5281 nobis
619 5228 689 5283 toret
698 5228 850 5292 historiam,
888 5225 975 5280 habet
989 5234 1081 5296 partes
1101 5243 1157 5281 non
1176 5226 1386 5280 inflammabiles
1404 5242 1439 5279 ex
1458 5226 1539 5288 uitro,
1560 5225 1629 5278 alias
1648 5225 1688 5278 irr-

289 5322 371 5376 quam
388 5306 447 5375 jam
468 5306 670 5377 subjungemus,
685 5325 808 5378 sparsam
822 5308 852 5360 in
889 5304 1078 5369 flammabiles,
1105 5307 1242 5377 precipue
1270 5323 1306 5361 ex
1329 5304 1474 5375 sulphure3
1509 5303 1580 5357 unde
1605 5304 1688 5358 etiarn

88 5384 213 5437 ordinem
237 5383 376 5439 meliorem
395 5388 490 5456 (quam
513 5399 567 5455 qua
590 5388 631 5440 usi
652 5389 758 5454 sumus)
783 5373 852 5441 redi·
889 5385 978 5455 magis
992 5384 1092 5439 albicat
1105 5394 1132 5439 ει
1145 5385 1276 5456 pallescit,
1291 5401 1374 5456 quam
1391 5391 1495 5437 ceteras
1511 5383 1628 5438 flamme
1645 5383 1689 5452 (li-

89 5479 163 5534 gere,
186 5464 336 5531 instantias,
352 5482 412 5536 quoe
427 5465 499 5521 inter
519 5481 549 5519 se
569 5465 664 5521 affines
684 5474 755 5532 sunt,
770 5464 852 5524 amul
888 5464 1052 5520 cetllamma
1061 5465 1122 5535 ipsa
1131 5464 1272 5536 sulphuris
1280 5461 1605 5537 vergatadcoeruleumlz
1621 5464 1690 5518 adeo
