3800 5875
473 982 480 994 .
574 866 1173 953 INSTAURATIONIS
1224 863 1490 948 MAGNAE

878 1105 992 1169 PARS
1013 1102 1188 1168 TERTIA.

827 1356 1241 1368 —-—=-

756 1554 976 1599 ILLUSTBISSIMO
991 1554 1028 1598 ET
1042 1552 1312 1597 EXCELLENTISSIMO

818 1684 1027 1749 ruruorrr
1052 1682 1247 1765 cauom,

609 1850 831 1901 SERENISSIMI
849 1849 956 1899 REGIS
971 1848 1096 1899 Jacob!
1115 1849 1208 1899 FILIO
1227 1849 1273 1899 ET
1291 1848 1445 1902 HAEREDI,

296 2000 515 2054 intensissima
535 2014 571 2054 m·
590 2012 856 2056 excauunrrsamt
875 2012 1024 2060 PBINCEI’S,

256 2109 409 2164 Pururrras
422 2107 558 2164 Historia
571 2114 670 2162 nostrm
688 2107 824 2160 marolis
843 2105 1005 2160 eelsitudini
1023 2115 1078 2161 tuae
1095 2105 1247 2162 humillime
1266 2107 1369 2163 offero:
1395 2124 1454 2162 rem
1472 2106 1545 2162 mole
1564 2105 1753 2179 perpunllam,
1765 2105 1838 2160 veluti

216 2206 332 2260 granum
345 2188 467 2258 sinapis3
489 2188 537 2242 sed
551 2195 643 2242 tamen
661 2186 760 2257 pignus
778 2202 880 2251 eorum,
895 2203 964 2256 quae,
983 2184 1044 2239 Deo
1057 2185 1173 2252 volente,
1188 2195 1344 2258 aequentur.
1386 2187 1589 2242 Obstrinximus
1610 2189 1686 2242 enim
1705 2187 1838 2258 nosipsos,
1876 2219 1877 2246 r

215 2278 345 2340 tanquam
358 2276 429 2331 voto,
443 2265 559 2338 singulis
573 2282 622 2320 nos
636 2266 782 2330 mensibus,
797 2265 832 2319 ad
846 2280 913 2336 quos
926 2264 979 2319 Dei
994 2265 1100 2321 bonitas
1114 2267 1205 2338 (cujus
1224 2267 1315 2337 agitur
1334 2266 1423 2339 gloria
1440 2275 1571 2337 tanquam
1590 2267 1619 2320 in
1638 2267 1746 2321 cantico
1762 2266 1837 2335 noro)
1876 2255 1877 2278 ¹

216 2348 300 2402 vitam
313 2354 432 2402 nostram
446 2346 610 2416 produxerit,
625 2362 715 2409 unam,
729 2353 777 2399 sut
789 2344 880 2415 plures
894 2343 954 2412 ejus
966 2353 1065 2415 partes,
1076 2354 1157 2416 prout
1171 2345 1271 2401 fuerint
1283 2347 1372 2418 magis
1386 2346 1536 2401 autminus
1551 2347 1653 2411 ardum,
1664 2353 1713 2401 aut
1724 2347 1838 2417 copiose.
1876 2409 1877 2412 Ἰ

216 2427 386 2482 confecturos
401 2434 428 2481 et
439 2426 566 2481 edituros.
606 2423 679 2479 Moti
693 2424 775 2479 etiam
789 2425 903 2479 fortasse
917 2431 995 2478 erunt
1008 2423 1063 2489 alii,
1077 2432 1170 2480 nostro
1183 2427 1317 2497 exemplo,
1331 2426 1367 2480 ad
1380 2426 1497 2480 similem
1512 2426 1684 2492 industriam,
1699 2426 1838 2495 praesertim
1876 2497 1877 2500 Ἴ

216 2512 360 2577 postquam
373 2506 483 2575 penitus
495 2504 691 2576 perspexerint,
706 2504 771 2575 qnid
785 2511 889 2575 agatur.
931 2504 1005 2557 Narn
1019 2505 1048 2557 iu
1063 2504 1186 2560 Historia
1198 2504 1316 2560 naturali
1329 2506 1409 2571 bona,
1425 2506 1532 2559 etbeue
1543 2505 1676 2570 instituta,
1687 2505 1775 2561 clares
1784 2513 1839 2560 aunt
1876 2505 1877 2572 ζ

217 2594 244 2640 et
257 2586 431 2642 scientiarum
445 2594 473 2640 et
486 2601 606 2657 operum.
646 2584 721 2639 Deus
735 2583 930 2640 Celsitudinem
943 2591 1018 2639 tuam
1031 2584 1077 2638 diu
1091 2591 1178 2639 servet
1191 2585 1363 2640 incolumem.

1073 2677 1286 2735 Caasrruorurs
1308 2695 1372 2738 run

1211 2774 1310 2830 Servus
1322 2772 1435 2829 humilis
1450 2782 1477 2828 et
1489 2774 1611 2838 devotus,

1513 2871 1572 2927 FB.
1594 2870 1649 2926 ST.
1671 2869 1803 2928 ALBAN.

864 3298 1114 3361 PARASCEVE
1136 3302 1196 3361 AD

402 3486 685 3560 HISTORIAM
713 3483 1029 3560 NATURALEM
1056 3488 1124 3561 ET
1151 3484 1664 3564 EXPERIMENTALEM:

999 3676 1055 3710 ΒΜ

506 3780 722 3832 DESCRIPTIO
744 3781 920 3833 fflsrorum
943 3781 1146 3832 NATURALIS
1170 3782 1215 3831 ET
1233 3781 1557 3843 EXPERIMENTALIS,

372 3937 482 3986 QUALIS
495 3937 656 3986 SUFFICIAT,
669 3937 706 3980 ΕΓ
718 3937 763 3980 SlT
775 3936 807 3979 ΙΝ
820 3937 933 3981 ORDINE
948 3938 989 3982 AD
1001 3938 1086 3983 naam
1102 3938 1140 3982 ET
1152 3936 1359 3982 thnarrnn'ra
1371 3938 1578 3983 Pmosoefflm
1590 3939 1687 3985 VEB&

254 4092 337 4154 Quco
348 4091 578 4148 instaurationem
591 4100 712 4147 nostram
726 4111 776 4164 per
785 4101 877 4164 partes
887 4094 1007 4163 edamus,
1044 4097 1102 4151 iore
1115 4095 1244 4167 experiri,
1259 4095 1283 4149 ai
1297 4095 1366 4152 forte
1379 4094 1440 4151 baec
1453 4095 1592 4168 aliquibus
1610 4096 1673 4151 aliis
1692 4115 1767 4153 curae
1784 4112 1837 4152 esre

214 4172 243 4225 in
264 4188 298 4226 eo
318 4180 430 4243 spectat,
447 4180 476 4227 ut
497 4171 600 4243 aliquid
618 4180 695 4227 extra
713 4173 864 4244 periculum
884 4181 1007 4244 ponatur.
1044 4176 1166 4247 possint,
1186 4175 1264 4229 itaut
1274 4174 1338 4231 dum
1349 4191 1398 4230 nos
1408 4175 1541 4230 destinata
1551 4176 1647 4231 ordine
1661 4178 1836 4248 perficiamus.

214 4250 280 4304 Nou
295 4251 429 4306 absimilis
449 4267 499 4305 nos
513 4258 604 4306 movet
623 4252 702 4317 ratio,
722 4262 753 4307 ut
770 4252 853 4306 aliam
872 4253 1008 4323 quandam
1044 4255 1103 4308 hoec
1117 4270 1188 4325 pars,
1203 4271 1264 4327 qum
1277 4262 1334 4310 tam
1350 4253 1496 4325 multiplex
1514 4263 1555 4309 est
1574 4263 1603 4310 et
1621 4272 1744 4322 onerosa.
1759 4258 1836 4313 ctiam

213 4331 305 4400 operis
319 4331 481 4401 particulam
500 4332 558 4399 jam
578 4331 606 4384 in
621 4332 748 4400 praesenti
763 4331 967 4403 subjungamus,
981 4342 1009 4387 et
1044 4334 1113 4387 vivis
1123 4333 1204 4388 nobis
1218 4333 1256 4403 (si
1269 4334 1310 4388 ita
1322 4334 1421 4389 divium
1433 4333 1565 4405 placuerit
1577 4334 1735 4411 Majestati)
1745 4335 1836 4392 instrui

213 4427 275 4464 cum
290 4410 332 4474 iis,
347 4427 408 4482 qum
422 4427 505 4480 supra
518 4409 690 4475 absolvimus,
704 4428 758 4465 uua
772 4411 899 4466 edamus:
921 4429 955 4466 ea
969 4420 1008 4467 est
1045 4421 1073 4468 et
1095 4413 1187 4482 parari
1210 4414 1308 4483 possit,
1331 4411 1393 4468 aliis
1414 4431 1470 4468 una
1489 4413 1633 4470 nobiscum
1651 4415 1681 4470 in
1700 4417 1729 4470 id
1746 4415 1835 4471 sedulo

213 4489 362 4559 descriptio
376 4498 403 4543 et
416 4490 562 4544 delineatio
575 4490 705 4545 Historiae
717 4489 848 4544 naturalis
862 4499 889 4544 et
902 4492 1008 4562 experi-
1045 4492 1279 4559 incumbentibus;
1298 4493 1449 4563 prresertim
1463 4510 1526 4549 cum
1546 4494 1619 4548 vires
1640 4508 1743 4552 nostrae
1758 4494 1798 4571 (si
1810 4496 1836 4549 in

212 4569 348 4632 mentalis,
363 4568 422 4637 ejus
437 4569 553 4639 generis,
568 4586 630 4640 qum
644 4568 679 4623 sit
693 4570 722 4623 iu
736 4569 828 4624 ordine
843 4569 878 4623 ad
890 4572 1008 4625 condcn·
1045 4572 1097 4626 hoc
1112 4570 1163 4626 soli
1177 4568 1324 4645 fuerimus)
1339 4573 1387 4627 vix
1401 4579 1484 4627 tantm
1502 4574 1647 4643 provinciae
1666 4576 1790 4630 sufficere
1802 4574 1836 4628 ri-

213 4649 276 4703 dam
290 4647 510 4719 philosophiam
532 4656 559 4702 et
578 4647 771 4719 complectatur
789 4650 930 4704 materiem
948 4667 1008 4720 pro-
1044 4652 1165 4706 deantur.
1214 4650 1322 4705 EtenIm
1347 4669 1408 4723 quae
1426 4651 1462 4705 ad
1485 4668 1555 4722 opus
1576 4653 1835 4723 ipsuminteliectus

212 4728 284 4792 bam,
298 4729 445 4798 copiosam,
456 4735 485 4782 et
497 4735 561 4799 apte
575 4729 708 4799 digestam
719 4728 753 4783 ad
763 4746 832 4799 opus
842 4729 1007 4800 interpretis,
1044 4730 1187 4801 pertinent,
1201 4746 1250 4784 nos
1267 4740 1354 4786 marte
1373 4738 1466 4787 nocuo
1486 4731 1600 4786 fortasse
1614 4733 1765 4789 vincemus.
1803 4734 1835 4787 dt

213 4807 286 4879 quod
313 4807 442 4863 succedit
493 4808 566 4862 Huic
594 4816 684 4863 autem
707 4809 748 4862 rei
779 4807 854 4863 locus
881 4809 1007 4880 proprius
1043 4809 1483 4865 intellectusmaterialiatamlate
1497 4818 1638 4880 potentat
1651 4816 1834 4886 ea(tanqaam

212 4887 290 4952 foret,
304 4905 367 4942 cum
380 4887 416 4942 ad
425 4905 590 4957 parascevae
603 4887 787 4960 inquisitionis
801 4887 895 4943 ordine
909 4888 1008 4942 deveu-
1044 4906 1094 4959 per
1107 4896 1294 4960 procuratores
1305 4898 1334 4944 ct
1347 4892 1523 4957 mercatores)
1538 4891 1659 4962 undiquc
1672 4893 1797 4963 conquiri
1809 4900 1834 4945 et

212 4974 270 5022 tum
283 4968 375 5023 fucrit.
418 4967 479 5021 Hoc
494 4974 585 5022 autem
598 4973 767 5036 praevertere,
781 4986 832 5022 nec
845 4967 935 5022 locum
948 4984 1008 5038 pro-
1044 4968 1185 5039 importari
1197 4968 1321 5025 debeant.
1361 4969 1476 5023 Accedit
1489 4971 1571 5024 etiam
1585 4969 1661 5035 illud,
1677 4972 1751 5043 quod
1766 4989 1834 5042 emp·

212 5047 304 5116 prium
330 5055 483 5118 expectare,
510 5046 658 5101 consultius
681 5046 760 5101 nobis
781 5048 900 5112 videtum
936 5047 1008 5118 quod
1045 5049 1080 5102 tis
1093 5048 1192 5102 uostris
1205 5047 1254 5103 vix
1266 5048 1378 5120 dignum
1391 5065 1451 5103 esse
1465 5050 1639 5115 aestimemus,
1653 5058 1684 5104 ut
1697 5051 1770 5106 inre
1783 5051 1832 5113 tali,

211 5123 367 5194 hujusmodi
381 5126 503 5192 historie,
518 5125 625 5197 qualem
645 5126 737 5183 animo
755 5128 883 5181 metimur
902 5134 929 5180 et
941 5143 1008 5182 mox
1045 5144 1106 5198 qum
1120 5126 1176 5182 iere
1191 5127 1311 5182 omnium
1325 5127 1466 5183 industriae
1485 5136 1585 5199 pateat,
1598 5146 1648 5184 nos
1662 5130 1718 5200 ipsi
1733 5138 1833 5202 tempus

212 5204 405 5271 describemus,
420 5222 464 5261 res
477 5222 608 5276 perquam
618 5222 726 5277 magua
739 5206 776 5260 sit
789 5205 876 5272 molis,
886 5222 937 5260 nec
948 5206 1007 5261 eine
1045 5214 1171 5262 teramus.
1212 5206 1289 5268 Quod
1303 5216 1394 5262 autem
1407 5215 1488 5277 caput
1502 5209 1541 5262 rei
1556 5214 1606 5272 est,
1620 5209 1674 5279 ipsi
1687 5226 1832 5281 nuncpre·

212 5285 320 5354 maguis
330 5285 468 5339 laboribus
479 5292 507 5337 et
517 5284 667 5353 sumptibus
677 5284 773 5338 confici
783 5285 870 5354 possit
877 5308 885 5351 ς
906 5293 937 5340 ut
947 5303 1008 5357 quae
1044 5286 1193 5340 stabimus:
1213 5294 1244 5340 ut
1257 5287 1388 5356 ejusmodi
1399 5286 1521 5343 historice
1534 5287 1684 5350 modumet
1695 5287 1832 5359 descripti·

212 5362 359 5418 multorum
372 5381 456 5433 opera
469 5362 598 5434 indigeat,
610 5370 638 5417 et
652 5365 696 5435 (ut
709 5362 776 5417 alibi
789 5364 923 5432 diximus)
938 5382 1008 5435 opus
1044 5382 1132 5431 onem,
1147 5364 1236 5436 qualis
1249 5366 1394 5421 intentioni
1407 5374 1506 5421 nonnae
1519 5367 1678 5433 satisfaciat,
1692 5368 1832 5440 diligenter

213 5440 250 5493 sit
264 5442 340 5511 quasi
354 5443 468 5513 regium.
511 5443 607 5513 itaque
623 5442 740 5498 occurrit
760 5441 835 5509 illud,
849 5444 964 5498 nonabs
978 5461 1007 5498 re
1044 5452 1073 5500 et
1086 5453 1180 5501 exacte
1205 5462 1403 5516 proponamus;
1424 5462 1458 5499 ne
1480 5445 1608 5502 homines
1628 5464 1681 5501 non
1703 5446 1829 5502 admomti
