3800 5875
675 342 933 400 0881181881
954 343 1048 400 111811.
1616 345 1676 401 645

77 505 156 577 posits
171 500 303 573 praeterire
324 508 351 556 et
373 502 565 556 manumittere.
607 502 749 573 Utcunque
772 502 845 557 enim
885 502 1036 566 formident,
1050 518 1111 557 cum
1125 502 1223 557 artium
1240 500 1421 572 phrenomeua
1439 501 1570 571 manipuli
1590 503 1675 558 instar

76 584 180 654 pulveris
193 581 361 647 tormentarii,
370 581 415 635 vel
428 581 468 635 fili
482 580 644 650 bombycini,
653 581 698 635 rel
708 600 772 637 acus
782 598 846 637 nau·
884 582 985 637 818181
999 582 1101 653 ingenii
1115 592 1276 644 commenta,
1291 579 1376 634 semel
1389 580 1424 633 ab
1438 582 1573 634 evidentia
1585 599 1675 637 rerum

77 664 137 723 1188,
155 662 195 715 rel
216 659 344 724 sacchari,
368 660 411 714 881
433 659 535 714 81811118
555 661 665 715 inventa
685 660 844 732 quibusdam
884 661 1017 728 disjuncta
1030 668 1056 714 et
1069 661 1203 714 distracta.
1245 661 1333 729 Atque
1354 659 1422 724 11888,
1435 678 1497 730 quae
1516 660 1675 727 dictasunt,

75 758 152 796 rerum
164 750 190 793 81
208 748 307 793 88181188
325 738 533 808 proprietatibus
552 740 603 793 niti
621 740 773 804 8118881888
794 741 845 795 118-
884 739 994 811 singula
1006 739 1152 808 impulsum
1167 740 1299 810 quendam
1314 739 1348 792 ad
1368 755 1444 807 spem
1458 738 1609 793 faciendam
1623 739 1673 793 ha·

75 820 192 890 primendi
201 826 271 872 certe
284 826 369 872 artem
377 817 447 871 nihil
457 817 566 882 habere,
577 819 648 890 quod
658 819 757 873 888811
767 835 844 888 aper-
884 818 967 873 bere:
987 827 1048 872 ante
1062 819 1153 872 818818
1166 828 1255 872 881881
1275 818 1454 872 certissimam
1472 835 1549 886 spem
1565 836 1624 873 esse
1638 836 1676 873 818

76 910 130 961 1818,
151 907 175 951 81
195 897 249 951 1888
271 897 385 959 obvium,
400 905 428 951 et
447 913 483 951 88
504 898 843 953 88188881188881181888
883 898 1012 966 praeteriti
1034 898 1164 966 temporis
1185 897 1328 952 erroribus.
1371 896 1460 967 Atque
1483 898 1567 967 (quod
1590 898 1676 952 etiam

75 978 254 1032 881888881881
267 984 385 1030 mentem
401 975 592 1032 118818888ιὶ8
611 978 845 1032 118818888118818
884 977 1020 1046 quispiam
1033 977 1066 1031 dc
1080 975 1153 1030 cirili
1166 984 1237 1030 statu
1254 993 1308 1030 non
1325 976 1470 1046 prudenter
1487 976 1675 1031 administrato

75 1056 192 1110 curriculo
204 1065 257 1110 tam
270 1054 368 1110 laevam
382 1064 410 1108 81
423 1055 494 1109 18818
504 1057 679 1126 compositam
691 1073 759 1119 ease,
773 1065 803 1110 ut
815 1058 845 1111 in
882 1055 966 1121 dixit)
988 1056 1058 1126 quod
1082 1056 1116 1108 81
1140 1057 1278 1125 preterita
1298 1056 1444 1123 spectando
1464 1056 1623 1125 pessimum,
1646 1056 1676 1109 id

73 1134 844 1205 88888111888188811111181,8188881811888818888818111·
882 1135 972 1203 ipsum
992 1136 1026 1188 ad
1044 1136 1132 1189 futura
1151 1135 1280 1203 optimum
1298 1151 1367 1188 esse.
1408 1135 1582 1188 Cessantibus
1600 1136 1674 1189 enim

73 1222 126 1268 nat:
144 1223 221 1285 atque
235 1213 324 1283 primo
336 1212 495 1268 incredibile
509 1213 603 1278 videri,
617 1214 720 1285 aliquid
734 1214 788 1269 tale
802 1216 844 1268 in·
883 1212 1037 1281 hujusmodi
1051 1214 1186 1267 erroribus
1206 1214 1252 1283 (ad
1266 1214 1337 1285 quod
1356 1215 1415 1282 ipsa
1437 1215 1538 1266 monita
1557 1213 1675 1284 primum

73 1294 147 1349 188111
161 1310 254 1364 posse:
275 1300 418 1363 postquam
433 1300 523 1348 8818111
542 1292 681 1347 inventum
695 1293 738 1356 sit,
752 1311 843 1349 rursus
882 1293 997 1362 gradum
1023 1292 1162 1363 praestant)
1186 1294 1334 1348 maximam
1356 1309 1446 1347 rerum
1473 1294 1674 1349 conversionem

71 1373 212 1427 incredibile
225 1373 319 1435 rideri,
333 1372 362 1425 id
384 1371 510 1426 bomiuea
524 1378 580 1427 tam
598 1371 644 1427 diu
658 1372 750 1443 fugere
764 1381 843 1443 potu·
882 1370 947 1426 fure.
988 1372 1064 1434 Quod
1084 1373 1108 1426 si
1125 1371 1250 1426 homines
1270 1389 1319 1441 per
1339 1379 1416 1426 tanta
1435 1388 1566 1426 annorum
1587 1374 1674 1441 spatia

72 1452 125 1505 1188.
160 1451 244 1524 Atque
265 1451 317 1505 boc
335 1451 424 1521 ipsum
445 1468 551 1522 qnoque
566 1452 600 1505 81
620 1468 697 1521 spem
711 1450 843 1517 trahebat,
882 1451 954 1505 81881
968 1451 1127 1517 tenuissent,
1145 1467 1196 1505 nec
1214 1461 1305 1505 tamen
1318 1450 1431 1505 ulterius
1450 1452 1575 1521 progredi
1594 1459 1673 1521 potu-

71 1547 196 1600 ruperesse
215 1531 342 1587 nimirum
362 1530 450 1584 adhue
467 1546 597 1600 magnum
619 1531 786 1585 inventorum
800 1550 844 1586 cu·
881 1529 975 1593 issent,
998 1547 1033 1585 88
1060 1547 1138 1601 spem
1164 1530 1273 1601 quidem
1299 1530 1383 1584 ullam
1407 1530 1517 1584 subesse
1543 1532 1672 1600 potuisse.

71 1611 167 1671 mulum,
180 1611 225 1681 qui
245 1627 301 1664 non
320 1609 408 1664 solum
423 1627 459 1664 88
477 1610 679 1678 operationibus
697 1611 843 1681 incognitis
883 1607 959 1663 Tunc
973 1610 1046 1665 euim
1061 1610 1233 1665 manifestum
1254 1610 1343 1673 fuisse,
1364 1608 1549 1663 difficultatem
1565 1610 1594 1663 in
1614 1626 1672 1663 ma·

70 1690 187 1751 eruendis,
210 1689 256 1743 sed
277 1696 305 1743 et
325 1706 361 1744 88
383 1689 442 1756 jam
463 1684 580 1759 cognitio
605 1689 797 1744 transferendis
817 1698 845 1744 et
882 1688 950 1742 teria
969 1699 996 1742 et
1014 1690 1135 1758 subjecto
1153 1692 1228 1760 (8818
1246 1697 1346 1743 nostrae
1364 1689 1505 1760 potestatis
1523 1706 1577 1743 non
1596 1692 1671 1758 8881)

71 1767 223 1836 applicandis
236 1768 332 1823 deduci
355 1769 449 1838 possit.
490 1768 581 1823 Etiam
602 1768 651 1823 illa
673 1769 844 1839 suspiciant
881 1783 936 1821 non
953 1767 1130 1823 instrumento
1149 1769 1234 1840 (quod
1254 1784 1339 1838 penes
1360 1785 1410 1822 888
1431 1766 1486 1836 881)
1502 1768 1554 1821 1188
1572 1775 1622 1834 881,
1641 1769 1672 1825 in

71 1846 367 1917 18888118188888811,
382 1866 442 1919 quar
456 1848 603 1903 inertibus
617 1847 782 1904 mechanicis
797 1850 843 1904 ob·
882 1846 962 1901 rebus
976 1848 1037 1902 istis
1050 1864 1195 1918 earumque
1210 1848 1378 1913 obscuritate,
1391 1864 1446 1901 888
1466 1846 1495 1900 18
1515 1848 1605 1901 881188
1623 1847 1673 1902 118-

69 1927 178 1990 enavit,
191 1936 272 1998 atque
287 1944 379 1982 eorum
396 1944 529 1992 88888888,
543 1929 692 1998 presertim
706 1928 741 1982 ad
754 1928 842 1998 philo·
881 1942 963 1980 mano
975 1936 1004 1981 et
1017 1928 1077 1995 ejus
1097 1928 1295 1997 adoperatione,
1311 1943 1379 1981 esse.
1419 1927 1501 1981 Nune
1519 1935 1672 1997 881811188-

70 2005 357 2076 sophiamcomparato:
379 2008 533 2061 8818888181
547 2007 843 2063 18881188188811188818
881 2022 984 2075 parere,
998 2007 1070 2061 viam
1085 2024 1141 2061 888
1159 2006 1251 2077 811888
1268 2006 1338 2060 18818
1356 2013 1403 2060 881
1415 2014 1488 2059 81888
1502 2004 1673 2075 imperviam,

70 2085 190 2151 cujusdam
203 2087 295 2140 vitalis
309 2086 463 2156 participes,
478 2086 598 2158 qnotidie
612 2103 733 2142 crescere
744 2095 772 2141 81
785 2104 842 2157 per·
880 2085 928 2139 aed
942 2086 978 2139 ab
991 2085 1116 2140 humanis
1129 2086 1253 2155 vestigiis
1264 2085 1370 2139 deviam
1380 2102 1454 2139 esse:
1476 2085 1567 2154 itaque
1581 2085 1673 2140 solitu-

70 2164 119 2225 1188
136 2165 331 2236 philosophiam
341 2181 405 2220 vero
418 2173 514 2221 statura
527 2182 602 2220 more
615 2166 721 2220 adorari
731 2174 757 2220 81
771 2166 842 2221 cele·
880 2165 951 2219 dinis
970 2176 1073 2220 metum
1092 2165 1230 2236 paulisper
1248 2164 1393 2227 offundere,
1411 2181 1461 2218 nec
1480 2163 1551 2218 ultra
1567 2164 1672 2219 minari.

70 2241 137 2307 brari,
150 2261 197 2299 nee
210 2246 323 2300 1888881.
363 2245 452 2316 Atque
463 2244 524 2299 illas
538 2245 566 2299 in
581 2245 677 2315 primis
686 2246 842 2302 auctoribus
881 2242 1024 2298 Postremo
1036 2255 1065 2300 et
1084 2245 1152 2299 illud
1170 2244 1270 2307 statuit,
1284 2244 1307 2297 si
1327 2244 1386 2313 spei
1406 2242 1492 2297 multo
1511 2243 1673 2298 imbecillior

69 2321 137 2377 ruder
156 2332 182 2378 et
203 2324 259 2379 fere
281 2323 412 2379 informes
437 2342 469 2378 ac
494 2341 622 2379 onerosas
641 2341 670 2379 se
685 2324 841 2380 ostendere:
881 2335 907 2377 et
921 2324 1059 2378 obscurior
1073 2341 1139 2379 aura
1151 2323 1186 2377 ab
1199 2325 1252 2376 isto
1265 2340 1334 2377 8888
1353 2323 1508 2376 continente
1523 2323 1672 2393 spiraverit,

70 2404 720 2475 888888888881188818881888111818881181181.
762 2405 842 2459 Hanc
881 2410 971 2458 188188
984 2404 1181 2474 experiundum
1193 2402 1285 2456 luisse.
1325 2403 1390 2455 Non
1400 2402 1473 2455 enim
1483 2403 1542 2472 pari
1553 2401 1673 2471 periculo

68 2488 145 2536 autem
158 2482 186 2537 in
204 2484 295 2552 primo
312 2500 418 2554 qnoque
438 2492 547 2538 auctore
561 2483 681 2539 maxime
695 2484 795 2554 rigere,
810 2499 842 2538 ac
881 2499 1014 2537 8881888
1042 2484 1148 2547 tentari,
1175 2490 1275 2536 81888
1297 2483 1456 2535 succedere:
1489 2499 1550 2535 cnm
1575 2481 1603 2534 in
1625 2481 1673 2535 illo

69 2558 180 2631 18188888
200 2563 346 2617 declinare.
387 2562 485 2632 Neque
509 2562 591 2618 aliam
610 2562 691 2632 hrrjus
714 2563 842 2617 contrarii
880 2562 998 2632 ingentia
1011 2561 1083 2625 boni,
1097 2561 1125 2614 18
1140 2560 1192 2615 boc
1207 2558 1312 2630 pusille
1324 2560 1449 2614 humanae
1464 2576 1554 2630 operm
1565 2560 1673 2628 jactura

68 2654 190 2695 1118888888
205 2659 317 2697 caueam
329 2642 463 2697 veriorem
477 2659 546 2705 8888,
565 2660 646 2714 88881
660 2642 731 2714 8881
746 2642 774 2696 18
788 2659 842 2697 818-
881 2648 1005 2695 vertatur.
1048 2641 1149 2695 Verum
1162 2648 1190 2694 81
1206 2640 1285 2693 dictis
1304 2648 1333 2692 81
1352 2655 1406 2692 888
1427 2640 1508 2692 dietis
1524 2641 1611 2693 visum
1631 2648 1674 2695 est

68 2716 173 2774 chauieir
201 2721 348 2777 multorum
376 2722 488 2792 ingenia
509 2722 641 2777 inunum
662 2721 778 2787 coeuntr
812 2722 842 2777 in
880 2721 914 2783 ei,
930 2720 990 2790 spei
1008 2720 1114 2774 abunde
1133 2736 1201 2781 esse,
1219 2735 1273 2772 non
1294 2725 1396 2772 tantum
1418 2716 1522 2771 homini
1543 2717 1673 2773 industrio

69 2796 225 2868 pbilosophis
241 2808 333 2856 autem
346 2800 515 2871 singulorum
529 2802 641 2872 ingenia
654 2801 689 2855 ab
709 2818 764 2855 888
778 2817 842 2871 888
880 2799 915 2854 81
936 2800 1138 2868 experiendum,
1159 2797 1207 2853 sed
1227 2799 1311 2852 etiam
1331 2797 1457 2867 prudenti
1478 2804 1506 2851 et
1528 2797 1619 2851 sobrio
1638 2798 1673 2852 ad

69 2876 131 2944 piam
152 2878 329 2934 destruuntur.
380 2880 454 2935 Nam
475 2888 617 2953 postquam
639 2881 755 2935 dedititii
777 2879 840 2935 facti
880 2878 1053 2934 credendum.

68 2963 126 3018 8881,
138 2959 341 3029 amplitudinem
354 2978 409 3015 non
424 2961 530 3025 addere,
544 2962 592 3016 881
611 2961 640 3016 18
654 2977 708 3026 888
721 2961 842 3016 ornando
920 2955 1058 3030 Cogitavit
1071 2965 1098 3011 et
1111 2956 1185 3021 illud,
1200 2957 1288 3011 studio
1302 2973 1416 3011 8888888
1430 2965 1457 3009 81
1475 2974 1523 3026 spe
1546 2956 1624 3020 facta,
1638 2957 1673 3012 de

68 3043 107 3087 eut
118 3038 236 3107 stipando
249 3040 343 3094 servili
357 3040 446 3094 officio
459 3041 593 3110 occupari.
634 3040 723 3101 Quare
735 3057 841 3096 omnem
880 3039 967 3093 modis
980 3037 1137 3110 perficiendi
1151 3037 1376 3091 videndumesee.
1419 3036 1486 3089 11818
1499 3037 1591 3108 itaque
1602 3044 1672 3098 sunt,

68 3112 259 3187 philosophiam,
280 3118 315 3172 ab
333 3119 510 3189 experientiae
528 3119 670 3184 radicibus,
688 3136 726 3174 ex
744 3120 842 3191 quibus
881 3136 940 3189 quae
955 3120 981 3171 ei
995 3117 1067 3172 circa
1080 3115 1133 3171 hoc
1152 3115 1314 3188 generaliter
1333 3117 1392 3170 risa
1410 3126 1488 3169 sunt:
1510 3133 1570 3187 quse
1589 3116 1672 3170 ctiam

69 3192 170 3259 primum
193 3196 337 3266 pullularit
357 3205 385 3251 81
403 3197 597 3253 incrementum
616 3200 696 3269 cepit,
711 3198 841 3265 avulsam,
880 3198 959 3251 nudis
973 3205 1000 3251 et
1013 3196 1115 3268 apertis
1129 3196 1271 3252 sententiis
1285 3195 1409 3250 claudere
1420 3204 1446 3248 et
1458 3195 1600 3264 complecti
1612 3212 1673 3249 con·

67 3284 254 3331 remmortuam
268 3294 340 3332 8888.
381 3277 470 3348 Atque
481 3278 533 3332 hac
543 3278 705 3350 cogitatione
714 3287 841 3346 arrectus,
880 3287 1039 3331 sentaneum
1052 3276 1165 3346 putavit.
1206 3275 1302 3329 Visum
1316 3282 1357 3328 est
1371 3275 1404 3338 ei,
1417 3273 1496 3343 plane
1510 3275 1545 3327 ab
1559 3274 1673 3344 1188818

68 3353 340 3422 coambulantem,
361 3356 647 3414 facultatesartiumet
660 3357 841 3423 scientiarum,
877 3358 936 3423 jam
961 3355 1033 3409 faeta
1059 3363 1129 3418 sunt,
1156 3355 1264 3408 diversa
1292 3353 1433 3417 iacienda,
1466 3352 1557 3424 itaqnc
1583 3371 1672 3408 rerum

67 3437 106 3483 881
124 3434 270 3503 empiricen,
294 3443 342 3490 aut
364 3436 518 3502 rationales,
546 3437 603 3494 sive
629 3436 840 3507 philosophicas,
880 3436 1077 3504 praeteritarum
1094 3434 1313 3504 redargutionem
1333 3433 1367 3487 ad
1388 3432 1476 3486 futura
1493 3433 1552 3486 vice
1571 3433 1672 3486 oraculi

66 3511 173 3566 omnium
185 3531 320 3570 concensu
333 3531 409 3570 esee:
431 3514 482 3570 1188
496 3523 586 3571 881818
600 3533 629 3571 ae
643 3533 698 3571 non
711 3517 780 3571 bene
794 3517 842 3571 ad·
881 3515 967 3586 iungi.
1009 3515 1105 3568 Visum
1118 3521 1159 3567 881
1173 3513 1207 3578 81,
1222 3514 1341 3568 theoriae
1355 3518 1383 3566 81
1399 3512 1548 3581 opiniones,
1565 3521 1592 3565 et
1605 3513 1673 3566 noti·

67 3584 111 3641 buc
120 3593 272 3648 8888818888
283 3600 310 3648 81
320 3593 459 3663 copulatas
471 3595 571 3650 811888.
598 3596 750 3667 Empiricos
761 3597 841 3661 enim,
880 3611 946 3648 onos
960 3609 1123 3657 communes,
1135 3602 1264 3663 quantum
1278 3594 1366 3662 rigore
1376 3591 1512 3644 mentiret
1522 3590 1673 3645 constantia

67 3664 172 3725 1811111118
187 3688 271 3737 81888,
292 3690 438 3744 congerere
459 3683 563 3730 tantum
576 3682 605 3729 et
618 3677 674 3732 8111
695 3675 841 3731 rationales
880 3674 994 3727 obtineri
1010 3679 1105 3742 potest,
1120 3672 1230 3742 penitus
1244 3672 1362 3726 aboleri:
1384 3678 1411 3725 et
1428 3668 1593 3724 intellectum
1611 3670 1672 3740 pla-

66 3755 152 3811 autern,
162 3765 320 3807 8188888881
334 3752 730 3818 18888181888888888118818.
771 3754 840 3825 Apis
880 3769 944 3807 num
958 3760 986 3806 81
999 3769 1107 3822 equum
1121 3752 1155 3805 ad
1168 3750 1343 3821 particularia
1356 3751 1390 3805 de
1408 3750 1513 3820 integro
1526 3749 1672 3803 accedere:

66 3839 121 3878 1818
133 3830 259 3885 rationem
278 3831 396 3885 18811881
410 3849 477 3895 8888,
492 3851 553 3904 8818
570 3834 711 3888 materiam
723 3851 762 3890 818
771 3834 841 3890 flori·
881 3832 1048 3886 utferenon
1063 3829 1180 3885 8118881
1198 3848 1310 3901 regnum
1330 3837 1442 3892 naturae,
1458 3846 1539 3899 quam
1558 3829 1592 3882 ad
1613 3846 1673 3900 reg·

66 3900 171 3962 bustam
185 3908 257 3964 horti
271 3926 354 3978 quam
367 3911 427 3981 agri
441 3911 538 3976 8118181,
549 3913 596 3968 881
611 3930 672 3967 eam
686 3914 768 3968 etiam
780 3930 842 3986 pro-
880 3927 945 3965 uum
971 3909 1108 3973 erulorum,
1138 3916 1230 3980 pateat
1261 3909 1364 3973 8111888
1399 3908 1432 3962 81
1467 3908 1539 3979 8881
1571 3908 1673 3962 8818181

66 3983 117 4048 pria
135 3986 259 4043 facultate
285 3996 421 4045 88818181
442 3991 556 4062 digerat.
598 3993 696 4062 Neque
714 3992 840 4048 absimile
879 3990 932 4044 nisi
957 3990 1007 4044 sub
1032 4005 1148 4058 persona
1170 3988 1280 4042 infantis
1305 3987 1410 4059 ingredi
1436 3988 1527 4042 118881.
1575 3988 1672 4043 Visum

66 4076 126 4117 18118
145 4065 328 4138 philosophiis
343 4069 480 4138 opificium
493 4087 569 4134 esser
593 4088 655 4141 quae
673 4089 708 4126 88
726 4072 843 4125 historia
879 4079 921 4123 881
942 4070 977 4133 81,
1001 4067 1205 4139 particularium
1226 4067 1330 4136 sylvam
1354 4075 1382 4120 et
1400 4067 1550 4131 materiem,
1577 4075 1605 4121 81
1625 4085 1672 4121 88-

65 4145 167 4197 naturali
180 4154 206 4199 81
218 4146 386 4201 mechanicis
395 4149 589 4218 experimentis
603 4150 744 4219 praebitam
758 4161 841 4204 mate·
880 4165 963 4212 mero,
984 4156 1011 4201 81
1031 4164 1138 4217 genere,
1161 4154 1190 4200 81
1210 4146 1378 4210 certitudine,
1397 4153 1444 4200 aut
1461 4146 1618 4211 subtilitate,
1638 4147 1673 4201 ad

65 4217 123 4274 8881
149 4239 201 4278 888
223 4226 252 4279 18
274 4228 406 4280 8188188111
424 4229 566 4298 integram,
587 4229 635 4283 sed
659 4228 841 4284 inintellecta
880 4226 1098 4282 informationem
1118 4226 1295 4280 sufficientem
1316 4225 1409 4297 colligi
1430 4233 1457 4280 et
1477 4226 1595 4295 congeri,
1615 4235 1672 4281 tum

65 4307 182 4357 88181881
200 4313 227 4358 81
248 4305 396 4368 8811881818,
411 4308 527 4375 reponit.
567 4308 665 4379 Neque
678 4326 708 4363 se
727 4308 839 4375 nescire,
879 4323 914 4361 818
940 4304 1057 4362 naturali
1084 4305 1208 4371 historia,
1236 4313 1293 4359 tum
1325 4322 1361 4359 88
1393 4306 1585 4375 experimentis
1618 4324 1673 4360 me·

65 4390 159 4434 111888
171 4385 360 4454 empiricorum
375 4401 495 4449 numero,
515 4386 561 4457 qui
575 4403 605 4440 se
622 4404 678 4441 888
691 4403 765 4442 18888
783 4404 841 4441 818-
879 4384 1008 4449 chanicir,
1035 4392 1116 4455 81888
1143 4401 1179 4439 ex
1210 4384 1245 4438 118
1275 4383 1452 4453 potissimum,
1480 4385 1546 4455 quia
1576 4393 1673 4440 natura

65 4455 382 4527 811188811811811881881,
403 4473 431 4518 et
445 4482 481 4519 ex
503 4466 670 4536 dogmaticis,
692 4466 739 4536 qui
760 4482 790 4520 88
812 4466 841 4521 18
879 4463 987 4534 plenius
1008 4480 1037 4518 ae
1055 4463 1151 4533 prodit,
1172 4480 1234 4518 cum
1255 4464 1290 4517 ab
1311 4472 1369 4518 arte
1386 4472 1491 4518 tenetur
1512 4475 1539 4518 et
1551 4473 1670 4534 urgetur,

65 4538 221 4604 experientia
234 4542 381 4597 industrios
392 4551 419 4597 et
427 4544 596 4614 perspicaces
605 4544 689 4599 rideri
703 4545 839 4599 ambiunt:
880 4560 961 4615 quam
976 4543 1005 4598 18
1026 4542 1150 4597 libertate
1168 4543 1287 4613 propria
1327 4542 1423 4598 Visum
1443 4551 1485 4597 est
1503 4544 1538 4608 ei,
1559 4544 1671 4598 eandem

65 4617 840 4692 remubuctuisseeteuequomudsmhominumutificia,
880 4624 1020 4677 materiam
1046 4638 1080 4675 eu
1103 4623 1206 4676 ratione
1226 4623 1256 4675 18
1275 4622 1380 4678 tabulas
1399 4631 1479 4693 atque
1501 4623 1530 4676 in
1550 4624 1672 4678 ordinem

65 4694 278 4755 existimationem
297 4702 439 4772 88881888,
460 4710 489 4756 81
506 4702 635 4757 alteruter
651 4703 680 4756 in
698 4720 748 4757 aua
766 4712 842 4758 secta
880 4702 968 4772 redigi
982 4710 1011 4756 et
1023 4701 1119 4773 digeri,
1139 4711 1170 4755 81
1183 4700 1335 4756 intellectus
1354 4702 1383 4756 in
1401 4718 1463 4756 eam
1481 4719 1570 4771 agere,
1590 4711 1671 4773 atque

65 4773 185 4830 excellere
199 4779 328 4844 rideatur,
338 4782 518 4850 captantium:
538 4798 633 4836 888888
643 4789 732 4836 881881
744 4782 840 4837 harum
880 4797 948 4850 opus
968 4798 1048 4835 suum
1066 4780 1178 4851 exsequi
1197 4780 1299 4849 possit:
1333 4799 1394 4836 cum
1417 4798 1468 4835 nec
1491 4781 1610 4835 Verbum
1633 4781 1672 4835 di·

64 4846 210 4910 1188118188
237 4858 352 4913 11888118
374 4867 401 4913 81
424 4860 481 4914 fere
502 4860 565 4915 odia
583 4877 691 4930 semper
713 4860 839 4918 88181888.
880 4861 1022 4915 81881818
1043 4876 1132 4914 rerum
1153 4875 1272 4914 massam
1291 4859 1394 4931 absque
1419 4861 1671 4929 811188888181818

64 4926 141 4987 Quare
155 4951 189 4989 ex
206 4937 321 4991 arctiore
340 4954 433 4992 earnm
447 4947 474 4994 et
488 4939 621 4995 sanctiore
635 4940 736 4995 findere
750 4942 840 4995 omnia
880 4940 928 5003 sit;
951 4939 1038 4992 risum
1052 4948 1124 4992 8818
1138 4937 1352 5009 particularibus,
1363 4941 1391 4993 in
1404 4938 1509 4993 tabulas
1523 4938 1621 5002 relatis,
1636 4940 1672 4994 ad

65 5004 143 5065 118818
167 5021 193 5068 81
220 5015 310 5072 felicia
338 5017 462 5085 portendi
488 5019 607 5088 putabat.
658 5019 748 5074 Etiam
774 5018 840 5073 11181
880 5035 1008 5071 88888881
1030 5016 1233 5088 particularium
1253 5019 1453 5089 inquisitionem
1475 5018 1585 5071 minime
1609 5035 1671 5072 con·

64 5085 168 5145 libenter
186 5093 267 5149 vidit:
302 5096 454 5151 intuebatur
471 5114 569 5168 nempe
589 5098 708 5153 infinitas
728 5099 839 5169 ingenii,
879 5097 971 5151 festim
984 5097 1176 5152 transeundum
1190 5098 1275 5167 (quod
1289 5106 1378 5152 tamen
1393 5106 1420 5151 et
1436 5097 1525 5166 ipsum
1539 5113 1583 5150 rea
1597 5097 1671 5152 utilis

64 5170 187 5237 temporis,
196 5171 351 5229 facultatum
362 5191 502 5246 expensas,
513 5193 580 5247 quas
590 5177 750 5233 hominesin
760 5178 840 5232 rebus
879 5178 923 5240 sit,
938 5184 965 5229 et
980 5176 1065 5230 instar
1079 5176 1256 5245 experientiae
1272 5177 1410 5245 cujusdam
1424 5174 1550 5240 literatae)
1571 5176 1620 5229 sed
1637 5177 1671 5231 81

63 5250 87 5294 81
98 5248 189 5304 studiis
204 5253 241 5320 (si
252 5254 313 5325 8818
326 5271 389 5308 8888
407 5254 525 5322 judicet)
545 5256 685 5311 inutilibus
699 5255 840 5321 collocant,
879 5253 1021 5325 generales
1035 5263 1062 5308 et
1074 5272 1231 5311 communes
1249 5254 1504 5326 comprehensiones
1522 5255 1597 5324 prius
1612 5271 1672 5325 pro

64 5338 167 5390 querum
180 5345 243 5398 para
257 5340 345 5402 quota,
364 5334 388 5387 81
404 5333 439 5387 ad
457 5350 523 5388 sana
541 5342 568 5388 81
585 5335 672 5389 881118
686 5343 840 5401 8811888188,
879 5334 1037 5397 cedendum,
1064 5343 1092 5388 et
1118 5334 1235 5389 naturali
1262 5352 1327 5388 sane
1351 5333 1504 5388 intellectus
1532 5338 1671 5403 processui

63 5402 156 5461 nullam
176 5425 230 5462 888
251 5411 433 5467 difficultatem
455 5429 583 5483 superare
601 5422 700 5484 posset.
743 5416 841 5485 Neque
880 5423 991 5467 eatenus
1005 5413 1208 5484 indulgendum
1250 5414 1304 5468 Sed
1323 5413 1404 5467 simul
1417 5412 1506 5467 818881
1525 5428 1566 5467 881
1581 5414 1615 5477 81,
1629 5415 1671 5467 in·

63 5497 116 5538 ²⁸⁸0
129 5488 198 5556 quod
214 5488 338 5547 homiues
356 5491 558 5563 particularium
580 5493 780 5550 multitudinem
799 5512 841 5549 re·
879 5493 1002 5547 tellectns
1017 5501 1119 5548 8181818
1132 5500 1158 5548 81
1171 5494 1303 5563 impetum
1317 5492 1474 5556 naturalem,
1488 5491 1537 5548 aed
1551 5509 1671 5563 pravum,
