3800 5875
716 326 855 383 NOVUM
877 325 1078 382 ORGANUM.
1445 334 1451 345 ⁴
1650 321 1708 376 445

418 548 530 588 mnu
913 498 963 555 per
977 490 1048 538 artes
1062 482 1236 537 mechanicas
1250 481 1284 535 ad
1295 481 1398 536 cultum
1408 480 1558 536 humanum
1564 487 1709 551 congestus

115 642 355 697 Excrevitautem
366 642 504 697 mimmin
519 642 627 696 modurn
643 642 715 696 istud
728 641 877 698 malumex
913 643 961 706 bit,
979 651 1009 696 ut
1021 643 1111 712 ponus
1125 642 1160 695 ad
1181 641 1327 712 opulentias
1347 640 1474 695 humanae
1493 639 1708 703 admirationem,

78 722 205 792 opinione
217 722 345 793 quadam,
359 724 415 776 sive
427 722 603 776 aestimatione
617 722 875 785 inveterataverum
914 738 995 792 quam
1004 722 1038 774 ad
1051 721 1152 791 inopiae
1166 738 1282 782 sensum,
1293 720 1421 784 accedat,
1443 721 1556 773 minime
1567 719 1709 773 advertens

78 800 182 855 tumida
195 810 228 855 et
237 803 385 866 damnosa;
408 802 493 855 minui
514 817 612 869 nempe
631 802 730 855 mentis
749 800 876 855 humanm
913 801 1067 871 primitivas
1081 799 1200 855 hominia
1215 800 1423 863 observationes,
1438 808 1632 870 atquenaturta
1646 813 1709 868 ope-

77 881 261 948 msjestatem,
276 883 299 935 si
315 882 517 950 experimentis,
527 890 555 934 et
569 880 649 934 rebus
666 879 877 950 particularibus
914 882 1033 934 rationes
1055 877 1132 952 (quae
1156 881 1190 933 ad
1210 896 1319 933 omnem
1342 878 1419 932 illam
1439 880 1597 933 varietatem
1624 877 1710 931 instar

78 962 170 1014 sensui
184 961 327 1028 subjectis,
342 972 370 1015 et
390 962 418 1014 in
439 961 554 1014 materia
568 960 763 1023 determinatis,
783 960 831 1014 diu
845 976 877 1012 ac
914 961 1013 1013 animm
1034 968 1104 1023 sunt,
1119 967 1147 1013 ct
1166 959 1249 1028 primi
1269 952 1376 1030 motus)
1390 974 1440 1011 nec
1461 957 1566 1019 multas,
1586 974 1636 1011 nec
1654 955 1708 1010 alte

78 1040 194 1093 multum
215 1047 356 1103 versetur3
387 1039 540 1110 praesertim
565 1056 626 1092 curn
653 1038 809 1107 hujusmodi
834 1056 877 1093 res
914 1040 1016 1108 petitas
1035 1054 1110 1101 esse3
1132 1049 1229 1092 caetera
1251 1037 1285 1091 ad
1310 1038 1468 1105 patientiam
1487 1037 1627 1091 homiuum
1647 1043 1709 1089 tan·

78 1119 323 1189 adinquirendum
337 1118 487 1179 laboriosae,
496 1119 530 1171 ad
541 1118 724 1171 meditandum
734 1118 877 1187 ignobiles,
915 1127 979 1182 tum,
994 1125 1022 1171 et
1034 1117 1160 1172 subtilem
1174 1125 1201 1170 ct
1212 1117 1363 1170 ordinatum
1377 1132 1475 1170 manus
1489 1116 1533 1169 vel
1545 1116 1709 1170 instrumen-

78 1198 274 1251 addicendum
292 1215 406 1268 asperae,
421 1198 455 1252 ad
477 1198 626 1268 practicam
640 1196 807 1260 illiberalem
827 1215 875 1251 nu·
915 1205 1002 1250 torum
1016 1204 1126 1261 motum,
1146 1196 1289 1266 pertinere.
1331 1195 1386 1249 Res
1408 1196 1480 1248 enim
1495 1192 1630 1268 (exempli
1645 1211 1708 1265 gra·

77 1293 153 1330 mero
174 1278 302 1344 infinitae,
328 1285 355 1330 et
378 1277 525 1331 subtilitate
548 1283 651 1340 tenues,
679 1293 739 1329 esse
764 1276 876 1331 soleant.
915 1272 970 1348 tia)
985 1275 1092 1330 subtilis
1113 1284 1155 1329 cst
1168 1283 1240 1329 certe
1255 1286 1282 1328 et
1301 1282 1433 1338 accurata,
1448 1274 1584 1329 confectio
1603 1271 1709 1328 horolo-

79 1356 176 1426 ltaque
195 1358 256 1425 jam
278 1356 387 1410 tandem
407 1356 461 1410 huc
477 1373 520 1409 res
535 1355 623 1420 rediit,
642 1363 673 1408 ut
686 1355 731 1409 via
745 1373 810 1409 vera
823 1372 877 1409 non
915 1356 1031 1425 giorum,
1045 1354 1108 1408 talis
1126 1354 1237 1420 scilicet,
1252 1371 1312 1424 quas
1326 1353 1448 1408 coelestia
1464 1355 1492 1407 in
1506 1353 1581 1416 rotis,
1600 1352 1708 1422 pulsnm

79 1442 188 1489 tantum
212 1435 328 1499 deserta,
352 1436 402 1489 sed
422 1436 506 1488 etiarn
527 1435 674 1488 interclusa
695 1442 723 1486 et
743 1435 878 1488 obstructa
916 1435 1075 1488 animalium
1096 1434 1125 1488 in
1138 1441 1214 1488 motu
1233 1434 1385 1488 successivo
1398 1442 1426 1487 et
1442 1434 1572 1495 ordinato,
1587 1433 1709 1487 videatur

79 1514 132 1577 sit;
155 1515 280 1568 fastidita
297 1516 476 1586 experientia,
496 1515 595 1568 nedum
616 1514 719 1579 relicta,
740 1524 786 1568 aut
806 1513 877 1569 male
915 1514 1033 1576 imitari;
1056 1531 1117 1585 qum
1135 1520 1226 1567 tamen
1245 1529 1289 1567 res
1307 1530 1344 1567 cx
1357 1530 1411 1566 uno
1429 1522 1477 1567 aut
1499 1512 1585 1566 altero
1604 1520 1708 1566 naturae

79 1593 280 1648 administrata
915 1594 1052 1647 axiomate
1066 1593 1173 1664 pendet

956 1673 1032 1733 Quod
1044 1673 1067 1726 si
1082 1673 1144 1742 quis
1166 1689 1258 1726 rursus
1272 1671 1447 1727 subtilitatem
1466 1669 1543 1723 illam
1562 1670 1707 1734 intueatur,

917 1770 977 1823 qum
991 1752 1025 1805 ad
1038 1759 1109 1806 artes
1123 1752 1249 1806 liberales
1263 1752 1393 1821 pertinen
1414 1757 1461 1804 not
1474 1750 1556 1804 etiam
1566 1766 1635 1812 eam,
1647 1768 1708 1821 quas

120 1829 229 1883 Rursus
252 1847 319 1883 vero
345 1829 469 1883 homines
491 1847 508 1883 a
528 1846 674 1900 progressu
702 1830 729 1883 in
755 1831 878 1886 scientiis
916 1831 950 1883 ad
971 1847 1113 1901 corporum
1136 1830 1301 1885 naturalium
1321 1829 1548 1899 properationem
1568 1846 1618 1898 per
1636 1838 1707 1884 artes

80 1909 208 1972 detinuit,
222 1918 250 1962 et
264 1909 322 1963 iere
336 1910 485 1962 incantavit
500 1910 652 1964 reverentia
665 1911 840 1980 antiquitatis,
851 1919 879 1965 et
916 1910 1090 1964 mechanicas
1103 1917 1213 1980 spectat,
1229 1918 1256 1964 et
1268 1909 1423 1977 hujusmodi
1438 1925 1482 1962 res
1496 1908 1638 1978 suspiciat,
1659 1925 1707 1961 ve·

79 1990 209 2049 virorum,
226 1990 272 2059 qui
287 1990 314 2041 in
332 1987 511 2058 philosophia
523 1989 616 2059 magni
632 1988 719 2042 habiti
734 1999 803 2054 sunt,
818 2007 878 2044 auc·
915 1989 967 2043 luti
986 1991 1168 2044 inventionem
1188 1997 1309 2044 motuum
1323 1987 1476 2042 coelestium
1490 1988 1519 2041 in
1533 1988 1707 2053 echonomis,

80 2069 187 2129 toritas,
203 2076 284 2137 atque
299 2067 564 2123 deindeconsensus.
592 2067 683 2138 Atque
698 2068 732 2121 dc
746 2086 879 2124 consensu
916 2078 1095 2123 concentuum
1116 2069 1145 2122 in
1167 2069 1279 2131 musica,
1307 2067 1444 2123 literamm
1472 2066 1612 2137 alphabeti
1634 2070 1708 2137 (quac

80 2148 210 2217 superius
226 2148 390 2201 dictumest.
916 2149 1000 2202 etiam
1015 2148 1102 2202 adhuc
1116 2149 1144 2202 in
1159 2165 1244 2219 regno
1260 2147 1386 2202 Sinarum
1401 2148 1431 2201 in
1444 2164 1494 2201 usu
1514 2163 1569 2200 non
1587 2149 1665 2214 sunt)
1678 2147 1708 2200 in

121 2227 166 2279 De
187 2227 348 2298 antiquitate
367 2234 457 2281 autern
477 2228 578 2298 opinio,
598 2244 679 2298 quam
700 2226 826 2281 homiues
845 2227 878 2282 de
917 2228 1113 2297 grammatica;
1143 2235 1191 2281 aut
1209 2244 1301 2282 rursus
1321 2227 1350 2280 in
1370 2226 1545 2290 mechanicis,
1574 2227 1708 2280 factorum

80 2305 143 2376 ipsa
157 2306 260 2368 fovent,
274 2305 418 2376 negligens
435 2308 545 2361 omnino
558 2313 607 2370 est,
622 2315 651 2360 et
668 2308 716 2361 vix
729 2307 811 2360 verbo
824 2307 878 2378 ipsi
917 2306 1020 2360 Bacchi
1041 2314 1068 2360 et
1081 2306 1196 2372 Cereris,
1219 2307 1272 2360 hoc
1297 2314 1345 2369 est,
1367 2306 1591 2377 praeparationem
1606 2305 1663 2358 vini
1680 2312 1709 2359 et

80 2401 213 2455 congrua.
256 2385 353 2439 Mundi
375 2385 447 2440 enirn
464 2387 570 2440 senium
590 2393 617 2440 et
638 2386 816 2461 grandoevitas
830 2403 880 2456 pro
917 2386 1045 2450 cervisias,
1060 2386 1256 2457 panificiornm,
1270 2392 1317 2438 aut
1331 2387 1413 2439 etiam
1425 2402 1526 2439 mensas
1540 2385 1707 2449 delictarum,

81 2465 250 2534 antiquitate
278 2481 340 2516 vere
368 2463 494 2518 habenda
520 2473 596 2527 sunt;
625 2483 686 2536 quae
714 2464 879 2535 temporibus
917 2474 945 2518 et
959 2465 1173 2531 distillationem,
1189 2473 1216 2520 et
1229 2465 1375 2528 similium
1396 2462 1443 2518 ille
1459 2482 1564 2535 quoque
1579 2466 1602 2518 si
1616 2481 1708 2520 secum

80 2546 184 2597 nostris
199 2543 281 2597 tribui
294 2543 402 2607 debent,
415 2560 469 2598 non
476 2545 577 2613 Juniori
588 2545 660 2598 atati
673 2545 775 2608 mundi,
791 2545 880 2616 qualis
917 2546 1019 2615 cogitet
1031 2554 1059 2599 ct
1072 2545 1195 2599 animum
1211 2545 1339 2608 advertat,
1357 2561 1406 2614 per
1420 2553 1536 2614 quantos
1556 2552 1708 2614 temporum

81 2623 156 2692 apud
168 2625 295 2693 antiquos
310 2622 370 2676 luit.
413 2622 547 2677 lllaenim
561 2632 634 2686 aetas,
648 2632 772 2693 respectu
786 2626 879 2689 nostri,
917 2624 1044 2678 circuitus
1059 2622 1136 2699 (cum
1150 2623 1313 2679 haecomnia
1326 2632 1424 2693 practer
1436 2623 1626 2677 distillationes
1640 2624 1709 2677 anti-

81 2703 197 2773 autiqua
220 2711 248 2754 et
269 2702 372 2768 major3
393 2711 517 2773 respectu
539 2702 631 2756 mundi
650 2703 744 2773 ipsius,
765 2720 835 2756 nora
854 2713 881 2757 et
918 2720 971 2774 qus
986 2703 1097 2771 luerint)
1113 2703 1171 2757 haec
1185 2704 1220 2758 sd
1234 2720 1303 2766 earn,
1318 2719 1399 2773 quam
1417 2719 1488 2756 nunc
1502 2703 1635 2757 habemus
1649 2703 1707 2757 cul-

83 2783 177 2835 minor
190 2780 251 2835 luit.
293 2781 381 2852 Atque
396 2799 490 2835 revera
511 2782 736 2853 quemadmodum
749 2784 880 2850 majorem
918 2791 1005 2836 turam
1020 2783 1150 2853 perducta
1164 2783 1225 2846 sint,
1236 2790 1266 2835 et
1276 2784 1318 2849 (ut
1328 2783 1386 2849 jam
1400 2782 1433 2835 dc
1447 2781 1597 2852 horologiis
1607 2782 1709 2837 dictum

81 2876 177 2914 renim
196 2860 378 2914 humanarum
394 2861 526 2925 notitiam,
548 2870 575 2915 et
588 2861 720 2916 maturius
739 2862 879 2929 judicium,
918 2864 972 2931 eat)
988 2878 1068 2933 quarn
1086 2878 1184 2933 parurn
1197 2861 1317 2914 habeant
1329 2877 1365 2914 ex
1378 2861 1608 2915 observationibus
1621 2871 1649 2915 et
1662 2878 1710 2916 ax·

82 2941 121 2993 ab
132 2940 247 2994 homine
257 2957 321 2994 sene
335 2949 518 3010 expectamus,
528 2958 609 3012 quam
624 2942 759 3010 ajuvene,
770 2951 881 3013 propter
919 2943 1061 2996 lomatibus
1075 2952 1185 3005 natura,
1193 2948 1275 3012 atque
1286 2958 1367 3011 quam
1381 2941 1468 3004 facile,
1480 2949 1508 2994 et
1521 2951 1649 3012 tanquam
1659 2959 1709 3012 per

82 3020 294 3089 experientiam,
309 3026 335 3072 et
349 3038 445 3084 rerum,
457 3037 524 3090 quas
538 3021 614 3086 vidit,
630 3032 657 3075 et
671 3022 782 3085 audivit,
798 3032 825 3075 et
838 3040 881 3075 co·
919 3022 1075 3076 occasiones
1096 3021 1199 3086 obvias,
1218 3031 1246 3075 et
1267 3019 1510 3090 contemplationes
1533 3021 1707 3086 incurrentes,

82 3099 191 3169 giravit,
207 3099 364 3152 varietatem
376 3106 403 3153 et
413 3101 534 3170 copiam
556 3102 651 3155 codem
665 3104 744 3155 modo
758 3110 881 3156 etanos
918 3102 972 3155 ista
992 3101 1108 3154 inveniri
1129 3101 1281 3170 potuerinta
1302 3098 1348 3153 ille
1363 3095 1506 3174 (inquam)
1520 3100 1555 3153 ab
1569 3101 1643 3154 omni
1664 3101 1710 3154 ad-

82 3189 126 3231 tra
141 3185 223 3231 aetate
238 3175 278 3250 (si
292 3178 363 3232 vires
382 3196 444 3232 suas
464 3189 562 3245 nosset,
583 3189 610 3234 et
623 3181 740 3251 expen'ri
756 3188 783 3235 et
796 3182 881 3235 inten·
919 3182 1060 3235 miratione
1075 3197 1103 3235 se
1118 3180 1197 3235 facilc
1214 3179 1347 3244 liberabit,
1361 3186 1389 3232 et
1406 3179 1496 3248 potius
1509 3180 1635 3234 humanas
1648 3197 1710 3234 con·

83 3257 148 3312 dere
165 3257 261 3324 vellet)
276 3258 380 3325 majora
389 3258 474 3312 multo
484 3277 590 3331 quama
603 3261 701 3330 priscis
715 3262 881 3330 temporibus
919 3260 1028 3314 ditionis
1041 3260 1219 3324 miserebitur,
1234 3258 1305 3329 quod
1320 3275 1369 3328 per
1380 3264 1418 3311 tot
1432 3258 1530 3322 secula,
1541 3266 1615 3312 tanta
1628 3260 1711 3315 hient

83 3338 226 3408 expectari
240 3345 359 3407 perest3
380 3347 474 3408 utpote
490 3345 568 3394 atate
583 3341 675 3394 mundi
690 3340 840 3409 grandiore,
855 3349 882 3395 et
919 3358 1008 3394 rerum
1029 3348 1057 3394 et
1075 3341 1243 3394 inventorum
1265 3338 1379 3409 penuria
1399 3345 1426 3391 et
1446 3338 1580 3393 sterilitas.
1621 3339 1710 3409 Atque

82 3417 199 3471 infinitis
224 3417 419 3487 experimentis
441 3425 468 3472 et
494 3419 725 3473 observationibus
748 3430 827 3474 aucta
854 3428 882 3474 ct
920 3420 979 3474 haec
993 3421 1054 3490 ipsa
1073 3427 1170 3482 tamen,
1186 3435 1298 3489 quorum
1313 3433 1384 3472 nunc
1404 3418 1567 3472 mentionem
1588 3418 1710 3483 fecimus,

82 3496 233 3551 cumulata
919 3500 1037 3563 inventa,
1051 3498 1227 3569 philosophia
1235 3507 1263 3552 et
1276 3498 1380 3551 artibus
1392 3496 1545 3551 intellectus
1556 3497 1711 3569 antiquiora

122 3579 228 3648 Neque
244 3593 296 3647 pro
313 3575 401 3630 nihilo
414 3577 608 3641 aestimandum,
623 3579 694 3649 quod
714 3595 766 3649 per
777 3579 882 3650 longin·
920 3578 1045 3643 suemnt3
1066 3577 1134 3632 adeo
1147 3587 1178 3632 ut
1193 3578 1230 3645 (si
1244 3594 1336 3631 verum
1357 3576 1497 3630 dicendum
1518 3578 1564 3643 sit)
1578 3593 1640 3631 cum
1659 3577 1711 3632 hu·

83 3674 154 3729 quas
177 3657 368 3727 navigationes
389 3663 417 3710 et
436 3658 669 3728 peregrinationes
689 3661 763 3729 (quae
784 3658 882 3712 seculis
917 3657 1036 3725 jusmodi
1050 3658 1170 3712 scientiae
1180 3655 1327 3711 rationales
1337 3665 1364 3709 et
1376 3656 1536 3726 dogmaticas
1549 3656 1710 3728 inceperint,

83 3737 186 3790 nostris
199 3735 406 3806 increbuerunt)
420 3736 536 3806 plurima
549 3737 577 3789 in
591 3745 687 3791 natura
700 3738 844 3807 patuerint,
855 3746 883 3791 ct
920 3737 1039 3791 inventio
1053 3753 1165 3807 operum
1179 3736 1287 3791 utilium
1301 3735 1419 3789 desierit.

84 3816 332 3887 repertasint,qnae
341 3815 628 3887 norampbilosophiae
639 3816 727 3871 lucem
737 3817 882 3871 immittere
960 3816 1037 3877 Quod
1057 3817 1080 3870 si
1103 3817 1164 3888 quis
1178 3816 1213 3869 ab
1227 3816 1342 3869 officinis
1356 3814 1390 3867 ad
1409 3812 1590 3869 bibliothecas
1602 3831 1632 3870 se
1646 3831 1711 3869 con·

84 3897 200 3966 possint.
242 3894 313 3955 Quin
335 3902 362 3948 et
380 3903 459 3966 turpe
480 3896 635 3950 hominibus
660 3896 736 3959 soret,
761 3896 784 3950 si
808 3895 882 3966 globi
920 3896 1040 3960 verterit,
1054 3904 1082 3950 ct
1099 3897 1267 3959 immensam,
1282 3912 1364 3965 quarn
1378 3894 1507 3958 videmus,
1521 3893 1651 3949 librorum
1665 3912 1712 3948 ra·

84 3974 238 4029 materialis
253 3982 362 4037 tractus,
374 3984 506 4029 terrarum
520 3975 652 4040 videlicet,
661 3976 784 4038 marium,
796 3986 882 4030 astro·
920 3974 1045 4029 rietatem
1063 3976 1092 4029 in
1115 3974 1291 4028 admiratione
1312 3974 1446 4037 habuerit,
1463 3973 1494 4037 is,
1509 3974 1671 4029 examinatis
1685 3982 1713 4029 et

85 4073 154 4116 nnn,
169 4054 271 4107 nostris
294 4055 459 4123 temporibus
481 4055 642 4108 immensum
663 4056 750 4125 aperti
769 4063 796 4108 et
810 4055 883 4110 illus
921 4054 1079 4126 diligentius
1092 4054 1265 4124 introspectis
1278 4054 1397 4123 ipsomm
1411 4052 1541 4106 librorum
1554 4054 1676 4108 materiis
1685 4062 1712 4107 et

86 4136 150 4187 trati
165 4135 235 4196 sint;
259 4132 333 4203 globi
348 4141 439 4188 autem
448 4134 636 4188 intellectualis
650 4135 718 4189 fines
732 4136 802 4189 inter
814 4143 883 4190 vete·
921 4133 1061 4197 contentis,
1076 4134 1248 4204 obstupescet
1267 4141 1341 4186 certe
1357 4134 1386 4186 in
1399 4132 1564 4186 contrarium
1572 4154 1579 4197 ς
1602 4139 1630 4188 et
1643 4140 1714 4203 post·

86 4231 146 4268 mm
161 4213 274 4267 inventa
288 4220 317 4265 et
332 4215 471 4284 angustias
485 4214 671 4268 cohibeantur.
922 4230 1004 4285 quam
1016 4212 1120 4267 nullum
1134 4212 1193 4266 dari
1207 4214 1287 4266 tinem
1302 4211 1508 4283 repetitionibus
1522 4212 1711 4277 observaverit,

126 4295 262 4346 ductores
275 4309 341 4346 vero
361 4294 431 4363 quod
451 4293 556 4357 attinet,
571 4310 683 4347 summae
704 4293 883 4363 pusillanimi·
922 4309 1057 4364 quamque
1079 4291 1203 4346 homines
1227 4291 1321 4345 eadem
1344 4298 1428 4361 agant
1452 4297 1480 4343 et
1502 4290 1657 4362 loquantur,
1679 4292 1714 4345 ab

87 4373 150 4425 tatis
164 4383 209 4425 est
227 4372 383 4426 auctoribus
401 4374 507 4426 intinita
529 4373 654 4435 tribuere,
669 4374 772 4426 auctori
793 4382 882 4428 autem
922 4372 1100 4426 admiratione
1114 4371 1253 4426 varietatis
1273 4372 1397 4425 transibit
1410 4370 1444 4422 ad
1464 4370 1624 4424 miraculum
1641 4371 1713 4425 indi·

87 4463 238 4516 anctomm,
261 4460 343 4523 atque
368 4452 436 4507 adeo
449 4451 538 4506 omnis
557 4452 730 4515 auctoritatis,
746 4452 883 4523 Tempori,
922 4452 1022 4522 gentias
1044 4459 1071 4504 et
1094 4450 1237 4522 paucitatis
1259 4466 1352 4504 earum
1376 4466 1472 4513 rernm,
1494 4467 1554 4519 quus
1574 4450 1713 4504 homilium

85 4532 224 4598 jussuum
240 4532 385 4602 denegare.
428 4532 511 4586 Recte
533 4532 606 4586 enim
620 4532 728 4585 Veritas
741 4531 884 4601 Temporis
923 4539 1027 4585 mentes
1041 4530 1129 4584 adhuc
1143 4536 1512 4599 tenueruntetoccupamnt.

87 4612 145 4664 filia
158 4613 266 4673 dicitur,
278 4628 332 4665 non
341 4612 514 4665 auctoritatis.
557 4611 758 4681 ltaqnemirum
772 4622 884 4676 nonest,
963 4610 1038 4671 Quod
1053 4611 1076 4663 si
1091 4608 1371 4680 quisndintuendum
1385 4625 1494 4680 eaquae
1508 4607 1715 4679 magiscurioao

88 4691 110 4742 si
127 4691 232 4744 fascina
251 4691 306 4743 ista
326 4690 502 4761 antiquitatis,
521 4697 549 4744 et
564 4701 711 4753 auctorum,
732 4698 760 4743 et
772 4707 884 4745 consen·
922 4689 1058 4743 habentur
1078 4705 1161 4759 quarn
1181 4704 1255 4752 sana,
1270 4689 1391 4742 animum
1408 4688 1571 4751 submiserit,
1585 4695 1612 4741 et
1625 4686 1715 4741 alche-

89 4786 142 4832 sns,
157 4770 299 4824 hominurn
313 4771 439 4824 virtutem
457 4770 496 4822 ita
513 4769 665 4838 ligaverint,
680 4777 709 4823 ut
729 4786 789 4823 curn
805 4771 885 4825 rebus
923 4769 1064 4822 mistarum
1076 4777 1122 4821 aut
1136 4783 1277 4837 magorum
1295 4784 1378 4837 opera
1391 4768 1499 4837 penitus
1512 4766 1713 4836 introspexerit,

88 4849 337 4918 ipsisconsnescere
346 4853 487 4919 (tanquam
493 4848 661 4918 maleficiati)
671 4866 725 4904 non
736 4851 882 4920 potuerint.
923 4849 946 4901 is
962 4848 1095 4902 dubitabit
1110 4847 1229 4908 forsitan,
1242 4854 1331 4901 utrum
1345 4847 1409 4912 risu
1425 4863 1460 4900 an
1472 4846 1602 4920 lacrymis
1616 4846 1714 4916 potius,

922 4927 972 4980 illa
991 4928 1076 4997 digna
1096 4927 1156 4980 sint.
1198 4925 1367 4980 Alchemista
1380 4927 1453 4981 enim
1477 4943 1553 4997 spem
1574 4925 1625 4978 alit
1639 4931 1715 4979 mter·

923 5024 994 5070 nam,
1014 5016 1095 5076 atque
1117 5006 1163 5058 nbi
1183 5022 1227 5060 res
1244 5022 1298 5059 non
1320 5005 1447 5070 succedit,
1468 5021 1571 5058 errores
1591 5005 1714 5074 proprios

128 5082 228 5154 Neque
242 5083 331 5138 solum
353 5082 496 5137 admiratio
517 5084 694 5154 antiquitatis,
711 5083 885 5146 auctoritatis,
924 5102 983 5139 reos
998 5085 1151 5149 substituit,
1173 5102 1264 5139 secum
1278 5084 1443 5139 accusatorie
1457 5083 1610 5153 reputando,
1626 5093 1715 5137 scatit

89 5169 118 5215 et
131 5179 286 5228 consensus,
309 5162 451 5217 hominum
474 5162 631 5217 industriam
652 5164 680 5217 in
695 5164 737 5225 iis,
752 5180 813 5233 quaa
827 5164 885 5231 jam
924 5166 990 5218 artis
1005 5172 1051 5219 aut
1070 5173 1207 5219 auctorum
1221 5164 1354 5219 vocabula
1372 5180 1426 5217 non
1448 5163 1515 5215 satis
1533 5161 1714 5226 intellexisse3

90 5241 199 5295 inventa
219 5251 289 5304 sunt,
312 5242 487 5312 acquiescere
508 5243 659 5312 compulit,
686 5259 779 5296 verum
803 5243 887 5296 etiam
923 5245 994 5298 unde
1008 5243 1043 5297 ad
1056 5243 1212 5297 traditiones
1227 5252 1256 5297 et
1270 5243 1435 5298 auriculares
1455 5256 1577 5294 susurros
1596 5241 1716 5296 animum

90 5335 201 5390 operum
226 5322 346 5391 ipsorum
369 5321 521 5384 admiratio,
537 5340 650 5392 quonam
672 5322 752 5392 copia
769 5321 885 5392 jampri-
923 5323 1055 5393 applicat:
1077 5331 1123 5376 not
1136 5324 1164 5377 in
1179 5324 1304 5393 practicae
1318 5340 1374 5378 suos
1383 5319 1517 5389 scrupulis
1531 5327 1559 5372 et
1573 5322 1717 5374 momentis

90 5398 153 5452 dem
175 5401 246 5454 sacta
264 5412 305 5454 est
327 5401 449 5454 humano
470 5403 572 5470 generi.
612 5401 722 5454 Etenim
746 5418 808 5455 curn
826 5401 886 5471 quis
924 5403 1027 5473 aliquid
1041 5403 1183 5456 titubatum
1197 5419 1272 5465 esse;
1293 5401 1364 5456 unde
1379 5399 1569 5469 experimenta
1581 5400 1610 5454 in
1625 5400 1716 5455 intini-

91 5493 181 5534 rerurn
194 5481 360 5546 mrietatem,
381 5487 409 5535 ct
426 5479 640 5552 pulcherrimum
655 5488 823 5551 apparatum,
839 5480 885 5551 qui
923 5490 981 5538 tum
993 5483 1111 5554 repetit:
1132 5498 1163 5536 ac
1181 5482 1289 5537 interim
1302 5497 1365 5535 cum
1386 5479 1459 5533 inter
1472 5480 1718 5550 experimentorum

427 1735 542 1774 Lxxxlffi

442 4989 545 5028 LXXXV.

913 571 941 616 ct
953 564 1121 617 introductus
1135 572 1183 626 est,
1198 562 1285 616 oculis
1297 561 1449 629 subjecerit,
1464 578 1497 615 eo
1510 567 1582 613 certe
1593 559 1708 613 inclina·
1806 600 1814 611 ,
