3800 5875
229 264 288 325 386
756 268 808 323 DE
829 267 1055 324 edomantis
1077 268 1352 325 sermationi.
1730 266 1791 322 Ias.
1805 267 1853 322 Vl.

265 426 309 481 Ad
318 426 440 482 criticam
450 382 582 496 spectant,
592 426 689 495 primo,
697 432 836 481 auctorum
846 427 1024 497 probatorum
1061 436 1154 482 autem
1169 434 1198 481 et
1211 427 1292 482 modo
1305 425 1465 498 disciplinas,
1479 425 1546 483 illud
1567 423 1702 494 imprimis
1720 426 1856 482 consulas·

225 505 322 561 limata
336 506 468 562 correctio
480 512 509 560 et
522 506 665 559 emendata
680 505 779 570 editior
800 507 898 576 quibus
911 516 940 560 et
952 509 1024 578 ipso-
1061 507 1131 571 rim,
1152 514 1183 561 ut
1202 515 1361 561 careatura
1383 506 1568 576 compendiisr
1597 513 1625 559 et
1644 520 1663 557 a
1685 507 1856 573 mundare

225 602 285 640 rum
299 594 439 641 auctorum
452 585 541 639 horror
558 584 716 648 vindicatur,
736 592 763 637 et
783 586 911 640 studiosis
931 586 1023 641 lumen
1061 586 1177 655 quadam
1191 586 1329 651 doctrinm
1344 603 1405 656 quar
1428 585 1540 656 ingenia
1559 584 1654 639 reddat
1676 583 1855 653 audamlaet,

224 664 375 735 praefertur.
427 664 630 726 Quatamcnin
644 681 673 717 re
686 664 782 717 studiis
796 673 843 718 aut
856 682 953 735 parurn
977 667 1023 720 de·
1059 680 1174 735 magnos
1184 666 1324 735 proiectus
1333 666 1423 733 potius
1433 672 1557 727 ostentet,
1569 680 1652 735 quam
1663 661 1755 717 facist.
1786 666 1856 728 Quin

225 744 343 799 trimenti
364 744 454 798 intulit
475 743 642 814 quorundam
662 743 804 798 hominum
824 744 968 814 diligentia
986 753 1023 799 te·
1060 752 1088 797 et
1097 743 1241 798 favendum
1251 742 1378 798 nennilril
1386 744 1557 814 ingeniorum
1569 741 1699 805 libertati,
1710 743 1856 816 utsiqnir,

225 824 349 877 meraris.
397 822 506 877 Criticis
529 822 601 876 enim
625 822 698 876 haud
719 824 812 891 paucis
834 840 892 877 mos
910 831 959 886 est,
975 824 1021 878 ubi
1060 839 1120 892 quae
1134 840 1171 877 ex
1184 840 1258 877 more
1273 822 1411 892 diciplinae
1424 830 1495 887 aunt,
1509 822 1601 887 iaciat,
1616 818 1856 896 etsimulterupm

225 903 346 957 incidunt
370 902 397 956 in
418 902 565 973 quidpiam,
580 903 652 972 qnod
670 918 726 955 non
750 901 912 972 intelligunt,
925 902 1021 958 sitium
1059 900 1170 965 adalia,
1185 902 1289 973 inqua
1311 917 1463 971 propensus
1475 908 1524 964 est,
1540 901 1694 964 suffnretur,
1709 914 1745 953 ne
1763 905 1855 976 utique

225 983 314 1035 atatim
336 982 365 1035 in
379 980 527 1051 exemplari
551 997 711 1050 supponere.
753 981 844 1035 Veluti
857 982 886 1035 iu
899 981 1021 1036 illoloco
1058 980 1227 1036 cohibeatur.
1269 980 1354 1034 Porro
1373 996 1463 1051 operae
1476 981 1594 1050 pretium
1608 980 1698 1044 inerit,
1714 978 1856 1052 diligenter

225 1060 327 1115 Taciti:
348 1078 410 1115 curn
420 1060 543 1132 quendam
553 1060 660 1114 colonia
673 1060 719 1128 jus
732 1060 802 1129 asyli
816 1061 886 1130 apud
897 1069 1020 1116 senatum
1057 1059 1272 1114 animadvertere
1284 1059 1368 1129 (quod
1382 1058 1494 1114 sortasse
1510 1058 1599 1113 adhuc
1616 1058 1770 1115 ineritnon
1780 1071 1854 1118 mte-

224 1149 363 1206 assereret,
378 1149 469 1194 narrat
484 1139 600 1203 Tacitus,
613 1156 668 1194 noir
688 1140 774 1208 aequis
792 1139 936 1194 admodum
950 1141 1020 1194 auri-
1057 1141 1128 1206 turn)
1137 1156 1197 1194 esse
1206 1140 1274 1194 duos
1281 1138 1484 1203 assuefaciendi,
1497 1148 1524 1192 et
1531 1139 1685 1204 exercendi,
1699 1143 1729 1189 et
1739 1156 1868 1212 praepar„

225 1220 283 1283 bus,
298 1237 358 1290 quae
371 1218 407 1272 ab
424 1220 458 1273 iis
473 1219 685 1288 proterebantur,
701 1217 785 1271 fuisse
804 1219 839 1272 ab
856 1220 1019 1290 imperatore
1057 1219 1121 1273 audi
1140 1219 1255 1288 ingenia
1267 1219 1369 1284 modos,
1384 1234 1485 1290 eoaque
1509 1226 1642 1289 tauquam
1660 1215 1852 1290 mtisccpuce

225 1305 253 1352 et
266 1306 359 1352 senatu
373 1298 480 1353 audita:
502 1298 593 1367 iraque
606 1297 700 1368 legati,
714 1314 797 1352 causa
814 1298 905 1363 diffisi,
918 1299 1019 1354 bonaur
1057 1296 1135 1353 Alter
1143 1297 1447 1368 iucipitafaciliorihus,
1453 1297 1524 1353 etad
1533 1298 1623 1371 magia
1632 1298 1854 1368 nummorum

224 1378 346 1447 pecumae
360 1395 492 1433 summam
507 1376 568 1430 Tito
582 1377 665 1431 Vinio
677 1377 814 1440 dederuut,
828 1384 860 1431 ut
876 1378 916 1432 eis
930 1387 1019 1449 patrc
1056 1375 1181 1441 deducit;
1203 1378 1272 1432 alter
1286 1379 1321 1431 ab
1335 1378 1416 1432 initio
1429 1376 1539 1433 duriora
1552 1378 1669 1449 imperat
1679 1386 1710 1432 ct
1725 1388 1806 1450 urget
1818 1389 1853 1445 ut,

223 1458 364 1512 cinaretur.
406 1458 467 1511 Hoc
487 1456 577 1526 itaque
598 1462 678 1526 pacto
691 1472 734 1510 ree
748 1456 877 1512 obtinuit:
908 1463 925 1488 “
938 1459 1017 1511 tum'’
1055 1456 1090 1510 iis
1103 1456 1226 1527 obtentis,
1238 1456 1405 1512 facilioribus
1419 1457 1481 1527 quis
1495 1458 1577 1510 etiam
1591 1457 1717 1513 suaviter
1730 1460 1852 1532 perfungi
1887 1528 1888 1531 Ἰ

225 1536 328 1606 (inquit
349 1536 474 1603 Tacitus)
500 1542 516 1567 ⁴⁴
537 1535 655 1606 dignitas
680 1543 707 1589 et
733 1535 882 1607 antiquitas
904 1536 1019 1591 colonias
1056 1536 1150 1605 possit
1192 1535 1255 1591 Alia
1279 1536 1355 1591 enirn
1377 1544 1421 1591 est
1444 1535 1595 1600 methodus,
1616 1536 1742 1607 incipere
1762 1546 1852 1595 usare

223 1616 346 1670 valuit:”
369 1617 445 1686 quasi
461 1623 702 1685 argumentaane
715 1622 795 1669 antea
808 1615 879 1668 lesia
892 1615 1019 1670 videban-
1056 1632 1118 1669 curn
1135 1615 1246 1679 utribus,
1262 1616 1309 1686 qui
1334 1616 1493 1679 sublevante
1525 1614 1587 1679 aiis,
1608 1615 1734 1686 incipere
1756 1616 1850 1674 saltare

223 1702 273 1758 tur,
284 1695 429 1749 accedente
440 1694 534 1765 pretio,
545 1710 644 1748 norrun
658 1702 716 1748 tum
726 1694 830 1763 pcndm
840 1695 1017 1764 accepissent.
1056 1710 1116 1748 cum
1125 1693 1223 1748 calceis
1234 1695 1398 1763 ponderosis,
1410 1694 1457 1766 qui
1471 1701 1627 1765 aggravent
1662 1694 1851 1767 Nequei'asile

223 1772 260 1827 At
273 1774 382 1828 criticus
396 1774 512 1845 quidam,
526 1790 581 1827 norr
601 1790 638 1828 ex
659 1773 766 1837 infimis,
781 1774 892 1828 verbum
906 1781 923 1805 ‘⁴
937 1775 1016 1829 tum”
1056 1781 1096 1826 est
1109 1773 1190 1838 dictu,
1206 1782 1336 1845 quantum
1350 1773 1448 1828 harum
1461 1772 1651 1830 methodorum
1670 1775 1793 1844 prudens
1811 1777 1850 1832 irr-

223 1854 363 1923 expunxit,
379 1865 406 1907 et
420 1860 436 1885 ‘⁴
450 1854 578 1906 tantum”
594 1853 720 1922 reposuit.
761 1853 851 1923 Atque
866 1854 918 1907 hac
932 1870 1018 1923 prava
1056 1849 1194 1907 termixtic
1204 1853 1326 1906 conferat
1336 1853 1370 1906 ad
1383 1852 1586 1923 promovendas,
1598 1859 1654 1907 tarn
1665 1854 1762 1920 animi,
1773 1873 1849 1927 qnam

222 1933 377 1987 criticorum
402 1932 594 1986 consuetudine
617 1932 717 1985 iactum
739 1939 789 1995 eat,
803 1941 833 1986 ut
858 1933 943 2003 (quod
963 1951 1018 1988 non
1055 1932 1175 2000 corporis
1203 1932 1352 1986 facultates.
1409 1932 1477 1986 Item
1504 1930 1653 2001 applicatio
1675 1942 1707 1988 et
1734 1934 1850 1992 delcctm

222 2028 304 2066 nemo
317 2012 462 2082 prudenter
475 2012 591 2077 notavit)
612 2009 780 2079 exemplaria
797 2012 915 2065 maxime
936 2014 1017 2068 casti·
1055 2011 1212 2075 studiorum,
1226 2027 1277 2081 pro
1293 2019 1389 2066 natura
1408 2011 1666 2083 ingeniorumque
1685 2014 1849 2081 crudiuntur,

222 2099 288 2160 gata
297 2092 352 2146 siut
362 2106 548 2161 saepenumero
558 2090 668 2143 minime
682 2090 801 2144 omniurn
812 2100 896 2145 casta.
936 2091 1018 2152 Quin-
1055 2107 1099 2144 res
1112 2090 1356 2161 estsingulariset
1376 2107 1441 2145 usus
1465 2098 1495 2143 et
1514 2090 1629 2159 judiciii
1661 2108 1748 2163 quarn
1770 2094 1849 2149 ctiam

223 2170 286 2233 imo,
303 2176 438 2224 utverrrm
451 2169 579 2232 rimamus,
593 2169 646 2222 nisi
660 2169 746 2222 critici
761 2168 862 2223 fuerint
875 2170 973 2226 eruditi
986 2172 1016 2227 in
1055 2168 1124 2223 berre
1139 2176 1165 2223 et
1178 2186 1241 2225 vere
1254 2177 1373 2224 notatam
1394 2177 1425 2224 st
1436 2177 1606 2241 perspectam
1619 2171 1746 2242 magistri
1759 2189 1850 2243 parcn-
1887 2176 1888 2193 ¹

201 2268 204 2274 ·
223 2248 344 2302 scientiis
356 2248 419 2313 illis,
432 2247 465 2302 de
479 2248 577 2318 quibus
595 2248 656 2301 libri
671 2248 707 2301 ab
719 2248 787 2317 ipsis
801 2248 866 2303 editi
889 2258 1015 2316 tractarit,
1055 2248 1126 2303 tibus
1140 2249 1353 2304 adolemtirm
1366 2249 1483 2313 debent;
1515 2257 1546 2303 ot
1558 2249 1592 2303 de
1606 2266 1712 2319 genere
1725 2252 1798 2318 ritu,
1809 2254 1850 2308 cui

223 2327 344 2397 periculo
357 2327 500 2398 diligentia
513 2343 605 2382 eorum
619 2335 773 2381 ncnracat.
1055 2327 1125 2383 filios
1139 2346 1204 2384 suos
1217 2329 1358 2393 dutincut,
1373 2329 1514 2383 corrauiere
1533 2338 1655 2399 possent.
1702 2330 1809 2388 Verum
1825 2342 1850 2387 et
1887 2326 1888 2379 Ϊ

263 2406 388 2462 &cundo
401 2407 436 2460 ad
449 2405 570 2461 criticam
584 2414 716 2477 spectant,
730 2414 869 2462 auctorum
887 2410 1016 2480 interpres·
1054 2406 1121 2462 illud
1132 2408 1261 2463 attentius
1272 2406 1355 2478 paulo
1365 2408 1570 2471 chuonradum,
1579 2425 1635 2462 uon
1648 2415 1757 2467 tantum
1767 2412 1797 2467 irr
1810 2413 1849 2478 iis,

223 2486 289 2539 tatio
303 2494 330 2540 et
343 2485 499 2556 explicatio,
509 2487 704 2551 commentarii,
719 2487 831 2551 scholia,
843 2496 922 2553 notre,
936 2490 1017 2559 spici·
1054 2486 1089 2540 ad
1107 2505 1167 2559 quea
1183 2495 1280 2542 natura
1299 2488 1413 2559 quisque
1428 2504 1477 2542 sua
1497 2488 1589 2551 fertur,
1610 2487 1694 2559 louge
1715 2492 1850 2547 mxima·

223 2564 304 2635 legia,
320 2572 348 2620 et
370 2565 478 2620 similis.
529 2566 560 2620 ln
581 2566 732 2621 istiusmodi
757 2574 848 2621 autem
869 2567 1015 2634 laboribus,
1054 2566 1280 2638 fieriproiectus3
1301 2567 1453 2621 sedetiam
1467 2567 1501 2621 ad
1516 2567 1680 2639 caadqam
1693 2567 1850 2626 vitionaor-
1887 2616 1888 2619 ,

223 2644 356 2714 pessimus
379 2643 426 2699 ille
453 2645 607 2699 criticorum
633 2644 776 2700 nonnullos
803 2647 881 2717 qnasi
906 2648 1016 2704 morbus
1054 2662 1092 2700 τε
1113 2646 1174 2717 quie
1194 2647 1314 2700 maxime
1329 2645 1410 2701 fuerit
1423 2646 1562 2711 inhabilis,
1574 2646 1692 2717 reperiri
1706 2648 1738 2704 in
1755 2651 1850 2706 studiis

223 2721 329 2790 invasit,
339 2731 371 2779 ut
382 2723 468 2779 multa
478 2741 514 2779 ex
527 2725 726 2780 obscurioribus
736 2725 895 2790 transiliant,
907 2728 937 2781 in
947 2729 1016 2783 satis
1053 2725 1088 2779 ad
1102 2724 1153 2778 hoc
1168 2725 1276 2796 proprie
1287 2724 1399 2780 delectis
1413 2725 1533 2780 remedia
1551 2733 1579 2779 et
1592 2728 1756 2784 curationes.
1798 2730 1850 2785 ax-

223 2819 288 2857 vero
300 2803 451 2875 perspicuis
469 2804 505 2857 ad
525 2804 662 2859 fastidium
684 2821 769 2875 usque
790 2804 974 2871 immorentur,
988 2817 1017 2862 et
1053 2803 1137 2875 empli
1158 2805 1263 2876 gratia;
1285 2805 1309 2859 si
1330 2805 1451 2876 cuipiam
1464 2805 1605 2877 ingenium
1628 2805 1683 2860 tale
1708 2807 1755 2873 sit,
1772 2810 1848 2880 quale

222 2884 402 2953 expatientrrr.
445 2882 562 2949 Scilicet,
576 2901 629 2938 non
642 2892 695 2938 tarrr
710 2883 779 2939 illud
792 2886 891 2957 agitur,
905 2895 934 2941 at
953 2904 1014 2942 auc·
1053 2890 1094 2939 est
1119 2885 1219 2950 avium,
1245 2893 1275 2939 ut
1297 2883 1378 2940 facile
1408 2884 1567 2957 abripiatur,
1590 2900 1641 2940 nec
1669 2902 1720 2956 per
1745 2904 1848 2944 moram

222 2971 264 3017 tor
276 2964 335 3033 ipse
349 2962 505 3029 illustretur,
519 2981 600 3033 quam
613 2972 643 3018 ut
656 2964 765 3018 criticos
775 2964 823 3019 ille
836 2965 1015 3036 multiplicem
1055 2964 1176 3035 (qualem
1188 2966 1305 3036 oportet)
1319 2965 1453 3019 intentum
1464 2982 1523 3020 esse
1534 2964 1684 3031 sustineat,
1699 2968 1847 3023 remedium

222 3059 299 3096 suam
313 3043 500 3108 eruditionem,
514 3052 542 3098 et
564 3043 667 3097 ranam
680 3043 832 3108 lectionem,
847 3045 948 3117 ubique
971 3064 1015 3101 ar-
1053 3042 1116 3097 huic
1131 3044 1171 3098 rei
1186 3044 1345 3115 praebebunt
1366 3044 1567 3110 mathematica,
1581 3044 1611 3098 in
1625 3044 1733 3116 quihus,
1747 3048 1776 3101 si
1790 3065 1847 3103 eva·

221 3129 299 3192 repta
313 3123 462 3187 occasione,
473 3130 596 3178 ostentet.
637 3122 791 3194 Optandum
802 3125 936 3194 imprimis
947 3127 1016 3181 soret
1052 3129 1130 3193 getnr
1144 3124 1226 3193 paulo
1239 3140 1325 3188 meus,
1339 3123 1373 3178 de
1387 3123 1497 3195 integro
1510 3124 1667 3178 renovanda
1680 3126 1847 3182 eudemon·

224 3200 301 3269 (licet
320 3201 379 3256 hac
402 3217 446 3257 res
469 3203 504 3257 od
525 3201 676 3257 undidem
700 3203 886 3273 principalem,
900 3222 955 3261 non
979 3206 1014 3260 ad
1052 3203 1156 3257 stratio.
1205 3203 1299 3257 Etiam
1320 3203 1521 3269 exercitiorum,
1535 3204 1564 3257 in
1584 3202 1743 3269 erudiendo,
1760 3216 1848 3278 partes

222 3280 385 3350 appendices
405 3280 552 3351 pertineat)
565 3291 596 3336 ut
609 3283 655 3354 qui
679 3291 839 3354 argumenta
859 3284 1016 3341 obscuriora
1051 3280 1138 3352 liquat
1151 3298 1210 3337 esee
1224 3282 1268 3337 vel
1289 3283 1432 3337 maximas
1476 3284 1512 3336 Ar
1535 3281 1604 3337 illud
1620 3299 1639 3335 a
1658 3285 1761 3354 paucis
1773 3295 1846 3341 nota·

222 3367 249 3412 et
262 3359 396 3414 nobiliora
415 3368 560 3431 pertractet
573 3364 695 3431 scriptor,
710 3378 772 3416 suas
784 3364 844 3432 ipse
858 3363 1014 3434 explicatio
1052 3370 1108 3416 tum
1123 3371 1173 3427 est,
1188 3362 1260 3433 quod
1283 3362 1476 3417 exercitiorum
1497 3362 1670 3417 debeatease
1683 3379 1741 3419 acu
1764 3365 1847 3421 solum

222 3453 270 3492 nes
284 3439 445 3511 subjungam
475 3447 504 3494 ut
517 3450 544 3494 et
557 3441 720 3511 textnsipce
741 3440 953 3511 digressionibus
968 3454 1015 3499 aut
1052 3442 1170 3510 prudens
1193 3442 1334 3506 institutin
1356 3441 1508 3496 sedetiam
1530 3441 1649 3512 prudens
1672 3442 1847 3501 intermirdo

222 3517 447 3588 explicationibus
455 3536 509 3574 uon
521 3519 707 3591 abrumpaturr
729 3524 1014 3594 etnotaeaseriptoris
1052 3520 1163 3590 Optime
1177 3521 1312 3592 siquidem
1326 3521 1424 3576 Cicero
1436 3522 1547 3586 notarit,
1562 3521 1635 3593 quod
1654 3522 1686 3576 in
1706 3525 1848 3580 exercitiis

222 3604 312 3652 mente
325 3615 379 3652 non
393 3599 528 3653 recedant.
570 3599 726 3669 Cujusmodi
741 3601 880 3672 quidpiam
894 3605 1014 3675 suspica.
1051 3599 1200 3672 plerunque
1215 3600 1335 3655 exerceri
1349 3601 1496 3673 contingat,
1507 3617 1563 3655 non
1572 3601 1664 3656 minus
1677 3602 1756 3670 vitia,
1769 3621 1848 3677 quam

222 3694 283 3733 mur
296 3678 329 3732 de
343 3677 455 3733 Theona
468 3677 598 3733 Euclidis.
1052 3679 1193 3734 facultates
1204 3702 1211 3744 ς
1232 3679 1301 3734 adeo
1314 3687 1345 3735 ut
1358 3679 1446 3736 malus
1459 3680 1568 3736 habitus
1587 3680 1753 3754 quandoque
1769 3684 1848 3739 nurui

260 3757 355 3811 Tertio
372 3758 407 3811 ad
429 3758 552 3812 criticam
574 3766 677 3828 spectat
699 3759 785 3830 (quod
807 3761 890 3815 etiarn
913 3777 1013 3817 nomen
1051 3760 1214 3831 acquiratur,
1229 3767 1257 3812 et
1271 3776 1300 3814 se
1312 3759 1433 3814 insinuet
1447 3776 1509 3814 cum
1529 3759 1609 3814 bono.
1652 3760 1751 3833 Itaque
1766 3764 1847 3819 nitius

222 3836 310 3891 eidem
323 3837 432 3905 indidit)
447 3837 480 3891 de
499 3837 660 3903 auctoribus,
675 3855 743 3910 quos
757 3839 846 3903 edunt,
860 3840 943 3896 breve
965 3842 1014 3896 ali-
1052 3846 1092 3893 est
1105 3840 1286 3893 intermittere
1300 3839 1439 3905 exercitia,
1451 3845 1479 3894 et
1491 3839 1605 3894 subinde
1620 3849 1756 3910 repetere,
1770 3861 1847 3915 quam

223 3916 294 3986 quod
317 3915 449 3984 judicium
471 3917 657 3987 interponere,
688 3927 716 3972 et
737 3918 799 3973 illos
826 3936 887 3974 curn
908 3922 1014 3976 caeteris
1051 3919 1158 3972 meidue
1171 3918 1330 3972 continuare
1342 3927 1371 3972 et
1390 3935 1497 3990 urgere.
1539 3919 1643 3974 Verum
1657 3919 1694 3973 de
1714 3919 1763 3976 his
1776 3924 1847 3978 raus

222 3996 405 4064 scriptoribus,
420 3995 466 4067 qui
481 3996 577 4051 eadem
589 4005 712 4061 nectant,
727 4015 900 4068 comparem
921 4007 952 4056 ut
965 4017 1014 4071 per
1052 3997 1121 4052 Sunt
1133 4005 1207 4053 certe
1221 3997 1265 4053 hro
1278 4013 1322 4051 res
1341 3998 1430 4069 primo
1443 4005 1555 4068 aspectu
1576 3998 1667 4053 minus
1681 4002 1804 4072 mandes
1823 4013 1848 4057 et

222 4074 377 4143 hujusmodi
391 4092 532 4130 censuram
548 4076 661 4131 studiosi
675 4085 703 4131 et
717 4076 750 4131 de
764 4076 893 4132 librorum
908 4079 1013 4136 delectu
1051 4076 1184 4141 solennes,
1200 4077 1247 4131 aed
1260 4076 1404 4133 lnrctuosar
1417 4085 1508 4132 tamen
1528 4086 1557 4131 ct
1570 4078 1705 4133 efficaces.
1749 4081 1847 4143 Quem·

222 4161 387 4220 moneantur,
398 4163 426 4208 et
436 4155 471 4208 ad
481 4156 569 4226 ipsam
576 4156 720 4211 lectionem
731 4174 822 4212 eorum
831 4158 1014 4215 instructiores
1051 4157 1195 4211 admodum
1208 4157 1283 4211 enim
1296 4157 1325 4210 in
1340 4157 1448 4227 plantis,
1464 4157 1499 4211 ad
1512 4156 1677 4228 felicitatem¹
1687 4159 1734 4214 vel
1756 4160 1847 4214 inteli-

223 4233 359 4287 accedaut.
401 4234 489 4306 Atque
501 4234 554 4290 hoc
575 4234 708 4302 ultimum,
721 4245 762 4290 est
781 4237 935 4293 criticorum
955 4247 1013 4294 tana
1051 4236 1160 4290 citatem
1174 4238 1302 4307 ipsarum,
1316 4234 1847 4306 plurimumiacinrrtinjurimutaux-

224 4329 304 4382 quam
318 4313 453 4377 cathedra,
464 4331 546 4386 quam
559 4323 631 4369 certe
644 4323 735 4369 nostra
748 4323 826 4371 aetate
837 4317 1014 4373 nobilitarunt
1051 4315 1107 4380 ilia,
1119 4334 1180 4387 quar
1193 4316 1371 4380 redemerim
1382 4322 1482 4372 leuem
1497 4316 1619 4380 luissent,
1631 4317 1847 4374 intervenerint:

224 4392 275 4445 riri
288 4392 409 4446 nonnulli
432 4394 531 4464 magni,
547 4395 663 4463 majores
686 4402 765 4462 certe,
788 4403 882 4451 nostro
900 4397 1011 4465 iudicio,
1051 4395 1278 4466 quemadmodum
1302 4395 1387 4451 etiam
1400 4395 1568 4451 incrementa
1581 4395 1629 4449 illa
1643 4397 1783 4453 immensa
1797 4400 1847 4452 im·

224 4488 304 4541 quam
319 4488 369 4542 pro
382 4472 490 4528 modulo
502 4473 667 4529 criticorum.
1050 4475 1119 4545 perii
1141 4475 1257 4529 Romani
1270 4474 1368 4530 merito
1384 4491 1401 4529 a
1414 4475 1576 4547 quibusdam
1595 4475 1782 4533 attribuuntur
1794 4479 1848 4532 rir-

263 4550 306 4605 Ad
328 4552 530 4623 paedagogicam
544 4553 617 4625 quod
629 4554 731 4619 attinet,
745 4554 932 4610 brevissimum
946 4556 1014 4610 icret
1051 4555 1100 4609 tati
1115 4562 1144 4608 ct
1164 4553 1313 4625 prudentiae
1335 4571 1386 4610 serr
1409 4553 1519 4610 illorum
1532 4571 1634 4626 regum,
1650 4556 1698 4627 qui
1714 4558 1848 4613 eidemin
1887 4565 1888 4578 ¹

224 4630 315 4694 dictu,
347 4631 466 4686 Consule
490 4632 600 4688 scholas
623 4631 807 4689 lesuitarum:
837 4633 908 4688 nihil
931 4636 1012 4702 enirn,
1050 4635 1167 4705 pueritia
1180 4634 1325 4689 suareluti
1345 4641 1446 4689 tutores
1460 4634 1576 4698 metunt,
1590 4642 1638 4689 aut
1656 4635 1790 4693 nutritii:
1810 4638 1848 4691 sic
1887 4637 1888 4712 ᾖ

224 4710 521 4781 qucdinusumrenit,
535 4711 579 4767 his
593 4712 698 4768 melius.
738 4712 799 4768 Nos
813 4720 904 4768 tamen
918 4731 1012 4784 pauca,
1050 4720 1122 4768 certe
1143 4713 1250 4768 cultura
1271 4720 1300 4768 et
1320 4713 1453 4768 institutio
1475 4727 1608 4768 annerum
1628 4715 1791 4784 puerilium,
1803 4722 1848 4770 aut
1887 4781 1888 4784 Ἴ

223 4806 297 4845 more
318 4798 417 4856 nostro,
430 4791 609 4856 monebimus,
624 4800 752 4863 tanquam
774 4792 863 4863 spicas
881 4793 1012 4863 legentes.
1051 4793 1221 4859 teneriorem,
1233 4809 1280 4848 eas
1290 4792 1374 4847 habet
1386 4793 1465 4858 vires,
1477 4792 1542 4847 licet
1555 4791 1681 4857 mures,
1692 4801 1724 4848 at
1733 4797 1847 4851 minime

224 4869 341 4924 Omnino
354 4871 549 4926 institutionem
563 4871 690 4941 pueritia
703 4879 731 4924 et
739 4871 890 4941 juventutis
904 4872 1013 4944 collegi-
1050 4873 1080 4927 in
1098 4874 1217 4941 cujusvis
1239 4872 1453 4927 observationem
1477 4873 1651 4938 incurrentes,
1669 4889 1741 4945 quas
1758 4891 1847 4948 neque

224 4958 297 5004 atam
315 4949 477 5019 probamus;
498 4967 552 5005 nou
570 4950 599 5003 in
612 4949 716 5005 sedibus
737 4950 865 5020 privatim
886 4968 941 5006 non
963 4954 1013 5008 sub
1052 4954 1180 5023 temporis
1203 4952 1371 5017 diuturnitas,
1392 4965 1482 5024 neque
1500 4950 1624 5006 lahomor
1648 4953 1801 5010 uaidnitaa
1821 4963 1847 5008 rt
1887 4963 1888 4990 ³

223 5028 419 5100 ludimagistris
438 5036 550 5084 tantum.
592 5029 676 5083 Adest
689 5030 895 5086 adolescentulis
909 5033 938 5086 in
956 5032 1012 5087 col·
1051 5032 1195 5096 contentio,
1206 5043 1308 5101 postea,
1320 5039 1398 5087 oetate
1413 5031 1566 5094 maturiore,
1576 5031 1685 5102 possint
1694 5028 1755 5088 uilo
1767 5033 1847 5088 modo

223 5107 305 5179 legiis
315 5108 452 5162 aemulatio
466 5110 552 5178 major
564 5124 631 5179 erga
643 5109 780 5181 aqualem
810 5111 886 5165 adest
906 5129 1013 5183 quoqne
1051 5111 1226 5183 equiparare.
1274 5111 1339 5165 Non
1362 5112 1410 5167 aba
1433 5127 1463 5166 re
1477 5109 1559 5165 fucrit
1572 5110 1658 5164 etiam
1678 5119 1785 5177 nomes,
1805 5112 1845 5166 ia·

224 5189 283 5257 ipse
294 5187 384 5243 vultus
397 5194 424 5241 et
443 5195 567 5257 aspectus
579 5188 697 5243 virorum
711 5189 842 5260 manum,
857 5191 930 5261 quod
951 5191 1015 5246 iacit
1051 5190 1164 5244 cultates
1183 5190 1228 5244 rel
1249 5189 1442 5254 medianensi
1464 5190 1495 5243 in
1516 5205 1630 5259 magnos
1643 5190 1846 5246 runcantem

224 5266 259 5321 ad
271 5266 467 5333 verecundiam,
479 5274 507 5322 et
519 5274 626 5323 teneros
639 5268 745 5323 animos
758 5268 867 5323 etiams
881 5270 1015 5341 principio
1051 5286 1165 5341 magnas
1178 5269 1329 5333 inciderint,
1344 5285 1441 5341 graves
1454 5276 1481 5322 et
1492 5269 1616 5338 insignes
1629 5269 1768 5325 interdum
1783 5286 1845 5341 pro

224 5346 375 5400 conformat
388 5346 424 5399 ad
437 5346 593 5417 exemplar:
624 5347 740 5419 denique
754 5356 818 5403 sunt
831 5349 940 5419 quidem
954 5349 1015 5420 plu·
1052 5348 1148 5403 ducere
1163 5348 1281 5404 effectus.
1322 5349 1389 5418 Ejus
1404 5349 1443 5403 rei
1462 5363 1594 5417 ponemus
1614 5347 1775 5419 exemplum
1788 5363 1845 5403 me·

225 5423 295 5479 rima
307 5424 473 5481 educationis
493 5426 645 5499 collegiata
664 5428 812 5483 commoda.
864 5428 897 5482 In
922 5428 1015 5483 ordine
1052 5429 1201 5493 morabilc3
1229 5427 1300 5500 quod
1313 5445 1346 5484 eo
1366 5428 1454 5499 magis
1471 5427 1637 5494 adducimus,
1652 5427 1719 5498 quia
1732 5426 1846 5484 tamira
