3800 5875
57 319 122 374 Cae.
145 319 191 375 lli.
562 322 613 377 DE
634 322 860 378 AUGMENTIS
882 323 1157 379 SCIENTIARUM.
1630 327 1689 391 337

57 480 154 550 quique
176 479 343 549 complicati,
358 480 517 545 continuati,
537 479 671 545 alternati,
687 482 800 546 irmnati,
815 499 856 536 re·
892 498 961 547 mus
984 483 1030 554 qui
1053 499 1088 538 ex
1108 482 1198 538 dubiis
1218 488 1293 536 certa
1314 483 1404 548 iaciat,
1422 499 1478 539 non
1497 484 1542 556 qui
1564 489 1689 542 certain

56 559 139 628 petiti,
153 560 288 613 etmultis
301 560 390 613 modis
404 562 557 631 aggregati,
572 568 661 615 motus
674 561 735 616 illos
748 578 855 630 compo
894 561 1006 616 dubium
1032 569 1117 616 vocet„
1166 562 1255 622 Quare
1282 562 1465 617 calendarium
1492 563 1689 621 dubitationum

58 640 129 703 sitos,
143 639 201 691 aive
221 654 342 692 summas
361 646 490 704 motuum,
505 657 566 710 quae
588 646 705 709 receptae
725 648 794 704 sunt,
808 650 855 695 aut
892 639 949 693 sire
963 640 1160 709 problematum
1174 642 1202 694 in
1216 649 1313 695 natura
1327 649 1356 696 et
1374 642 1522 697 desiderari
1540 659 1639 707 assero,
1661 655 1688 700 et

57 716 109 770 illia
132 716 235 771 similes
262 718 439 772 constituunt.
488 718 608 773 Summas
634 727 765 781 motuum,
789 729 851 774 sunt
892 719 994 789 suscipi
1016 721 1116 789 probo:
1150 721 1231 775 modo
1252 737 1325 775 curae
1346 721 1389 786 sit,
1413 729 1446 776 ut
1471 729 1551 775 aucta
1576 724 1689 778 scientia

56 797 185 850 decanmi
209 796 253 850 illi
277 805 375 860 motus,
397 797 543 868 generatio,
564 798 710 866 corruptio,
724 816 853 869 augmen-
892 798 979 852 indies
995 800 1080 870 (quod
1094 800 1141 852 liet
1149 799 1326 869 proculdubio
1333 800 1357 854 si
1366 816 1417 855 nos
1426 801 1537 856 audiant
1548 800 1686 871 homines)

57 876 128 938 tatio,
149 876 304 940 diminutio,
322 876 453 939 alteratio,
476 884 506 930 et
526 876 609 931 latio:
639 876 721 931 etiam
745 878 852 941 mixtio,
892 894 953 947 quae
967 877 1048 932 clarae
1062 878 1190 933 discussas
1209 879 1264 932 sint
1281 878 1462 935 dubitationes
1481 897 1517 935 ex
1535 879 1599 934 albo
1617 881 1688 935 deie-

57 956 194 1024 ceparatio,
213 956 313 1009 versio.
356 956 505 1025 Supersunt
526 963 632 1009 tautum
653 966 783 1027 tauquam
803 972 853 1027 ap·
892 963 979 1010 antur.
1021 957 1094 1010 Huic
1118 957 1272 1011 calendario
1292 958 1368 1013 aliud
1392 959 1455 1013 addi
1474 976 1610 1029 cuperem,
1633 977 1690 1016 norr

56 1034 179 1104 peodicea
203 1034 338 1104 physica,
360 1051 495 1089 mensurae
515 1043 651 1089 motuum:
680 1035 746 1106 quid
767 1036 854 1105 possit
891 1035 980 1089 minus
994 1035 1077 1090 utile:
1098 1052 1160 1090 cum
1174 1037 1248 1090 enirn
1263 1037 1291 1090 in
1306 1038 1379 1091 omni
1394 1038 1569 1109 inquisitione
1583 1040 1687 1094 inveni-

57 1124 188 1183 qmnmm,
203 1114 263 1167 aive
277 1114 352 1167 dosis
364 1114 491 1168 naturae?
517 1114 588 1174 Quid
601 1113 688 1184 possit
701 1114 852 1169 distantiat
891 1121 973 1168 antur
999 1115 1059 1169 haec
1087 1116 1147 1180 tria,
1170 1116 1314 1186 perspicue
1335 1134 1407 1181 vera,
1431 1117 1521 1181 dubia,
1543 1119 1686 1189 perspicue

56 1192 81 1245 id
94 1193 165 1263 quod
178 1194 255 1247 orbis
267 1194 375 1247 virtutis
388 1194 446 1247 sive
461 1192 607 1247 activitatis
621 1209 676 1246 non
690 1193 761 1248 male
775 1210 853 1247 voca-
891 1192 976 1246 falsa:
997 1193 1172 1249 utilissimum
1196 1195 1273 1260 toret,
1298 1194 1452 1251 calendario
1468 1196 1618 1260 dubiorum,
1643 1215 1686 1253 ca·

55 1279 103 1325 tur.
137 1272 208 1333 Quid
222 1272 332 1341 possint
344 1272 470 1326 incitatio
482 1280 511 1326 et
521 1272 657 1326 tarditas?
678 1272 749 1333 Quid
761 1272 853 1328 brevis
889 1270 1044 1327 lendarium
1063 1273 1212 1328 falsitatum
1229 1281 1257 1327 et
1270 1291 1390 1330 errorum
1403 1276 1583 1345 popularium,
1597 1278 1642 1331 rel
1655 1278 1685 1332 in

54 1349 193 1421 autlonga
206 1351 307 1406 moral
338 1350 409 1412 Quid
422 1351 464 1405 ris
479 1359 527 1404 aut
540 1350 676 1406 hebetudo
688 1352 749 1406 rei?
783 1353 852 1413 Quid
890 1350 1008 1405 historia
1027 1351 1152 1416 naturali,
1175 1352 1220 1407 rel
1240 1354 1269 1407 in
1296 1354 1468 1424 dogmatibus
1495 1357 1684 1424 grassantium,

55 1430 176 1484 stimulus
191 1430 379 1500 peristaseosl
405 1429 495 1501 Atque
508 1430 552 1485 lua
566 1437 629 1484 suut
642 1430 767 1503 phycicoe
780 1449 852 1486 veroe
890 1428 1055 1502 adjungere:
1076 1448 1109 1485 ne
1123 1431 1180 1487 illas
1193 1433 1310 1501 amplius
1324 1434 1447 1488 scientiis
1456 1434 1579 1489 molesta
1592 1436 1655 1490 sint.

54 1509 85 1561 de
106 1510 250 1564 abstractis
264 1518 358 1580 partes
370 1511 504 1581 genuinae.
544 1510 654 1564 Etenim
678 1510 708 1563 in
731 1510 852 1565 schema·
930 1510 1006 1570 Quod
1016 1511 1051 1563 ad
1064 1510 1165 1581 placita
1172 1512 1342 1583 antiquorum
1350 1512 1581 1583 philosophorum,
1592 1515 1684 1584 qualia

54 1589 140 1642 tismis
159 1591 290 1653 materiae,
310 1591 341 1643 in
361 1589 478 1643 motibus
499 1589 676 1658 simplicibus,
690 1589 719 1643 in
738 1591 852 1644 summis
889 1587 999 1643 suerunt
1011 1589 1183 1661 Pythagorea,
1197 1590 1325 1656 Philolai,
1340 1591 1527 1662 Xenophanis,
1538 1592 1683 1665 Anaxago

54 1667 108 1721 rire
130 1669 371 1739 aggregationibus
392 1677 525 1731 motuum,
539 1676 568 1721 et
587 1668 616 1721 in
638 1669 772 1723 mensuris
792 1686 850 1724 mo·
889 1684 934 1731 ree,
949 1668 1126 1732 Parmenidia,
1139 1669 1281 1739 Leucippi,
1296 1671 1452 1736 Democriti,
1472 1672 1587 1726 aliorum
1609 1675 1682 1743 (quta

55 1755 135 1810 tumn,
146 1748 264 1818 physica
277 1748 312 1801 de
325 1748 468 1802 abstractis
481 1747 638 1801 amolritur.
660 1748 735 1802 Nam
748 1757 851 1803 motum
890 1746 1015 1802 homiues
1034 1749 1210 1817 contemptim
1228 1765 1383 1819 percurrere
1403 1750 1503 1818 solent)
1517 1767 1571 1805 non
1590 1753 1639 1805 abs
1652 1771 1682 1805 re

53 1825 275 1881 summanum
290 1827 469 1890 animalibus;
490 1835 594 1881 motum
612 1826 659 1897 qui
673 1827 703 1880 lit
720 1828 752 1881 in
770 1829 852 1881 aedo·
890 1825 973 1879 inerit
986 1826 1068 1897 paulo
1081 1827 1228 1882 modestius
1241 1829 1270 1881 in
1285 1845 1317 1882 ea
1330 1829 1421 1885 oculos
1439 1831 1581 1898 conjicere.
1622 1832 1682 1886 Etsi

53 1906 130 1960 nibus
155 1924 305 1972 sensuum
336 1915 441 1961 motum
467 1906 625 1976 phantasia,
653 1906 797 1976 appetitus,
824 1915 852 1961 et
889 1906 963 1959 enim
987 1905 1155 1971 Aristoteles,
1180 1924 1256 1961 more
1279 1907 1492 1974 Ottomanorum,
1514 1927 1629 1981 regnare
1652 1927 1681 1965 se

53 1985 213 2050 volontatis;
228 1994 333 2042 motum
343 1985 566 2050 mentisdecreti,
579 1993 606 2039 et
615 1984 850 2051 intellectualium,
889 1982 963 2039 haud
984 1992 1042 2040 tuto
1062 2002 1141 2055 posse
1164 1994 1277 2056 putaret,
1302 1988 1355 2042 nisi
1378 1989 1476 2042 fratrea
1499 2006 1563 2043 suos
1587 2006 1681 2043 omnes

54 2065 87 2116 sd
107 2065 235 2136 proprias
264 2066 399 2120 docminas
426 2066 611 2120 amandemus.
659 2064 732 2119 Illud
757 2074 850 2120 tamen
888 2064 1112 2129 contrucidatam,
1134 2076 1225 2119 tamen
1238 2066 1280 2128 iis,
1296 2068 1342 2138 qui
1356 2084 1411 2120 non
1428 2084 1543 2138 regnum
1562 2076 1609 2122 aut
1622 2086 1681 2122 ma·

54 2145 147 2197 iterato
173 2162 325 2209 monemus,
349 2145 476 2199 universa
499 2144 567 2207 haec,
589 2161 650 2215 qum
672 2144 799 2208 diximus,
820 2147 849 2199 in
888 2143 1037 2212 gisterium,
1051 2146 1099 2198 sed
1112 2145 1235 2201 veritatis
1247 2146 1449 2217 inquisitionem
1468 2153 1548 2218 atque
1562 2146 1680 2202 illustra·

54 2223 165 2292 physica
179 2241 235 2277 non
257 2224 371 2279 ulterius
393 2223 511 2288 tractari,
526 2238 609 2294 quam
629 2230 659 2277 ut
678 2223 850 2294 inquirantur
888 2223 991 2278 tionem
1011 2223 1064 2278 sibi
1086 2231 1250 2295 proponunt,
1267 2242 1322 2279 non
1344 2232 1433 2296 potest
1453 2242 1507 2280 non
1528 2226 1613 2281 rideri
1637 2244 1681 2282 res

54 2303 164 2357 materia
179 2313 206 2357 et
219 2304 344 2358 efficiens
363 2305 503 2374 ipsorum
524 2310 701 2357 reuertentur
724 2304 797 2357 enim
820 2305 850 2358 in
887 2301 970 2366 utilia,
997 2302 1119 2358 diversas
1146 2303 1320 2370 diversorum,
1345 2305 1419 2360 circa
1445 2323 1536 2361 rerum
1560 2316 1680 2371 naturas,

53 2382 247 2451 metaphysica,
263 2383 353 2453 quoad
366 2383 467 2437 formas
482 2389 511 2436 et
524 2382 600 2436 fines.
887 2382 1036 2450 opiniones,
1051 2384 1103 2438 sub
1117 2400 1173 2438 uno
1191 2391 1303 2453 aspectu
1320 2385 1427 2439 intueri.
1468 2385 1567 2457 Neque
1589 2394 1680 2440 tamen

89 2461 218 2530 Physica.
238 2463 432 2533 subjungemus
451 2462 616 2532 appendices
628 2460 750 2532 insignes
763 2462 847 2526 duas;
887 2461 981 2515 subest
995 2478 1058 2531 spes
1076 2463 1148 2533 quod
1162 2464 1263 2517 veritas
1281 2463 1374 2534 aliqua
1394 2464 1495 2535 purior,
1510 2482 1546 2519 ex
1566 2463 1622 2519 illis
1635 2475 1680 2521 aut

53 2558 179 2608 φησι]
193 2550 250 2594 tam
263 2542 300 2595 ad
320 2543 470 2605 materiam,
484 2558 565 2611 quam
579 2540 738 2595 admodum
758 2542 848 2613 inqui·
886 2539 1023 2596 similibus
1037 2541 1157 2605 theoriis,
1173 2542 1307 2611 speranda
1320 2542 1376 2598 ullo
1396 2544 1476 2598 modo
1496 2545 1539 2598 sit.
1581 2544 1679 2607 Quem·

53 2621 162 2682 citima,
178 2629 323 2691 spectaut3
344 2620 513 2692 problemata
533 2620 677 2683 naturalia,
700 2629 727 2674 et
748 2621 849 2690 placita
886 2618 1030 2674 admodum
1044 2622 1117 2675 enim
1131 2621 1226 2676 eadem
1240 2622 1428 2691 phmnomena,
1442 2624 1524 2678 iidem
1539 2623 1636 2679 calculi
1651 2632 1680 2678 et

53 2702 222 2770 antiquorum
235 2700 469 2771 philosophomm.
509 2697 590 2753 Prior
601 2707 706 2754 naturae
718 2700 848 2770 multipli-
885 2698 1025 2755 Ptolemaei
1041 2701 1181 2771 principiis
1195 2701 1390 2766 astronomicis,
1404 2712 1434 2756 et
1447 2703 1594 2773 (lopernici
1607 2721 1678 2759 com·

52 2780 88 2832 cis
101 2781 422 2851 siresparsaeappendix
432 2787 490 2835 est:
511 2778 631 2834 secunda
641 2788 746 2834 naturae
756 2782 847 2846 unitae,
885 2786 998 2847 petunt:
1028 2779 1066 2832 ita
1086 2780 1254 2850 experientia
1272 2780 1326 2834 ista
1347 2782 1474 2853 vulgaris,
1496 2799 1549 2852 qna
1569 2783 1678 2846 utimur,

53 2859 105 2912 rire
119 2876 307 2924 summarum
328 2868 442 2930 utraque
456 2859 491 2913 ad
508 2858 636 2914 solertem
649 2858 847 2915 dubitationem
885 2865 965 2929 atque
979 2858 1059 2912 obvia
1073 2876 1163 2914 rerum
1183 2858 1273 2923 iacies,
1288 2859 1411 2930 pluribus
1430 2861 1544 2915 diversis
1564 2861 1678 2916 theoriis

52 2940 174 3007 pertinet,
195 2957 258 3011 qum
279 2941 400 2995 scientia
422 2957 486 3010 pars
505 2947 548 2994 cst
567 2956 622 2993 non
642 2942 846 2996 contemnenda
884 2954 914 2991 se
928 2939 1066 3008 applicare
1080 2947 1184 3010 potest:
1205 2940 1252 2994 ubi
1267 2941 1302 2994 ad
1315 2950 1417 3013 rectam
1429 2942 1553 2997 veritatis
1566 2942 1679 3013 indaga-

52 3018 123 3071 sam
141 3020 317 3089 problemata
330 3019 506 3091 particulares
519 3019 701 3074 dubitationes
714 3019 847 3090 complec·
885 3018 987 3072 tionem
999 3018 1081 3089 longe
1095 3018 1150 3072 alia
1163 3019 1306 3074 severitate
1319 3037 1387 3090 opus
1400 3019 1491 3076 luerit.
1530 3020 1679 3092 Eleganter

51 3106 158 3163 tantur,
173 3098 278 3168 placita
288 3100 430 3170 generales
438 3099 511 3153 circa
521 3099 658 3169 principia
667 3107 695 3152 ct
705 3099 845 3155 fabricam.
884 3098 959 3152 enim
986 3098 1164 3153 Aristoteles:
1197 3104 1213 3130 ‘¹
1228 3099 1351 3154 Infantes
1378 3101 1465 3170 primo
1488 3101 1677 3166 balbutientes,

51 3176 253 3232 Problematom
267 3178 422 3249 exemplum
443 3177 536 3233 nobile
557 3186 601 3232 est
620 3179 651 3232 in
673 3177 750 3232 libris
771 3178 847 3234 Aris·
884 3178 994 3248 quassis
1007 3177 1134 3232 mulieres
1148 3177 1286 3249 appellare
1300 3188 1417 3244 matrem
1438 3187 1500 3250 post
1513 3187 1605 3235 sutem
1617 3197 1678 3250 pro·

52 3256 158 3312 tutelis:
180 3258 254 3328 quod
268 3276 354 3329 genus
369 3258 459 3328 operis
479 3258 580 3312 meruit
592 3265 673 3320 certe,
688 3275 743 3312 non
757 3257 846 3313 solum
884 3256 973 3326 priam
986 3266 1100 3312 matrem
1114 3258 1293 3312 discernere.’'
1324 3259 1369 3313 Sic
1383 3267 1455 3314 certe
1469 3259 1582 3331 puerilis
1595 3277 1678 3331 expe·

52 3344 79 3388 at
99 3345 272 3405 posterorum
296 3337 422 3392 laudibus
443 3336 630 3402 celebraretur,
647 3355 740 3392 verum
763 3338 846 3392 etiarn
883 3336 990 3402 rientia,
1019 3353 1128 3392 omnem
1151 3337 1356 3409 philosophiam
1379 3339 1528 3411 appellabit
1546 3347 1677 3395 matrem:

51 3424 186 3469 uteorum
200 3415 341 3472 laboribus
353 3419 570 3479 continuaretur;
592 3434 653 3471 cum
665 3417 845 3472 dubitationes
883 3414 976 3470 adulta
1001 3433 1066 3471 vero
1092 3425 1206 3471 matrem
1232 3435 1324 3473 reram
1349 3418 1520 3474 inter-noscet.
1570 3419 1679 3473 Interea

49 3494 135 3549 mdies
148 3497 272 3551 oriantur
281 3514 369 3551 novae.
399 3496 525 3551 tuamen
538 3497 567 3549 in
582 3496 634 3550 hac
648 3512 677 3549 rc
691 3495 846 3551 adhibenda
880 3495 989 3561 jurabit
1015 3496 1204 3566 philosophias
1231 3497 1424 3567 discrepantes,
1446 3498 1531 3553 veluti
1557 3495 1678 3552 divcrm

49 3582 87 3627 cst
100 3576 195 3628 mutio
207 3576 302 3646 magni
316 3576 409 3646 utique
429 3576 568 3630 momenti.
609 3576 760 3629 Dubiorum
774 3592 845 3630 com·
884 3582 987 3630 ustura
1000 3574 1106 3646 glossas
1121 3578 1249 3647 (quarum
1261 3594 1317 3632 una
1333 3577 1448 3632 fortasse
1466 3595 1522 3632 uno
1542 3575 1678 3641 loco,alia

49 3654 209 3708 memoratio
224 3664 254 3709 et
267 3656 417 3725 propositio
430 3655 565 3724 duplicem
578 3656 608 3709 in
626 3672 657 3709 se
674 3654 758 3708 habet
777 3656 846 3709 fruc-
883 3652 939 3707 alio
953 3661 996 3709 est
1008 3656 1188 3723 emendatior)
1202 3655 1351 3726 perlegere.
1394 3656 1519 3727 Optarim
1535 3656 1626 3727 igitur,
1641 3674 1678 3712 ex

50 3744 121 3787 tom:
154 3750 250 3797 unum,
282 3735 352 3805 quod
379 3733 584 3805 philosophiam
615 3735 721 3789 muniat
751 3742 846 3789 contra
883 3732 947 3787 vitis
967 3734 1141 3805 antiquorum
1159 3734 1393 3805 philosophorum,
1413 3754 1449 3791 ex
1466 3736 1596 3790 fasciculo
1615 3736 1678 3791 Plu-

50 3828 165 3866 mest
188 3814 348 3884 quandoid,
363 3812 436 3885 quod
445 3829 499 3867 nnn
513 3812 594 3883 plane
603 3812 697 3885 liquet,
707 3830 762 3867 non
774 3814 845 3882 judi·
883 3812 973 3867 tarchi
986 3813 1019 3866 de
1034 3813 1143 3883 placitis
1153 3830 1255 3887 eorrrm,
1266 3832 1302 3870 ex
1312 3816 1485 3870 citationibus
1500 3814 1629 3880 Platonis,
1641 3834 1677 3871 ex

50 3900 183 3945 caturam
196 3894 335 3955 asseritur,
350 3895 397 3960 (ne
415 3909 489 3947 error
510 3909 628 3947 errorem
644 3893 782 3964 gigneret)
797 3894 845 3948 sed
883 3892 1111 3947 confutationibus
1123 3892 1286 3957 Aristotelis,
1300 3913 1335 3948 ea
1348 3911 1444 3964 sparsa
1457 3895 1602 3959 mentione,
1616 3913 1677 3966 quea

52 3972 223 4041 suspenditur
245 3972 279 4024 de
301 3990 334 4025 eo
353 3972 496 4039 judicium,
510 3979 537 4026 ct
557 3989 613 4026 non
634 3973 664 4026 fit
682 3973 843 4042 positivum:
882 3970 999 4025 habetur
1011 3972 1040 4025 in
1054 3972 1116 4026 aliis
1129 3972 1215 4037 libris,
1235 3981 1290 4026 tam
1309 3973 1508 4037 ecclesiasticis,
1523 3991 1605 4045 quam
1619 3975 1678 4029 eth·

51 4048 173 4111 alterum,
189 4052 261 4120 qnod
276 4051 456 4105 dubitationes
469 4052 499 4105 in
512 4050 652 4105 codicillos
668 4051 768 4116 relatae,
785 4053 845 4105 toti-
882 4051 952 4104 nicis
971 4051 1134 4120 (Lactantio,
1158 4050 1281 4114 Philone,
1307 4051 1478 4116 Philostrato,
1503 4061 1531 4108 et
1549 4053 1675 4125 reliquis)

51 4127 109 4183 dem
121 4130 247 4199 spongiae
260 4142 329 4193 suna
341 4149 402 4202 quae
410 4130 704 4185 incrementascientiae
713 4142 845 4201 perpetuo
883 4147 951 4200 opus
965 4131 1069 4193 confici,
1083 4148 1146 4184 cum
1164 4130 1308 4201 diligentia
1326 4140 1354 4185 et
1372 4132 1484 4200 judicio,
1503 4132 1537 4187 de
1558 4135 1677 4204 antiquis

50 4208 124 4262 adae
138 4218 242 4279 angant
256 4215 284 4263 et
298 4209 435 4272 alliciant;
455 4212 527 4264 uude
546 4211 622 4264 litut
637 4209 692 4273 illa,
708 4228 776 4282 quae,
790 4211 844 4265 nisi
883 4209 1075 4280 philosophiis.
1115 4209 1182 4264 Tale
1193 4211 1267 4264 enim
1277 4227 1345 4280 opus
1355 4211 1474 4266 nondum
1484 4219 1578 4267 extare
1589 4214 1676 4268 rideo.

51 4290 254 4354 praecessissent
281 4288 473 4351 dubitationes,
500 4289 596 4343 leviter
622 4296 650 4342 et
676 4290 749 4344 sicco
775 4291 844 4360 pede
883 4289 1013 4343 Attamen
1026 4288 1072 4344 hic
1085 4306 1191 4353 moneo,
1199 4298 1229 4344 ut
1243 4288 1295 4343 hoc
1304 4290 1351 4343 liat
1363 4291 1506 4346 distincte:
1528 4292 1567 4346 ita
1580 4299 1612 4347 ut
1624 4293 1677 4346 sin-

50 4368 206 4421 transmissa
226 4367 348 4431 fuissent,
367 4368 567 4423 dubitationum
586 4369 725 4424 admonitu
744 4376 845 4423 attente
883 4367 955 4437 gulas
969 4367 1151 4439 philosophia
1165 4384 1287 4423 seorsum
1300 4380 1497 4439 componantur
1510 4378 1540 4426 et
1552 4373 1677 4427 continu·

49 4454 73 4498 et
86 4446 209 4500 studioec
224 4447 409 4501 observentur.
450 4447 553 4505 Verum
573 4448 616 4502 hae
637 4447 697 4502 dum
714 4448 844 4503 utilitates
883 4455 976 4511 enturr,
997 4464 1052 4501 non
1072 4465 1122 4518 per
1140 4446 1235 4503 titulos
1253 4457 1281 4503 et
1300 4447 1443 4504 fasciculos
1463 4450 1549 4522 (quod
1567 4451 1676 4506 Plutar-

49 4524 93 4578 rix
109 4544 196 4580 unum
215 4535 393 4596 compensant
413 4526 619 4591 incommodum,
633 4527 778 4598 quodnisi
799 4544 843 4582 se·
883 4527 951 4581 chus
965 4527 1045 4594 fecit)
1063 4527 1242 4597 excipiantur.
1283 4527 1391 4588 Quaevis
1408 4530 1481 4583 enim
1500 4529 1678 4601 philosophia

48 4603 110 4657 dolo
123 4605 311 4675 prohibeatur,
326 4622 356 4660 se
369 4607 491 4676 ingeret:
512 4607 641 4660 nimirum
656 4606 727 4677 quod
740 4607 845 4661 dubita·
883 4607 990 4676 integra
1003 4623 1032 4661 ac
1046 4606 1134 4677 ipsum
1147 4614 1294 4661 sustentat:
1316 4617 1397 4680 atque
1411 4609 1539 4680 dogmata
1551 4611 1611 4680 ejus
1624 4611 1677 4664 sibi

49 4685 93 4743 tio,
107 4686 131 4737 si
147 4684 235 4738 semel
251 4684 407 4739 admittatur
420 4696 550 4756 tanquam
569 4683 650 4760 justa,
666 4696 693 4739 et
705 4688 752 4740 fiat
767 4688 843 4758 quasi
882 4695 976 4740 mutuo
990 4695 1017 4740 et
1030 4685 1122 4741 lumen
1137 4694 1164 4739 et
1176 4686 1259 4741 robur
1275 4687 1420 4755 adjiciunt:
1442 4690 1516 4760 quod
1534 4691 1557 4745 si
1575 4691 1676 4744 distra-

49 4763 213 4826 suthentica,
234 4765 329 4819 statim
348 4764 503 4819 defensores
524 4765 552 4817 in
572 4772 714 4836 utramque
739 4775 844 4836 partem
883 4765 990 4830 bantur,
1016 4766 1190 4836 peregrinum
1222 4766 1352 4837 quiddam
1383 4779 1412 4822 et
1443 4770 1540 4823 durum
1571 4778 1676 4824 sonant.

47 4842 197 4906 mscitahit,
208 4844 257 4914 qui
271 4844 353 4898 ctiam
367 4845 483 4913 posteris
497 4844 610 4898 eandem
621 4843 758 4898 licentiam
769 4845 844 4899 dubi·
883 4844 965 4899 Certe
979 4845 1087 4916 quando
1101 4844 1173 4914 apud
1187 4844 1313 4901 Tacitum
1328 4846 1390 4917 lego
1404 4847 1476 4902 facts
1495 4850 1615 4903 Neronis
1629 4856 1676 4903 aut

49 4922 119 4975 tandi
141 4923 346 4976 transmittant:
370 4923 439 4977 adeo
461 4931 493 4977 ut
514 4922 641 4977 homines
663 4923 774 4994 ingenia
795 4941 844 4979 sna
883 4924 999 4987 Claudii,
1024 4924 1232 4979 circumstantiis
1257 4932 1416 4995 temporum,
1440 4944 1623 4996 personarum,
1649 4936 1677 4982 ct

49 5000 187 5054 rumdam
202 5009 230 5055 et
247 5003 385 5073 applicent
398 5002 433 5055 ad
446 5002 507 5064 hoc,
521 5011 552 5055 ut
565 5001 654 5056 alatur
665 5003 753 5071 potius
769 5004 844 5058 dubi·
882 5005 1054 5057 occasionum
1067 5004 1183 5067 restita;
1204 4998 1336 5059 uil‘sideo
1357 5007 1428 5076 quod
1450 5024 1467 5059 a
1485 5007 1676 5077 probabilitate

49 5082 119 5144 tatio,
133 5097 220 5152 qnam
234 5083 394 5135 terminetur
407 5089 454 5134 aut
468 5080 593 5136 solvatur.
635 5080 720 5149 Crrjus
734 5083 843 5153 quidem
882 5099 993 5151 prorsus
1007 5083 1168 5137 abhorrenti
1189 5100 1248 5138 cum
1263 5101 1328 5139 vero
1342 5086 1437 5141 cadem
1450 5085 1514 5157 lego
1530 5086 1559 5139 in
1579 5086 1676 5141 Sueto·

49 5160 84 5211 rei
99 5160 231 5229 exempla
245 5168 273 5215 et
287 5161 316 5214 in
333 5161 505 5230 jurisperitis,
520 5168 548 5214 et
560 5162 589 5214 in
602 5161 766 5215 academicis
788 5163 845 5215 ubi-
882 5163 929 5216 nio
942 5161 1109 5234 Tranquillo,
1124 5179 1174 5232 per
1187 5164 1277 5232 capita
1290 5173 1316 5218 et
1330 5182 1487 5220 communes
1499 5164 1580 5229 locos,
1593 5166 1676 5220 mini·

48 5254 98 5306 qne
120 5248 285 5293 occurram:
306 5239 404 5310 quibus
426 5240 510 5293 moris
531 5248 579 5302 est,
597 5248 628 5293 ut
648 5240 844 5296 dubitationem
882 5258 981 5313 meque
995 5241 1024 5295 in
1037 5243 1107 5295 serie
1118 5243 1246 5311 temporis
1260 5253 1462 5313 repreasentate,
1473 5251 1677 5315 portentaque·

48 5318 129 5371 semel
148 5318 308 5383 admissam
321 5327 481 5389 perpetuam
501 5335 560 5372 esse
575 5319 668 5384 velint,
683 5337 733 5374 nec
754 5321 844 5375 minua
882 5321 945 5375 dam
960 5321 1091 5384 ridentur,
1106 5329 1134 5375 et
1146 5320 1416 5392 planeincredibilia.
1457 5322 1557 5391 Neque
1568 5324 1678 5378 absimi-

49 5396 196 5461 dobitandi,
211 5415 296 5468 qnam
308 5398 455 5461 asserendi,
465 5407 667 5453 auctoramenta
681 5399 846 5470 amplectari·
882 5400 916 5454 lis
930 5408 972 5455 est
985 5400 1054 5454 ratio
1068 5399 1257 5471 philosophiae,
1269 5402 1378 5473 quando
1391 5401 1550 5471 proponitur
1563 5402 1676 5474 integra,

48 5486 107 5529 mr:
128 5494 194 5531 cnm
210 5486 303 5531 tamen
317 5475 363 5530 ille
380 5478 490 5530 demum
509 5478 546 5532 sit
557 5477 660 5548 ingenii
674 5496 739 5534 usus
751 5479 844 5550 legiti-
883 5488 909 5533 et
930 5481 1038 5551 quando
1059 5480 1088 5535 in
1110 5479 1213 5536 frustra
1232 5482 1341 5536 concisa
1363 5488 1390 5537 et
1409 5480 1535 5535 dissecta.
1578 5484 1677 5555 Neque

87 5570 149 5610 ror.
172 5572 203 5609 u.
439 5570 454 5607 z
