3800 5875
212 332 271 397 ³74
723 327 774 381 DE
795 321 1021 380 lacunatis
1042 316 1319 379 sctanmaatiut.
1708 310 1773 366 Iun.
1788 312 1841 366 Vl.

210 489 443 555 terolaudaretur,
453 487 546 543 animo
555 486 689 542 malevolo
699 491 726 540 et
735 494 873 556 proposito
882 481 1006 546 nocendi,
1042 484 1199 549 proximatu
1211 476 1308 533 malua.
1348 473 1465 545 Propter
1476 470 1686 543 protectionem
1706 487 1845 527 marnoa

210 572 322 627 naribus
336 571 395 639 ejus
409 567 544 640 pustulam
553 566 770 621 mamisolere.
805 563 890 618 Fallit
899 562 1005 627 iterum,
1044 557 1131 613 solum
1147 575 1192 613 res
1213 556 1312 612 rodunt
1332 562 1361 609 ct
1380 557 1581 646 congregantur
1601 559 1714 644 propter
1728 566 1845 605 consor·

211 649 380 724 quialandes
402 647 537 703 interdum
558 646 717 718 impertiunt
736 643 850 708 inimici,
874 650 1006 713 tanquam
1043 638 1121 703 tium
1145 644 1173 691 et
1195 645 1299 691 naturae
1323 633 1536 696 similitudinem,
1559 631 1713 687 sedetiam
1736 630 1846 685 malum

210 727 431 803 praefatiunculas
444 727 583 799 quasdam,
602 734 633 780 ut
645 730 741 795 postea
758 722 872 779 liberius
885 730 913 776 et
925 721 1005 775 mali·
1044 716 1207 791 (prasertim
1221 713 1398 781 incivilibus)
1413 711 1743 783 coniugitadbouum,ut
1756 710 1847 764 lateat
1888 780 1889 789 ἶ

210 811 306 865 tiosiue
336 807 573 863 calumniarentur.
628 805 673 859 Ex
706 804 793 857 altere
820 808 906 872 perte,
934 799 1006 855 fallit
1044 805 1072 851 et
1084 802 1252 867 protegatur.
1283 795 1380 865 Itaque
1391 791 1515 847 scelerati
1525 791 1652 883 homiues
1661 788 1847 860 petemtssyla

211 889 296 944 etiam
322 888 375 943 hoc
398 885 538 957 sophisma
562 893 675 957 propter
697 884 824 939 astutiam
846 882 1004 936 amicorum.
1043 876 1173 940 divorum,
1189 882 1217 931 et
1229 873 1326 929 sitiam
1338 875 1429 944 ipsum
1447 888 1477 927 ae
1495 872 1525 927 in
1538 879 1648 927 virtutus
1663 870 1789 927 umbram
1802 885 1847 925 re-

212 967 307 1024 Soleut
320 969 393 1022 euim
407 976 435 1021 et
449 965 491 1020 illi
504 964 572 1019 vitia
584 966 734 1018 amicorum
751 963 887 1017 interdum
906 975 1005 1031 agnos-
1044 955 1125 1025 cipit:

211 1064 282 1113 cere,
297 1055 324 1102 et
338 1046 493 1116 predicare,
506 1061 561 1099 aon
576 1043 647 1115 quod
661 1042 754 1115 aliqua
766 1042 809 1097 ris
821 1040 944 1095 veritatis
958 1055 1005 1095 eoa
1189 1075 1205 1099 „
1218 1072 1272 1135 ⁸⁰9
1274 1070 1444 1120 mmm
1454 1069 1604 1132 proximitate
1612 1066 1697 1116 hm„

211 1135 300 1198 cogat,
311 1128 359 1181 sed
367 1125 548 1196 caeligentea,
556 1141 617 1195 quse
623 1123 766 1177 minimum
776 1121 878 1176 amieos
888 1136 950 1175 suos
957 1118 1005 1173 lra-

211 1207 275 1262 dere
289 1206 402 1278 possint,
417 1222 449 1260 ac
463 1205 487 1259 si
499 1209 597 1258 eaetera
608 1202 718 1274 quidem
731 1202 782 1256 viri
797 1200 891 1272 optimi
906 1208 1004 1253 essent
1084 1186 1187 1247 Contra
1209 1198 1237 1246 et
1259 1190 1361 1245 bouum
1381 1205 1411 1244 ae
1435 1194 1570 1259 aggregat
1591 1186 1628 1241 ad
1651 1184 1764 1251 malum,
1786 1201 1846 1239 nors

211 1287 295 1342 Fallit
314 1287 419 1350 iterum,
435 1284 499 1355 quia
518 1283 599 1338 amici
621 1299 727 1354 quoque
748 1278 1005 1357 reprehensionibus
1043 1280 1154 1342 propter
1174 1270 1348 1334 consortium,
1363 1267 1411 1323 sed
1430 1274 1461 1323 ut
1477 1266 1553 1359 illud.
1565 1272 1704 1359 convertat
1715 1275 1743 1319 ot
1755 1264 1846 1321 reiae-

211 1366 268 1420 suis
287 1365 370 1434 (sicut
391 1365 425 1418 de
448 1363 553 1418 inimici
572 1361 698 1417 laudibus
720 1361 850 1427 dimmus)
875 1367 1006 1430 tauquam
1044 1358 1102 1406 met
1123 1352 1153 1406 in
1174 1351 1283 1406 bonum.
1324 1350 1421 1420 Itaque
1436 1354 1464 1402 et
1482 1346 1581 1402 medica
1599 1362 1691 1436 magra
1710 1345 1846 1401 socedum

211 1445 423 1516 prefatiunculia
436 1442 598 1515 quibusdam
611 1449 732 1506 utuntur,
741 1458 795 1513 quo
810 1436 891 1510 paulo
900 1445 963 1509 post
976 1436 1007 1491 in
1044 1431 1080 1486 ad
1089 1438 1214 1503 egrotos,
1228 1447 1309 1502 quam
1323 1428 1359 1483 ad
1376 1443 1469 1493 sanum
1490 1434 1518 1481 et
1533 1426 1673 1481 Servatorr
1685 1431 1780 1480 nosne
1792 1424 1844 1479 cb-

210 1524 305 1580 laudes
319 1524 432 1579 effusius
445 1528 599 1578 excurrant.
1040 1510 1143 1580 jectum
1167 1519 1215 1603 est,
1240 1509 1310 1581 quod
1331 1514 1534 1564 conversaretur
1555 1522 1619 1561 cum
1640 1502 1794 1576 pneumon
1817 1511 1846 1559 et

501 1659 644 1700 soaarsrss
664 1658 712 1697 111.
1043 1590 1239 1661 mmmm

251 1755 365 1826 “Cujus
386 1754 503 1825 privatio
522 1753 601 1817 bona,
625 1752 653 1806 id
673 1752 764 1821 ipmm
784 1751 905 1818 malum3
928 1751 1007 1820 cujus
1784 1820 1791 1832 .
1825 1820 1832 1833 .

211 1835 328 1906 privatio
341 1834 421 1899 mala,
435 1833 464 1888 id
476 1833 567 1904 ipmm
578 1832 705 1887 bouum.''
1084 1832 1100 1859 ‘⁴
1111 1826 1164 1881 Cui
1176 1833 1282 1882 catera
1294 1824 1444 1896 partesve]
1457 1829 1547 1887 meta,
1560 1823 1695 1879 secandas
1708 1837 1846 1875 unanime-

1044 1912 1086 1961 ter
1106 1906 1230 1960 deferunt
1246 1908 1321 1974 (cum
1342 1903 1457 1974 singula
1477 1903 1661 1974 principatum
1677 1899 1728 1955 sibi
1752 1900 1844 1955 rendi

1044 1982 1122 2060 cent)
1135 1985 1232 2040 melior
1250 1984 1360 2054 reliquie
1375 1984 1500 2039 rideture
1520 1999 1585 2037 nam
1608 1982 1713 2052 primas
1725 1996 1844 2051 qumque
1888 2050 1889 2061 ἵ

251 2067 335 2123 Fallit
348 2065 491 2136 sophisma
510 2064 615 2119 duobus
628 2063 732 2119 modis:
754 2071 801 2119 aut
813 2071 924 2135 propter
936 2080 1007 2119 com·
1045 2083 1080 2120 ex
1094 2065 1153 2120 selo
1172 2065 1279 2119 ridetur
1291 2081 1406 2129 sumere,
1419 2062 1551 2118 mcuudas
1570 2070 1663 2117 autem
1682 2076 1721 2115 ex
1734 2075 1802 2114 sero
1816 2069 1845 2114 et
1888 2106 1889 2141 ἐ

212 2148 382 2218 parationem
397 2144 459 2198 boui
475 2153 502 2198 et
517 2142 597 2208 mali3
618 2153 666 2199 aut
678 2149 790 2214 propter
809 2144 1007 2199 successionem
1045 2145 1143 2200 mento
1156 2143 1300 2199 tribuere.''

212 2227 277 2281 boni
290 2226 324 2280 ad
338 2226 445 2286 bonum,
460 2231 508 2277 aut
524 2222 590 2276 mali
604 2222 639 2277 ad
652 2221 762 2277 melum
804 2223 921 2293 Propter
933 2240 1007 2277 eom·
1085 2226 1128 2279 lta
1145 2223 1242 2279 Cicero
1259 2227 1470 2294 argumentatur,
1484 2226 1589 2277 sectam
1607 2218 1844 2284 Academicorum,
1888 2250 1889 2257 κ

212 2305 396 2376 parationem
417 2304 550 2357 sibonum
566 2302 648 2357 suerit
661 2302 754 2372 generi
768 2301 895 2367 hnmano,
906 2303 1006 2373 privari
1046 2321 1106 2375 quse
1119 2302 1313 2374 scentepsiam
1325 2301 1420 2367 tenuit,
1431 2300 1667 2373 philosophisrum
1678 2299 1764 2355 tasse
1775 2315 1845 2369 prse-

213 2382 698 2454 esuglandium,nonsequiturquod
707 2381 852 2437 malusille
866 2390 937 2447 erat;
959 2384 1007 2437 sed
1045 2385 1246 2438 amatissimam.
1302 2388 1319 2415 ‘⁴
1333 2382 1476 2452 Interroga
1499 2382 1596 2436 enim’'
1625 2381 1717 2452 inquit
1739 2385 1757 2411 ‘⁴
1770 2379 1845 2434 Stoi·

212 2463 328 2518 Dodona
342 2463 421 2523 bons,
435 2462 519 2516 Ceres
533 2460 635 2516 melior.
675 2461 783 2533 Neque,
797 2462 820 2516 si
835 2461 937 2517 malum
957 2463 1008 2517 suit
1045 2481 1116 2527 cum,
1132 2481 1193 2535 quae
1204 2470 1278 2517 secta
1291 2462 1327 2517 sit
1339 2461 1443 2532 polion
1458 2460 1506 2515 ille
1520 2477 1599 2516 suam
1608 2462 1717 2517 caterio
1730 2465 1845 2531 antepo-

212 2543 313 2614 populo
327 2543 504 2612 Syracusano,
519 2540 653 2610 Dionysio
664 2541 773 2595 seniore
787 2542 897 2611 privari,
916 2543 1007 2614 sequi·
1045 2549 1104 2597 net:
1125 2540 1221 2597 deinde
1234 2560 1296 2614 qum
1307 2541 1442 2596 secundas
1455 2547 1555 2605 maest,
1567 2540 1763 2597 Academicum
1777 2539 1845 2594 fate·

212 2629 256 2677 tur
276 2621 348 2694 qaod
370 2620 519 2690 Dionysius
532 2619 579 2674 ille
593 2621 679 2675 bonus
689 2620 776 2685 buerit,
787 2621 834 2675 sed
848 2621 939 2676 minus
953 2638 1008 2676 ma-
1045 2621 1128 2677 bitur.
1167 2622 1228 2694 Age
1247 2620 1374 2676 similiter
1393 2638 1455 2675 cam
1467 2620 1602 2692 Epicureo
1616 2618 1680 2698 (qui
1694 2619 1781 2675 Stoici
1794 2620 1844 2674 six

212 2701 263 2766 lus,
287 2719 368 2774 quam
390 2702 490 2770 junior.
538 2699 654 2770 Propter
674 2701 885 2755 successionem:
907 2701 1007 2755 etenim
1046 2709 1186 2771 aspectum
1199 2701 1367 2769 toleraverit)
1383 2708 1528 2771 postquam
1549 2718 1628 2755 suam
1642 2708 1745 2756 sectam
1759 2697 1845 2754 cosso-

212 2781 330 2851 privatio
343 2782 409 2835 boni
429 2779 545 2848 alicujus
563 2795 619 2833 non
632 2796 741 2850 semper
759 2781 806 2834 dat
819 2779 910 2835 locum
923 2780 1007 2847 malo,
1045 2782 1113 2836 cauit
1122 2782 1151 2836 in
1162 2797 1275 2845 summo,
1287 2780 1431 2835 collocabit
1439 2780 1631 2835 Academicum
1642 2782 1672 2835 iu
1685 2779 1841 2851 proximo?

212 2861 260 2915 sed
281 2860 442 2932 quandoque
465 2859 563 2927 majori
584 2858 672 2922 bono,
693 2866 724 2913 ut
744 2876 807 2915 cum
828 2860 879 2915 flos
899 2860 1007 2926 decidit,
1046 2860 1186 2926 Similiter,
1200 2869 1313 2915 vacante
1326 2859 1460 2931 dignitate
1473 2859 1576 2932 aliquia,
1590 2860 1721 2933 princeps
1733 2860 1759 2914 si
1771 2876 1842 2914 com·
1888 2858 1889 2923 ff

212 2941 315 2996 fructus
339 2941 466 2995 succedit.
507 2940 568 2994 Nee
595 2939 710 3008 privatio
733 2938 847 3009 alicujus
870 2939 935 2995 mali
961 2942 1009 2994 dat
1045 2942 1175 3012 petitores
1189 2940 1311 3013 singulos
1323 2941 1510 3012 interrogaret,
1525 2949 1679 3014 quempoet
1693 2940 1841 3013 sepotissi·
1888 2999 1889 3018 2

212 3037 322 3092 semper
335 3020 511 3082 locumbono,
521 3018 570 3074 sed
583 3019 718 3073 interdum
730 3020 827 3090 majori
840 3018 930 3075 malo:
943 3036 1007 3074 nam
1045 3038 1120 3076 mum
1140 3021 1328 3077 commendare
1348 3020 1457 3085 vellent,
1477 3020 1626 3077 verisimile
1651 3028 1702 3087 est,
1725 3020 1841 3076 secuarh

212 3099 318 3155 sublato
328 3100 442 3155 inimico
452 3097 558 3163 clodio,
570 3097 642 3153 Milo
650 3097 732 3154 simul
741 3105 770 3154 et
782 3106 902 3171 segetem
913 3099 1008 3172 gloriae
1045 3099 1154 3156 illorum
1167 3102 1272 3156 votaia
1286 3119 1357 3165 eum,
1370 3100 1417 3172 qui
1431 3101 1568 3173 precipue
1583 3102 1686 3174 diguus
1699 3101 1841 3171 etoptime
1888 3099 1889 3126 ³

212 3179 340 3251 perdidit
1046 3181 1160 3237 meritus
1173 3181 1261 3247 tuerit,
1275 3198 1446 3237 concursura.

1349 1726 1490 1768 uot’utalta
1511 1726 1538 1766 V.

533 1969 691 2009 abstientia.

510 3319 651 3359 soraterra
671 3319 713 3359 IV.
1357 3321 1536 3363 abnuentis.

253 3416 269 3443 ‘⁸
283 3410 360 3472 Quod
373 3412 446 3467 bono
458 3420 506 3467 aut
518 3412 592 3468 malo
609 3412 729 3467 ricinum
743 3420 792 3477 est,
806 3411 835 3466 id
856 3414 947 3483 ipsum
960 3414 1007 3469 iti·
1085 3413 1170 3471 Fullit
1190 3414 1332 3485 sophisma
1352 3422 1462 3486 propter
1476 3414 1618 3473 invidiam
1660 3417 1760 3475 Solent
1771 3420 1840 3478 eain
1888 3475 1889 3496 χ

212 3490 275 3546 dem
296 3491 397 3546 bonum
417 3500 464 3547 aut
484 3492 605 3548 malume
626 3492 698 3563 quod
714 3510 779 3548 vero
791 3502 923 3549 umnam
937 3502 1009 3550 eata
1046 3494 1170 3550 homines
1183 3495 1307 3566 proxime
1321 3503 1383 3566 post
1395 3512 1432 3559 se,
1447 3503 1476 3550 et
1487 3496 1634 3553 factionem
1650 3515 1741 3566 mam,
1754 3501 1785 3557 ia
1796 3519 1841 3558 eos

212 3569 293 3636 bono,
307 3570 422 3634 malum
445 3571 519 3644 quod
532 3588 549 3626 a
562 3570 642 3636 malo,
654 3573 781 3626 bonum.’'
1046 3573 1176 3630 inclinare
1190 3584 1219 3630 et
1231 3575 1407 3646 propendere,
1419 3575 1466 3647 qui
1479 3575 1647 3649 reliquorum
1660 3581 1841 3637 maximesiat

253 3649 346 3705 Habet
358 3649 410 3705 hoc
425 3650 481 3705 iere
502 3668 593 3706 rerum
611 3660 716 3715 natura,
730 3658 761 3707 ut
774 3660 945 3723 quanaturs
958 3670 1009 3709 sua
1046 3671 1158 3709 enerves
1171 3662 1199 3710 et
1216 3653 1350 3721 imbelles,
1364 3654 1466 3725 quique
1484 3656 1525 3711 eis
1544 3657 1690 3714 minimum
1712 3661 1842 3723 molestie

212 3731 382 3794 conueniunt,
403 3731 488 3787 etiam
506 3730 575 3785 locis
594 3732 753 3795 covenientr
777 3748 839 3803 qua
860 3749 925 3788 vero
944 3749 1009 3788 con·
1047 3734 1245 3800 exbibueruntr
1266 3735 1296 3789 ia
1315 3735 1406 3790 odium
1425 3734 1543 3802 illorum,
1558 3737 1604 3808 qui
1618 3737 1679 3794 illis
1696 3740 1840 3812 plurimum

212 3809 303 3864 uana
320 3817 424 3864 naturae
443 3818 514 3874 sunt,
534 3810 617 3865 etiem
637 3810 788 3866 interuallis
808 3812 925 3868 duent:
945 3829 1009 3869 com
1046 3813 1211 3870 insultarent
1219 3821 1267 3869 sut
1279 3814 1521 3870 incommodarrmt.

212 3887 329 3958 magula,
351 3890 440 3946 amica
463 3890 516 3944 eibi
538 3889 681 3955 associare,
706 3890 817 3945 inimica
839 3907 1008 3948 summovere

213 3967 359 4039 gaudeant
1330 3954 1495 3995 soraterra
1518 3955 1563 3996 vt.

1085 4052 1102 4081 ⁴⁴
1109 4047 1193 4118 cujus
1207 4047 1369 4105 excellentia
1378 4047 1424 4103 vel
1436 4049 1616 4119 exuperantia
1627 4049 1736 4117 melior,
1747 4051 1777 4108 id
1787 4060 1842 4108 toto

1045 4144 1146 4199 genere
1156 4128 1280 4184 melius.”

252 4201 306 4255 Sed
321 4200 392 4256 fallit
409 4203 550 4274 sophisma
567 4204 653 4259 tribus
666 4204 767 4259 modis:
788 4203 878 4274 primo
898 4212 1008 4276 propter
1085 4208 1149 4263 Huc
1162 4209 1298 4279 pertinent
1311 4206 1435 4264 formula
1447 4207 1504 4263 illae
1516 4208 1639 4275 unitam
1660 4227 1698 4266 uc
1711 4228 1840 4284 pernge-

212 4281 423 4347 destitutionem,
433 4282 551 4337 seeundo
563 4291 675 4355 propter
688 4283 913 4349 obscurationem,
928 4285 1008 4340 tertio
1045 4305 1106 4342 mur
1125 4288 1155 4341 in
1174 4287 1364 4359 generalibus:
1385 4287 1557 4343 conferamus
1576 4290 1773 4360 particularem
1791 4293 1840 4348 ali·

212 4368 324 4431 propter
343 4362 549 4431 protectionem.
599 4363 715 4434 Propter
731 4364 946 4428 &stitutionem
968 4364 1007 4430 fit,
1046 4383 1128 4437 quem
1145 4383 1207 4423 com
1221 4368 1387 4438 particulari,
1401 4374 1453 4423 eto.

211 4447 244 4493 ut
263 4457 323 4510 qua
343 4441 373 4495 in
387 4458 437 4497 suo
451 4458 551 4513 genere
570 4442 739 4513 amplissima
756 4452 826 4507 aaut
841 4454 868 4498 et
887 4443 1007 4499 maxime

212 4519 357 4584 excellunt,
372 4521 471 4587 omnia,
486 4529 617 4594 quantum
627 4522 685 4577 fieri
699 4529 795 4593 potest,
806 4522 840 4577 sd
849 4539 879 4577 se
889 4522 1007 4590 umens,

213 4605 243 4654 et
254 4599 285 4653 in
297 4599 387 4654 meino
400 4619 513 4673 quaque
528 4602 617 4673 posita
630 4602 783 4667 destimaut,
797 4618 829 4656 ac
848 4603 927 4673 quasi
948 4602 1007 4658 ine·
1085 4599 1200 4657 Videtur
1212 4601 1265 4656 boc
1285 4602 1425 4674 sophisma
1442 4603 1510 4658 satis
1527 4619 1692 4673 nemommr
1714 4615 1744 4663 et
1755 4608 1840 4680 mapa

211 4679 259 4733 dia
272 4679 424 4736 conficiant.
465 4682 561 4752 ltaque
574 4681 603 4735 ia
617 4681 771 4752 propinquo
785 4681 910 4736 arborum
924 4697 1008 4752 gran·
1045 4681 1216 4738 ducenaria
1238 4681 1374 4754 quiddam,
1396 4700 1479 4756 quam
1497 4683 1672 4740 rhetoricum.
1714 4685 1839 4744 Attamen

211 4759 286 4814 dium
300 4759 419 4830 virgulta
431 4776 570 4831 nunquam
588 4760 652 4815 laeta
667 4761 795 4832 reperias.
835 4760 920 4815 Recte
934 4762 1007 4816 enim
1045 4762 1179 4816 interdum
1192 4760 1271 4817 fallit.
1311 4762 1413 4828 Primo,
1428 4763 1494 4835 quia
1506 4771 1569 4819 sunt
1581 4780 1628 4819 rea
1645 4765 1721 4822 baud
1740 4783 1839 4839 peuce,

212 4838 268 4901 ille,
284 4842 300 4869 ‘⁶
313 4838 416 4893 Divitia
435 4841 506 4895 servi
527 4840 647 4895 maxime
665 4841 764 4895 servi.”
804 4841 865 4895 Nec
878 4840 950 4896 male
965 4857 1009 4895 ca·
1047 4840 1167 4910 periculo
1179 4841 1326 4912 plurimum
1340 4843 1473 4908 obnoxiu,
1487 4861 1549 4915 qus
1563 4851 1666 4910 marea,
1681 4846 1706 4900 si
1720 4847 1837 4910 evadant,
1888 4879 1889 4890 ,

534 4108 694 4149 mancatis.

1356 4508 1535 4549 ELBNCHUS·

211 4918 322 4972 villatas
343 4925 392 4984 est,
406 4919 453 4991 qui
467 4919 581 4974 inferius
598 4920 763 4974 famulitium
775 4920 805 4974 in
821 4919 891 4974 aulis
909 4920 1008 4990 princi-
1045 4920 1152 4976 ceteris
1173 4921 1347 4977 antecellant.
1389 4923 1433 4977 lta
1446 4930 1476 4978 ut
1494 4939 1595 4994 genere
1613 4924 1835 4990 sintdeteriores,
1888 4947 1889 4974 i

211 5014 284 5067 pum,
305 4998 435 5053 festorum
454 4998 558 5068 vigiliis
579 4999 760 5068 comparavit,
792 5017 854 5070 qua
874 5002 943 5054 testa
959 5016 1008 5054 aaa
1046 5000 1112 5072 quia
1135 5001 1236 5070 asapius
1261 5002 1449 5071 periclitantur
1470 5011 1499 5056 et
1522 5002 1670 5070 exeiduutr
1705 5006 1840 5063 individuo

211 5077 241 5132 iu
254 5077 1006 5148 proximoattinguutipsseautemjejuniieaddicuntur.
1046 5086 1136 5137 autem
1149 5079 1304 5138 nobiliores.
1346 5082 1379 5136 lu
1392 5081 1444 5136 lroo
1457 5097 1571 5138 numero
1588 5086 1838 5156 eatgernmabisr·
1888 5107 1889 5132 i

211 5156 328 5227 Propter
340 5157 572 5220 obuunaooem
594 5157 694 5211 etenim
707 5165 735 5212 et
748 5159 802 5213 lroc
816 5158 919 5214 habent
932 5177 1007 5231 qua·
1045 5161 1092 5226 tia,
1105 5159 1204 5230 deque
1218 5160 1354 5216 Gallicum
1367 5161 1511 5234 adagium:
1532 5168 1548 5194 ⁴‘
1561 5162 1651 5219 Filius
1666 5164 1836 5227 Parisiorum,
1888 5199 1889 5204 κ

213 5252 265 5306 que
279 5236 309 5290 in
320 5254 370 5292 eno
383 5252 483 5308 genere
497 5236 730 5305 prestantissima,
748 5246 779 5292 ut
798 5237 863 5292 licet
880 5239 1007 5309 proxima
1045 5246 1074 5293 et
1086 5256 1196 5310 gemm
1205 5241 1307 5295 mensis
1320 5241 1460 5307 Martii,si
1474 5258 1511 5296 ex
1523 5241 1580 5297 illis
1593 5243 1694 5300 evadat
1703 5261 1778 5310 uum,
1788 5244 1836 5298 erit

211 5330 266 5368 non
277 5324 425 5370 extenuent
437 5323 485 5370 aut
497 5314 654 5380 destituant,
665 5324 755 5370 tamen
764 5317 909 5372 obscurent
922 5328 948 5373 et
963 5319 1008 5373 ob
1044 5319 1237 5374 instardecem
1248 5320 1391 5376 aliorum.''
1431 5321 1509 5376 Adeo
1520 5331 1551 5378 nt
1564 5323 1594 5377 in
1612 5337 1715 5395 genere
1734 5337 1839 5395 mama

213 5393 346 5450 umbreut
397 5394 475 5456 Quod
495 5394 578 5458 etiam
600 5394 634 5449 de
655 5393 711 5450 sole
733 5403 829 5451 notant
851 5398 1006 5463 astronomi,
1046 5399 1114 5456 Maii
1125 5400 1344 5470 gemmablsrtii
1358 5402 1539 5472 preestet,oed
1553 5410 1646 5459 tamen
1661 5402 1841 5476 iniudiridae

213 5471 286 5541 qaod
298 5473 334 5528 sit
347 5474 452 5529 scilicet
471 5481 584 5546 upeotu
596 5474 692 5542 boum,
705 5476 893 5545 conjunctione
914 5486 942 5532 et
961 5494 1007 5548 ap
1046 5479 1148 5549 optima
1167 5496 1278 5550 gemma
1298 5480 1394 5537 ldartii
1418 5480 1530 5552 optima
1547 5500 1666 5555 gemma
1686 5483 1843 5756 Melit(
1888 5527 1889 5558 ,

1778 5745 1805 5842 i,
1888 5819 1889 5822 γ
