3800 5875
240 301 297 355 520
834 298 1015 353 HISTORIA
1035 298 1258 353 VENTORUM.

279 460 306 513 2.
329 458 362 511 ln
384 457 485 511 nostris
508 456 627 511 maribus
648 455 765 525 Europa
789 455 935 525 percipitur
958 456 1027 509 coelo
1063 463 1200 519 nocturna,
1214 455 1365 525 praesertim
1378 455 1485 509 inillis
1506 455 1670 526 regionibus,
1684 457 1729 510 ubi
1744 473 1793 512 nor
1809 467 1831 512 et

239 554 335 592 sereno
348 548 375 590 et
394 537 467 599 sudo,
482 543 510 590 et
526 534 692 590 cessantibus
705 535 793 588 ventis
811 534 1025 605 particularibus,
1063 535 1121 588 dies
1142 552 1196 589 non
1209 536 1298 605 magis
1311 550 1391 605 pares
1411 544 1475 589 sunt
1488 535 1591 604 spatiis,
1606 551 1685 605 quam
1699 535 1831 592 diffeoenter

240 634 306 671 aura
319 616 441 686 quendam
454 614 523 668 lenis
536 614 571 668 ab
585 614 688 667 oriente
701 613 846 683 solisequa.
1063 613 1152 667 calore
1165 623 1194 668 et
1207 612 1315 684 frigore,
1326 613 1412 683 possit
1424 623 1528 667 motum
1541 614 1619 667 illam
1625 616 1767 669 naturalem
1775 619 1832 670 sins

279 695 305 747 3.
328 694 436 763 Recipit
449 693 601 747 observatio
619 692 738 761 vulgaris
751 692 837 746 nubes
857 690 1026 746 sublimiores
1065 692 1126 764 (qui
1138 692 1209 747 lenis
1223 692 1276 763 est)
1289 692 1420 746 hebetare
1434 700 1463 746 et
1475 690 1647 747 contundere.

239 773 305 828 ferri
323 772 481 843 plerumque
504 772 538 825 ab
559 772 661 825 oriente
684 771 712 823 in
736 771 919 834 occidentem
944 770 1025 840 idque
1104 770 1130 831 7.
1152 770 1182 825 si
1203 770 1251 825 adr
1270 771 1415 841 participet
1436 788 1473 825 ex
1492 779 1570 825 motu
1583 771 1654 834 coeli,
1667 774 1832 842 seqnitnrnon

239 870 310 917 cum,
324 852 419 906 iisdem
433 851 604 920 temporibus,
619 850 690 903 circa
704 857 802 903 terram
816 857 865 903 aut
877 848 1026 925 tranquilli·
1063 857 1176 914 tantum,
1190 850 1262 921 quod
1281 867 1362 904 eurus
1382 866 1443 904 cum
1464 859 1539 904 motu
1558 848 1632 903 ae'ris
1651 860 1787 914 concurrat,
1800 869 1832 905 re·

240 938 282 986 tas
296 931 338 994 sit,
353 938 504 985 autventua
517 930 646 983 diversus.
688 928 720 981 Id
733 929 824 981 sinon
838 945 945 998 semper
960 927 1025 982 faci·
1063 928 1166 998 phyma
1185 936 1340 993 concertet;
1367 929 1563 983 verumetiam
1584 929 1658 999 quod
1676 930 1766 984 boreas
1785 940 1831 984 tsu·

240 1019 294 1074 ant,
314 1010 413 1079 poterit
432 1009 461 1064 in
481 1024 562 1062 causa
581 1024 648 1071 esse,
668 1007 740 1077 quod
760 1008 832 1060 venti
850 1007 1026 1076 particulares
1063 1024 1145 1077 quam
1158 1007 1195 1060 ab
1207 1007 1263 1062 alto
1276 1009 1370 1077 spiret,
1383 1016 1474 1061 auster
1492 1015 1624 1078 tanquam
1637 1007 1672 1061 ab
1685 1009 1743 1071 imo,
1755 1010 1781 1063 in
1794 1010 1831 1063 be·

240 1089 398 1160 quandoque
412 1089 479 1141 flant
491 1087 521 1141 in
534 1086 651 1149 sublimi,
665 1086 711 1156 qui
724 1094 834 1140 ventum
846 1086 929 1140 istum
942 1102 1025 1156 gene-
1062 1085 1220 1156 misphario
1229 1094 1329 1152 nostro,
1339 1086 1385 1141 ubi
1394 1086 1472 1156 polus
1485 1086 1650 1140 antarcticus
1659 1086 1708 1141 snb
1720 1096 1784 1141 terra
1794 1098 1831 1151 ert,

239 1167 323 1222 ralem
337 1169 460 1221 obruunt.
1063 1165 1179 1219 arcticus
1193 1164 1325 1230 elevans,
1346 1165 1427 1236 idque
1440 1166 1524 1219 etiam
1542 1165 1577 1218 ab
1598 1166 1715 1236 antiquis
1730 1175 1830 1221 austun

510 1245 539 1298 si
557 1243 617 1314 quis
626 1244 660 1297 sit
667 1242 729 1297 talis
740 1251 835 1298 ventus
845 1243 983 1315 generalis
991 1260 1025 1297 ex
1063 1250 1112 1307 est,
1127 1244 1175 1297 sed
1189 1244 1335 1299 titubanter
1347 1254 1374 1298 et
1387 1245 1516 1309 obscure;
1542 1244 1647 1314 optime
1660 1253 1744 1299 autem
1756 1263 1831 1299 conss

471 1323 563 1377 ordine
572 1330 661 1376 motus
672 1322 741 1389 coeli,
756 1324 780 1376 is
789 1340 844 1378 non
854 1323 923 1377 adeo
933 1322 1025 1377 firmus
1062 1321 1103 1375 nit
1116 1339 1179 1376 cum
1188 1323 1358 1392 experientia
1372 1323 1508 1386 moderna,
1520 1324 1586 1393 quia
1595 1323 1671 1377 brias
1681 1321 1752 1399 (qua
1763 1325 1830 1394 possit

279 1412 327 1467 est,
339 1404 405 1473 quin
415 1404 503 1456 ventis
512 1400 717 1472 particularibus
727 1402 812 1457 cedat.
852 1400 1026 1456 Manifestior
1063 1417 1122 1455 esse
1143 1409 1231 1457 motas
1249 1396 1337 1474 aeris)
1351 1418 1405 1457 non
1419 1412 1461 1457 est
1481 1418 1562 1456 eurus
1582 1403 1697 1473 integer,
1710 1404 1755 1458 sed
1770 1421 1830 1458 euro

279 1490 370 1536 autem
379 1489 420 1535 est
432 1482 504 1535 intra
512 1481 628 1550 tropicos
636 1488 746 1549 propter
756 1480 878 1546 circulos,
888 1497 1026 1551 quoscon-
1062 1479 1163 1549 aquilo.

277 1561 341 1628 ficit,
355 1562 487 1628 majoresr
509 1560 589 1614 etiam
603 1559 633 1612 in
654 1558 770 1625 sublimi,
786 1566 898 1630 propter
911 1559 1025 1612 eandem

278 1656 388 1694 causam
398 1648 425 1692 et
433 1648 542 1709 propter
550 1655 658 1692 cursum
671 1636 795 1693 liberum.
836 1638 1024 1702 Quamobrem,

279 1719 302 1772 si
321 1718 367 1772 lric
389 1728 465 1773 extra
485 1717 602 1787 tropicos
624 1725 650 1770 et
660 1717 739 1784 juxta
750 1724 850 1772 terram
863 1718 921 1785 (ubi
936 1717 1026 1771 mollis
1104 1714 1142 1768 Ut
1155 1714 1183 1768 in
1193 1714 1369 1784 inquisitione
1381 1715 1414 1769 de
1429 1716 1518 1770 ventis
1528 1716 1663 1788 generali·

281 1798 424 1852 admodum
438 1804 466 1849 et
479 1797 571 1866 segnis
585 1796 637 1863 est)
653 1812 714 1849 eum
729 1795 929 1866 deprehendere
943 1795 1024 1858 coles,
1063 1792 1113 1847 bus
1135 1793 1260 1847 homines
1284 1795 1416 1847 scotomia
1435 1797 1509 1864 passi
1531 1804 1603 1862 sunt,
1624 1796 1663 1849 ita
1698 1777 1800 1868 ἓξὲξ

277 1879 326 1931 fiet
347 1876 560 1946 experimentum
580 1875 609 1927 in
627 1872 690 1928 aare
711 1873 804 1939 libero,
827 1883 854 1930 et
871 1875 900 1929 in
921 1892 1026 1929 summa
1063 1873 1092 1924 in
1105 1871 1154 1925 illa
1171 1872 1204 1925 de
1225 1873 1311 1926 sentis
1331 1873 1407 1927 statis
1427 1874 1603 1944 vertiginem:
1629 1875 1663 1928 de

278 1954 481 2025 tranquillitate,
492 1962 519 2006 et
530 1953 558 2006 in
568 1952 634 2006 locis
648 1951 726 2016 altis;
742 1954 809 2007 etin
823 1970 933 2023 corpore
948 1954 1025 2007 valde
1064 1950 1112 2004 illa
1129 1950 1221 2015 silent,
1234 1951 1268 2004 de
1292 1950 1343 2004 hac
1363 1969 1469 2006 sursum
1483 1963 1511 2007 et
1524 1954 1653 2009 deorsum
1666 1968 1788 2005 sermones
1798 1950 1826 2002 ta·

278 2033 382 2097 mobili,
396 2044 423 2087 et
436 2040 554 2101 tempore
568 2031 769 2100 pomeridian03
784 2032 847 2102 quia
860 2033 947 2102 perid
962 2039 1026 2087 tem·
1064 2031 1139 2084 ciunt
1161 2031 1320 2084 inconditos.
1373 2029 1571 2100 Ignoscendum
1593 2032 1648 2087 hoc
1667 2030 1755 2099 magis,
1774 2027 1827 2099 quoi

276 2130 328 2183 pus
342 2119 435 2167 sennis
448 2110 587 2164 orientalis
601 2108 771 2179 particularis
786 2111 892 2181 parcius
905 2112 961 2165 flat.
1064 2109 1138 2162 saria
1148 2125 1192 2162 res
1201 2117 1259 2163 est:
1274 2109 1340 2180 quia
1349 2110 1412 2163 stati
1421 2112 1496 2165 venti
1509 2129 1572 2166 cum
1583 2112 1652 2166 locis
1664 2116 1825 2180 permutantur,

514 2189 576 2243 Fiat
588 2188 705 2258 diligens
718 2189 870 2244 observatio
883 2191 955 2244 circa
969 2191 1027 2260 pin·
1064 2197 1093 2241 ut
1108 2204 1162 2241 non
1176 2188 1258 2242 iidem
1272 2189 1301 2241 in
1314 2190 1441 2259 AEgypto,
1456 2189 1570 2254 Graecia,
1587 2190 1668 2245 ltalia
1680 2189 1778 2257 spirent

237 2328 240 2336 ¹
471 2267 574 2331 nacula,
589 2275 617 2321 et
630 2265 765 2341 ejusmodi
778 2268 893 2333 flabella,
907 2269 936 2322 in
950 2270 1026 2323 fasti-
1108 2266 1130 2320 l.
1152 2267 1220 2321 Esse
1241 2266 1340 2321 alicubi
1361 2275 1446 2322 statos
1464 2278 1568 2335 ventos,
1583 2271 1669 2324 etiam
1685 2282 1772 2321 nomen
1790 2266 1826 2319 in

278 2347 331 2417 giis
355 2346 468 2401 nrrrium
488 2356 515 2400 et
537 2345 708 2417 templorum,
733 2364 824 2401 annon
847 2347 877 2401 in
899 2348 1027 2402 maximis
1064 2346 1182 2414 positum
1200 2346 1333 2412 declarat3
1357 2353 1387 2400 ut
1408 2355 1436 2401 et
1455 2364 1554 2403 nomen
1572 2349 1686 2403 alterum
1703 2346 1825 2407 etesiarum

278 2425 516 2497 tranquillitatibus
524 2426 590 2480 flent
600 2433 730 2496 perpetuo
738 2443 831 2483 versus
839 2427 1026 2481 occidentem?
1065 2425 1137 2495 quod
1148 2425 1345 2479 anniversarios
1358 2434 1443 2479 sonat

471 2506 499 2559 4.
520 2504 633 2559 Constat
648 2522 749 2570 eurum,
762 2507 792 2559 in
805 2506 915 2576 Europa
928 2514 1026 2571 nostra,
1105 2504 1132 2556 2.
1153 2503 1233 2574 Apud
1246 2504 1372 2574 antiquos
1386 2505 1459 2559 inter
1477 2522 1576 2560 causas
1598 2504 1769 2561 inundationis
1782 2500 1825 2556 Nili

275 1291 392 1333 hinnitum.

1360 1621 1446 1659 VENTI
1468 1623 1558 1661 ΘΤΔΤΙ.

263 2241 401 2288 Mandatum.

239 2567 402 2609 Ptrnnomenon

262 2617 386 2669 obliquum.
432 2600 492 2638 esse
506 2594 615 2639 ventum
628 2583 808 2639 desiccantem
822 2592 849 2639 et
870 2602 968 2650 acrem,
983 2602 1027 2640 ae·
1065 2583 1182 2651 ascripta
1195 2591 1243 2647 est,
1253 2584 1324 2654 quod
1331 2600 1364 2637 eo
1375 2583 1438 2637 anni
1449 2593 1572 2655 tempore
1583 2587 1658 2640 venti
1669 2585 1751 2638 etesia
1760 2582 1825 2652 (aqui

431 2663 548 2732 phyrnm
561 2669 654 2716 contra
664 2662 861 2718 humectantem
875 2674 903 2719 et
916 2664 1026 2719 almum.
1064 2660 1140 2715 lones
1151 2662 1265 2730 scilicet)
1281 2663 1384 2728 flarent,
1398 2663 1446 2734 qui
1459 2681 1569 2719 cursum
1583 2665 1660 2720 fluvii
1679 2664 1707 2716 in
1718 2679 1781 2716 mare
1794 2660 1824 2712 ic·

239 2741 335 2794 llnnon
348 2740 400 2794 hoc
414 2741 452 2806 fit,
467 2741 531 2812 quia
546 2742 646 2812 (posito
661 2743 732 2813 quod
745 2743 793 2798 cer
806 2753 914 2798 moveat
927 2744 963 2797 ab
976 2744 1027 2798 ori·
1064 2740 1194 2796 bibebant
1204 2749 1232 2795 et
1243 2750 1389 2796 retrorsum
1403 2742 1554 2797 solvebant.

239 2827 301 2874 ente
315 2820 343 2874 in
357 2820 535 2888 occidentem)
543 2837 653 2875 necesse
665 2828 707 2875 est
720 2829 750 2876 ut
763 2839 852 2887 eurus,
865 2824 910 2894 qui
920 2829 1027 2877 moveat
1103 2819 1131 2873 3.
1154 2820 1327 2876 Inveniuntur
1348 2820 1377 2875 in
1395 2821 1464 2876 mari
1479 2830 1628 2888 currentes,
1643 2822 1688 2892 qui
1706 2837 1751 2873 nec
1767 2826 1825 2871 natu·

237 2899 267 2953 in
283 2900 377 2955 eadem
395 2902 590 2966 consecutione,
605 2899 696 2956 a'e'rem
717 2900 832 2973 dissipet
851 2911 878 2957 et
897 2909 1026 2966 attenuet,
1064 2896 1115 2952 rali
1130 2901 1214 2954 motui
1228 2900 1330 2966 oceani,
1341 2916 1392 2955 uec
1402 2900 1528 2956 decursui
1542 2919 1579 2957 ex
1591 2901 1661 2956 locis
1673 2900 1752 2972 magis
1760 2896 1824 2951 clera

239 2980 308 3033 unde
322 2981 352 3034 tit
365 2979 413 3035 air
426 2981 538 3036 mordax
551 2989 580 3035 et
592 2981 694 3045 siccus;
716 2981 850 3052 zephyrus
863 2989 960 3046 antem,
980 2983 1027 3053 qui
1065 2979 1108 3042 tis,
1123 2995 1172 3033 nec
1186 2980 1318 3050 angustiis
1338 2997 1375 3035 ex
1387 2980 1511 3035 litoribus
1525 2981 1656 3046 adversis,
1670 2988 1714 3034 aut
1727 2992 1824 3048 monot-

238 3059 266 3111 in
289 3061 429 3124 contraria,
443 3059 534 3114 aerem
553 3060 582 3113 in
603 3078 632 3114 se
652 3067 739 3114 venat
751 3069 779 3115 et
791 3061 942 3127 condenset,
956 3062 1027 3115 unde
1066 3058 1143 3111 toriis
1171 3060 1376 3114 excurrentibus
1402 3060 1513 3114 attribui
1541 3063 1668 3132 possint;
1700 3059 1743 3114 sed
1764 3056 1824 3128 plne

238 3139 268 3191 tit
281 3139 407 3204 obtusior,
421 3146 448 3193 et
462 3140 571 3193 demum
584 3138 719 3193 humidus.
1065 3145 1194 3206 reguntur
1207 3154 1225 3191 a
1237 3139 1326 3193 venda
1338 3139 1424 3194 statis.

471 3218 498 3274 5.
534 3217 888 3290 Consulitoinquisitionenr
901 3218 935 3273 de
952 3226 1027 3274 motu
1105 3218 1132 3270 4.
1154 3216 1323 3282 Columbum,
1349 3218 1395 3289 qui
1422 3217 1518 3273 nolunt
1542 3235 1561 3272 a
1580 3220 1710 3274 relatione
1731 3211 1824 3269 naucleri

433 3304 460 3351 et
474 3299 549 3352 fluxu
563 3314 702 3368 aquarum,
720 3306 811 3352 utrum
831 3296 886 3352 illie
902 3307 1029 3352 moveant
1067 3295 1191 3365 Hispani,
1212 3304 1240 3350 et
1259 3296 1345 3351 levius
1364 3305 1468 3367 putant,
1489 3297 1524 3351 ab
1545 3298 1668 3353 obscuris
1689 3291 1824 3365 antiquitatis

432 3377 467 3430 ab
481 3377 583 3431 oriente
597 3378 632 3431 ad
646 3377 820 3431 occidentem.
853 3377 965 3431 Namsi
980 3394 1027 3432 ex·
1065 3375 1188 3445 vestigiis
1202 3384 1229 3429 et
1242 3377 1322 3438 auris,
1336 3385 1393 3430 tam
1406 3384 1508 3432 certam
1521 3379 1646 3432 ettixam
1662 3376 1694 3430 de
1712 3374 1825 3428 Indiisoc

239 3462 323 3508 trema
335 3454 388 3509 hoc
406 3463 480 3510 motu
493 3456 635 3526 gaudeant,
649 3455 747 3510 coelum
770 3462 797 3509 et
815 3471 910 3525 aquae3
931 3472 1028 3527 parum
1065 3454 1243 3509 cidentalibus
1251 3455 1406 3526 opinionem
1417 3457 1583 3527 concepisse,
1591 3457 1645 3512 huc
1656 3455 1824 3510 seconvertuut

239 3532 314 3588 abest
328 3535 392 3605 quin
407 3533 462 3599 aer,
477 3535 522 3605 qui
540 3535 714 3589 intermedius
727 3543 775 3599 est,
789 3551 826 3588 ex
838 3536 933 3590 eodem
947 3535 1028 3606 parti·
1066 3534 1138 3603 quod
1151 3551 1169 3587 a
1189 3535 1266 3588 statis
1284 3537 1371 3589 ventis
1389 3536 1425 3589 ad
1445 3535 1526 3589 litora
1544 3534 1692 3591 Lusitania
1708 3528 1825 3599 conjecerit

238 3612 317 3684 cipet.
1066 3613 1248 3667 continentem
1262 3631 1321 3667 esse
1335 3631 1352 3668 a
1370 3624 1447 3685 parte
1461 3615 1628 3670 occidentis:
1648 3632 1690 3670 res
1701 3611 1778 3672 dubia,
1788 3621 1824 3659 uec

510 3693 694 3748 Phanomena
713 3693 774 3761 duo,
788 3695 911 3765 proxime
932 3695 1026 3765 posita,
1066 3691 1209 3747 admodum
1228 3693 1385 3763 probabilis,
1399 3711 1461 3748 cnm
1478 3702 1623 3750 ventorum
1637 3683 1824 3749 tuscanensi

472 3771 581 3844 obliqua
593 3772 769 3843 appellamus,
784 3775 849 3844 quia
866 3791 925 3828 rem
940 3774 1028 3843 desig·
1066 3780 1122 3824 tam
1145 3770 1240 3842 longos
1260 3779 1359 3826 tractus
1379 3774 1426 3828 vix
1446 3773 1582 3843 attingat:
1614 3787 1723 3844 magnus
1740 3765 1824 3822 interim

276 3859 369 3904 natam
385 3867 439 3905 non
453 3860 526 3905 recta
543 3860 702 3918 monstrant,
717 3853 765 3906 sed
782 3870 831 3922 per
844 3868 1026 3922 consequens3
1066 3849 1152 3904 honos
1174 3851 1237 3905 huic
1259 3852 1433 3922 inquisitioni,
1448 3853 1473 3905 si
1489 3852 1538 3907 nni
1558 3853 1688 3908 axiomati
1704 3845 1824 3903 sutobscr·

276 3929 305 3981 id
316 3930 386 3999 quod
401 3932 476 4000 (cunr
497 3931 572 3985 deest
590 3931 668 4000 copia
687 3931 925 4001 phoenomenorum
940 3938 1027 3985 recto·
1065 3929 1167 3983 cationi
1189 3947 1224 3984 ex
1244 3931 1287 3994 iis,
1309 3947 1378 4001 quas
1399 3931 1499 3986 multas
1517 3933 1710 4003 complectitur,
1731 3922 1824 3980 mando

277 4009 350 4078 rum)
365 4010 448 4064 etiam
462 4010 539 4064 avide
549 4011 702 4079 recipimus
1065 4009 1127 4061 nori
1141 4009 1213 4062 orbis
1227 4010 1362 4065 debeatur.

511 4089 588 4149 Quod
600 4089 675 4143 briza
686 4088 735 4142 illa
747 4090 817 4144 inter
827 4091 945 4159 tropicos
954 4088 1028 4143 lucu·
1106 4088 1132 4142 5.
1154 4089 1314 4158 Ubicunque
1328 4090 1373 4143 siti
1394 4096 1457 4144 sunt
1470 4096 1577 4144 montes
1591 4089 1639 4144 alti
1656 4095 1683 4143 et
1694 4083 1787 4143 nicaea
1797 4076 1823 4130 ll

471 4167 558 4223 lenter
578 4168 669 4238 spiret,
688 4185 732 4222 res
749 4178 828 4234 certa,
842 4185 924 4223 causa
944 4168 1027 4222 ambi·
1066 4184 1099 4220 ea
1113 4176 1189 4235 parte
1204 4168 1271 4221 flant
1284 4169 1359 4223 venti
1373 4169 1435 4223 stati
1456 4168 1492 4222 ad
1510 4176 1619 4239 tempus
1638 4184 1689 4239 qno
1704 4166 1771 4219 uires
1786 4154 1823 4212 tol

277 4259 339 4310 gua
380 4244 470 4302 Possit
483 4264 516 4300 ea
529 4265 596 4311 esse,
611 4248 677 4318 quia
689 4251 744 4313 aer,
764 4264 839 4302 more
852 4247 922 4312 coeli,
936 4263 1028 4301 more·
1066 4255 1171 4301 vnntur.

278 4328 334 4386 tur,
355 4324 403 4377 sed
424 4335 501 4380 extra
524 4327 647 4396 tropicos,
672 4328 751 4397 quasi
771 4326 1027 4397 imperceptibiliter,
1106 4325 1131 4379 6.
1153 4325 1277 4380 Arbitror
1291 4333 1319 4379 et
1332 4343 1349 4380 a
1362 4325 1506 4396 paludibus
1518 4328 1634 4397 magnis,
1649 4342 1704 4397 qua
1716 4319 1823 4391 aquiro

277 4409 386 4470 propter
399 4403 514 4459 circulos
523 4406 656 4468 minorem
672 4407 743 4459 intra
756 4406 907 4470 manifesto,
919 4415 1029 4475 propter
1066 4405 1223 4474 operiuntur
1236 4404 1335 4470 hieme,
1346 4407 1448 4474 spirare
1458 4413 1554 4459 ventos
1566 4413 1658 4468 statos,
1668 4403 1822 4465 attempta

243 4541 247 4550 Ι
277 4480 392 4534 circulos
405 4483 522 4549 majores
543 4501 611 4555 qnos
630 4485 746 4539 coniicit.
787 4485 879 4539 Possit
892 4483 946 4538 alia
960 4501 1027 4548 esse,
1067 4484 1165 4553 quibus
1178 4501 1196 4536 a
1216 4483 1307 4539 calore
1329 4484 1395 4539 solis
1412 4485 1510 4539 siccari
1530 4487 1674 4554 coeperint;
1694 4478 1775 4535 cedde
1784 4473 1822 4526 1¹⁰0

278 4559 342 4629 quia
362 4560 435 4614 calor
456 4578 561 4618 ornnem
582 4563 673 4618 aerem
694 4564 797 4628 dilatat,
820 4581 872 4618 nec
890 4580 919 4617 se
938 4563 1028 4634 priore
1066 4562 1135 4616 mihi
1149 4571 1316 4633 compertum
1330 4572 1447 4619 nonest
1803 4629 1808 4639 ,

277 4637 338 4692 loco
351 4640 481 4694 contineri
495 4643 606 4711 patitur.
650 4642 696 4697 Ex
709 4643 838 4698 dilatione
852 4652 943 4697 autem
957 4641 1029 4696 a'e'ris
1108 4641 1134 4702 7.
1156 4643 1318 4715 Ubicunque
1350 4644 1539 4713 generationes
1568 4657 1694 4716 vaporum
1719 4636 1775 4689 tiunt
1801 4643 1822 4681 ω

277 4719 430 4772 necessario
443 4719 473 4773 tit
486 4721 613 4790 impulsio
626 4720 699 4776 aeris
711 4723 838 4794 contigui,
853 4740 914 4793 quar
926 4722 1029 4775 bricam
1067 4721 1239 4785 abnndantia,
1253 4724 1335 4794 idque
1349 4723 1429 4777 certis
1444 4724 1609 4794 temporibus
1618 4746 1625 4787 ς
1645 4718 1683 4776 ibi
1700 4717 1761 4774 scits
1777 4723 1822 4762 ΥΦ

277 4796 356 4851 istam
371 4798 459 4867 pariat
472 4809 552 4869 prout
561 4801 729 4870 progreditur
742 4801 792 4857 sol.
833 4801 888 4856 Sed
899 4800 948 4854 illa
958 4803 1030 4855 intra
1067 4808 1109 4854 tos
1122 4808 1206 4855 statos
1220 4802 1317 4855 iisdem
1330 4802 1496 4872 temporibus
1509 4803 1632 4857 orituros.

278 4878 401 4947 tropicos,
419 4878 466 4932 ubi
480 4878 520 4931 sol
534 4889 574 4932 est
588 4880 729 4945 ardentior,
750 4881 883 4952 insignior
902 4887 959 4945 est3
980 4897 1029 4933 ex·
1107 4880 1134 4934 8.
1156 4879 1185 4933 Si
1207 4882 1280 4935 venti
1302 4882 1365 4935 stati
1388 4882 1453 4936 flent
1472 4880 1580 4945 alicubi,
1594 4898 1643 4935 nec
1661 4892 1735 4933 causa
1750 4881 1820 4954 contu

278 4963 326 5019 tra,
341 4956 396 5010 lere
410 4956 484 5011 latet
525 4958 640 5011 Videtur
657 4975 717 5013 esse
737 4961 867 5014 instantia
886 4959 974 5013 crucis
995 4959 1030 5012 ad
1066 4959 1217 5028 reperiatur
1239 4962 1268 5014 in
1288 4960 1458 5031 propinqum
1493 4962 1565 5014 scias
1587 4967 1676 5013 ventos
1697 4945 1821 5022 hujusm⁰d¹

277 5035 481 5107 ambiguitatem
492 5035 762 5103 istamtollendamsi
772 5040 930 5110 inquiratur,
941 5048 1029 5092 utrum
1068 5047 1152 5092 statos
1165 5040 1323 5109 peregrinos
1337 5056 1404 5102 esse,
1419 5050 1446 5093 et
1459 5055 1476 5092 a
1489 5039 1571 5110 longe
1586 5040 1683 5093 venire.

278 5113 353 5168 briaa
374 5123 455 5170 noctu
475 5117 530 5180 flet,
552 5131 587 5169 an
609 5117 684 5170 non?
732 5117 842 5171 Rotatio
863 5118 935 5173 enim
957 5117 1030 5173 aeris
1108 5117 1136 5172 9.
1155 5118 1287 5174 Notatum
1301 5127 1343 5172 est
1355 5129 1449 5173 ventos
1464 5127 1548 5173 statos
1560 5127 1640 5172 noctu
1651 5131 1701 5169 non
1712 5099 1820 5172 urard

278 5193 361 5248 etiam
374 5202 456 5250 noctu
469 5202 568 5257 manet,
583 5204 611 5248 nt
624 5195 698 5249 calor
711 5195 775 5250 solis
788 5214 842 5250 uon
855 5197 930 5251 item.
1068 5198 1147 5250 tertia
1160 5198 1196 5250 ab
1209 5207 1269 5252 ortu
1290 5197 1356 5252 solis
1376 5197 1444 5252 hors
1456 5198 1610 5267 insurgere:
1630 5205 1687 5249 sunt
1704 5197 1764 5245 certe
1781 5182 1819 5235 hu·

280 5270 307 5326 6.
329 5273 366 5326 At
379 5283 481 5329 certum
496 5283 538 5329 est
551 5273 626 5328 illam
637 5283 717 5328 noctu
727 5292 782 5327 non
796 5277 868 5339 flare,
880 5275 928 5329 sed
941 5293 1030 5340 mane,
1065 5276 1185 5344 jusmodi
1199 5278 1281 5338 venti,
1291 5277 1376 5331 veluti
1386 5295 1421 5331 ex
1435 5277 1518 5347 longo
1528 5278 1624 5330 itinere
1632 5270 1731 5334 defessi,
1740 5273 1818 5319 arcon

239 5351 583 5410 autetiamauroraadulta.
610 5352 797 5408 Nihilominus
805 5371 859 5408 non
869 5355 1031 5410 determinat
1068 5355 1252 5410 densationera
1264 5357 1335 5409 airis
1348 5364 1504 5410 nocturnam
1514 5357 1562 5409 vix
1571 5353 1732 5425 perungunt
1740 5352 1763 5397 ⁸¹
1773 5340 1819 5409 1³⁰⁸*

240 5427 290 5482 illa
303 5430 429 5485 instantia
446 5435 630 5504 questionem.
672 5433 746 5487 Nam
766 5433 939 5488 condensatio
959 5434 1031 5490 airis
1068 5443 1190 5489 exortum
1204 5435 1269 5489 solis
1284 5436 1393 5490 excitati
1407 5434 1547 5505 paulisper
1560 5433 1701 5506 procedant·

239 3279 402 3323 Phanomenon

262 3329 387 3381 obliquum.

272 3743 390 3788 Monltum.

263 4137 399 4182 Mandatum
