3800 5875
654 307 835 363 HISTORIA
855 309 1080 365 VENTORUM.
1618 308 1676 371 517

104 469 302 526 Observationes
315 472 421 522 nostras
435 482 517 536 super
530 465 672 520 historiam
686 474 714 520 et
734 468 842 536 experi-
879 483 938 521 esse
947 466 1089 523 hominum
1101 474 1246 538 stuporem,
1253 475 1284 522 ut
1295 468 1456 539 quandoque
1466 485 1511 522 res
1519 476 1581 522 ante
1591 469 1675 540 pedes

70 558 149 606 menta
161 548 331 613 subteximus,
346 553 375 600 ut
388 545 576 616 interpretatio
589 554 693 598 nuturoe
706 548 795 616 magis
809 546 844 601 sit
879 547 989 616 positas,
1003 548 1056 601 nisi
1069 547 1175 612 moniti,
1189 563 1242 600 non
1257 547 1374 612 videant,
1389 548 1437 600 scd
1450 554 1620 617 praetereant.

70 629 243 699 inprociuctu.
920 624 1011 695 Opera
1030 633 1058 680 et
1070 642 1113 680 res
1126 626 1318 697 impossibiles,
1333 633 1380 680 aut
1399 626 1494 680 saltem
1511 626 1600 681 adhuc
1619 644 1675 681 non

104 706 349 770 Commentationes,
363 712 391 758 et
404 712 533 775 tauquam
553 704 705 757 rudimenta
719 704 843 774 quaedam
879 704 1011 768 inventas,
1031 722 1092 775 qua
1114 705 1166 759 sub
1183 705 1299 776 singulis
1320 705 1407 759 titulis
1424 706 1532 770 cadunt,
1550 707 1676 777 proponi-

70 786 282 857 iaterprctationis
302 786 335 840 de
355 783 454 847 causis,
471 799 560 853 parce,
582 791 610 835 et
631 782 721 852 magis
744 799 843 853 sugge-
879 800 957 846 mus;
979 792 1060 854 atquc
1074 801 1129 839 uua
1142 800 1183 848 ea,
1198 801 1261 854 quae
1272 786 1331 852 jam
1344 785 1456 838 inventa
1469 794 1531 839 sunt
1544 793 1572 839 et
1584 786 1614 838 in
1626 784 1675 839 ho·

70 866 142 920 rrndo
160 865 221 936 quid
244 880 304 919 esse
324 864 419 935 possit,
439 880 520 934 quam
540 861 695 916 definiendo
716 860 781 931 quid
801 862 842 925 sit,
879 862 983 915 minum
1003 870 1143 933 potestate,
1166 870 1247 932 atque
1267 863 1481 932 impossibilibus
1494 863 1601 928 illisce
1618 880 1673 918 uon

70 945 259 1015 interponimus.
879 941 1006 1007 inventis,
1027 950 1089 996 sunt
1107 942 1233 1013 proxima
1247 950 1275 996 et
1289 942 1408 996 maxime
1422 951 1546 1014 cognata,
1561 943 1674 1011 subjun-

103 1023 226 1086 Cmones,
247 1022 296 1077 sed
318 1030 409 1076 tamen
430 1019 552 1083 mobiles,
567 1020 625 1074 sive
643 1018 782 1073 axiomata
804 1019 844 1071 in·
879 1020 987 1090 gimus3
1007 1029 1038 1075 ut
1050 1021 1131 1076 simul
1145 1029 1173 1074 et
1192 1020 1327 1075 industria
1344 1021 1465 1076 humana
1477 1012 1620 1086 excitetur,
1635 1030 1673 1076 at-

70 1102 159 1167 rhoata,
173 1120 234 1174 quoe
252 1102 332 1155 nobis
351 1099 560 1171 inquirentibus,
575 1115 630 1153 non
643 1098 844 1167 pronuncianti-
880 1116 933 1170 que
949 1099 1034 1153 animi
1048 1100 1188 1154 addantur.

69 1182 282 1245 busseofferunt,
293 1180 494 1250 preteribimus
502 1186 529 1232 et
536 1177 733 1232 coustinrimus
754 1175 844 1231 Utiles
919 1178 1047 1234 Patetex
1056 1180 1205 1243 antedictis,
1217 1179 1366 1233 Historiam
1373 1187 1545 1250 praesentem,
1553 1188 1673 1234 nontan·

69 1260 131 1314 eninr
141 1267 208 1324 sunt,
222 1260 247 1314 si
260 1277 315 1314 non
328 1274 439 1329 prorsus
452 1259 520 1313 veri.
880 1263 936 1312 tum
949 1258 1037 1312 tertias
1053 1242 1139 1329 par'tis
1161 1258 1367 1312 instaurationis
1380 1258 1454 1313 vices
1474 1258 1610 1330 supplere,
1624 1260 1673 1314 scd

102 1339 227 1393 Utilitatis
242 1339 371 1393 humana
385 1352 525 1407 nunquam
538 1336 617 1390 obliti
632 1334 709 1407 (licet
722 1335 772 1390 lux
783 1334 844 1405 ipsa
881 1338 1106 1408 preparationem
1116 1353 1176 1392 esse
1189 1353 1245 1391 non
1258 1337 1481 1392 contemnendam
1490 1339 1525 1392 ad
1539 1346 1671 1410 quartam,

69 1418 163 1488 dignior
175 1417 211 1472 rit
219 1419 263 1482 iis,
274 1435 335 1489 quae
349 1434 367 1471 a
379 1416 441 1472 luce
454 1416 649 1484 monstrantur)
658 1415 843 1469 vellicationes
880 1423 990 1486 propter
1004 1416 1098 1472 titulos
1111 1434 1147 1471 ex
1160 1415 1336 1481 Abecedsrio,
1352 1426 1381 1471 et
1393 1418 1502 1486 topica;
1523 1426 1550 1471 et
1560 1417 1594 1471 ad
1607 1435 1671 1473 sex·

68 1496 96 1550 de
112 1496 231 1567 practica,
246 1496 387 1551 attentioni
402 1504 429 1550 et
441 1495 580 1551 memoriae
597 1493 737 1548 hominum
758 1493 842 1560 subji-
880 1502 942 1559 tam,
952 1503 1065 1565 propter
1078 1496 1279 1552 observationes
1290 1496 1414 1564 majores,
1424 1497 1671 1561 commentationes,

68 1577 156 1642 cimusr
175 1593 237 1633 cum
256 1575 336 1631 nobis
354 1581 460 1631 corruet
479 1573 563 1628 talem
583 1580 611 1628 et
630 1582 686 1628 tarn
705 1572 844 1628 infelicem
881 1581 909 1627 et
917 1589 1043 1631 canones.

413 2079 799 2163 HISTORIA
855 2078 1314 2163 VENTORUM.

620 2349 766 2413 uulnus,
787 2349 873 2405 SIVE
894 2348 1104 2404 PREFAETIO.

100 2613 182 2667 Vsarr
206 2614 336 2669 humana
356 2613 432 2684 genti
454 2612 513 2667 alas
534 2611 701 2667 addidemnt.
741 2610 844 2665 llomm
878 2616 973 2675 status,
987 2617 1018 2664 ut
1029 2608 1122 2663 redeat
1141 2607 1302 2680 regulariter
1315 2608 1351 2664 ad
1363 2609 1423 2666 dies
1437 2618 1525 2667 certos
1539 2620 1566 2667 et
1580 2612 1670 2680 horas,

68 2691 129 2747 enim
150 2694 218 2747 dono
236 2695 364 2748 feruntur
388 2692 512 2747 homines
531 2699 559 2747 et
581 2691 674 2746 volant
681 2714 689 2756 3
717 2706 773 2745 non
793 2706 843 2760 per
879 2689 964 2745 instar
978 2695 1058 2743 artus
1071 2688 1174 2742 maris?

68 2770 145 2826 airam
157 2780 236 2838 certe,
250 2772 301 2827 sed
319 2788 368 2841 per
381 2772 481 2837 maria,
502 2778 583 2842 atque
596 2772 694 2843 ingens
706 2775 783 2841 patet
798 2770 842 2837 ja·
918 2770 946 2823 4.
968 2768 1019 2829 Qui
1033 2768 1106 2823 venti
1127 2767 1182 2822 sint
1195 2766 1313 2833 assecla,
1327 2774 1356 2822 et
1372 2768 1473 2823 famili·
1486 2814 1552 2857 vem
1561 2818 1653 2860 mla

68 2865 112 2903 uua
120 2852 275 2916 commercii,
286 2860 313 2905 et
321 2852 351 2904 fit
361 2851 476 2906 mundus
489 2850 605 2921 pervius.
646 2849 739 2904 Terris
751 2853 843 2903 autem
878 2864 939 2902 ares
960 2847 1120 2918 regionum
1142 2846 1189 2917 qui
1210 2852 1369 2916 temporum,
1383 2847 1414 2902 in
1427 2848 1474 2902 iis·
1654 2849 1659 2859 '

68 2926 133 3002 (qua
144 2932 228 3003 gentis
238 2931 368 2986 humana
382 2930 459 2985 sedes
472 2938 548 2985 estet
560 2924 740 3003 domicilium)
752 2945 843 2999 scopae
879 2927 941 2983 dem
955 2926 1126 2999 regionibus;
1147 2926 1194 2996 qui
1207 2926 1299 2992 vemi;
1320 2927 1367 2997 qui
1381 2925 1533 2992 activalem
1556 2928 1602 3000 qui
1625 2945 1671 2984 au-

68 3018 136 3064 nut:
155 3027 275 3081 eamque,
287 3018 368 3082 atque
379 3008 458 3065 simul
472 3013 562 3064 aiirem
574 3011 672 3080 ipsum,
684 3016 808 3064 everrunt
816 3013 844 3061 et
879 3007 1028 3071 tumnales;
1058 3006 1105 3077 qui
1128 3005 1280 3072 brumalem
1308 3006 1357 3077 qui
1377 3006 1597 3078 aeqrriuoctiales3
1623 3009 1671 3078 qui

68 3090 187 3144 mundant.
228 3091 359 3144 Attamen
373 3099 400 3144 et
412 3106 486 3143 marc
503 3088 642 3154 infamant,
656 3088 759 3159 alioqui
771 3094 843 3141 um-
878 3085 1048 3151 solstitialem
1070 3085 1117 3157 qui
1129 3085 1262 3148 matutini,
1273 3084 1425 3150 meridiani,
1439 3085 1597 3157 vespertini,
1608 3103 1671 3141 noc-

69 3166 166 3235 quillum
187 3178 215 3223 et
237 3169 400 3223 innoxium:
428 3185 516 3240 neque
537 3168 607 3223 alias
627 3168 687 3223 sine
707 3166 842 3222 maleficio
881 3165 977 3221 turni?

68 3255 126 3300 sunt
162 3248 277 3314 Motum,
287 3248 389 3319 absque
398 3264 481 3317 opera
490 3247 617 3313 humana,
628 3247 701 3302 cient
714 3262 843 3317 magnum
919 3246 947 3299 s.
968 3243 1067 3305 Quales
1081 3243 1222 3299 sintventi
1236 3243 1344 3308 marini,
1359 3244 1452 3315 quales
1468 3244 1514 3315 qui
1534 3245 1638 3316 spirant
1652 3263 1670 3299 a

69 3326 299 3390 strebementem3
322 3327 434 3381 undeet
449 3326 484 3381 ad
500 3326 843 3398 navigandumetadmo-
880 3324 1060 3378 continente?
1090 3322 1267 3377 Differentiae
1284 3331 1375 3377 autem
1391 3324 1557 3378 marinorum
1574 3331 1601 3379 et
1614 3332 1670 3379 ter·

69 3401 169 3470 lendum,
182 3406 264 3461 veluti
279 3406 406 3476 operarii,
420 3405 544 3460 conducti
562 3416 643 3469 sunt3
665 3413 693 3460 et
708 3406 743 3459 ad
756 3404 842 3459 multo
880 3404 1004 3458 restrium
1018 3403 1163 3474 diligenter
1176 3402 1303 3474 excipito,
1316 3410 1373 3457 tam
1389 3420 1482 3457 eorum
1495 3404 1542 3474 qui
1556 3404 1584 3457 in
1598 3412 1671 3459 terra

68 3481 133 3551 plura
145 3485 266 3541 adbiberi
286 3485 443 3555 possuutsi
462 3484 581 3539 humana
601 3502 658 3539 non
675 3491 764 3539 cesset
784 3482 843 3537 dili·
882 3490 909 3537 et
921 3483 997 3546 mari,
1012 3498 1093 3554 quam
1107 3498 1201 3536 eorum
1214 3482 1261 3552 qui
1274 3499 1292 3535 a
1304 3487 1417 3537 terrast
1430 3483 1507 3537 mari.

68 3564 154 3630 gratia
192 3566 302 3620 Natura
318 3565 438 3634 ipsorum
456 3564 527 3618 inter
540 3571 684 3619 secrctaet
697 3563 842 3618 abditare·
920 3561 947 3615 6.
970 3561 1012 3615 tin
1020 3578 1076 3615 non
1086 3561 1189 3631 spirent
1202 3560 1276 3615 venti
1286 3578 1322 3616 ex
1332 3560 1406 3616 omni
1420 3560 1477 3632 pla·
1501 3606 1567 3650 vm
1575 3606 1638 3649 Μ

69 3642 123 3707 poni
143 3643 223 3709 solet;
252 3660 305 3697 nec
324 3643 430 3708 mimm,
452 3660 514 3697 curn
537 3661 587 3698 nec
608 3643 679 3698 acris
697 3651 795 3697 natura
817 3647 844 3695 et
880 3639 1013 3714 gncoelil
1641 3637 1646 3645 '

68 3728 174 3787 potestas
185 3723 298 3795 cognita
311 3739 419 3794 quoquo
432 3722 512 3776 modo
526 3723 569 3788 sit,
583 3724 627 3778 cui
641 3723 804 3777 famulantur
817 3727 844 3774 et
959 3720 1041 3774 Venti
1054 3735 1108 3773 non
1121 3718 1206 3774 multo
1225 3718 1287 3787 plus
1303 3718 1393 3790 plagis
1406 3718 1477 3784 coeli,
1492 3735 1573 3791 quam
1586 3718 1672 3790 quali-

69 3801 231 3864 porasitantur
249 3801 335 3866 venti
349 3809 380 3855 ut
393 3800 479 3872 (apud
497 3801 605 3871 politas)
620 3802 714 3857 AEoius
731 3799 841 3855 lunoni.
919 3799 1150 3864 tatibus,van'ant
1192 3797 1249 3851 alii
1261 3797 1443 3862 vehementes,
1454 3797 1501 3852 alii
1512 3798 1601 3862 lenes;
1623 3798 1671 3851 alii

69 3875 192 3935 anarira
212 3889 345 3936 creaturas
365 3897 420 3935 uon
443 3885 514 3943 suut,
537 3898 588 3935 nec
601 3881 776 3950 exoperibus
794 3895 844 3933 sex
919 3884 1081 3943 constantes,
1093 3877 1140 3931 alii
1153 3877 1315 3941 mutabilem
1336 3877 1384 3931 alii
1397 3877 1486 3942 calidi,
1501 3877 1549 3932 alii
1562 3878 1669 3949 frigidi,

69 3955 174 4014 dicrum:
194 3959 422 4031 quemadmodum
434 3976 485 4014 nec
498 3959 604 4032 reliqua
622 3969 743 4015 meteora
756 3957 844 4029 quoad
920 3956 968 4011 alii
982 3957 1140 4011 humectant
1153 3956 1240 4027 magis
1257 3965 1286 4010 et
1299 3956 1415 4021 solvunt,
1430 3955 1477 4010 alii
1493 3957 1630 4013 desiccant
1643 3964 1673 4012 et

69 4043 152 4102 sun,
164 4041 209 4094 sed
219 4047 284 4111 post
297 4040 353 4092 nati
364 4055 400 4093 ex
413 4038 506 4092 ordine
520 4040 674 4094 creationis.
921 4037 1089 4106 constipaut;
1110 4035 1157 4089 alii
1171 4042 1338 4107 congregant
1346 4036 1439 4100 nubes,
1450 4042 1477 4090 et
1484 4045 1546 4093 suut
1553 4036 1671 4108 pluviosi

920 4115 965 4169 vei
978 4116 1062 4170 etiam
1076 4114 1229 4185 procellosi,
1243 4113 1290 4168 alii
1304 4114 1446 4185 dissipant,
1460 4123 1488 4171 et
1500 4125 1563 4172 sunt
1575 4117 1671 4171 sereni.

214 4195 355 4251 ΤΟΡΙΟΔ
376 4194 678 4251 PARTICULARlAz
923 4192 949 4254 7.
972 4194 1107 4286 inquirito
1116 4200 1143 4247 et
1152 4201 1266 4286 narrato,
1275 4194 1321 4263 qui
1336 4194 1391 4287 sint
1397 4194 1474 4287 ¹venti
1513 4239 1641 4287 Quariates

135 4335 194 4375 srva
212 4335 347 4375 sarrcuur
369 4334 580 4380 ruuursrrrours
602 4335 770 4375 navarrus.
881 4274 1435 4423 ζὲζῖᾜέενῖῗεξξῖῗὲῃὲῖῃξῖἓὲἓὲἒ
1448 4282 1476 4407 ἓξ
1511 4295 1629 4381 {imm

120 4477 127 4492 ,
164 4481 168 4488 ,
293 4427 316 4481 l.
343 4427 497 4482 Descnbito
521 4436 616 4483 ventos
642 4445 678 4484 ex
704 4426 845 4498 diligentia
882 4431 964 4488 locat

98 4476 213 4572 slew.
247 4505 364 4570 mutiet.
379 4515 408 4559 et
426 4507 559 4577 imponito
571 4507 682 4561 nomina
697 4507 772 4577 ipsis,
787 4506 844 4561 sive
961 4509 1088 4581 Origines
1101 4510 1201 4564 locales
1213 4516 1353 4565 ventorum
1364 4511 1500 4581 triplicem
1522 4517 1568 4565 aut
1578 4510 1672 4579 dejici·

247 4593 348 4650 vetera,
362 4585 419 4640 sive
433 4602 510 4650 nora,
524 4586 605 4641 modo
617 4587 775 4641 constantia.
920 4597 1001 4644 untur
1014 4607 1049 4644 ex
1062 4589 1125 4655 alto,
1137 4595 1184 4643 aut
1197 4597 1324 4643 emanant
1337 4607 1355 4643 a
1367 4598 1447 4656 terra,
1462 4597 1508 4645 aut
1521 4590 1674 4644 conflantur

135 4661 213 4716 Venti
226 4663 273 4718 vel
286 4663 428 4735 generales
441 4672 511 4730 sunt,
524 4664 569 4718 vel
582 4666 655 4732 stati,
668 4666 712 4720 vel
726 4667 844 4732 assecla,
922 4669 953 4722 in
965 4669 1026 4738 ipso
1038 4673 1149 4739 corpore
1160 4667 1241 4723 airis.

101 4739 140 4792 rel
157 4740 243 4798 liberi.
294 4743 442 4798 Generales
464 4761 539 4809 voco,
565 4745 611 4816 qui
633 4762 741 4815 semper
761 4747 844 4811 flant3
923 4748 950 4802 8.
977 4748 1130 4802 Secundum
1153 4746 1204 4801 has
1225 4755 1279 4802 tres
1301 4749 1420 4821 origines
1444 4750 1477 4805 de

101 4826 183 4887 statos,
203 4823 250 4894 qui
273 4823 353 4877 certis
376 4824 557 4894 temporibus3
578 4824 704 4888 asseclas,
728 4826 774 4895 qui
795 4826 846 4879 fre·
884 4828 972 4882 ventis
985 4827 1124 4897 inquirito.
1165 4826 1217 4886 Qui
1236 4827 1342 4881 scilicet
1355 4845 1391 4882 ex
1410 4829 1478 4899 ipsis
1502 4813 1672 4900 ⁰¹¹⁸¹³⁸⁸¹⁰⁰⁸j

102 4901 237 4967 quantiam
258 4900 368 4965 liberos,
383 4902 430 4972 qui
443 4902 635 4958 indifferenter.
883 4907 1045 4974 dejiciantur
1057 4905 1091 4959 de
1101 4905 1192 4960 media
1205 4907 1300 4976 (quam
1313 4908 1423 4976 vocant)
1438 4926 1479 4962 re·

122 5027 138 5067 ν
290 4981 319 5035 2.
338 4981 381 5035 Au
395 4982 450 5035 sint
461 4983 534 5036 venti
548 4982 633 5054 aliqui
647 4982 796 5054 generales,
808 4991 846 5036 at·
885 4986 966 5055 gione
984 4984 1071 5050 a'e'risr
1093 4985 1140 5055 qui
1154 5001 1219 5038 vero
1236 4985 1375 5055 exspirent
1387 5005 1403 5042 e
1416 4988 1490 5041 cavis
1509 4992 1595 5047 terrae,
1616 4984 1674 5037 siva

98 5031 212 5126 gm‘ffiffi
252 5076 306 5130 qur
325 5060 456 5130 ipsissimi
475 5068 564 5116 motus
581 5061 669 5127 aerim
692 5069 726 5127 et,
745 5063 768 5116 si
783 5063 844 5127 sint,
883 5064 923 5118 illi
938 5071 1079 5134 erumpant
1093 5064 1243 5129 confertim,
1261 5065 1317 5120 sive
1332 5066 1424 5120 efflent
1441 5063 1634 5120 insensibiliter
1647 5071 1675 5117 et

106 5205 112 5216 ι
251 5139 282 5191 ίιι
295 5156 348 5209 qua
354 5141 544 5194 consecutione
557 5149 654 5206 motus,
662 5149 689 5197 et
703 5141 732 5195 in
747 5141 846 5212 quibus
883 5145 1006 5214 sparsim,
1026 5150 1053 5197 et
1070 5151 1166 5213 postca
1184 5143 1335 5214 glomerent
1352 5152 1383 5199 nt
1402 5144 1481 5199 rinrli
1501 5141 1673 5196 indusium:

69 5206 258 5284 Μφίπῦΐί
884 5225 930 5293 qui
944 5222 1061 5294 denique
1082 5230 1244 5293 generentur
1265 5225 1369 5293 passim
1389 5240 1424 5278 ex
1446 5220 1596 5276 tumoribus
1617 5221 1675 5276 sire

143 5339 147 5346 .
202 5340 216 5382 ἰ
291 5297 317 5351 3.
342 5298 395 5359 Qui
418 5298 492 5352 venti
513 5300 690 5355 anniversarii
714 5301 775 5364 sint,
799 5308 846 5354 aut
884 5302 1097 5373 expensionibus
1110 5303 1182 5356 airis
1192 5303 1331 5372 proximi?

86 5446 91 5457 ι
253 5375 394 5432 mdeuntcs
407 5392 456 5446 per
468 5377 550 5442 vices,
564 5387 592 5433 et
604 5380 634 5433 in
648 5379 746 5451 quibus
759 5381 847 5450 regio
962 5382 1061 5451 Neque
1082 5383 1270 5452 generationes
1285 5388 1425 5434 ventorum
1447 5378 1593 5449 originales
1615 5385 1675 5432 tan·

69 5445 158 5504 mbas?
198 5451 241 5508 An
260 5454 414 5512 inveniatur
431 5463 529 5511 ventus
552 5457 711 5528 aliquisita
734 5460 846 5528 praeire
924 5466 1000 5515 tum:
1029 5469 1137 5515 suntet
1158 5460 1347 5524 accidentales,
1368 5476 1405 5513 ex
1431 5458 1679 5529 compressionibus
