3800 5875
67 279 135 335 Cae.
154 279 219 336 Vll.
591 277 641 332 DE
662 276 887 332 AUGMEN'I'IS
908 277 1180 335 SCIENTIARUM.
1638 281 1695 336 319

66 455 137 493 nuuc
160 438 284 502 habetur,
306 436 412 493 vilitate
436 444 465 492 et
487 436 655 508 indignitate,
674 442 808 506 quatenus
832 436 867 490 ad
902 443 1037 508 utcunque
1052 444 1142 492 tumen
1153 452 1208 492 non
1218 435 1360 491 defuerunt
1370 435 1422 490 siri
1437 437 1541 509 egregii
1552 436 1631 512 (licet
1644 441 1695 496 sub

66 535 164 587 corpus
190 519 251 586 ejus
279 518 435 587 integrumr
464 533 515 570 uec
538 532 594 569 non
615 513 739 569 historie
765 515 866 570 Scotirs
901 517 1025 587 regibus)
1046 516 1093 588 qui
1114 516 1228 570 meliora
1249 521 1393 579 merentur,
1412 532 1494 586 quam
1515 517 1645 573 incertam
1666 526 1696 575 et

66 597 208 667 iniquitate
221 603 251 652 at
265 596 434 666 obliquitate,
448 605 581 667 quatenos
599 594 634 647 ad
654 603 792 649 auctorem
805 595 865 663 ejus
902 612 1001 665 vagam
1027 596 1164 650 memorias
1187 612 1244 649 suis
1266 595 1374 657 lamam,
1389 603 1436 649 aut
1459 594 1550 667 elogia
1570 597 1646 652 arida
1667 605 1696 654 et

67 678 282 730 mcendssimum
316 684 344 730 et
375 676 558 730 uberrimum:
589 681 717 743 reputans
750 690 863 738 mecum,
898 673 1001 745 jejuna.
1041 674 1152 729 Etenim
1163 672 1214 727 bac
1236 690 1272 727 ex
1294 675 1532 745 parte,inseutum
1553 676 1694 745 Quadam

66 756 243 811 honorificum
258 756 406 811 admodum
425 754 561 823 majestati
576 762 629 808 tusc
643 753 768 816 futurum,
783 762 864 824 atque
901 752 1041 825 expolitis
1054 753 1255 815 recentioribus,
1270 770 1323 825 quo
1336 753 1474 824 antiquam
1489 754 1608 810 fabulam
1622 755 1694 812 losu-

67 836 496 905 opusposteritatigratissimumr
511 832 766 903 siquemadmodum
775 832 864 887 insula
901 833 1019 902 pletsvit,
1028 849 1082 887 non
1091 832 1231 903 inelegans
1240 843 1289 885 est.
1314 832 1409 902 Pingit
1418 833 1474 896 ille,
1482 834 1511 886 in
1522 836 1693 892 extremitate

67 914 123 968 bec
133 914 247 986 Magum
260 915 419 978 Britannia,
428 931 456 968 se
466 929 538 967 nunc
546 913 576 966 in
587 928 667 965 unam
677 911 862 966 monarchiam
900 912 939 966 fili
948 912 1104 977 Parcarum,
1110 913 1244 966 numisma
1250 911 1393 983 quoddam,
1401 929 1450 967 seu
1458 912 1558 967 monile
1566 916 1691 984 pendere,

67 995 201 1058 coalitam,
224 995 261 1048 sd
283 1001 430 1064 aequantes
453 1001 547 1047 etates
568 990 742 1054 tansmittit,
772 991 812 1045 ita
832 990 863 1046 in
899 992 927 1046 in
936 991 1220 1063 quodeinuctinomea
1231 992 1394 1062 impressum
1404 992 1456 1045 sit:
1472 992 1590 1063 Tempus
1601 1002 1693 1050 sutem

68 1069 860 1144 nnahistoriadescripta,spraeteritissecnlisrepetentum
899 1070 1015 1126 culmum
1036 1070 1132 1140 Atropi
1155 1071 1313 1141 praestolari,
1335 1079 1370 1135 st,
1385 1071 1475 1125 statim
1496 1072 1615 1126 abscisso
1636 1073 1691 1139 filo,

67 1153 157 1207 eodem
178 1155 270 1216 modo,
292 1170 349 1223 quo
369 1153 510 1207 historiam
531 1151 626 1204 decem
648 1149 767 1203 tribuum
784 1150 862 1221 regni
898 1150 1062 1205 numismata
1082 1149 1194 1219 eripere,
1215 1159 1456 1220 eaqueasportsta
1477 1151 1559 1221 paulo
1580 1154 1691 1221 postia

68 1231 183 1296 Israelis,
203 1241 233 1287 et
255 1234 370 1287 duarum
390 1232 510 1286 tribuum
532 1230 609 1301 regni
630 1228 718 1293 ludu,
732 1237 860 1299 tanquam
899 1230 1011 1284 fluvium
1023 1229 1126 1284 Lethea
1140 1245 1176 1283 ex
1188 1230 1292 1299 gremio
1312 1246 1362 1283 suo
1383 1229 1533 1300 projicere:
1555 1231 1628 1284 circa
1641 1233 1691 1286 flu·

66 1311 220 1381 gemellam,
241 1329 320 1365 sacra
342 1311 445 1382 pagina
466 1309 582 1364 deducit.
631 1308 752 1369 Quodsi
775 1308 861 1362 moles
898 1309 973 1364 rium
999 1317 1097 1373 autem,
1125 1325 1254 1379 magnam
1280 1309 1370 1363 svium
1399 1310 1455 1363 rim
1480 1310 1600 1376 volitare,
1629 1328 1690 1382 quas

67 1390 222 1459 hujusmodi
232 1391 364 1456 historiae,
375 1405 475 1460 magna
485 1398 558 1443 certe
570 1395 598 1442 et
607 1387 697 1451 ardua,
707 1404 761 1457 quo
769 1388 860 1442 minus
897 1390 1060 1443 numismata
1073 1388 1211 1457 arripiunt,
1221 1404 1252 1441 sc
1266 1395 1408 1458 postquam
1421 1388 1450 1441 in
1463 1389 1555 1443 rostris
1569 1389 1690 1460 ipsanim

66 1481 157 1524 exacte
166 1480 195 1525 et
203 1487 255 1540 pro
262 1470 394 1540 dignitate
402 1466 859 1540 perscribatur,videaturoblutura,
897 1468 1037 1537 paulisper
1050 1467 1145 1522 eadem
1159 1466 1378 1529 circumtulerint,
1390 1466 1470 1537 paulo
1483 1477 1544 1537 pust
1557 1485 1606 1538 per
1615 1469 1690 1525 incu-

66 1566 126 1603 ecce
145 1550 198 1604 tibi
221 1547 429 1604 memorabilem
447 1546 533 1601 multo
554 1546 719 1616 angustioris
733 1546 861 1615 temporis
897 1548 966 1602 riam
979 1547 1009 1601 iu
1024 1547 1137 1603 fluvium
1145 1546 1268 1600 decidere
1283 1547 1455 1616 permittunt:
1477 1548 1687 1613 intereuntem,

66 1629 214 1699 periodum,
230 1637 366 1699 quatenos
388 1628 423 1681 sd
444 1626 586 1681 historiam
601 1624 716 1696 Anglim,
730 1626 860 1680 nimirum
896 1643 1000 1697 cygnos
1013 1625 1128 1695 reperiri
1147 1625 1301 1689 nonnullos,
1316 1626 1362 1697 qui
1382 1626 1405 1678 si
1424 1626 1560 1681 numisma
1579 1626 1689 1698 aliquod

65 1709 212 1763 abusione
227 1707 394 1762 rosarumad
412 1707 540 1761 unionem
559 1721 721 1776 regnorum
742 1704 858 1775 spatium
897 1707 1073 1761 cumuomine
1082 1704 1280 1775 prehenderint,
1289 1704 1364 1759 illico
1372 1704 1405 1757 ad
1414 1705 1545 1776 templum
1553 1706 1688 1777 quoddam

64 1791 200 1858 temporis,
212 1789 294 1859 quod,
304 1803 366 1840 meo
380 1786 489 1857 quidem
499 1785 610 1854 judicio,
621 1784 752 1852 majorem
763 1784 859 1854 recipit
896 1784 964 1840 illud
991 1786 1095 1840 deferre
1124 1783 1252 1849 solebant,
1277 1784 1469 1839 immortalitati
1493 1795 1686 1841 consecratum.

64 1877 215 1930 eventuum,
230 1885 293 1939 quae
307 1883 369 1920 raro
382 1883 412 1920 se
432 1865 583 1926 ostendunt,
598 1864 857 1936 venatoremquam
897 1865 1060 1935 Huiusmodi
1086 1865 1178 1936 itaque
1206 1864 1288 1934 cygni
1315 1863 1412 1918 nostris
1439 1864 1603 1934 temporibus
1631 1866 1686 1921 iera

64 1945 162 2017 inpari
176 1946 381 2001 successionum
395 1943 759 2013 numerouspiaminregno
773 1942 858 1998 haere·
896 1944 1059 1999 deiecemnt.
1094 1943 1221 2005 Quamvis
1231 1951 1322 1997 sutem
1337 1942 1445 2012 plurimi
1456 1942 1687 2009 hominumcuris

64 2025 156 2080 ditatio
169 2025 376 2095 deprehendere
385 2024 457 2079 licet.
480 2023 579 2094 lucipit
588 2023 661 2076 euim
672 2022 707 2075 ab
716 2022 858 2093 adeptione
895 2031 923 2079 ct
936 2023 1032 2078 studiis
1047 2024 1103 2078 suis
1117 2022 1201 2077 nimio
1213 2022 1274 2093 plus
1288 2039 1370 2094 quam
1383 2023 1539 2091 corporibus
1548 2024 1685 2090 mortales,

64 2122 167 2160 cornum
181 2106 280 2168 mixta,
290 2105 491 2175 partimarmis,
503 2103 601 2173 partim
609 2102 689 2170 jure:
703 2102 857 2173 ingressum
895 2103 1013 2158 nominis
1037 2103 1079 2157 sui
1102 2103 1267 2168 memoriam,
1291 2101 1374 2156 veluti
1399 2100 1502 2157 fumum
1525 2112 1571 2158 aut
1593 2119 1687 2159 suram

64 2185 197 2256 siquidem
220 2185 322 2239 ferrum
343 2183 455 2253 aperuit,
476 2181 690 2237 stabilimentum
711 2180 859 2235 attulerunt
895 2182 1053 2254 despiciant,

64 2265 182 2334 soptim
204 2273 300 2318 secuta
313 2263 398 2334 igitur
411 2269 474 2317 sunt
487 2270 609 2333 tempora
623 2260 678 2314 illis
695 2260 782 2314 initiis
795 2277 858 2315 con·

64 2354 208 2408 eeutanea;
230 2343 374 2397 simillima
388 2342 521 2406 fluctibus,
531 2348 593 2411 post
602 2356 730 2411 magnam
743 2346 858 2411 tempes

64 2431 150 2486 tatem,
161 2431 284 2477 tumores
298 2432 325 2476 et
336 2422 496 2493 agitationes
507 2438 577 2484 suas,
588 2420 636 2474 sed
649 2420 751 2490 absque
765 2420 857 2491 aliqua
896 2436 1009 2490 quorum
1022 2419 1127 2473 scilicet
1140 2418 1315 2489 philosophia
1329 2426 1356 2472 et
1370 2420 1498 2474 mneritas
1508 2421 1543 2474 ab
1553 2437 1586 2475 ea
1596 2422 1687 2477 radice

65 2500 173 2556 immani
201 2500 333 2573 procella,
357 2501 540 2564 retinentibus,
565 2507 645 2572 atque
672 2500 857 2568 gubernatoris
895 2498 1019 2569 pullulat,
1042 2498 1130 2552 “Nou
1153 2499 1227 2568 prius
1249 2497 1343 2553 laudes
1365 2500 1583 2569 contempsimus,
1604 2518 1687 2573 quam

65 2581 273 2653 prudentiaqui
287 2598 359 2635 uuus
372 2581 446 2634 iuter
459 2588 642 2634 antecessores
654 2596 733 2650 reges
745 2579 858 2635 consilio
895 2577 1029 2632 laudanda
1052 2577 1140 2630 fucere
1164 2577 1350 2641 desivimus;”
1376 2577 1405 2631 id
1427 2585 1516 2633 tamen
1540 2582 1612 2650 apud
1635 2599 1687 2637 nos

66 2661 163 2724 enituit,
185 2661 332 2731 superatis
374 2659 476 2716 Ordine
496 2660 637 2730 proximus
658 2659 778 2712 succedit
799 2677 856 2724 rex,
896 2656 1048 2711 Salomonis
1058 2656 1226 2725 judicionon
1240 2656 1433 2727 praejudicabit,
1445 2663 1461 2688 “
1472 2657 1605 2714 Memoria
1616 2661 1685 2729 justi

65 2740 138 2808 cujus
151 2742 281 2804 actiones,
293 2738 359 2793 licet
372 2740 459 2811 magis
472 2739 576 2809 impetu
590 2754 671 2809 quana
686 2737 800 2793 consssio
813 2739 857 2793 ad·
895 2754 957 2791 cum
967 2736 1100 2800 laudibus,
1109 2730 1289 2806 atimpiorum
1298 2753 1397 2791 nomen
1408 2745 1543 2806 putrescet
1552 2759 1559 2795 e
1568 2740 1585 2766 ”
1599 2739 1686 2795 altera

66 2820 230 2882 ministratae,
245 2836 302 2873 non
324 2818 384 2872 lese
405 2819 543 2872 tamenin
562 2817 643 2872 rebus
663 2817 781 2887 Europae
801 2837 857 2874 mo·
894 2823 1027 2887 perpetuo
1039 2816 1123 2879 floret,
1138 2815 1252 2870 altemm
1266 2824 1313 2869 aut
1330 2816 1359 2870 in
1379 2815 1542 2871 oblivionem
1561 2820 1686 2889 protinus

67 2898 346 2962 mentumsttulenrut,
352 2913 400 2953 eas
408 2897 519 2953 subinde
526 2896 650 2952 librando
658 2905 685 2951 et
693 2898 856 2964 inclinando,
895 2896 959 2961 abit,
973 2896 1061 2951 autin
1076 2896 1185 2952 odorem
1200 2902 1298 2950 tetrum
1312 2897 1510 2966 computrescit.
1551 2896 1591 2952 Ac
1605 2914 1685 2971 prop·

68 2988 142 3047 prout
153 2981 220 3049 ipsae
232 2977 453 3048 propendebant:
468 2995 521 3049 quo
532 2978 616 3032 etiam
626 2987 763 3048 regnante,
774 2980 858 3049 cupit
895 2985 969 3031 terea
988 2976 1017 3030 in
1038 2993 1072 3030 eo
1092 2976 1152 3046 ipso
1173 2975 1250 3044 stylo,
1268 2974 1311 3029 sel
1333 2975 1460 3046 loquendi
1483 2976 1604 3042 formula,
1624 2997 1687 3049 quaa

67 3056 121 3111 fieri
143 3059 243 3129 ingens
262 3057 312 3111 illa
330 3065 418 3111 status
438 3057 614 3112 ecclesiastici
634 3058 754 3121 mutatio,
769 3058 857 3129 qualis
895 3064 968 3110 recte
990 3055 1133 3110 admodum
1153 3062 1262 3125 recepta
1282 3063 1331 3119 est,
1353 3064 1384 3109 ut
1405 3055 1538 3111 defunctis
1553 3057 1685 3114 tribuatur

67 3152 124 3189 reru
133 3138 279 3191 admodum
293 3136 385 3207 prodit
398 3136 427 3190 iu
441 3136 584 3192 theatrum.
626 3136 740 3192 Secutus
753 3146 795 3191 est
808 3155 858 3193 rex
897 3134 1022 3205 (“ielicis
1034 3135 1177 3198 memoriae,
1193 3135 1245 3205 piae
1258 3135 1403 3198 momoria),
1417 3136 1495 3190 bonoe
1508 3138 1685 3206 memoriae’')

67 3217 156 3270 minor.
205 3216 279 3270 Dein
304 3223 500 3270 tentamentum
524 3215 680 3285 tyrannidis,
702 3215 766 3271 licet
789 3217 857 3272 illud
895 3231 1042 3287 agnoscere
1062 3216 1184 3269 ridemur
1205 3213 1280 3275 illud,
1296 3214 1367 3285 quod
1383 3214 1479 3268 Cicero
1493 3216 1641 3285 (mutuatus
1655 3218 1685 3273 id

67 3294 251 3350 brmissimum
266 3294 358 3359 luerit,
372 3294 458 3350 instar
477 3295 561 3350 febris
582 3295 744 3364 ephemeris.
785 3296 856 3351 Dein
895 3295 985 3365 ipsum
998 3310 1015 3347 a
1027 3294 1223 3362 Demosthene)
1237 3294 1358 3364 protulit,
1373 3293 1502 3348 “Bonam
1516 3295 1615 3350 lamam
1624 3314 1685 3368 pro·

68 3391 174 3443 reguum
185 3375 309 3428 imminua
323 3382 418 3429 extero
430 3375 490 3445 regi
503 3382 603 3444 nuptas.
626 3374 730 3429 Rursus
741 3392 855 3446 regnum
895 3376 982 3444 priam
996 3390 1056 3429 esse
1071 3374 1268 3444 possessionem
1281 3373 1467 3428 dehmctorum
1476 3395 1482 3428 r
1491 3376 1507 3401 ''
1530 3393 1611 3446 quam
1626 3378 1683 3447 qui·

68 3452 180 3508 lamine
201 3454 333 3508 solitariae
352 3462 380 3507 et
393 3453 505 3508 coelibis.
547 3453 615 3508 Hanc
637 3455 729 3507 omnia
748 3454 856 3510 demum
895 3454 957 3508 dem
967 3454 1166 3523 possessionem
1174 3469 1228 3506 uon
1238 3468 1347 3522 possum
1358 3469 1411 3506 non
1421 3461 1513 3508 notare
1524 3464 1615 3510 nostm
1624 3474 1685 3510 roro

67 3534 169 3603 excepit
186 3540 301 3587 eventus
316 3533 368 3587 iste
388 3532 492 3588 faustus
512 3540 538 3587 et
557 3532 708 3603 gloriosus3
730 3535 856 3589 nimirum
894 3531 1024 3587 incultam
1035 3533 1232 3603 utplurimum,
1247 3541 1274 3586 et
1286 3532 1440 3604 neglectam
1450 3535 1551 3603 jacere.

68 3609 173 3679 hujusce
195 3610 294 3666 insulas
315 3609 469 3676 Britannia,
484 3629 501 3665 a
514 3619 571 3666 toto
584 3612 648 3665 orbe
663 3613 764 3677 divisae,
777 3614 807 3668 in
826 3631 856 3667 se
933 3612 1069 3673 Quantum
1082 3612 1116 3665 ad
1129 3611 1281 3673 relationes,
1291 3612 1436 3681 optandum
1447 3622 1517 3667 essct
1528 3629 1644 3684 prorsus,
1653 3623 1685 3669 ut

68 3690 141 3756 nuio;
162 3708 213 3762 per
226 3707 312 3762 qoam
325 3700 402 3746 vetus
415 3690 482 3745 illud
495 3690 642 3755 oraculum,
657 3693 750 3747 AEnere
770 3692 857 3748 reddi·
894 3691 980 3745 multo
988 3692 1074 3761 major
1083 3691 1155 3745 circa
1165 3707 1211 3744 eas
1221 3691 1394 3746 adhiberetur
1404 3691 1560 3763 diligentia;
1582 3695 1683 3764 quippo

68 3776 127 3835 tun,
140 3772 213 3842 qnod
226 3771 352 3842 requiem
365 3770 635 3841 eipraemoustrabat,
894 3772 942 3825 vix
965 3771 1060 3824 incidit
1083 3771 1175 3841 aliqua
1198 3771 1271 3824 actio
1293 3771 1375 3841 paulo
1398 3771 1535 3836 illustrior,
1559 3774 1604 3827 cui
1627 3789 1682 3828 non

894 3849 1002 3904 intersit
1014 3849 1134 3905 calamus
1147 3850 1245 3920 aliquis
1259 3867 1294 3904 ex
1308 3850 1471 3915 melioribus,
1487 3852 1533 3924 qui
1554 3869 1614 3906 eam
1634 3871 1684 3925 ex-

894 3929 993 3999 cipere,
1017 3938 1046 3984 et
1068 3929 1220 3984 describere
1246 3930 1340 3998 possit.
1389 3930 1522 3991 Quoniam
1545 3941 1635 3986 autem
1659 3933 1683 3986 is

68 4004 338 4073 marbelissimas
350 4011 444 4075 gentes
453 4004 561 4076 Angliae
569 4015 596 4061 at
605 4006 737 4061 Scotiaein
746 4007 856 4062 nomine
895 4025 1091 4079 perpaucorum
1113 4007 1254 4062 hominum
1277 4025 1336 4063 esse
1359 4009 1447 4074 debet,
1472 4011 1518 4082 qui
1541 4010 1683 4066 historiam

70 4080 855 4155 fllollritauuimntiqumsuaematriajamcouvenientes,
891 4088 994 4155 justam
1017 4105 1067 4159 pro
1094 4087 1225 4158 dignitate
1249 4088 1400 4143 conscribat
1422 4092 1466 4157 (ut
1489 4107 1524 4144 ex
1548 4091 1682 4160 paucitate

68 4162 239 4233 adimpletum
253 4164 305 4227 sit;
326 4163 355 4217 in
370 4163 469 4234 pignus
481 4172 509 4219 et
523 4172 654 4219 tesseram
668 4172 756 4231 mctoe,
771 4173 798 4219 et
810 4183 855 4221 ex·
894 4167 1081 4222 historicorum
1095 4166 1139 4220 vel
1158 4166 1334 4222 mediocrium
1347 4168 1412 4222 satis
1425 4168 1524 4239 liquet)
1539 4169 1639 4224 idcirco
1658 4172 1684 4225 si

68 4240 115 4296 itus
127 4260 249 4297 errorum
263 4251 290 4296 et
305 4243 530 4313 peregrinationis
540 4244 597 4311 jam
613 4244 720 4315 reperti.
762 4245 805 4298 lta
819 4253 855 4310 ut,
894 4246 1013 4301 actiones
1022 4245 1204 4318 particulares,
1212 4246 1262 4300 sub
1268 4253 1373 4317 tempus
1381 4248 1477 4318 ipsum,
1486 4266 1539 4320 quo
1547 4257 1682 4320 geruntur,

67 4322 288 4389 quemadmodum
303 4338 416 4391 corpora
429 4322 578 4392 ponderosa
585 4324 695 4390 jactata,
710 4330 855 4394 antequam
894 4325 1026 4379 tolerabili
1041 4325 1133 4397 aliquo
1147 4327 1247 4395 scripto
1260 4328 1396 4383 memoriae
1413 4329 1609 4393 mandarentur,
1623 4346 1683 4399 spe·

66 4411 162 4468 pmsut
175 4410 204 4455 et
218 4401 376 4464 consistant,
391 4400 581 4471 trepidationes
603 4403 733 4473 quasdam
747 4403 854 4472 experi-
894 4406 1007 4460 randum
1026 4414 1105 4470 esset,
1120 4404 1271 4460 creaturos
1290 4406 1458 4478 quaudoque,
1474 4408 1520 4478 qui
1542 4408 1683 4464 historiam

66 4488 157 4543 nntnr;
178 4481 277 4535 eodem
300 4479 381 4533 modo
394 4480 533 4550 probabile
546 4480 676 4545 videatur,
691 4482 781 4535 diviua
796 4500 855 4552 pro
890 4484 1001 4552 justam,
1010 4501 1062 4555 ope
1073 4490 1100 4537 et
1110 4484 1212 4538 auxilio
1223 4483 1330 4539 illarum
1338 4485 1505 4550 relationum,
1514 4488 1681 4543 conscribere

65 4557 178 4613 ridentia
192 4560 295 4613 lactum
310 4576 378 4624 esse,
393 4568 423 4613 ut
444 4559 602 4614 monarchia
622 4560 681 4625 ista,
696 4560 853 4632 priusquam
893 4572 1010 4632 possent
1054 4563 1112 4618 illae
1129 4563 1203 4617 enim
1224 4564 1309 4618 instar
1331 4566 1467 4620 seminarii
1489 4584 1548 4621 esse
1569 4567 1681 4638 possint,

65 4636 90 4689 io
104 4646 149 4691 tus
163 4640 316 4708 majestate,
330 4638 460 4711 regiaque
474 4646 520 4692 tua
533 4639 624 4694 sobole
636 4639 679 4711 (in
701 4656 754 4711 qua
775 4658 855 4710 spero
892 4642 970 4708 uode,
984 4660 1046 4697 cum
1059 4660 1124 4697 usus
1146 4642 1223 4708 soret,
1238 4642 1331 4698 hortus
1352 4646 1458 4716 amplus
1479 4655 1507 4701 et
1523 4647 1683 4718 magnificus

65 4732 121 4771 eam
144 4718 173 4772 in
195 4727 359 4789 perpetuum
382 4717 439 4772 iore
461 4718 623 4785 stabilitam)
645 4720 803 4773 consisteret
827 4728 853 4774 et
892 4729 1086 4776 consereretur.

65 4797 219 4852 confirmata
230 4807 311 4861 essct,
324 4797 375 4851 hus
388 4806 443 4851 tam
456 4797 545 4852 varias
554 4797 717 4852 mutationes
731 4807 760 4851 et
772 4799 853 4852 vicis·

67 4874 200 4939 situdines,
209 4887 340 4947 tanquam
355 4876 486 4946 praeludia
499 4875 654 4930 stabilitatis
667 4894 731 4940 suae,
742 4877 853 4933 subiret.

102 4953 143 5007 De
166 4956 231 5010 vitis
255 4955 422 5026 cogitantem
447 4956 519 5010 subit
547 4956 671 5026 quasdam
701 4957 853 5019 admiratio,
1117 4957 1241 5015 CAPUT
1262 4955 1458 5015 OCTAVUM.

68 5038 181 5103 tempora
195 5036 250 5088 ista
261 5042 357 5088 nostra
370 5034 444 5089 haud
460 5050 539 5089 nosse
553 5035 624 5088 bona
638 5052 702 5099 sua;
724 5053 785 5089 curu
799 5044 853 5089 tam

69 5126 123 5164 rere
132 5114 165 5166 sit
174 5114 398 5168 commemoratio
408 5121 436 5168 et
446 5113 609 5184 conscriptio
617 5115 741 5178 vitarum,
752 5131 853 5179 eorum,
894 5116 1017 5170 Partitis
1026 5116 1146 5171 historia
1157 5127 1300 5189 tearporam
1315 5120 1344 5172 ia
1357 5119 1497 5172 historiam
1506 5119 1683 5173 nar'nerralsm

68 5190 109 5256 qui
123 5202 215 5247 nomen
229 5193 322 5248 oecnlo
344 5192 507 5249 clamenmt.
549 5193 608 5247 Etsi
629 5193 702 5247 enim
724 5211 813 5265 reges,
828 5200 855 5247 et
906 5205 932 5249 st
938 5197 1140 5267 particularem,
1149 5206 1175 5249 at
1183 5200 1325 5270 utriusque
1333 5198 1459 5251 counrado
1468 5205 1493 5249 st
1501 5198 1668 5254 inconmoda.

69 5268 109 5337 qui
133 5271 286 5326 absolutum
313 5271 496 5341 principatum
520 5271 667 5337 obtineant,
689 5274 769 5342 pauci
794 5290 854 5327 esse

69 5349 181 5413 possam
214 5351 354 5422 principes
375 5351 459 5405 etiam
483 5351 513 5406 iu
533 5351 672 5421 republica
694 5352 779 5407 libera
803 5356 855 5420 (tot
935 5352 1076 5407 Hrsroara
1090 5360 1242 5424 temporum
1256 5363 1302 5409 aut
1314 5354 1472 5409 universalis
1485 5362 1528 5408 est
1542 5363 1588 5409 aut
1601 5356 1684 5426 parti-

69 5426 259 5497 uhupublicis
273 5430 302 5485 iu
316 5429 503 5484 monarchiam
515 5432 663 5498 conversis)
674 5431 747 5485 haud
761 5430 854 5497 multi,
892 5432 1010 5498 cularis3
1031 5431 1091 5487 hac
1104 5433 1220 5505 alicujus
1236 5435 1321 5506 regui,
1336 5434 1379 5489 vel
1398 5433 1561 5505 reipublicae,
1575 5435 1619 5492 vel
1638 5452 1685 5491 na·

1021 2308 1100 2341 ⁸⁴—-
1109 2306 1182 2353 animi
1191 2304 1226 2352 nil
1233 2318 1325 2367 magna
1334 2302 1411 2351 laudis
1421 2309 1532 2365 egentem
1541 2305 1558 2327 ”

270 3894 402 3955 Antiquam
411 3894 525 3955 exquirite
534 3900 647 3953 matrem3
