3800 5875
415 849 1057 937 INSTAURATIONIS
1099 847 1378 933 MAGNAE

729 1098 844 1163 PARS
873 1097 1065 1174 QUARTA.

257 1630 818 1721 SCALA‚1NTELLECTUS,
846 1632 962 1706 SIVE
1000 1633 1162 1707 FILUM
1194 1629 1527 1705 LABYRINTHI.

830 1879 888 1917 aua
903 1878 959 1924 aar,

497 2076 821 2135 INSTAURATIONIS
841 2076 990 2133 MAGNAE
1011 2072 1107 2130 Pars
1128 2071 1291 2136 QUARTA.

118 2293 278 2350 Drrrrcrars
297 2312 361 2350 sane
381 2295 451 2351 foret
468 2296 645 2366 reprehensio
663 2313 764 2361 eorum,
780 2297 877 2368 quibus
911 2294 1056 2367 pertinent,
1071 2293 1218 2362 adjungere
1237 2307 1393 2362 possemusr
1407 2291 1516 2346 adeout
1529 2290 1662 2348 internos
1675 2300 1704 2348 et

79 2372 150 2426 nihil
165 2373 231 2428 sciri
242 2372 353 2442 placuit,
364 2376 389 2430 si
401 2376 536 2431 decretum
546 2377 642 2430 durum
655 2375 877 2447 interpretatione
911 2375 974 2430 illos
988 2373 1041 2428 hoc
1054 2380 1160 2427 tantum
1169 2370 1284 2436 intersit,
1293 2371 1364 2442 quod
1375 2370 1416 2424 illi
1428 2371 1467 2426 nil
1478 2388 1540 2425 vere
1549 2372 1612 2426 sciri
1624 2389 1704 2442 posse

78 2452 206 2507 molliore
234 2455 424 2509 correxissent.
465 2454 494 2509 Si
517 2456 577 2527 quis
597 2455 670 2511 enim
692 2463 803 2520 asserat,
824 2454 877 2510 hoc
912 2468 1090 2524 prorsus,nos
1103 2450 1141 2505 nil
1157 2467 1218 2504 vere
1233 2450 1296 2504 sciri
1316 2467 1397 2521 posse
1411 2467 1451 2516 ea,
1467 2468 1520 2523 qua
1534 2451 1621 2505 adhuc
1635 2469 1704 2523 gens

76 2531 170 2602 ipsum
190 2531 269 2597 scire,
284 2544 355 2588 recte
375 2543 525 2605 acceptum,
545 2551 605 2589 esse
622 2552 673 2605 per
689 2551 785 2589 causas
799 2535 876 2600 scire,
912 2533 1032 2588 bumana
1051 2531 1175 2602 ingressa
1196 2529 1312 2594 catria,
1332 2537 1487 2585 statuamus.
1528 2531 1626 2601 Neque
1640 2548 1705 2585 vero

76 2628 226 2666 causarum
246 2621 338 2667 autern
361 2614 543 2686 cognitionem
566 2613 689 2685 gliscere,
711 2622 738 2669 et
757 2614 827 2668 serie
850 2622 878 2669 et
911 2610 995 2688 hujus
1009 2609 1145 2667 societatis
1158 2624 1208 2663 nos
1218 2608 1307 2677 pudet
1349 2608 1378 2663 Si
1393 2610 1505 2663 enimin
1518 2608 1591 2663 hunc
1605 2620 1705 2665 emtum

76 2689 164 2744 veluti
178 2699 276 2743 catena
286 2699 417 2763 perpetua
428 2693 462 2746 ad
475 2693 618 2747 notissima
627 2702 730 2748 naturae
738 2693 876 2759 scandere,
911 2691 1076 2761 recipiantur
1089 2706 1143 2743 non
1157 2688 1243 2743 solum
1255 2688 1284 2752 ii,
1295 2688 1341 2759 qui
1356 2689 1488 2742 cententio
1498 2697 1526 2742 et
1538 2689 1640 2759 placito
1650 2689 1703 2744 boc

77 2769 149 2824 adeo
164 2778 195 2823 ut
208 2771 413 2839 particularium
426 2789 517 2827 rerum
527 2773 655 2843 cognitio,
664 2774 766 2844 absque
780 2780 877 2827 exacta
912 2777 1007 2826 tenent
1019 2778 1047 2825 et
1061 2769 1212 2838 opinantur,
1235 2768 1283 2821 sed
1298 2778 1324 2820 et
1342 2765 1391 2830 illi,
1406 2768 1453 2838 qui
1466 2768 1539 2822 idem
1552 2777 1599 2821 aut
1617 2769 1705 2824 forma

77 2849 216 2902 universes
233 2858 337 2905 natura
357 2851 607 2922 comprehensione,
627 2853 737 2923 proprie
756 2869 810 2906 non
831 2852 876 2907 ab
911 2851 972 2921 ipsa
995 2847 1178 2919 interrogandi
1200 2854 1228 2901 et
1247 2846 1391 2916 objiciendi
1412 2864 1470 2916 prae
1488 2864 1518 2901 se
1540 2847 1637 2910 ferunt,
1659 2858 1706 2903 aut

77 2927 221 2994 solratun
236 2947 292 2985 non
302 2929 382 2986 facile
393 2931 524 2996 invenias,
535 2932 608 3003 quod
622 2949 689 2987 sano
701 2950 763 2987 cum
774 2932 878 3002 judicio
911 2927 1100 3003 conquerendo
1121 2928 1154 2983 de
1176 2944 1266 2982 rerum
1290 2925 1460 2991 obscuritate,
1482 2933 1509 2982 et
1529 2926 1703 2999 indignando,

76 3007 230 3062 contradici
240 3012 336 3079 possit.
379 3010 452 3066 Nam
466 3020 493 3065 et
505 3028 598 3066 veram
612 3012 726 3081 alicujus
740 3013 779 3066 rei
793 3013 877 3066 scien·
912 3010 1036 3075 fatentur,
1046 3017 1073 3063 et
1087 3007 1164 3080 quasi
1178 3005 1302 3072 clamant,
1313 3014 1359 3061 aut
1372 3015 1475 3060 secreto
1488 3005 1704 3077 animoagitant,

75 3087 145 3141 tiam
159 3086 257 3143 baberi
275 3106 364 3160 posse,
384 3098 530 3162 antequam
543 3108 621 3145 mens
634 3092 663 3145 in
676 3108 817 3146 causarum
831 3108 877 3147 ex·
912 3099 940 3144 et
953 3091 1022 3145 raris
1036 3097 1063 3144 et
1076 3087 1188 3142 occultis
1200 3087 1311 3140 vocibus
1324 3086 1408 3140 veluti
1421 3086 1605 3150 insusurrant;
1627 3085 1704 3140 inve·

75 3167 230 3236 plicatione
245 3168 327 3239 plane
341 3170 479 3235 consistat,
493 3171 583 3225 minus
600 3178 828 3235 consentaneum
849 3179 878 3225 et
911 3170 972 3223 uias
985 3169 1014 3222 in
1027 3169 1080 3223 hoc
1088 3183 1201 3221 numero
1211 3167 1283 3220 viros
1297 3182 1333 3220 ex
1342 3166 1460 3236 antiquis
1471 3165 1551 3235 longe
1560 3165 1703 3231 maximos,

74 3246 231 3316 perfectam
258 3249 377 3304 universi
404 3250 588 3322 cognitionem
616 3248 742 3304 humanm
773 3257 877 3305 naturae
912 3257 939 3303 et
953 3247 1211 3318 contemplationum
1224 3245 1369 3316 principes,
1377 3245 1405 3298 iu
1413 3260 1527 3316 quorum
1540 3245 1704 3300 consortium

75 3325 231 3380 attribuere
245 3336 326 3397 atquc
339 3344 469 3392 asserere,
484 3329 657 3384 temerarium
669 3328 782 3383 fortasse
801 3330 877 3401 quid·
911 3327 1012 3383 includi
1021 3327 1157 3381 neminem
1171 3325 1310 3396 poeniteat.
1352 3323 1705 3379 Pronuntiandienimcou·

75 3405 151 3470 dam,
160 3412 244 3475 atque
251 3405 412 3476 impotentis
422 3409 562 3478 cujusdam
572 3408 656 3463 animi
667 3409 772 3464 censeri
782 3409 876 3480 possit
912 3407 1051 3462 fidentiam
1065 3407 1178 3461 fortasse
1193 3420 1262 3459 uuus
1271 3411 1318 3460 aut
1331 3404 1401 3458 alter
1414 3420 1451 3457 ex
1463 3403 1581 3474 antiquis
1594 3420 1705 3474 usurpa·

75 3484 185 3539 Verum
194 3484 237 3538 illi
247 3495 347 3553 contra,
356 3487 594 3557 nullahujusmodi
604 3488 646 3543 usi
654 3487 876 3559 interpretatione
911 3487 967 3552 vit,
989 3503 1077 3557 neque
1101 3493 1192 3540 tamen
1217 3483 1331 3538 invaluit
1353 3499 1387 3538 es
1406 3482 1474 3552 ipsa,
1495 3482 1549 3537 nisi
1569 3483 1643 3537 baud
1666 3484 1704 3537 ita

74 3570 126 3618 aut
145 3563 339 3631 moderatione,
354 3583 482 3623 sensuum
502 3566 612 3622 oracula
633 3584 743 3638 prorsus
761 3568 877 3639 prophe·
911 3566 1018 3638 pridem
1030 3564 1153 3620 barbaris
1164 3563 1270 3627 seculis,
1280 3580 1350 3618 nunc
1364 3570 1454 3617 autem
1463 3561 1577 3617 factione
1589 3561 1705 3633 quadam

74 3659 145 3697 nare
161 3658 217 3697 non
229 3644 309 3698 veriti
324 3653 404 3710 sunt;
428 3646 500 3718 quod
517 3664 580 3702 cum
593 3664 699 3702 summa
712 3665 801 3702 rerum
816 3648 877 3701 des·
911 3655 992 3718 atque
1001 3644 1196 3701 consuetudine
1208 3651 1236 3698 et
1249 3643 1353 3698 incuria
1367 3641 1505 3696 retinetur.
1546 3641 1600 3696 Sed
1614 3650 1705 3695 tamen

74 3722 409 3793 perationeconjunctum
428 3733 478 3781 est.
518 3726 595 3787 Quod
615 3727 746 3781 siverum
767 3728 877 3781 omnino
912 3743 1004 3781 rursus
1018 3725 1047 3779 in
1061 3724 1123 3790 bac,
1138 3724 1171 3778 de
1185 3738 1240 3794 qus
1259 3722 1386 3786 diximus,
1401 3721 1529 3776 societate
1550 3720 1629 3775 facile
1644 3720 1705 3791 quis

75 3800 226 3855 dicendum
236 3802 283 3867 sitr
295 3804 400 3860 etiamsi
412 3805 447 3859 ab
460 3805 513 3860 hac
527 3806 663 3860 calumnia
676 3807 876 3871 abstinuissent,
912 3804 1090 3876 perspexerit,
1111 3820 1162 3859 nos
1182 3818 1248 3873 erga
1268 3801 1330 3856 illos
1349 3802 1422 3856 viros
1442 3800 1528 3855 initiis
1547 3800 1705 3871 opinionum

77 3890 172 3934 tamen
186 3880 246 3935 hac
261 3882 323 3952 ipsa
341 3883 377 3939 lis
390 3884 579 3955 intempestive
588 3893 617 3939 ct
630 3886 795 3941 contentiose
803 3894 878 3941 mota
912 3886 1078 3952 conjunctos,
1092 3883 1169 3938 exitu
1188 3881 1217 3935 in
1235 3881 1398 3936 immensum
1412 3880 1513 3934 divisos
1532 3896 1602 3935 esse.
1643 3878 1704 3933 Etsi

75 3960 214 4023 videatur,
225 3977 287 4015 cum
302 3963 369 4017 citra
382 3963 471 4029 istam,
483 3982 565 4035 quam
578 3964 733 4036 intelligere
743 3965 877 4030 videntur,
912 3965 986 4018 enim
1005 3965 1094 4034 primo
1113 3980 1167 4016 non
1186 3961 1301 4015 multum
1315 3960 1457 4015 dissentire
1470 3959 1617 4023 videamur,
1633 3959 1706 4030 quod

75 4038 252 4111 ipsissimam
280 4042 430 4107 veritatem,
457 4050 548 4098 tantus
579 4043 707 4099 humanm
737 4044 878 4099 industrias
912 4043 954 4097 illi
975 4041 1215 4113 incompetentiam
1237 4038 1350 4094 humani
1368 4037 1520 4093 intellectus
1534 4038 1703 4109 simpliciter,

75 4127 177 4190 pateat
188 4135 309 4189 campus,
324 4129 353 4175 ut
365 4123 400 4176 sit
413 4138 456 4176 res
470 4132 636 4194 praepostera
650 4130 677 4177 et
689 4123 765 4195 quasi
780 4124 878 4178 mentis
912 4140 967 4177 non
980 4123 1030 4178 sub
1044 4122 1124 4176 modo
1138 4135 1307 4184 asseramus;
1321 4118 1499 4173 nihilominus
1511 4118 1565 4172 huc
1576 4118 1704 4181 resredit,

76 4205 224 4252 commota
251 4206 278 4253 et
304 4201 477 4270 perturbatae,
505 4203 539 4257 de
566 4204 697 4257 extremis
724 4202 878 4258 obtinendis
912 4210 943 4256 ut
956 4201 1006 4264 illi,
1019 4200 1124 4256 nullum
1144 4199 1209 4254 huic
1223 4199 1295 4253 malo
1310 4198 1459 4252 remedium
1473 4197 1642 4252 invenientes
1656 4207 1720 4251 aut=

78 4277 228 4342 solicitum,
243 4285 333 4334 tantas
350 4280 379 4334 in
393 4281 483 4335 medio
497 4282 565 4336 sitas
576 4281 707 4336 utilitates
722 4282 878 4351 praetermit·
912 4289 1061 4352 sperantes,
1071 4279 1210 4352 negotium
1220 4279 1353 4342 deserant,
1364 4287 1392 4332 et
1406 4293 1502 4331 sensus
1516 4277 1705 4332 certitudinem

77 4365 146 4411 tere.
189 4357 263 4412 Nam
277 4367 414 4431 utcunque
432 4376 482 4430 per
494 4361 551 4414 veri
569 4368 596 4415 et
609 4360 757 4432 probabilis
771 4362 878 4416 distinc·
913 4360 1074 4426 invadendo,
1089 4359 1230 4413 scientiam
1245 4358 1280 4411 ab
1293 4358 1355 4411 imis
1369 4356 1551 4411 fundamentis
1565 4363 1704 4411 evertant:

77 4437 192 4500 tionem,
208 4436 329 4493 scientim
347 4439 536 4494 certitudinem
549 4439 697 4505 destruere,
716 4457 794 4495 usum
816 4441 878 4496 reti·
912 4456 1082 4504 nonnosum
1095 4439 1167 4493 viam
1183 4438 1334 4502 afferentes,
1351 4444 1409 4491 turn
1422 4452 1517 4490 sensus
1530 4444 1586 4491 turn
1607 4435 1706 4491 mentis

77 4532 155 4580 nere,
176 4516 262 4570 videri
282 4517 385 4581 volunt,
406 4529 495 4589 atque,
518 4519 608 4589 quoad
627 4521 744 4574 activam
765 4527 877 4591 partem,
912 4536 1019 4574 errores
1040 4535 1135 4590 regere
1155 4525 1183 4571 et
1204 4516 1345 4571 restituere
1366 4532 1503 4569 conemur.
1546 4515 1640 4586 ltaque
1655 4513 1705 4580 illi,

77 4594 216 4649 delectum
229 4613 318 4651 rerum
337 4596 453 4652 illaesum
467 4597 634 4669 relinquere3
657 4606 756 4663 tamen,
771 4600 878 4655 sublata
908 4600 1012 4674 jactam
1032 4597 1154 4652 arbitrati
1176 4596 1272 4660 aleam,
1294 4596 1328 4650 ad
1349 4595 1451 4666 ingenii
1473 4594 1608 4665 quandam
1627 4611 1706 4665 pere·

77 4673 231 4728 exanimis
249 4674 391 4731 hominum
405 4678 526 4732 veritatis
547 4677 722 4748 exquirendae
742 4694 799 4748 spe,
814 4696 878 4750 pro-
913 4679 1093 4749 grinationem
1104 4676 1219 4731 liberam
1233 4682 1261 4728 et
1278 4691 1414 4729 amoeuam
1433 4689 1462 4727 se
1480 4682 1605 4738 vertunt,
1626 4673 1706 4727 nobis

78 4751 211 4807 euldubio
230 4771 328 4810 nervos
343 4756 513 4826 inquisitioni
532 4756 659 4811 humanm
676 4756 836 4823 inciderunt,
850 4767 879 4813 et
913 4775 949 4812 ex
963 4756 1091 4828 opinione
1113 4765 1205 4810 nostra
1224 4754 1342 4807 difficilis
1356 4761 1384 4808 et
1403 4760 1506 4808 remota
1519 4752 1628 4807 obvenit
1647 4769 1706 4822 pro·

77 4831 237 4903 promiscua
248 4834 385 4904 quaerendi
395 4834 513 4901 licentia,
525 4834 679 4890 inveniendi
694 4837 834 4907 negotium
848 4838 878 4892 in
913 4837 1011 4903 vincia,
1020 4853 1081 4906 quar
1091 4843 1120 4889 ut
1133 4834 1225 4906 generi
1241 4833 1361 4888 humano
1374 4832 1441 4888 felix
1454 4840 1481 4887 et
1495 4833 1583 4887 fausta
1592 4831 1635 4895 sit,
1648 4848 1707 4901 per-

78 4911 307 4967 exercitationem
319 4915 454 4984 quandam
468 4914 573 4986 ingenii
585 4922 612 4969 et
622 4915 813 4984 disputationis
821 4933 878 4971 ver·
912 4922 997 4985 petuo
1023 4931 1173 4986 precamur.
1228 4913 1323 4984 ltaque
1350 4913 1430 4966 initia
1456 4912 1561 4967 viarum
1589 4910 1707 4963 secundo

80 4997 183 5045 terunt.
225 4990 409 5048 Veruntamen
430 5011 532 5066 negare
554 4992 635 5064 plane
651 5011 706 5048 non
724 5011 877 5065 possumus,
912 4993 983 5048 libro
1002 4993 1210 5064 descripsimus,
1235 4992 1344 5048 easdem
1363 4992 1416 5061 ipsi
1437 4991 1563 5045 continuo
1581 4989 1705 5059 ingressi,
1766 5032 1770 5039 .

79 5069 149 5141 quin
163 5068 187 5125 si
203 5087 257 5142 qua
268 5071 347 5127 nobis
366 5090 427 5127 cum
444 5073 566 5144 antiquis
586 5073 736 5128 intercedat
753 5073 877 5140 societas,
913 5073 991 5128 tertio
1005 5071 1184 5144 pbaeuomena
1191 5071 1311 5127 universi
1324 5079 1351 5125 ct
1365 5071 1507 5125 historiam
1517 5068 1705 5133 tractavimum

78 5165 115 5203 ea
127 5165 193 5203 cum
213 5149 266 5205 hoc
280 5167 380 5221 genere
400 5151 582 5223 philosophias
596 5153 715 5207 maxime
736 5153 879 5221 conjuncta
912 5152 942 5206 in
964 5169 1018 5224 quo
1042 5160 1117 5206 certe
1141 5151 1233 5221 sylvas
1252 5160 1364 5216 naturae,
1384 5157 1412 5203 et
1430 5149 1578 5203 variatione
1600 5148 1707 5202 infinita

77 5229 134 5293 sit3
150 5245 214 5283 cum
227 5229 312 5285 multa
325 5231 361 5285 ab
373 5230 430 5286 illis
444 5232 477 5287 de
492 5247 619 5285 sensuum
632 5232 835 5297 variationibus,
850 5239 879 5288 et
913 5231 1159 5301 experimentorum
1172 5230 1256 5285 veluti
1278 5229 1352 5284 foliis
1368 5245 1468 5299 opacas
1485 5234 1513 5283 et
1530 5228 1665 5291 obscuras,
1679 5235 1708 5282 et

74 5308 178 5377 judicii
192 5308 307 5365 humani
320 5311 487 5376 infirmitate,
501 5310 574 5364 etde
589 5310 741 5366 cohibendo
757 5318 784 5366 et
799 5312 879 5368 susti·
914 5310 1130 5365 observationum
1139 5310 1296 5373 subtilitate,
1308 5308 1392 5363 veluti
1402 5306 1528 5377 virgultis
1536 5315 1563 5361 et
1570 5306 1706 5377 vepribus,

78 5388 173 5443 nendo
186 5404 309 5454 amensa,
323 5391 469 5460 prudenter
482 5390 592 5444 dieram
611 5390 799 5446 animadversa
819 5409 879 5463 pro·
913 5389 1074 5461 implicatas,
1091 5389 1294 5460 penetravimus
1314 5393 1341 5442 et
1364 5386 1567 5457 praeterivimus.
1616 5386 1707 5457 Atque

77 5466 193 5534 benum
219 5469 318 5538 quibus
344 5470 425 5526 etiam
447 5470 591 5528 innumera
611 5468 676 5537 alia,
697 5488 758 5542 qum
782 5472 879 5528 eodem
913 5485 985 5525 nunc
999 5469 1034 5523 ad
1046 5469 1135 5540 magis
1150 5475 1244 5539 aperta
1259 5467 1383 5531 fortasse,
1397 5466 1445 5521 scd
1465 5473 1556 5522 tamen
1570 5465 1605 5521 ad
1618 5467 1707 5539 magis
