3800 5875
222 314 279 369 502
851 311 992 369 Novum
1013 313 1214 370 ORGANUM.
1725 309 1779 365 Lra
1791 311 1821 365 11.

221 490 320 545 genere
342 478 370 527 et
389 490 452 528 eum
472 471 617 544 negativis.
658 472 757 542 Neque
782 472 855 527 enim
879 473 1021 528 carnivora
1056 473 1183 536 butionis,
1192 480 1221 527 et
1230 471 1399 543 digestionis,
1410 478 1553 542 postquam
1562 468 1704 524 commista
1714 470 1824 532 sint3de·

220 553 334 609 sustinet
347 553 442 607 herbis
452 552 549 607 nutriri
554 575 562 618 ι
577 551 740 606 undectism
753 552 819 606 ordo
833 550 1019 607 Folitanorum
1057 553 1139 623 nique
1155 564 1182 607 et
1195 552 1431 622 praedominantiae
1445 560 1509 621 post
1521 551 1660 604 misturam
1674 556 1824 604 transactam

222 633 299 701 (licct
322 632 448 686 voluntas
466 631 587 686 humana
607 629 670 702 plus
688 632 784 701 possit,
801 648 882 702 quam
899 632 1020 687 animan·
1096 633 1224 701 Superest
1244 631 1342 686 ultinm
1363 630 1424 685 loco
1438 645 1474 685 cx
1494 630 1580 684 modis
1598 637 1700 699 septem
1715 631 1825 699 operandi

220 713 289 765 tium
310 720 475 775 caeterorum,
494 728 577 781 super
596 727 695 780 corpus
715 706 811 782 suum)
831 718 893 781 post
913 713 1020 782 experi-
1056 712 1189 781 septimus
1203 719 1231 765 et
1245 719 1415 781 postremum
1436 709 1558 780 operatio
1577 708 1682 762 scilicet
1701 725 1746 778 per
1763 708 1826 762 alter-

221 791 324 846 entiam
338 792 440 845 iactam
451 793 493 859 (ιιι
503 791 593 858 aiunt)
604 798 733 861 tanquam
743 790 779 844 ab
788 791 909 845 humana
922 798 1019 845 natura
1056 792 1202 854 nationem,
1213 797 1242 844 et
1251 789 1452 845 vicissitudines
1461 789 1581 859 priorum
1590 804 1652 842 aex:
1666 787 1698 841 de
1706 798 1825 858 quoame

221 886 277 925 non
300 868 456 934 tolerabilis,
480 870 537 924 iere
557 869 675 924 euanuit.
717 869 810 924 Etiam
833 870 959 924 materia
978 870 1017 925 di·
1057 885 1139 940 quam
1152 870 1182 923 in
1193 869 1315 941 singulos
1328 868 1391 923 illos
1404 868 1579 940 panloaltius
1589 867 1825 936 fueritinqaisimn,

220 966 306 1004 versas
324 949 557 1020 putrefactiouum,
571 947 641 1003 unde
662 948 826 1003 animalcula
845 958 1017 1020 generantur,
1057 949 1247 1019 tempestivum
1266 966 1322 1004 non
1335 950 1406 1003 foret
1419 947 1546 1018 exempla
1557 963 1714 1018 proponere
1752 946 1826 1002 Serim

220 1029 345 1083 notanda·
359 1036 431 1084 sunt.
1056 1036 1148 1083 autem
1160 1028 1218 1083 sive
1238 1036 1336 1084 catena
1354 1027 1512 1097 hujusmodi
1531 1026 1705 1090 alterationis,
1718 1036 1788 1097 prout
1798 1027 1825 1079 ed

262 1108 351 1180 Atque
385 1124 533 1162 consensus
561 1124 705 1177 corpomm
732 1107 925 1178 principalium
951 1125 1018 1180 erga
1056 1108 1163 1179 singula
1174 1108 1270 1162 effecta
1284 1108 1482 1162 accommodari
1493 1108 1687 1178 poesitresest
1697 1116 1724 1159 et
1734 1107 1825 1177 cognitu

221 1188 396 1242 subordinate
410 1204 459 1241 sua
474 1183 560 1261 (tales
578 1187 653 1243 enim
665 1188 686 1240 ii
701 1187 807 1256 possint
820 1189 933 1253 censeri,
948 1205 1018 1259 quos
1056 1186 1384 1253 maximedifficilisetad
1393 1203 1477 1258 opera
1487 1186 1608 1241 maxime
1618 1185 1714 1239 valida.
1733 1186 1825 1241 Samma

221 1263 388 1341 notavimus)
403 1267 469 1322 satis
482 1267 511 1321 in
525 1274 620 1336 aperto
637 1274 708 1321 sunt
749 1266 853 1328 Quibus
868 1268 931 1321 addi
952 1284 1017 1337 pos·
1055 1275 1146 1322 autem
1160 1267 1423 1338 detinetetoceupat
1435 1267 1561 1321 homines
1570 1266 1739 1335 impatientia
1749 1265 1824 1333 bajas

221 1352 283 1401 sunt
297 1363 425 1402 sensuum
438 1363 588 1400 consensus
602 1363 668 1417 erga
682 1346 788 1414 objecta
801 1363 858 1401 sua
890 1346 942 1408 Qui
956 1363 1018 1400 con·
1055 1347 1137 1411 modi,
1152 1355 1208 1401 tam
1226 1346 1411 1418 inquisitionis
1432 1364 1514 1418 qaam
1531 1361 1664 1415 praxeos,
1684 1354 1824 1399 cantamen

222 1442 317 1481 sensus
325 1443 388 1481 cum
396 1425 615 1480 manifestissimi
624 1425 696 1490 aint;
717 1425 787 1481 bene
801 1426 896 1491 notati,
906 1434 933 1480 et
947 1427 1017 1480 acri·
1055 1427 1093 1481 sit
1113 1427 1199 1482 instar
1212 1426 1252 1481 fili
1271 1425 1430 1497 labyrinthi,
1445 1425 1534 1497 quoad
1547 1441 1632 1495 opera
1645 1424 1751 1493 majora.
1785 1425 1823 1477 at·

221 1511 264 1560 ter
277 1507 393 1569 excussi,
404 1505 488 1560 etiam
502 1504 567 1558 aliis‘
579 1505 765 1570 consensibus,
777 1506 824 1577 qui
838 1504 932 1571 latent,
941 1522 1018 1577 mag·
1055 1522 1109 1578 qne
1123 1506 1182 1562 haec
1194 1506 1329 1562 sufficiant
1342 1506 1377 1560 ad
1387 1505 1542 1576 exemplum
1555 1503 1729 1575 polychrest‘n

221 1601 286 1640 nam
300 1586 420 1656 praebere
435 1584 540 1655 possint
553 1583 651 1640 lucem.

260 1663 296 1720 At
316 1665 459 1720 interiores
480 1680 623 1734 corporum
642 1680 789 1720 consensus
810 1672 837 1718 et
856 1663 937 1735 trigae,
960 1664 1017 1718 sive

221 1744 350 1800 amicitiis
370 1753 398 1799 et
411 1744 475 1799 lites
490 1742 585 1814 (taedet
598 1743 671 1798 enim
684 1760 734 1799 nos
754 1745 810 1799 iera
824 1742 1017 1798 vocabulorum
1096 1741 1170 1797 luter
1188 1744 1393 1814 prorogatione
1416 1743 1614 1796 instantiarum
1638 1757 1761 1812 ponemus
1776 1736 1822 1793 loco

221 1824 384 1894 sympathia
406 1830 435 1878 et
455 1821 620 1892 antipathia,
635 1831 744 1894 propter
764 1823 970 1893 superstitiones
991 1831 1018 1876 et
1054 1820 1185 1876 vicesimo
1201 1823 1316 1892 septimo
1333 1829 1416 1893 atque
1436 1821 1534 1876 ultimo
1552 1822 1700 1876 instantias
1717 1821 1821 1891 magica.

220 1901 327 1973 inania)
349 1912 396 1957 aut
415 1903 486 1957 falso
509 1901 642 1973 ascriptae,
667 1913 714 1958 aut
733 1903 832 1957 fabulis
855 1918 1016 1972 conspersae,
1057 1900 1118 1954 Hoc
1125 1902 1234 1956 nomine
1248 1901 1309 1956 illas
1323 1900 1500 1972 appellamus,
1513 1902 1542 1955 in
1557 1901 1658 1972 quibus
1671 1899 1822 1962 mandarat

220 1990 267 2036 aut
280 2000 329 2053 per
342 1982 506 2054 neglectum,
521 1996 589 2036 raam
599 1981 744 2036 admodum
758 1991 828 2037 sunt.
869 1982 980 2036 Etenim
994 1982 1018 2037 si
1055 1980 1182 2046 efficiens,
1197 1982 1286 2036 tenuis
1300 1991 1346 2035 aut
1360 1997 1444 2051 parva
1457 1987 1506 2044 est,
1520 1997 1571 2051 pro
1586 1979 1763 2050 magnitudine
1773 1994 1821 2047 ope

222 2061 282 2132 quia
290 2070 402 2127 asserat,
411 2062 481 2116 inter
490 2060 597 2114 vineam
606 2067 633 2115 et
642 2061 857 2117 brassicamesse
865 2061 1016 2126 dissidium,
1055 2060 1093 2113 ris
1108 2069 1134 2114 et
1147 2061 1260 2116 effectus
1275 2061 1321 2131 qui
1340 2061 1475 2131 sequitur:
1497 2060 1568 2114 adeo
1581 2069 1611 2115 ut
1625 2060 1727 2114 etiamsi
1745 2057 1822 2111 fuerin

221 2141 287 2211 quia
296 2140 379 2209 juxta
392 2140 555 2196 sstaminus
568 2139 631 2195 laste
645 2140 821 2210 proveniunt;
837 2141 1018 2211 praestoratio
1056 2139 1188 2210 vulgares,
1213 2149 1304 2195 tamen
1325 2139 1380 2194 sint
1402 2140 1489 2193 instar
1510 2139 1653 2203 miraculi3
1678 2138 1737 2193 alia
1754 2137 1821 2207 prino

221 2226 271 2283 est,
286 2218 358 2290 quod
371 2227 485 2291 utraque
499 2217 593 2289 planta
605 2219 763 2275 succulenta
776 2220 821 2286 sit,
836 2229 863 2275 et
876 2219 1017 2290 depraeda·
1055 2219 1160 2285 intuitu,
1169 2219 1231 2276 alias
1240 2221 1324 2274 etiam
1334 2219 1464 2274 attentius
1473 2219 1678 2289 contemplanti.
1718 2218 1822 2271 llasrero

221 2298 284 2363 trix,
297 2298 368 2353 unde
382 2300 469 2353 altera
481 2297 595 2353 alteram
605 2299 754 2355 defraudat.
793 2299 822 2354 Si
837 2300 899 2371 quis
912 2307 1018 2354 asserat
1055 2306 1151 2353 natura
1164 2317 1200 2354 ex
1211 2316 1270 2354 sese
1284 2298 1471 2354 subministrat
1479 2315 1578 2369 parcec
1601 2298 1733 2371 quidvero
1741 2297 1821 2350 neme

222 2394 283 2433 esse
303 2394 463 2433 consensum
483 2385 512 2432 et
531 2378 679 2434 amicitiam
698 2379 769 2435 inter
788 2387 895 2450 segetes
909 2385 936 2432 et
956 2396 1017 2449 cya·
1055 2378 1091 2432 sit
1108 2379 1168 2434 sinu
1183 2395 1308 2443 excusso,
1322 2389 1351 2432 et
1367 2386 1431 2471 μοι(
1446 2378 1635 2434 inventionem
1655 2378 1822 2437 emmanuet

219 2472 310 2522 neum,
325 2466 372 2513 aut
393 2473 512 2529 papaver
534 2457 673 2526 sylvestre,
690 2459 756 2529 quis
776 2458 869 2515 herbas
882 2458 939 2513 ille
959 2458 1016 2514 iere
1055 2474 1237 2527 processuum,
1251 2467 1280 2513 et
1293 2457 1554 2523 schemansmonrm,
1570 2457 1668 2513 futuris
1687 2454 1822 2525 temponbu

221 2553 276 2591 non
289 2538 450 2606 proveniunt
463 2536 517 2592 nisi
531 2540 560 2593 in
575 2539 647 2593 arvis
660 2538 756 2594 cultis:
776 2538 869 2594 debuit
887 2538 912 2593 is
926 2538 1017 2607 potius
1055 2539 1206 2608 apparebit.
1248 2537 1286 2592 dt
1304 2539 1357 2592 ista
1370 2539 1468 2592 affecta
1481 2537 1593 2609 magica
1606 2536 1742 2613 (quantum
1753 2532 1821 2587 edbac

221 2632 351 2682 asserere,
373 2617 515 2673 dissidium
536 2634 596 2674 esse
617 2619 689 2674 inter
704 2635 746 2685 ea,
763 2618 828 2689 quia
847 2635 970 2689 papaver
989 2626 1018 2672 et
1055 2616 1227 2688 conjicimus)
1241 2618 1310 2672 liunt
1322 2618 1409 2672 tribus
1424 2617 1529 2673 modis:
1553 2616 1612 2673 Aut
1624 2634 1673 2688 per
1685 2613 1821 2683 multiplica·

221 2712 340 2764 cyaneus
359 2697 516 2753 emittuntur
529 2707 557 2753 et
570 2706 695 2753 creantur
708 2716 745 2754 err
758 2697 806 2753 tali
822 2714 905 2753 succo
928 2702 1015 2762 terrra,
1054 2697 1156 2752 tionem
1170 2698 1229 2762 sui,
1251 2703 1281 2751 ut
1293 2698 1323 2751 in
1335 2697 1408 2769 igne,
1422 2707 1451 2752 et
1462 2698 1586 2762 venenis,
1601 2714 1662 2769 qnae
1679 2702 1763 2749 vocant
1773 2708 1820 2762 spe-

1436 1644 1473 1683 tt.

116 2850 117 2853 Ἴ
222 2775 330 2845 qualem
348 2783 456 2847 segetes
481 2777 641 2850 reliquerint
661 2786 690 2832 et
710 2777 926 2848 repudiaverint;
947 2777 1017 2831 adeo
1054 2776 1150 2843 cifica;
1171 2792 1277 2832 necnon
1297 2777 1466 2843 innantibus,
1489 2777 1536 2849 qui
1556 2783 1697 2831 trameant
1707 2782 1732 2829 et
1747 2770 1819 2827 torte

220 2863 251 2909 ut
265 2855 336 2910 satio
349 2862 472 2927 segetum
487 2866 586 2913 terram
600 2866 734 2928 praeparet
747 2858 782 2912 ad
792 2874 885 2912 eorum
898 2873 1014 2927 proven·
1054 2866 1150 2912 cantur
1163 2857 1197 2911 de
1211 2864 1270 2911 rota
1283 2856 1312 2910 in
1324 2864 1430 2922 rotam,
1451 2866 1499 2912 aut
1514 2873 1566 2928 per
1581 2856 1762 2911 excitationem
1777 2850 1819 2904 sire

220 2943 286 2990 tum
328 2933 582 3009 Atquehujusmodi
596 2935 927 3008 falsarumaacriptionum
937 2954 1016 3008 mag·
1054 2937 1239 2992 invitationem
1252 2938 1282 2991 in
1296 2937 1389 3001 altero,
1403 2945 1434 2992 ut
1442 2938 1472 2992 in
1486 2945 1625 3008 magnete,
1640 2935 1685 3008 qui
1698 2933 1819 2990 excitatus

220 3031 273 3070 nus
287 3022 328 3069 est
342 3033 478 3072 numerus.
520 3017 613 3079 Quoad
630 3018 735 3072 fabulas
748 3035 820 3084 vero,
834 3016 890 3072 illoe
904 3016 1016 3071 omnino
1054 3018 1218 3082 innumeras,
1231 3017 1328 3072 virtute
1346 3015 1502 3072 nullatenus
1515 3016 1660 3088 deperdita
1675 3011 1819 3070 sutdiminn

221 3096 514 3153 suntexterminandoe.
542 3097 639 3152 Restat
653 3097 1016 3167 tenuiscertacopiaeorum
1054 3105 1100 3161 ts;
1120 3105 1167 3152 aut
1187 3098 1217 3152 in
1232 3097 1372 3162 fermento,
1390 3107 1420 3152 et
1440 3096 1620 3166 hujusmodi:
1640 3103 1685 3151 aut
1704 3110 1749 3165 per
1764 3098 1819 3145 ente

221 3191 410 3240 consensuum,
426 3176 472 3246 qni
496 3184 570 3231 certo
591 3176 698 3247 probati
721 3185 783 3232 sunt
808 3177 1014 3248 experimentoc
1056 3178 1208 3232 versionem
1222 3185 1318 3242 motus,
1333 3185 1362 3231 ut
1375 3176 1478 3231 dictum
1491 3186 1534 3233 est
1547 3176 1583 3232 de
1598 3177 1705 3247 pulvere
1717 3171 1819 3244 pyrinei

222 3254 316 3324 quales
334 3263 395 3309 sunt
414 3257 548 3326 magnetis
563 3263 590 3311 et
604 3256 676 3321 ferri,
691 3264 773 3328 atquc
793 3258 852 3312 auri
869 3265 898 3312 et
909 3256 1016 3327 argenti
1054 3257 1217 3320 bombardis,
1231 3265 1260 3311 et
1272 3255 1420 3312 cuniculis:
1441 3274 1557 3328 quorum
1579 3257 1683 3328 priores
1701 3254 1749 3307 duo
1764 3248 1819 3304 modi

221 3332 285 3397 vivi,
296 3341 325 3387 et
337 3333 476 3389 similium.
517 3334 589 3390 Atia
598 3336 791 3406 experimentis
801 3335 933 3391 chemicis
943 3336 1016 3390 circa
1054 3336 1255 3409 indagationem
1276 3353 1456 3392 consensuum
1476 3335 1637 3408 requiram:
1657 3335 1750 3394 tertius,
1762 3346 1819 3384 men·

221 3412 333 3467 metalla
355 3413 530 3470 inveniuntur
550 3424 578 3470 et
602 3414 649 3470 alii
677 3414 801 3471 nonnulli
828 3415 1015 3471 observatione
1054 3433 1124 3471 surae
1137 3425 1267 3471 motuum.
1309 3416 1407 3470 Utrum
1421 3433 1486 3471 vero
1503 3417 1539 3471 sit
1558 3415 1660 3488 aliquis
1677 3413 1761 3470 modus
1777 3425 1820 3462 mn

221 3491 306 3563 digni.
346 3492 472 3548 Maxima
485 3512 550 3550 vero
564 3496 717 3566 frequentia
729 3512 823 3550 eorum
837 3491 1016 3567 (utintanta
1054 3496 1128 3551 tandi
1148 3512 1261 3567 corpora
1281 3512 1331 3567 par
1350 3495 1465 3551 minima
1479 3493 1527 3571 (ut
1545 3491 1661 3569 vocant)
1675 3501 1702 3548 et
1719 3499 1819 3559 traam

220 3567 375 3646 paucitate)
388 3573 525 3630 invenitur
537 3574 566 3629 in
581 3575 724 3631 medicinis
744 3574 889 3639 nonnullis,
904 3591 966 3646 quas
980 3592 1016 3630 ex
1053 3576 1136 3631 nendi
1150 3575 1306 3631 subtiliores
1319 3576 1441 3630 materiae
1454 3576 1663 3631 schematismos
1676 3572 1717 3647 (id
1728 3566 1820 3643 quodni

221 3653 435 3722 proprietatibus
455 3653 513 3708 suis
526 3653 638 3709 occultis
653 3657 734 3726 (quas
744 3656 854 3723 vocant)
869 3660 897 3709 et
910 3654 1016 3724 specili-
1054 3655 1223 3711 omnimodas
1242 3672 1385 3727 corporum
1399 3656 1651 3710 nansiormationes
1663 3652 1782 3726 pertinet:
1798 3653 1820 3699 ul

221 3730 269 3795 cis,
277 3732 427 3802 respiciunt
440 3740 486 3787 aut
494 3734 623 3798 membra,
635 3741 682 3788 aut
693 3734 830 3800 humores,
841 3741 888 3789 aut
898 3734 1015 3798 morbos,
1054 3753 1098 3790 ars
1111 3735 1188 3790 brevi
1196 3743 1316 3806 tempore
1327 3734 1394 3789 illud
1406 3736 1493 3791 iacere
1507 3736 1604 3806 possit,
1616 3734 1684 3807 quod
1691 3740 1775 3786 natura
1783 3743 1821 3796 per

221 3818 269 3864 sut
278 3812 440 3883 quandoque
449 3820 559 3869 naturas
567 3813 730 3869 individuas.
763 3815 863 3885 Neque
873 3791 1016 3869 omiltendi
1054 3815 1154 3870 multas
1167 3815 1298 3886 ambages
1312 3812 1437 3887 molitur)
1451 3815 1485 3870 de
1495 3814 1615 3870 conada
1627 3814 1749 3869 hactenus
1759 3806 1821 3861 nobis

222 3897 285 3944 sunt
298 3908 444 3948 consensus
459 3892 531 3948 inter
552 3900 640 3949 motus
654 3901 681 3948 et
695 3894 807 3949 affectus
820 3893 900 3959 lunas,
914 3901 943 3949 et
955 3911 1016 3964 pas·
1054 3904 1179 3950 constant
1193 3895 1301 3949 indicia
1342 3894 1575 3956 Quemadmodum
1595 3903 1685 3949 autem
1703 3892 1729 3946 in
1746 3884 1820 3943 solidi!

222 3968 313 4023 aiones
327 3987 470 4041 corporum
489 3972 656 4038 inferiorum,
675 3980 756 4044 prout
772 3991 808 4029 ex
821 3973 1016 4043 experimentis
1054 3983 1082 4029 et
1096 3975 1169 4030 veris
1181 3975 1332 4045 aspiramus
1347 3974 1381 4027 ad
1395 3973 1491 4029 ultima
1504 3982 1532 4030 et
1541 3990 1665 4037 summa3
1685 3973 1721 4026 ita
1733 3971 1820 4021 causet

222 4048 401 4118 agriculturas,
423 4051 546 4117 sandeta,
568 4060 596 4108 et
617 4052 768 4119 medicinas,
791 4061 839 4108 aut
861 4051 930 4108 alias
953 4070 1016 4108 cum
1054 4055 1156 4109 tumida
1177 4064 1309 4126 perpetuo
1332 4053 1446 4119 odimus,
1464 4061 1493 4109 et
1513 4062 1644 4126 quantum
1661 4052 1690 4106 in
1706 4047 1774 4104 nobis
1789 4051 1820 4097 est

221 4126 328 4184 delectu
347 4147 442 4186 severo
455 4139 482 4185 et
499 4132 606 4187 sincero
624 4132 718 4205 colligi
739 4142 768 4188 et
787 4132 873 4203 recipi
897 4133 1014 4203 possint.
1055 4134 1241 4206 prodigamus.

222 4206 325 4262 Verum
339 4207 476 4265 instantia
496 4212 631 4267 universae
644 4229 825 4268 consensuum
838 4212 1016 4267 secretiorum

222 4302 278 4357 quo
298 4288 386 4358 magis
404 4297 467 4344 sunt
485 4290 679 4364 infrequentes,
699 4309 733 4346 eo
752 4292 850 4361 majori
873 4309 936 4347 cum
955 4291 1016 4346 dili·

222 4365 315 4436 gentia
328 4374 393 4421 sunt
412 4368 589 4439 inquirenda,
604 4388 653 4442 per
665 4371 831 4436 traditiones,
846 4377 873 4427 et
886 4371 1016 4426 nmmtio
1094 4370 1184 4444 Atque
1198 4372 1231 4427 de
1245 4370 1422 4443 dignitatibus
1436 4370 1492 4425 sive
1506 4374 1704 4443 prerogativae
1717 4361 1820 4421 issent·

222 4460 271 4498 nas
285 4445 352 4500 fidas
366 4449 521 4516 etprobasc
541 4450 623 4505 modo
636 4450 688 4506 boc
702 4452 749 4506 liat
762 4450 865 4521 absque
878 4449 1016 4506 ullalcvi·
1055 4470 1131 4505 crues
1144 4450 1363 4507 hacdictasint.
1405 4449 1477 4505 lllud
1490 4466 1555 4504 vero
1568 4450 1734 4510 monendum,
1745 4459 1787 4498 not
1798 4439 1820 4491 5¹¹

222 4529 278 4577 tate
297 4530 345 4579 aut
358 4526 523 4593 credulitate,
538 4529 587 4585 sed
604 4513 657 4586 tide
671 4532 755 4587 anxia
769 4537 797 4586 et
812 4532 890 4601 quasi
908 4530 1016 4585 dubita·
1054 4531 1107 4585 hoc
1127 4538 1220 4587 nosuo
1237 4549 1338 4603 organo
1359 4537 1474 4585 tractare
1496 4527 1623 4601 logicam,
1644 4546 1696 4583 non
1718 4522 1819 4597 philone

221 4602 321 4659 buada
362 4603 461 4660 Restat
472 4623 619 4665 consensus
632 4627 775 4682 corporum
787 4611 869 4664 modo
879 4609 1017 4681 operandi,
1055 4611 1157 4681 phiam.
1199 4610 1253 4666 Sed
1267 4627 1329 4665 cum
1347 4609 1439 4681 logica
1451 4616 1544 4664 nostra
1555 4609 1651 4664 doceat
1670 4605 1819 4662 intellectus.

222 4689 352 4754 tanquam
361 4682 549 4753 inartificialis,
560 4689 609 4743 sed
618 4706 670 4745 usu
683 4690 878 4761 polychrestus,
887 4690 934 4761 qui
941 4689 1019 4744 nullo
1056 4698 1083 4744 et
1097 4690 1201 4745 erudiat
1214 4691 1249 4744 ad
1266 4689 1327 4752 hoc,
1340 4697 1370 4744 ut
1383 4704 1438 4744 non
1450 4688 1578 4744 tenuibus
1590 4689 1686 4744 mentis
1699 4682 1767 4756 quasi
1778 4677 1820 4731 cle·

222 4764 305 4819 modo
317 4764 483 4822 omittendus
496 4774 545 4830 est,
556 4768 604 4823 sed
618 4769 713 4824 sedula
725 4768 913 4825 observatione
925 4769 1018 4824 inves-
1055 4769 1151 4825 viculis
1165 4787 1254 4825 rernm
1270 4769 1405 4824 abstracta
1424 4775 1515 4838 captet
1528 4776 1556 4822 et
1570 4776 1677 4841 prenset
1691 4768 1731 4834 (ut
1747 4758 1820 4828 lusit⁸

222 4842 358 4914 tigandus.
400 4844 479 4899 Isest
489 4846 570 4901 coitio
580 4847 637 4904 sive
648 4850 714 4905 unio
723 4866 867 4921 corporum
880 4848 1017 4920 proclivis,
1055 4848 1208 4921 vulgaris);
1229 4850 1277 4904 sed
1296 4856 1421 4903 naturam
1438 4863 1534 4903 resera
1554 4856 1691 4919 pemecet:
1711 4850 1820 4925 elfflflf'

223 4929 270 4977 aut
283 4922 411 4988 difficilis,
424 4941 475 4994 per
492 4928 717 4997 compositionem
737 4930 795 4985 sive
816 4928 1018 5000 appositionem
1056 4946 1115 4984 rum
1135 4930 1250 4983 virtutes
1270 4936 1297 4983 et
1320 4935 1567 4997 semesarumque
1588 4927 1663 4999 leges
1681 4925 1709 4977 in
1727 4927 1820 4975 maten!

222 5001 385 5073 simplicem,
425 5004 536 5060 Etenim
553 5022 667 5077 corpora
684 5008 816 5063 nonnulla
836 5007 916 5063 facile
936 5015 965 5063 et
982 5007 1017 5062 li·
1055 5009 1247 5063 determinatas
1268 5007 1405 5073 invenisti
1426 5006 1465 5062 ita
1478 5013 1575 5062 utnon
1596 5005 1728 5062 aolumex
1742 5005 1820 5052 natust

221 5080 318 5137 beuter
337 5084 547 5140 commiscentur
566 5093 594 5140 et
611 5085 832 5157 incorporantur:
853 5087 908 5141 alia
926 5095 1019 5142 autem
1056 5089 1166 5156 mentis,
1180 5089 1229 5144 sed
1246 5104 1282 5143 ex
1303 5094 1400 5141 natura
1420 5103 1511 5141 rerum
1533 5102 1638 5158 quoque
1656 5084 1712 5138 haee
1727 5078 1819 5133 soleam

222 5178 296 5232 angre
310 5169 339 5217 et
353 5180 487 5234 perverse.
528 5161 622 5219 Veluti
641 5165 767 5235 pulveres
781 5166 879 5222 melius
892 5166 1019 5237 incorpo·
1056 5175 1178 5232 emanet;
1199 5168 1299 5222 mirum
1311 5183 1366 5221 non
1383 5172 1433 5230 est,
1447 5165 1471 5220 si
1485 5165 1585 5237 ubique
1602 5160 1758 5219 naturalibus
1768 5167 1819 5240 σαι·

222 5250 318 5297 rantur
336 5259 399 5297 cum
419 5244 517 5316 aquisr
538 5243 627 5300 calces
641 5251 669 5303 et
682 5246 787 5301 cineres
803 5263 866 5301 cum
883 5245 969 5312 oleis3
990 5254 1018 5300 et
1057 5247 1278 5318 templationibus
1301 5255 1329 5301 et
1348 5243 1550 5315 experimentis,
1572 5245 1606 5299 ad
1626 5237 1741 5309 exempla
1766 5239 1818 5286 erm

222 5318 262 5374 sic
282 5321 316 5374 de
337 5322 482 5380 similibus.
527 5325 628 5396 Neque
644 5331 750 5380 tantum
771 5332 835 5380 sunt
856 5325 1019 5397 colligendae
1056 5334 1162 5390 nosue,
1177 5343 1323 5396 conspersa
1342 5325 1424 5380 fuerit
1445 5331 1473 5378 et
1495 5323 1633 5379 illustrata.
1672 5319 1818 5375 Suntauten

222 5398 359 5454 instantias
368 5406 624 5473 praesciscerent
637 5406 786 5459 aversionis
799 5420 945 5474 corporum
953 5421 1019 5476 erga
1058 5410 1100 5475 (ιιι
1113 5424 1150 5461 ex
1157 5405 1199 5471 iis,
1211 5424 1272 5477 qum
1281 5406 1354 5458 dicta
1366 5412 1437 5468 sunt,
1446 5404 1534 5474 patet)
1540 5400 1725 5475 prercgctice
1734 5396 1817 5447 instet·

223 5477 372 5544 misturam,
386 5483 433 5538 sed
447 5484 530 5540 etiam
546 5482 732 5541 collocationis
746 5483 872 5554 partium,
887 5490 915 5538 et
927 5484 1018 5540 distri·
1057 5488 1154 5541 tiaram
1168 5502 1283 5541 numero
1293 5483 1389 5557 viginti
1405 5491 1525 5555 septem3
1546 5480 1716 5539 Nominibus:
1734 5475 1816 5527 irretar-

1427 4276 1479 4315 Lll.
