3800 5875
619 366 623 373 ⁴
667 342 852 402 HISTORIA
874 345 1100 402 VENTORUM.
1638 347 1697 401 533

97 506 193 562 nimia
209 506 298 562 moles
318 505 509 580 aggravaverit
527 508 639 560 motum.
681 506 724 560 De
744 506 797 559 hoc
815 505 863 559 liat
897 505 957 572 ejus
976 511 1106 575 tauquam
1126 505 1257 559 connecti
1270 512 1317 560 ant
1336 506 1442 569 curtati,
1463 521 1552 576 neque
1575 506 1697 560 eminent

97 588 335 658 experimentum.
897 583 1025 647 illustres,
1039 584 1105 638 licet
1117 584 1204 639 nubes
1217 585 1315 649 absint,
1336 585 1474 658 significat
1489 584 1592 639 imbres
1605 587 1696 655 potins

342 663 434 718 Etiam
452 662 593 735 longitudo
610 664 732 719 velomm
752 663 815 717 iacit
829 664 864 717 sd
897 679 980 733 quam
999 670 1103 718 ventos.

73 709 223 753 mm
303 751 417 798 motum.
456 743 531 797 Nam
551 743 582 797 in
599 744 776 798 rotationibus
793 741 862 795 levis
937 740 966 795 6.
988 740 1017 795 Si
1032 750 1095 797 ante
1109 748 1197 798 ortum
1211 743 1278 797 solis
1291 743 1434 797 ostendent
1447 760 1476 798 se
1490 741 1561 797 radii
1578 759 1696 813 praeur-

98 822 235 878 violeutia
270 838 365 878 rersns
402 821 646 876 circumferentiam
681 822 864 893 aequiparatur
897 835 980 886 sores,
995 829 1023 874 et
1037 828 1147 876 ventum
1159 822 1269 876 denotat
1282 831 1310 876 et
1323 822 1432 877 imbres

97 900 187 973 louge
208 902 307 969 majori
329 917 423 955 versus
444 910 574 956 centrum
622 901 677 956 Sed
698 909 790 955 tamen
810 900 862 953 hoc
959 900 1019 954 .Si
1033 901 1063 954 in
1084 908 1182 957 exortu
1202 901 1268 955 solis
1287 903 1409 972 porrigat
1426 902 1469 956 sol
1483 900 1573 955 radios
1587 916 1602 954 e
1616 901 1696 954 uubi-

100 982 280 1052 conjungitur
289 980 497 1043 incommodum,
509 980 581 1051 quod
595 997 649 1051 qno
662 980 788 1051 longiora
801 986 863 1033 snut
896 978 915 1031 b
970 979 1061 1033 medio
1074 980 1140 1034 solis
1161 989 1288 1034 manente
1306 989 1434 1051 cooperto
1451 980 1577 1043 nubibus,
1592 980 1695 1048 signifi-

99 1061 173 1125 vela,
186 1077 221 1115 eo
233 1060 297 1131 plus
311 1061 410 1114 distant
423 1059 452 1113 in
467 1075 580 1124 summo,
594 1067 621 1114 et
641 1060 732 1114 miuus
746 1066 864 1113 arctatur
896 1057 971 1111 cabit
984 1057 1121 1128 pluviam3
1143 1059 1263 1114 maxime
1277 1060 1301 1114 si
1320 1068 1463 1130 erumpant
1476 1059 1546 1113 radii
1559 1057 1601 1112 illi
1615 1060 1694 1113 deor-

100 1147 210 1194 ventus.
251 1139 309 1193 Rea
322 1155 378 1194 nou
391 1138 462 1193 mala
478 1139 591 1193 fumasse
605 1137 862 1203 rehabeatsivela
896 1152 965 1200 sum,
990 1145 1020 1191 ut
1043 1137 1085 1192 sol
1105 1146 1232 1192 cernatur
1253 1148 1384 1211 tanquam
1408 1139 1556 1193 barbatus:
1577 1137 1649 1208 quod
1670 1138 1693 1192 si

100 1219 160 1274 siut
172 1217 257 1289 paulo
269 1217 402 1293 longiora,
417 1218 466 1272 sed
479 1220 629 1272 crescentia
647 1219 675 1273 iu
689 1217 776 1273 latum
790 1218 862 1271 circa
896 1215 966 1269 radii
980 1225 1123 1287 erumpant
1137 1218 1264 1281 emedio,
1280 1227 1328 1272 aut
1342 1219 1468 1288 sparsim,
1479 1218 1544 1271 orbe
1559 1218 1693 1271 exteriore

101 1299 297 1363 summitatem,
316 1305 347 1352 nt
365 1297 458 1368 palma
476 1297 561 1352 remi:
591 1297 639 1351 sed
657 1297 765 1355 dehoc
783 1297 862 1352 uobis
896 1301 1024 1365 cooperto
1037 1296 1161 1362 nubibus,
1176 1313 1290 1369 magnas
1304 1298 1380 1351 dabit
1401 1302 1576 1368 tempestates
1590 1304 1617 1350 et
1630 1314 1694 1351 ven·

101 1385 277 1449 compertum
290 1394 345 1431 non
358 1384 407 1430 est.
895 1382 984 1429 torum
997 1382 1025 1429 et
1037 1376 1173 1431 imbrium.

343 1457 375 1509 ln
396 1456 441 1510 hia
462 1455 665 1524 experimentis,
684 1456 708 1511 si
726 1462 863 1526 ponantur
935 1455 963 1508 8.
985 1454 1015 1509 Si
1029 1455 1071 1510 sol
1089 1457 1179 1510 oriens
1197 1455 1314 1526 cingitur
1334 1454 1443 1519 circulo,
1458 1471 1476 1507 a
1495 1471 1550 1525 qus
1569 1461 1648 1524 parte
1668 1456 1692 1509 is

302 1535 331 1588 iu
355 1553 406 1590 usu
428 1535 461 1588 ad
482 1534 645 1598 molendina,
667 1535 757 1590 robori
777 1533 862 1589 totius
896 1532 1014 1589 circulus
1033 1550 1062 1588 se
1080 1536 1224 1604 aperuerit,
1245 1542 1405 1603 expectetur
1422 1540 1534 1597 ventus3
1557 1533 1600 1588 sin
1620 1541 1692 1588 totus

100 1612 249 1675 muchium,
264 1614 401 1684 praecipue
421 1614 603 1672 fundamentis
617 1614 684 1683 ejas,
699 1614 860 1669 subvenien-
895 1611 1012 1667 circulus
1025 1613 1166 1685 aqualiter
1178 1613 1331 1678 defluxerit,
1346 1614 1420 1667 dabit
1434 1613 1617 1667 serenitatem.

100 1692 178 1746 dnm.
220 1692 297 1748 Nam
310 1700 413 1764 quanto
426 1694 515 1765 magis
534 1701 653 1748 arctatur
666 1702 771 1758 ventus,
785 1700 862 1747 tanto
936 1690 964 1746 9.
987 1691 1017 1746 Si
1031 1694 1082 1747 sub
1096 1710 1222 1748 mensum
1241 1692 1307 1746 solis
1321 1700 1453 1764 appareat
1472 1692 1545 1745 circa
1564 1708 1627 1745 eum
1641 1693 1692 1746 cir·

100 1772 195 1842 magis
211 1772 290 1840 (licet
306 1779 408 1826 motum
419 1771 540 1827 velorum
560 1770 668 1841 incitet)
690 1781 783 1827 tamen
801 1789 861 1827 ma·
895 1769 973 1826 culus
990 1772 1128 1838 candidus,
1147 1772 1236 1826 levem
1253 1772 1364 1826 denotat
1384 1778 1576 1841 tempestatem
1595 1771 1692 1826 eadem

100 1850 216 1905 chiuam
230 1852 322 1922 ipsam
336 1852 461 1907 concutit
894 1859 990 1916 nocte;
1012 1852 1036 1905 si
1055 1861 1121 1916 ater,
1139 1861 1187 1907 aut
1205 1850 1356 1916 subfuscus,
1377 1859 1488 1905 ventum
1511 1867 1641 1922 maguum
1662 1851 1691 1904 iu

101 1931 131 1985 4.
151 1931 283 1986 Traditur
296 1931 396 1984 alicubi
410 1947 470 1985 esse
484 1931 584 1986 rhedas
598 1939 739 1987 moventes
752 1930 787 1985 ad
800 1946 862 1984 ven·
895 1930 968 1984 diem
981 1940 1148 2001 sequentem.

61 2018 136 2075 tuum
157 2010 193 2064 de
207 2011 261 2065 hoc
275 2010 434 2081 diligentius
446 2011 607 2083 inquiratur.
937 2007 983 2065 10.
1006 2010 1036 2063 Si
1063 2010 1149 2065 nubea
1173 2009 1320 2064 rubescant
1343 2009 1483 2064 exoriente
1504 2009 1571 2074 sole,
1595 2009 1692 2078 predi·

78 2133 223 2176 “mm
342 2090 447 2144 Rhedoe
466 2099 605 2145 moventes
625 2091 659 2145 ad
677 2098 789 2145 ventum
807 2107 862 2145 non
895 2096 1096 2154 cuutveutume
1117 2090 1141 2144 si
1154 2089 1305 2154 occidente,
1319 2106 1445 2143 serenum
1459 2089 1649 2159 inposterum.

303 2176 430 2240 poterunt
443 2186 504 2224 ease
518 2186 608 2240 operae
626 2170 752 2241 pretium,
766 2170 820 2223 nisi
833 2170 862 2224 in
938 2168 984 2223 il.
1007 2168 1036 2223 Si
1061 2171 1111 2224 sub
1134 2178 1261 2224 exortum
1284 2167 1350 2223 solis
1373 2168 1525 2239 globabunt
1549 2185 1579 2223 se
1605 2169 1692 2223 nubes

101 2247 174 2301 locis
187 2249 293 2318 apertis
307 2256 335 2302 et
352 2249 528 2320 planitiebus
567 2249 704 2304 Praeterea
723 2249 788 2321 quid
807 2250 861 2314 liet,
895 2262 980 2319 prope
1007 2248 1100 2314 solem,
1126 2247 1291 2303 denunciant
1317 2248 1413 2302 eodem
1434 2247 1478 2302 die
1501 2256 1692 2317 tempestatem

102 2327 127 2379 si
141 2327 306 2382 decubuerit
319 2328 437 2382 'ventosi
458 2328 553 2400 Magis
571 2330 662 2384 sobria
675 2336 748 2383 esset
761 2329 863 2400 cogita-
896 2342 1038 2397 asperam
1061 2328 1171 2399 quodsi
1189 2327 1224 2381 ab
1243 2335 1306 2382 ortu
1323 2327 1498 2398 repellantur,
1518 2335 1545 2382 et
1563 2329 1598 2381 ad
1616 2345 1692 2382 occa-

101 2406 144 2460 tio
162 2406 199 2461 de
219 2406 379 2461 facilitaudo
398 2416 472 2462 motu
488 2425 615 2463 curruum
634 2416 662 2462 et
680 2408 863 2479 plaustrorum
896 2423 957 2460 sum
973 2408 1094 2473 abibunt,
1109 2407 1292 2462 serenitatem.

101 2502 155 2556 per
174 2485 239 2540 vela
262 2486 381 2550 mobilia,
406 2495 438 2541 ut
457 2488 521 2558 eqni
542 2487 586 2542 vel
609 2488 691 2542 boves
714 2486 863 2542 minoribus
939 2485 985 2540 12.
1008 2486 1039 2541 Si
1051 2486 1080 2540 iu
1092 2496 1188 2542 exortu
1198 2484 1264 2540 solis
1274 2486 1465 2557 dispergantur
1478 2484 1692 2541 nubesalateri·

78 1499 203 1542 uomitum.

101 2565 211 2619 viribus
224 2583 259 2620 ea
278 2566 423 2632 traherent,
438 2584 520 2637 qnam
538 2567 572 2623 de
589 2567 706 2623 creando
722 2573 796 2621 motu
815 2583 865 2637 per
896 2564 947 2620 bus
962 2564 1035 2630 solis,
1049 2565 1110 2620 atiae
1123 2572 1246 2637 petentes
1256 2564 1690 2633 amtrum,aliaeseptentrionem;

100 2653 218 2699 ventum
237 2644 333 2700 solnm.
896 2643 962 2698 licet
974 2645 1011 2699 ait
1024 2645 1123 2700 coelum
1133 2660 1258 2701 serenum
1268 2643 1341 2699 circa
1350 2646 1442 2716 ipsum
1455 2643 1549 2708 solem,
1559 2659 1692 2712 praemon·

898 2729 965 2778 strat
977 2732 1082 2780 ventos.

938 2801 985 2858 13.
1007 2803 1038 2858 si
1051 2802 1093 2859 sol
1105 2804 1156 2860 sub
1173 2804 1244 2858 nube
1266 2802 1397 2859 condatur
1417 2803 1550 2866 occidens,
1571 2802 1692 2873 pluviam

306 2883 447 2939 Divinatio
461 2900 515 2956 quo
527 2883 616 2956 magis
628 2884 713 2956 pollui
731 2883 801 2940 solet
814 2901 862 2939 va·
897 2882 1006 2938 denotat
1018 2883 1048 2938 iu
1061 2890 1200 2955 posterum
1213 2882 1286 2938 diem
1297 2905 1305 2949 ς
1327 2883 1398 2955 qnod
1412 2883 1436 2938 si
1445 2881 1527 2955 plane
1536 2881 1613 2952 pluet
1623 2883 1693 2937 oeci-

83 2945 222 3038 {ssssssfl}
266 2963 353 3018 nitate
374 2971 402 3019 et
420 2965 619 3035 superstitione,
634 2981 668 3019 eo
686 2964 779 3036 purior
799 2981 863 3035 pars
896 2962 976 3018 deute
989 2962 1055 3041 sole,
1068 2973 1162 3019 ventos
1176 2963 1281 3035 potins;
1303 2963 1345 3017 siu
1358 2964 1444 3018 nubes
1457 2962 1599 3017 rideantur
1613 2962 1692 3032 quasi

266 3043 327 3111 ejus
364 3043 453 3114 magis
488 3044 645 3114 recipienda
678 3052 708 3099 et
740 3043 861 3099 colenda.
897 3042 970 3097 hahi
982 3041 1076 3098 versus
1088 3043 1182 3107 solem,
1197 3050 1224 3097 et
1237 3048 1330 3097 ventos
1343 3050 1371 3096 et
1385 3048 1582 3113 tempestatem.

63 3119 211 3175 Naturalis
230 3138 296 3176 vero
313 3122 444 3177 divinatio
462 3122 608 3195 aliquando
626 3123 725 3178 certior
742 3131 791 3190 est,
811 3123 862 3178 ali-
938 3120 983 3177 14.
1005 3122 1035 3177 Si
1045 3122 1137 3189 nubes,
1148 3123 1286 3178 exoriente
1297 3122 1362 3187 sole,
1373 3123 1515 3177 rideantur
1524 3137 1578 3174 nou
1588 3120 1691 3175 ambire

65 3201 177 3269 quando
189 3201 282 3271 magis
295 3201 325 3256 in
338 3201 450 3268 lubrico,
464 3210 545 3273 prout
564 3204 714 3271 subjectum
727 3220 756 3258 se
770 3202 862 3270 habet,
896 3200 991 3268 solem,
1006 3202 1055 3256 sed
1067 3202 1222 3257 incumbere
1236 3201 1263 3255 ei
1283 3201 1407 3271 desuper,
1421 3209 1549 3272 tanquam
1568 3200 1692 3269 eclipsim

64 3279 137 3333 circa
151 3280 228 3351 quod
243 3288 381 3337 versatur:
402 3284 474 3354 quod
488 3283 510 3337 ai
528 3283 609 3337 fuerit
621 3290 724 3337 uaturae
736 3292 861 3337 constan-
895 3279 1013 3344 iacturae,
1027 3282 1191 3352 portendunt
1203 3288 1296 3335 ventos
1309 3296 1344 3333 ex
1363 3297 1397 3334 ea
1409 3288 1486 3351 parte
1500 3280 1623 3344 orituros,
1638 3298 1693 3351 qna

66 3358 138 3412 tiset
147 3358 293 3431 regularis,
303 3369 406 3416 certam
417 3362 500 3416 efficit
507 3362 728 3433 praedictionem
746 3363 771 3416 si
780 3362 862 3419 variae
897 3359 953 3414 illae
966 3362 1052 3416 nubes
1066 3361 1264 3415 inclinaverint
1306 3360 1383 3421 Quod
1402 3361 1425 3415 si
1444 3360 1496 3414 hoc
1516 3359 1617 3414 saciant
1637 3377 1692 3413 me·

65 3445 94 3491 et
106 3439 279 3508 compositas,
293 3447 422 3512 tanquam
434 3459 470 3496 ex
483 3448 582 3497 natura
595 3448 625 3496 et
638 3459 710 3507 castr,
726 3441 860 3497 fallacem.
896 3438 974 3505 ridie,
989 3448 1017 3495 et
1028 3442 1101 3495 venti
1115 3442 1181 3494 fient
1194 3447 1222 3494 et
1234 3439 1346 3494 imbres.

103 3516 238 3572 Attamen
261 3519 344 3574 etiam
365 3520 395 3574 in
419 3521 541 3589 subjecto
563 3522 645 3585 vano,
670 3521 694 3575 si
718 3522 863 3592 diligenter
938 3520 982 3574 15.
1005 3520 1033 3575 Si
1047 3520 1133 3574 nubes
1147 3519 1233 3574 solem
1246 3518 1483 3583 circumcluserint,
1495 3517 1692 3587 quantominus

65 3598 251 3661 canonisetur,
266 3599 370 3654 tenebit
382 3600 523 3671 predictio
535 3607 566 3656 nt
578 3600 739 3672 plurimum3
761 3608 863 3671 tempo-
896 3597 1006 3654 luminis
1019 3599 1195 3670 relinquetur,
1210 3603 1239 3653 et
1252 3599 1340 3670 magis
1361 3597 1474 3669 pusillus
1492 3597 1634 3668 apparebit
1647 3614 1690 3650 or·

65 3676 103 3729 ris
117 3675 189 3731 sorte
202 3686 342 3732 momenta
354 3696 410 3733 non
424 3688 589 3750 assequetur,
603 3697 621 3734 a
638 3697 667 3735 re
681 3696 735 3734 non
749 3679 862 3736 multum
895 3677 938 3733 bis
960 3679 1033 3743 solis,
1055 3686 1131 3733 tauto
1153 3677 1284 3732 turbidior
1308 3678 1361 3732 erit
1383 3684 1547 3747 tempestas:
1578 3677 1601 3730 si
1626 3693 1692 3729 vero

66 3755 176 3809 enubit
220 3756 385 3817 Quinetiam
396 3759 486 3830 quoad
500 3766 863 3831 temporaeventuaetcom·
896 3757 999 3828 duplex
1012 3765 1058 3812 aut
1072 3757 1172 3828 triplex
1187 3758 1260 3812 orbis
1275 3757 1334 3821 erit,
1349 3765 1379 3810 ut
1397 3763 1546 3826 appareant
1560 3763 1691 3826 tanquam

65 3833 210 3904 plementi,
225 3837 363 3892 nonnullas
375 3838 566 3908 praedictiones
577 3839 643 3895 satis
656 3846 730 3894 certo
743 3838 863 3894 collima·
896 3837 949 3890 duo
963 3846 1010 3891 ant
1023 3844 1077 3892 tres
1091 3836 1171 3902 soles,
1187 3844 1262 3890 tauto
1276 3837 1327 3890 erit
1347 3843 1495 3906 tempestas
1512 3835 1628 3889 atrocior
1641 3852 1692 3906 per

64 3913 142 3980 bunt,
157 3933 200 3970 eae
212 3915 348 3980 videlicet,
362 3934 424 3987 quae
438 3926 578 3973 sumuntur
590 3934 646 3973 uon
667 3935 686 3972 a
703 3918 800 3984 causis,
818 3935 862 3973 ve·
895 3915 987 3986 plures
1000 3916 1067 3971 dies.

66 4009 126 4048 rum
140 3994 254 4065 abipsa
267 4013 296 4049 re
313 3996 372 4063 jam
385 3995 521 4062 inchoata,
536 3998 584 4053 aed
597 3998 677 4052 citius
690 4015 720 4053 se
733 3998 861 4069 prodente
938 3995 984 4050 16.
1006 3995 1157 4049 liovilunia
1180 3994 1387 4065 dispositionum
1412 3994 1484 4047 aeris
1511 3992 1692 4063 significativa

66 4072 95 4125 in
118 4073 236 4127 materia
258 4074 382 4144 proclivi,
405 4084 435 4130 et
456 4077 546 4146 aptius
569 4077 708 4148 disposita,
731 4094 813 4147 quam
833 4077 862 4132 in
896 4082 976 4140 suut;
997 4074 1045 4129 sed
1058 4074 1147 4145 magis
1164 4073 1253 4128 adhuc
1272 4080 1346 4127 ortus
1365 4080 1483 4144 quartus,
1498 4078 1627 4141 tanquam
1645 4089 1691 4126 uo-

67 4151 138 4217 alia,
167 4153 241 4207 utin
259 4154 359 4224 topicis
379 4154 453 4210 circa
473 4155 546 4210 huuc
566 4155 639 4210 321κη
658 4155 802 4211 articulum
819 4173 862 4211 au-
895 4154 1027 4209 viluuium
1041 4154 1236 4209 confirmatum.
1277 4151 1433 4207 Plenilunia
1446 4158 1536 4205 autem
1549 4151 1611 4221 ipsa
1623 4169 1691 4223 prae-

66 4231 160 4300 perina
173 4231 303 4288 diximus.
344 4232 523 4306 Prognostica
542 4235 625 4306 igitur
642 4244 785 4290 ventorum
803 4236 862 4304 jam
896 4234 1115 4304 aagiuutmagis,
1131 4250 1213 4304 quam
1227 4230 1286 4285 dies
1300 4230 1384 4303 aliqui
1399 4231 1435 4284 ab
1448 4231 1525 4301 ipsis.

67 4326 260 4381 proponemus,
274 4311 420 4368 miscentes
433 4313 559 4368 nonnihil
569 4314 722 4369 necessario
736 4314 768 4368 de
783 4332 862 4386 prog-
939 4311 984 4373 17.
1005 4313 1140 4366 Diuturna
1153 4310 1342 4366 observatione
1361 4310 1455 4382 quinta
1474 4308 1545 4363 lunm
1566 4319 1692 4381 suspecta

67 4390 179 4444 usaticis
192 4390 349 4460 pluviarum
363 4400 390 4446 et
404 4393 564 4458 serenitatis,
579 4411 640 4464 qnae
657 4394 727 4448 bene
747 4393 861 4448 distrahi
896 4399 939 4445 est
951 4392 1048 4455 nautis,
1064 4392 1099 4445 ob
1116 4397 1299 4460 tempestates.

68 4484 121 4522 uon
133 4475 281 4540 poterant;
301 4470 349 4524 sed
359 4471 462 4539 justam
472 4471 506 4525 de
514 4470 570 4527 illis
582 4473 788 4543 inquisitionem
800 4491 862 4543 pro·
939 4469 983 4525 18.
1006 4470 1036 4524 Si
1050 4470 1115 4525 luna
1128 4486 1145 4523 a
1159 4468 1299 4524 novilunio
1317 4474 1381 4522 ante
1399 4468 1473 4522 diem
1491 4475 1618 4539 quartum
1635 4484 1691 4523 uon

68 4548 136 4618 priis
149 4547 240 4602 titulis
253 4549 431 4606 remittentes.
896 4550 1058 4620 apparuerit,
1072 4549 1210 4604 turbidum
1223 4546 1314 4602 a'e'rem
1326 4563 1375 4617 per
1388 4554 1474 4602 totum
1489 4564 1611 4602 mensem
1623 4564 1691 4618 prar-

110 4628 135 4682 l.
157 4626 213 4693 Sol,
228 4627 253 4681 ai
267 4628 357 4682 oriens
371 4637 498 4685 cernatur
510 4646 651 4695 concavus,
666 4631 742 4685 dabit
755 4647 789 4685 eo
801 4631 862 4700 ipso
896 4629 972 4685 dicit.

69 4703 111 4759 die
125 4712 223 4760 ventos
237 4714 284 4761 ant
296 4707 414 4773 imbres;
436 4709 460 4763 ai
478 4717 609 4780 appareat
626 4717 754 4781 tanquam
767 4710 863 4766 leviter
939 4705 985 4762 19.
1008 4707 1037 4762 si
1051 4707 1116 4761 luna
1129 4723 1251 4772 nascens,
1266 4712 1313 4761 ant
1325 4706 1398 4761 intra
1410 4706 1513 4777 primos
1525 4705 1592 4771 dies,
1606 4722 1690 4760 cornu

69 4792 221 4850 excavatus,
234 4793 348 4852 ventos;
369 4787 394 4841 si
408 4805 490 4842 cavus
502 4789 532 4842 in
545 4788 687 4858 profundo,
701 4790 812 4843 imbres.
896 4787 1023 4841 habuerit
1042 4786 1157 4841 iuferius
1178 4786 1267 4857 magis
1287 4785 1430 4842 obscurum
1450 4793 1496 4839 aut
1515 4785 1628 4849 fuscum,
1642 4793 1691 4839 aut

107 4864 136 4917 2.
157 4863 188 4919 Si
209 4864 252 4919 sol
274 4864 376 4920 oriatur
396 4865 514 4937 pallidus
535 4876 562 4923 et
584 4870 627 4937 (nt
643 4884 695 4923 uos
711 4866 860 4939 loquimur)
897 4867 992 4937 quovis
1007 4865 1087 4919 modo
1099 4883 1155 4920 non
1168 4883 1281 4936 purnm3
1303 4865 1362 4919 dies
1376 4865 1498 4920 turbidos
1508 4873 1535 4917 et
1545 4872 1690 4934 tempesta-

69 4958 180 5014 aqueua,
191 4944 301 4998 denotat
312 4944 449 5015 pluviam,
464 4946 861 5017 sioccidatpallidua,ventum.
896 4953 936 4999 tes
950 4945 1104 4999 dubitante
1123 4943 1318 5015 plenilunium:
1339 4944 1362 4998 si
1380 4945 1453 5000 circa
1472 4943 1590 4997 medinm
1608 4942 1691 4996 fuerit

108 5021 136 5077 3.
160 5023 190 5078 Si
204 5040 303 5094 corpus
316 5024 407 5094 ipsum
419 5024 485 5079 solis
498 5026 527 5080 in
546 5042 644 5081 occasu
663 5033 789 5081 cernatur
801 5033 860 5079 tan-
896 5023 1011 5089 decolor,
1023 5023 1095 5077 circa
1109 5024 1198 5094 ipsum
1214 5022 1391 5093 plenilunium
1410 5029 1557 5094 sequentur
1574 5030 1690 5091 tempes-

69 5118 151 5172 quam
172 5103 359 5174 sanguineum,
378 5110 565 5174 premonstrat
583 5122 698 5178 magnos
717 5112 810 5160 ventos
832 5106 861 5159 in
896 5110 979 5168 tatem
1001 5103 1025 5158 si
1044 5120 1128 5157 cornu
1146 5103 1269 5173 superius
1289 5101 1342 5156 hoc
1360 5102 1489 5173 patiatur,
1507 5101 1580 5155 circa
1596 5099 1690 5156 lunam

69 5179 161 5250 plures
174 5181 241 5236 dies.
896 5182 1104 5240 decrescentem.

108 5260 137 5313 4.
159 5260 190 5314 si
204 5262 233 5315 in
246 5268 344 5315 exortu
357 5260 425 5315 solis
441 5262 511 5316 radii
526 5264 585 5332 ejus
603 5269 761 5333 spectantur
777 5262 860 5328 rutili,
936 5262 984 5317 20.
1007 5262 1036 5316 Si
1052 5270 1112 5316 ortu
1125 5261 1154 5314 in
1168 5268 1263 5332 quarto
1273 5277 1341 5331 pura
1359 5260 1409 5314 ibit
1427 5259 1494 5313 luna
1512 5275 1561 5329 per
1581 5256 1689 5326 coelum,

69 5352 125 5392 uon
150 5339 221 5404 flasi,
248 5339 358 5394 denotat
383 5339 491 5411 pluvias
522 5343 611 5413 potius
643 5360 725 5414 quam
751 5349 860 5407 ventos;
895 5358 945 5396 nec
963 5342 1090 5396 comibus
1109 5341 1219 5405 obtusis,
1241 5356 1329 5410 neque
1350 5354 1460 5409 prorsus
1476 5339 1580 5404 jacens,
1601 5355 1690 5409 neque

72 5416 206 5488 idemque,
220 5418 244 5472 si
257 5419 325 5473 tales
340 5429 491 5491 appareant
504 5421 532 5474 iu
545 5438 650 5476 occasu.
680 5429 688 5460 r
895 5437 1006 5492 prorsus
1019 5429 1101 5484 reeta,
1116 5419 1164 5475 sed
1183 5419 1341 5480 mediocris3
1363 5416 1536 5471 serenitatem
1558 5418 1691 5488 promittit

111 5495 139 5549 5.
162 5497 191 5551 Si
212 5497 241 5552 in
260 5504 320 5552 ortu
340 5506 388 5554 aut
407 5515 505 5555 occasu
525 5500 591 5554 solis
614 5507 769 5571 spectantur
790 5500 860 5555 radii
895 5502 998 5570 majore
1012 5517 1047 5554 ex
1061 5509 1136 5570 parte
1149 5516 1233 5569 usqne
1248 5498 1282 5552 ad
1295 5495 1472 5552 novilunium.

275 2786 474 2826 aaoonosncn
496 2787 660 2828 VENTORUH·
