3800 5875
215 342 275 408 ΠΒ
875 344 981 402 Nove
1003 342 1200 400 araturus,

214 504 325 575 quidem
337 504 459 560 maxima
473 521 536 577 pers
553 506 628 560 orbis
650 502 808 559 habitabilis
821 509 886 558 unta
899 503 942 567 sit,
957 503 1011 575 ipsi
1048 503 1158 575 signum
1185 502 1238 557 hoc
1265 518 1396 573 magnum
1422 499 1502 555 nobis
1528 496 1661 562 inmunes,
1684 505 1768 570 atque
1791 500 1846 569 eim

213 583 350 638 versaliis
360 586 467 654 penitus
477 586 561 639 simus
574 584 716 655 incogniti.
747 585 841 654 ltaque
852 600 1011 654 cumquaes-
1047 583 1299 653 interpretationem
1313 589 1340 637 et
1352 598 1434 636 nsum
1452 580 1482 633 in
1495 577 1687 633 misericordis
1700 579 1845 642 succedas:

213 663 302 716 tiones
312 661 368 717 illis
382 665 501 734 aptiores
516 673 586 728 suut,
600 665 648 735 qui
665 664 757 718 minus
777 670 885 727 nomnt,
899 679 1010 718 consen·
1048 664 1076 718 id
1097 663 1177 733 quod,
1191 662 1257 717 dum
1270 662 1343 717 idem
1357 661 1393 715 ad
1414 676 1466 714 nos
1479 658 1580 722 mittas,
1595 659 1681 712 tacite
1700 666 1730 711 et
1747 666 1846 713 acerno

213 750 324 796 taneum
336 750 379 797 est
392 744 490 813 magis,
504 753 534 797 ut
546 761 594 797 vos
614 760 660 798 me
682 742 861 814 interrogetis,
876 759 960 813 quam
978 751 1010 797 ut
1048 742 1210 812 polliceris.”

213 837 267 890 ego
279 822 355 875 vos.‘’
397 822 615 892 Respondimus:
636 839 686 877 uos
700 821 741 875 illi
760 822 862 892 gratias
874 822 1011 876 maximas
1088 819 1267 892 “Postquam
1288 819 1328 874 ita
1347 826 1475 889 precatus
1495 823 1544 880 est,
1559 816 1692 870 contiuuo
1710 816 1844 893 scapham,

213 900 324 965 referre,
339 901 557 972 quandoquidem
580 902 651 956 hanc
670 902 749 955 uobis
767 901 906 955 licentiam
919 900 1009 955 indul·
1048 902 1077 954 iu
1091 918 1145 971 qua
1158 899 1314 965 vehebatur,
1327 898 1446 953 solutam
1459 898 1546 951 sensit
1554 904 1582 950 et
1594 896 1737 960 mobilem,
1745 899 1845 950 cerens

213 986 307 1050 geret:
321 987 379 1035 tum
393 997 429 1035 ex
443 981 484 1045 iis,
499 982 628 1053 quaejam
643 981 852 1044 observavimus,
867 979 947 1034 facile
961 997 1011 1034 nos
1049 979 1137 1034 adhuc
1158 978 1241 1033 veluti
1262 977 1355 1050 ligetis
1373 977 1554 1032 manentibus
1597 974 1673 1029 llled
1694 976 1845 1046 insignum

213 1059 356 1128 conjicere,
370 1076 425 1114 non
438 1077 499 1114 esse
518 1078 577 1115 rem
596 1061 625 1115 iu
640 1059 782 1114 mundanis
795 1059 908 1130 cognitu
921 1059 1011 1129 digni-
1048 1067 1151 1113 certum
1174 1058 1292 1113 licentias
1313 1055 1550 1130 appropinquandi
1569 1054 1777 1125 interpretatus,
1790 1072 1845 1109 sca-

213 1153 297 1203 orem,
311 1156 392 1210 quam
410 1149 509 1193 statum
528 1148 557 1194 et
569 1141 749 1194 conditionem
763 1147 842 1193 terrac
855 1138 937 1207 hujus
950 1139 1010 1192 seli·
1049 1137 1133 1208 phem
1143 1138 1208 1192 iecit
1218 1138 1332 1207 placide,
1346 1145 1374 1192 ct
1383 1135 1571 1197 cumsilentio,
1580 1151 1679 1188 versus
1689 1133 1844 1198 columnam,

213 1217 338 1273 cissimis.
379 1219 433 1273 Sed
447 1225 509 1273 ante
527 1219 619 1273 omnia
633 1218 779 1288 (diximus)
793 1235 855 1273 cum
869 1219 904 1272 ab
922 1225 1010 1273 extre-
1048 1218 1163 1289 remigio
1175 1215 1292 1286 impelli.
1333 1217 1436 1271 Verum
1450 1223 1597 1286 antequem
1611 1214 1647 1268 ad
1662 1213 1742 1267 illam
1755 1230 1844 1284 perre-

213 1297 267 1350 mis
280 1306 359 1352 terrea
373 1298 428 1351 oris
444 1298 503 1366 jam
522 1299 734 1362 convenerimus,
747 1314 798 1352 nec
812 1314 867 1352 nou
880 1297 909 1351 in
923 1315 1010 1368 reguo
1047 1298 1141 1361 nisset,
1160 1296 1285 1350 columna
1304 1314 1365 1351 cum
1379 1312 1458 1349 cruce
1479 1294 1548 1348 lucis
1567 1293 1705 1362 dissipata
1718 1302 1766 1357 est,
1780 1302 1806 1348 et
1816 1311 1843 1348 se

213 1375 317 1430 coelesti
343 1392 394 1430 nos
417 1377 483 1431 olim
506 1385 687 1432 conventuros
707 1393 847 1448 speremus
871 1378 917 1446 (en
938 1378 1010 1447 quod
1049 1372 1843 1448 undiquetanquamintirmamentumqncddamstelhrnm

212 1456 340 1526 utrinque
364 1455 513 1510 Christiani
537 1459 634 1524 umus)
656 1458 725 1511 scire
746 1473 867 1520 avemus,
888 1458 1009 1527 quando·
1048 1455 1194 1510 multarum
1207 1456 1306 1509 vertit:
1327 1472 1389 1526 que
1403 1454 1488 1508 etiam
1501 1462 1529 1508 et
1544 1452 1614 1523 ipsae
1628 1452 1711 1506 brevi
1733 1469 1840 1507 manue·

213 1535 323 1605 quidem
343 1542 415 1589 terra
434 1536 488 1590 ista
508 1537 537 1590 in
556 1544 661 1590 tautum
674 1536 771 1591 dissita
784 1537 826 1599 sit,
841 1543 870 1590 et
883 1536 966 1590 vasus
980 1543 1010 1589 et
1048 1542 1127 1590 runt:
1157 1551 1245 1606 neque
1276 1533 1351 1588 aliud
1382 1533 1502 1588 restabat
1528 1531 1721 1602 spectandum,
1749 1540 1839 1603 masur

212 1613 360 1685 incognitis
375 1615 457 1670 maris
471 1616 601 1670 tractibus
614 1616 710 1679 divisa,
725 1632 742 1669 a
755 1623 828 1669 terra
845 1614 901 1680 illa,
912 1615 941 1669 in
956 1634 1010 1687 qna
1049 1630 1140 1669 aream
1160 1614 1296 1686 quandam
1316 1629 1428 1684 parvam
1447 1629 1484 1667 ex
1505 1611 1595 1675 cedro,
1610 1611 1718 1666 siccam
1734 1612 1841 1682 quidm,

213 1690 342 1748 Servatur
355 1701 454 1759 noster,
469 1692 572 1749 damin
585 1712 666 1750 carne
681 1695 738 1760 fuit,
753 1695 927 1749 verssbntur:
947 1695 1009 1765 quis
1047 1711 1137 1766 neque
1150 1710 1222 1765 aqua
1235 1692 1370 1748 ullatenus
1384 1678 1572 1755 madefactam,
1587 1691 1643 1745 etsi
1657 1699 1777 1747 nataret.
1813 1693 1840 1747 ln

213 1774 324 1828 tandem
344 1772 427 1842 hujus
442 1776 531 1844 gentis
546 1775 692 1844 apostolus,
711 1782 739 1828 et
758 1775 856 1845 quibus
871 1774 959 1827 modis
973 1775 1006 1827 ad
1047 1783 1126 1844 parte
1149 1784 1241 1828 autem
1263 1775 1323 1841 ejus
1342 1773 1434 1844 priore
1454 1788 1548 1826 versus
1568 1771 1738 1842 sapientem,
1758 1788 1841 1827 raram

211 1851 295 1906 fidem
317 1868 448 1908 conversa
469 1853 574 1908 fueriti
596 1853 688 1909 Facile
709 1864 776 1918 erat,
796 1870 832 1907 ex
853 1854 929 1908 vultu
950 1854 1010 1922 ejus
1047 1852 1154 1923 palmae,
1181 1854 1296 1924 exiguus
1316 1852 1426 1924 quidem
1448 1861 1477 1906 et
1500 1850 1603 1916 viridis,
1628 1851 1781 1906 creacebct.
1819 1852 1842 1906 Is

212 1933 377 2002 perspicere,
395 1941 502 2004 gratem
522 1931 564 1986 illi
587 1933 721 2004 imprimis
742 1932 910 1987 fassehan:
925 1950 1010 2003 quaes-
1047 1930 1843 2006 postquamplurimacumvenerationearcaminscspbm

212 2011 315 2066 tionem
328 2021 462 2066 nostram:
477 2019 492 2043 ‘⁴
504 2011 558 2065 Cor
572 2030 662 2067 meum
676 2012 790 2083 (inquit)
805 2012 881 2066 vobis
896 2013 1008 2066 mirifice
1048 2029 1125 2067 suam
1138 2013 1293 2083 recepisset,
1308 2028 1372 2066 ecce
1385 2028 1450 2066 arca
1462 2018 1559 2082 sponte
1573 2028 1604 2065 se
1619 2012 1741 2080 aperuit,
1755 2013 1785 2065 in
1796 2029 1844 2082 qus

212 2091 372 2155 attraxistis,
387 2092 459 2162 quod
473 2092 650 2162 questionem
660 2092 731 2145 hanc
741 2092 829 2161 primo
838 2092 867 2145 in
879 2091 940 2146 loco
950 2109 1010 2162 pro
1048 2093 1146 2163 reperti
1161 2100 1224 2146 suut
1237 2091 1307 2147 liber
1319 2100 1348 2146 et
1360 2091 1494 2162 epistola:
1515 2097 1631 2161 uterque
1644 2091 1677 2145 in
1692 2092 1844 2146 membrana

212 2171 332 2239 ponitis:
346 2170 449 2224 indicat
463 2171 606 2234 enim,ros
620 2187 740 2241 quaerere
761 2171 879 2241 primum
894 2188 1010 2243 reguum
1048 2189 1116 2242 pura
1130 2173 1253 2242 scriptus,
1267 2180 1294 2226 et
1307 2171 1466 2226 sindonibus
1479 2169 1572 2224 linteis
1586 2169 1739 2225 involutus
1767 2170 1844 2225 luber

212 2248 283 2304 Dei:
312 2257 392 2320 atque
420 2249 543 2315 libenter,
572 2259 599 2304 et
625 2250 748 2315 breviter,
776 2249 916 2321 postulato
943 2250 1009 2307 huic
1048 2252 1204 2306 continebat
1217 2252 1360 2305 canonicos
1374 2251 1458 2305 libros
1468 2249 1610 2304 universos
1618 2250 1732 2304 Veteris
1742 2252 1843 2305 etNovi

212 2336 304 2383 vestro
315 2329 509 2383 sahsiacism.”
1048 2331 1223 2396 Testamenti,
1251 2339 1331 2402 prout
1353 2346 1401 2386 vos
1424 2330 1486 2384 illos
1510 2328 1620 2384 habetis
1642 2332 1763 2399 (etenim
1784 2332 1843 2385 satis

253 2413 269 2439 ‘⁸
279 2408 373 2463 Annos
383 2409 456 2463 circs
464 2408 560 2479 viginti
574 2409 609 2462 ab
619 2409 777 2464 ascensione
787 2409 897 2464 Domini
909 2409 1010 2465 iactum
1048 2412 1149 2465 scimus
1172 2428 1240 2482 quos
1265 2411 1350 2465 libros
1377 2409 1501 2464 ecclesia:
1525 2410 1598 2478 apud
1621 2426 1673 2463 voa
1701 2410 1843 2481 recipiam)

213 2494 262 2552 est,
275 2495 306 2542 ut
319 2489 520 2558 conspiceretur
533 2507 550 2541 a
565 2488 666 2559 populo
681 2488 811 2543 Reniusre
825 2490 913 2557 (urbis
931 2491 1011 2544 mari-
1048 2498 1129 2560 atque
1148 2489 1322 2561 apocalypsis
1348 2491 1416 2560 ipsa,
1439 2496 1467 2544 et
1485 2488 1619 2543 nonnulla
1640 2489 1700 2543 alia
1720 2506 1759 2545 ex
1778 2492 1843 2545 Nori

212 2567 286 2623 tima:
306 2568 341 2622 ad
363 2567 522 2623 orientalem
544 2567 654 2639 plagam
676 2569 798 2640 regionis
819 2578 920 2623 nostru
936 2569 1009 2638 sitm)
1048 2569 1214 2624 Testamenti
1229 2571 1346 2640 scriptis,
1358 2576 1595 2641 quaeentempore
1605 2569 1683 2624 edita
1696 2579 1842 2631 nouerant,

211 2656 293 2702 noctu
315 2650 384 2720 (nox
404 2658 496 2702 autem
518 2655 577 2702 erat
599 2647 701 2713 nubila,
723 2649 770 2702 sed
788 2647 910 2719 placida)
931 2649 1011 2717 juxta
1048 2648 1224 2705 nihilominus
1243 2666 1276 2703 eo
1289 2648 1360 2704 libro
1379 2649 1593 2704 continebantur.
1635 2648 1718 2711 and
1733 2667 1797 2704 vero
1814 2649 1844 2703 cd

212 2727 289 2781 mille
310 2744 405 2798 passus
419 2745 436 2780 a
456 2726 554 2791 littore,
569 2726 694 2782 columna
713 2727 782 2782 lucis
801 2728 932 2799 praealte3
954 2744 1010 2783 non
1048 2729 1199 2799 epistolam,
1212 2727 1261 2783 illa
1274 2729 1303 2783 in
1319 2730 1379 2784 hec
1392 2729 1475 2783 verba
1488 2729 1590 2799 scripta
1604 2735 1666 2782 erat
1675 2730 1703 2784 θ’

176 2822 178 2825 ’
212 2807 301 2877 figura
328 2808 499 2878 pyramidali,
527 2807 575 2861 sed
602 2806 685 2861 veluti
712 2807 837 2878 cylindri,
866 2826 881 2862 e
910 2806 1010 2879 pelago
1089 2815 1105 2840 ‘⁴
1119 2809 1180 2882 Ego
1193 2808 1416 2872 Bartholomaeus,
1431 2825 1527 2863 servus
1541 2807 1687 2873 Altissimi,
1701 2818 1732 2864 et
1745 2818 1845 2880 aposto

212 2902 309 2942 versus
330 2886 429 2943 coelum
451 2896 549 2951 erecta,
564 2894 592 2941 et
612 2887 641 2942 in
655 2889 754 2944 vertice
775 2888 834 2958 ejus
854 2905 921 2943 crux
941 2886 1010 2943 lucis
1048 2888 1091 2944 lus
1114 2889 1182 2945 Jesu
1205 2888 1317 2954 Christi,
1339 2890 1458 2944 monitus
1481 2904 1542 2943 sum
1564 2887 1600 2942 ab
1624 2888 1736 2960 angelo,
1757 2890 1844 2963 quiin

212 2966 311 3038 ampla,
326 2985 438 3038 corpore
452 2967 586 3023 columnas
600 2968 740 3039 aliquanto
753 2966 926 3039 splendidior.
967 2969 1010 3024 Ad
1049 2970 1152 3025 visione
1166 2968 1260 3041 glorie
1274 2968 1344 3023 mihi
1363 2969 1497 3039 apparuit,
1510 2975 1542 3023 ut
1561 2985 1655 3023 aream
1676 2969 1752 3024 hauc
1770 2971 1845 3024 maris

212 3047 397 3116 spectaculum
417 3048 470 3102 hoc
490 3057 547 3102 tam
567 3047 691 3102 mirabile
712 3041 892 3119 congregatus
907 3056 949 3103 est
968 3050 1012 3121 (ut
1049 3050 1173 3104 fluctibns
1191 3050 1394 3104 committerem.
1437 3049 1532 3119 ltaque
1553 3056 1645 3113 testor,
1660 3056 1690 3102 et
1707 3050 1843 3112 :numm

212 3125 255 3196 tit)
269 3127 474 3196 populusurbis
489 3144 571 3197 super
584 3144 681 3182 arenas
695 3129 787 3193 maris,
801 3139 830 3181 et
843 3129 931 3182 stabat
941 3145 1010 3199 pau·
1048 3130 1073 3183 ei
1095 3129 1203 3200 populo,
1224 3130 1258 3183 ad
1279 3145 1359 3199 quem
1381 3128 1457 3181 Deus
1477 3126 1644 3182 ordinaverit
1663 3128 1740 3183 hauc
1762 3145 1845 3184 arcam

211 3204 296 3276 lisper
314 3208 461 3261 attonitus:
483 3224 575 3261 verum
597 3207 679 3278 paulo
701 3216 763 3279 post
785 3208 895 3277 scaphis
918 3209 1011 3278 parvis
1048 3208 1198 3280 appellere:
1219 3225 1254 3263 en
1278 3208 1340 3278 ipso
1357 3207 1401 3261 die
1424 3207 1459 3260 ad
1483 3223 1530 3261 eos
1553 3207 1648 3262 venire
1672 3208 1802 3274 saluum,
1822 3215 1845 3261 et

211 3284 322 3353 plurimi
336 3302 366 3339 se
380 3287 582 3350 commiserunt,
597 3295 628 3340 ut
648 3304 707 3342 rem
721 3288 789 3341 tanti
811 3289 929 3358 stuporis
949 3305 1010 3359 pro
1048 3305 1152 3358 pacem,
1175 3297 1203 3342 et
1223 3288 1322 3342 bonam
1341 3285 1509 3341 voluntatem
1529 3303 1548 3340 a
1567 3285 1659 3354 Patre,
1681 3296 1711 3343 et
1734 3289 1846 3344 Domino

212 3364 275 3434 pius
297 3365 469 3435 inspicerent
510 3367 620 3431 Verum,
640 3376 784 3437 postquam
808 3368 919 3437 scaphas
938 3368 1011 3422 iutra
1047 3367 1142 3423 Jesu.”

211 3444 354 3515 sexaginta
375 3446 482 3500 circiter
504 3464 522 3500 a
544 3444 670 3500 columna
689 3447 809 3519 virgatas
831 3448 1010 3512 advenissent,
1088 3454 1105 3479 ⁴⁶
1119 3447 1256 3501 Praeterea
1268 3447 1296 3501 in
1307 3447 1412 3501 duobus
1425 3444 1471 3500 bis
1483 3446 1599 3516 seriptis,
1608 3453 1665 3501 tam
1676 3446 1760 3512 libro,
1771 3465 1844 3519 qmm

212 3540 276 3579 ecce
297 3540 391 3579 omnes
409 3526 498 3580 subito
511 3543 541 3580 se
556 3525 695 3592 sistebant,
711 3544 763 3581 uec
783 3526 897 3582 ulterius
919 3543 1011 3596 proce·
1048 3527 1169 3597 epistola,
1184 3535 1310 3597 operatus
1324 3534 1366 3580 est
1386 3525 1463 3579 Deus
1483 3524 1647 3580 miraculum
1667 3525 1788 3599 incipe,
1801 3529 1845 3589 illi

211 3604 275 3658 dere
289 3611 429 3674 poterant:
450 3605 490 3659 ita
503 3615 601 3669 tamen,
615 3606 687 3660 utin
701 3606 815 3661 circuitu
828 3623 945 3672 movere,
961 3607 1010 3661 sed
1048 3606 1121 3679 quod
1134 3606 1266 3677 apostolis
1284 3606 1401 3660 ostendit
1421 3604 1507 3675 (dono
1526 3604 1655 3677 originali
1677 3606 1844 3679 linguarum)

210 3700 265 3738 non
277 3686 405 3739 accedere
419 3686 530 3755 propius
540 3683 653 3740 liceret:
675 3686 744 3740 aden
756 3693 786 3741 ut
799 3686 910 3756 scaphas
923 3686 1009 3740 veluti
1047 3702 1101 3740 nou
1129 3686 1269 3740 dissimile.
1309 3685 1426 3746 Etenim,
1447 3701 1510 3738 cum
1534 3701 1568 3739 eo
1594 3694 1723 3757 tempore
1745 3687 1773 3740 in
1798 3687 1844 3740 hac

210 3762 240 3817 in
268 3763 376 3819 theatro
403 3773 512 3829 starent,
534 3763 623 3819 lucem
649 3764 720 3819 hanc
744 3774 874 3836 tanquam
901 3781 1010 3820 scenam
1048 3773 1121 3819 terra
1132 3766 1252 3819 viverent
1270 3765 1388 3830 Hebraei,
1403 3763 1502 3827 Persas,
1519 3772 1548 3817 et
1570 3764 1642 3830 lndi,
1658 3774 1764 3836 praeter
1777 3767 1845 3837 imas

211 3843 350 3898 coelestem
371 3852 541 3913 spectaturis.
582 3844 680 3898 Evenit
698 3853 790 3899 autem
810 3845 879 3899 forte
894 3844 1009 3911 fortuna,
1047 3845 1197 3916 indigenas,
1213 3844 1311 3914 singuli
1325 3845 1354 3898 in
1369 3844 1439 3897 libro
1451 3842 1509 3906 illo,
1525 3860 1557 3897 ec
1571 3844 1701 3913 epistola,
1716 3845 1843 3916 legerunt,

210 3925 284 3978 utin
298 3924 462 3995 scaphamm
475 3941 530 3978 una
543 3924 649 3978 adesset
670 3924 806 3995 quispiam
826 3941 861 3978 ex
882 3925 1010 3995 sapienti·
1048 3941 1079 3978 ac
1098 3925 1121 3979 si
1144 3924 1174 3978 in
1195 3924 1290 3994 lingna
1313 3920 1443 3996 cujusque
1467 3922 1579 3993 propris
1599 3924 1707 3993 scripta
1726 3925 1844 3979 miscent

210 4002 262 4056 bus
283 4004 391 4068 nostris,
410 4004 549 4058 societatis
572 4005 700 4057 nimirum
722 4005 818 4058 domus
840 4002 1008 4058 Salomonis:
1048 4004 1110 4057 Hoc
1128 4011 1210 4073 pecto
1231 4004 1343 4072 (fratres
1363 4003 1431 4069 mei)
1451 4011 1558 4056 servata
1580 4010 1623 4057 est
1643 4002 1708 4058 hmo
1726 4012 1797 4058 terra
1813 4004 1844 4056 ab

212 4099 273 4152 quas
287 4083 382 4137 domus
405 4085 463 4138 sire
481 4082 627 4154 collegium
642 4083 752 4151 (iratres
767 4082 821 4136 mei
842 4082 1008 4151 charissimi)
1048 4082 1207 4137 infidelitate
1222 4082 1459 4153 (quemadmodum
1470 4089 1498 4135 et
1511 4080 1637 4152 reliquia:
1646 4083 1745 4138 muudi
1752 4083 1844 4137 ceteris

211 4160 305 4215 oculus
320 4161 400 4232 plane
414 4170 456 4216 est
476 4162 589 4230 hujusce
610 4165 704 4233 regni:
731 4162 777 4233 qui
797 4169 941 4233 postquam
961 4163 1010 4216 ali·
1047 4171 1159 4217 servate
1173 4162 1275 4215 fuerint
1288 4161 1323 4215 ab
1337 4161 1428 4233 aquis)
1444 4177 1494 4229 per
1507 4178 1608 4225 arcam,
1624 4162 1842 4234 npeapoetclise

212 4240 330 4310 quandiu
344 4241 497 4296 columnam
516 4242 594 4307 hanc,
609 4258 664 4296 una
677 4259 738 4295 cum
758 4258 845 4306 cruce,
860 4249 962 4296 attente
982 4250 1010 4296 et
1047 4250 1075 4296 et
1089 4241 1257 4296 miraculosae
1268 4240 1508 4312 evangelizationis
1519 4241 1605 4294 sancti
1620 4240 1841 4297 Bartholomrei''

211 4319 307 4373 devote
321 4320 520 4390 contemplatus
534 4331 612 4385 esset,
621 4322 650 4374 in
665 4321 762 4375 ieciem
774 4338 804 4374 se
818 4322 970 4390 prostravit,
983 4331 1009 4375 et
1047 4321 1136 4390 Atque
1150 4322 1195 4375 hic
1210 4319 1284 4391 loqui
1299 4320 1385 4382 desiit,
1394 4320 1503 4389 quaudo
1514 4320 1631 4373 nuncius
1645 4322 1760 4392 quidam
1767 4323 1842 4382 veuit.

211 4399 274 4452 dein
289 4399 360 4452 sein
374 4416 463 4469 genua
477 4400 592 4470 erigens,
607 4417 757 4472 manusque
771 4401 806 4455 ad
819 4400 918 4455 coslum
932 4400 1009 4455 attol·
1047 4406 1092 4470 qni
1107 4418 1169 4455 eum
1183 4400 1334 4454 accersivit.
1376 4399 1475 4470 Sicque
1489 4417 1523 4454 en
1536 4399 1679 4471 colloquio
1692 4402 1765 4457 nihil
1775 4399 1843 4455 aliud

210 4477 278 4542 lens,
294 4476 449 4545 hujusmodi
462 4496 557 4548 preces
571 4480 673 4535 tudtt:¹’
1047 4480 1198 4534 intervenit.

251 4562 268 4590 ⁴⁴
282 4557 399 4611 Domine
413 4557 488 4612 Deus
501 4559 563 4612 coeli
579 4568 605 4613 et
617 4568 714 4623 terrm:
730 4575 766 4613 ex
780 4559 869 4630 gratia
883 4566 931 4614 tua
945 4575 1009 4629 spe·
1085 4559 1139 4613 Die
1154 4567 1270 4629 postero,
1283 4559 1374 4612 statim
1389 4575 1406 4610 a
1419 4558 1541 4628 prandio,
1553 4575 1648 4614 rursus
1662 4560 1700 4614 ad
1714 4578 1764 4615 nos
1774 4561 1843 4615 venit

210 4635 273 4690 ciali
287 4637 391 4691 ordinis
405 4638 489 4690 nostri
506 4639 660 4694 hominibus
674 4639 802 4709 dignatus
817 4656 847 4693 es
861 4655 944 4708 opera
963 4647 1010 4692 tua
1047 4639 1221 4709 propositus,
1256 4655 1339 4709 seque
1363 4639 1511 4703 excusavit,
1536 4639 1637 4703 dicens,
1663 4655 1696 4694 se
1721 4641 1844 4711 pridies

210 4716 362 4780 creationis,
382 4724 515 4770 eteorum
529 4728 744 4780 secretaunsse;
759 4726 841 4789 atque
856 4718 1007 4785 dijudicare
1046 4718 1125 4772 nobis
1139 4719 1229 4772 subito
1246 4728 1273 4772 et
1293 4719 1434 4787 inopinato
1444 4725 1594 4782 avocatum,
1608 4734 1684 4772 nunc
1699 4737 1764 4774 vero
1777 4720 1843 4774 redi·

211 4796 356 4866 (quantum
388 4797 609 4866 generationibus
641 4798 782 4851 hominum
813 4799 904 4866 datur)
937 4798 1009 4851 inter
1047 4799 1109 4862 isse,
1124 4806 1152 4851 ut
1166 4797 1235 4852 illud
1248 4803 1442 4867 compensaret,
1458 4807 1619 4868 tempusque
1636 4798 1844 4853 nobiscumque

209 4873 341 4930 miracula
354 4876 454 4940 diviua,
468 4893 553 4947 opera
565 4884 676 4941 naturae,
687 4878 801 4932 effectus
814 4877 888 4941 artis,
902 4884 932 4931 et
944 4876 1009 4931 illu·
1047 4877 1202 4942 insumeret,
1222 4878 1245 4931 si
1265 4877 1344 4931 modo
1367 4885 1475 4947 gratnm
1494 4877 1573 4930 nobis
1596 4880 1768 4932 consortium
1788 4879 1842 4947 ejus

210 4954 302 5009 cinnes
315 4955 475 5020 demonum,
492 4974 553 5011 cum
572 4957 729 5024 imposturis
743 4957 912 5011 omnimodis.
954 4957 1009 5027 Ag·
1046 4966 1093 5011 aut
1114 4956 1278 5028 colloquium
1301 4955 1389 5009 inerit
1430 4954 1639 5024 Respondimus,
1663 4963 1681 4988 ‘⁸
1697 4958 1759 5012 imo
1780 4956 1842 5012 illud

209 5048 293 5088 nosco
306 5043 333 5088 et
347 5043 431 5089 testor
444 5053 536 5089 coram
557 5035 610 5088 hoc
629 5035 739 5105 populo,
754 5053 812 5089 rem
832 5035 911 5100 hanc,
927 5053 1009 5107 quam
1046 5044 1102 5090 tam
1113 5046 1220 5106 gratum
1233 5035 1312 5089 nobis
1332 5034 1443 5099 accedit,
1462 5042 1494 5088 ut
1513 5051 1563 5089 nec
1582 5035 1758 5092 miseriarum
1776 5054 1841 5108 pre·

209 5121 273 5167 unte
288 5113 381 5168 oculos
394 5115 539 5178 intuemur,
550 5131 610 5167 esse
621 5114 734 5184 digitum
750 5123 834 5178 tuum,
846 5125 872 5168 et
892 5115 1009 5169 miracu·
1046 5117 1194 5179 teritorum,
1222 5132 1272 5168 nec
1305 5114 1487 5184 periculorum
1528 5112 1682 5169 iuturomm
1714 5132 1841 5170 memores

209 5191 268 5247 lum
282 5209 384 5247 verum.
426 5193 559 5254 Quoniam
574 5201 663 5247 autem
677 5211 693 5247 e
708 5194 785 5247 libris
799 5194 899 5248 nostris
912 5194 1009 5248 didici·
1047 5195 1139 5258 simus,
1162 5195 1290 5264 quamdiu
1311 5192 1447 5264 colloquio
1464 5194 1524 5260 ejus
1543 5193 1696 5250 fruamur.”
1738 5196 1841 5250 adud-

209 5287 278 5336 mus,
298 5272 431 5326 miracula
454 5290 593 5343 nunquam
611 5289 629 5324 a
650 5279 676 5326 te
699 5273 779 5338 edita,
798 5274 851 5327 nisi
873 5274 908 5328 nb
926 5273 1008 5327 finem
1047 5291 1114 5339 mus,
1127 5273 1281 5328 existimare
1295 5288 1344 5327 nos
1358 5272 1452 5326 horam
1466 5289 1557 5337 unam,
1570 5289 1713 5329 sermones
1727 5292 1786 5329 eum
1797 5275 1841 5328 illo

122 5393 127 5402 .
209 5350 329 5420 aliquem
363 5351 492 5416 divinum,
521 5359 548 5405 et
580 5350 759 5406 excellentem
789 5353 905 5421 (etenim
932 5352 1009 5425 leges
1046 5352 1212 5408 conserendo
1231 5353 1404 5423 insumptam,
1424 5353 1503 5405 anuis
1524 5352 1639 5423 intcgn's
1658 5355 1724 5408 vitre
1746 5363 1840 5408 sumre

210 5436 315 5481 naturm
337 5429 414 5496 leges
436 5439 489 5483 ture
510 5438 612 5492 sunta
632 5430 729 5501 quibus
749 5431 803 5484 nisi
825 5449 953 5501 magnam
973 5432 1009 5485 ob
1046 5432 1145 5502 prioris
1165 5439 1304 5502 praestare.
1348 5431 1490 5485 luclinavit
1508 5447 1538 5484 se
1557 5431 1709 5501 paululum,
1724 5441 1750 5487 et
1769 5441 1839 5502 post·

210 5519 321 5559 causam
341 5507 453 5562 minime
475 5507 593 5579 recedis)
614 5508 768 5563 humillime
782 5510 964 5577 obsecramus,
978 5516 1009 5565 ut
1046 5529 1128 5584 quam
1150 5509 1374 5578 comedissemus,
1395 5511 1482 5566 dixit:
1506 5510 1608 5566 “Beue
1628 5511 1721 5577 hebet,
1738 5512 1838 5583 qouti-

1758 5647 1786 5830 s
