3800 5875
628 331 678 386 DE
700 330 888 388 secutores
909 332 1130 390 CORPORUM.
1635 331 1692 395 627

899 491 1062 563 aequiparari
1077 498 1207 562 possunt;
1230 491 1276 564 qui
1297 498 1324 544 et
1344 490 1396 561 ipsi
1417 489 1600 561 infrequentes
1617 500 1694 555 sunt;

900 571 1010 627 utillud
1023 578 1139 635 maneat,
1154 571 1227 643 quod
1240 570 1318 625 initio
1331 571 1459 635 diximus,
1474 571 1545 624 intes
1559 569 1658 626 ceolum
1668 580 1697 625 et

899 658 1006 715 terram,
1035 657 1166 722 quatenus
1189 650 1224 704 ad
1250 650 1431 704 constantiam
1454 657 1482 704 et
1507 649 1695 714 mutationem,

898 745 954 785 uon
968 729 1082 785 multum
1095 730 1236 785 interesse.
1277 729 1402 799 siquem
1421 739 1510 783 autem
1526 727 1695 799 aequabilitas

102 805 186 866 Quos>
202 813 340 875 receptum
360 813 410 869 est,
429 806 637 860 universitatem
658 813 764 861 naturae
778 806 860 861 seluti
898 816 928 863 et
941 810 1073 864 certitudo
1086 807 1545 880 motusiuoorporibuscoelestibus
1560 823 1696 878 apparens

62 901 112 957 per
124 885 223 957 globos
237 893 309 939 recte
322 885 405 938 dividi
420 893 448 938 et
461 884 591 955 distingui
603 908 610 947 ς
631 893 660 939 ut
674 884 729 939 alia
743 888 778 939 sit
792 887 862 941 ratio
898 898 995 954 movet,
1018 889 1100 943 veluti
1123 889 1282 943 eternitatis
1302 904 1393 942 comes
1411 888 1573 954 individuus,
1596 896 1696 957 praeato

62 965 223 1028 scelestium,
245 964 300 1018 alia
320 964 514 1028 sublunarium,
535 965 563 1018 id
583 981 636 1018 non
658 965 761 1035 absque
779 982 861 1019 causa
899 975 941 1022 eat
955 985 1080 1033 oceanus,
1095 970 1142 1038 qui
1162 968 1192 1023 in
1210 975 1279 1023 oestu
1296 983 1346 1021 suo
1364 966 1437 1021 haud
1458 966 1543 1022 multo
1561 967 1696 1022 minorem

61 1045 244 1098 introductum
258 1045 382 1108 videtur3
404 1044 427 1097 si
443 1044 471 1097 in
490 1044 542 1097 hac
561 1043 688 1114 opinione
707 1044 802 1099 modus
816 1046 861 1099 ad·
898 1047 1079 1103 constantiam
1106 1048 1239 1101 ostendat.
1290 1045 1440 1110 Postremo,
1469 1046 1492 1100 si
1518 1047 1579 1116 quis
1605 1045 1695 1100 adhuc

61 1122 196 1178 hibeatnr.
237 1123 443 1177 Dubiumenim
458 1140 512 1176 non
527 1123 656 1194 estquis
669 1124 795 1194 regiones
809 1125 861 1191 sub
898 1126 988 1192 instet,
1002 1127 1098 1198 negari
1113 1133 1203 1182 tamen
1223 1143 1278 1180 nun
1291 1142 1379 1196 posse,
1394 1126 1460 1196 quin
1473 1126 1501 1179 in
1522 1125 1583 1195 ipsa
1601 1141 1695 1195 super-

60 1203 126 1257 orbe
149 1203 238 1257 lunari
260 1203 356 1272 positae
377 1211 404 1257 et
428 1218 517 1272 supra,
538 1219 593 1257 unu
612 1220 673 1257 curn
694 1204 859 1273 corporibus,
899 1206 959 1260 licie
982 1207 1056 1262 orbis
1082 1215 1212 1261 terrarum
1233 1215 1262 1259 et
1280 1205 1402 1275 partibus
1422 1205 1563 1276 proximis,
1580 1204 1695 1262 intinitae

60 1299 122 1354 quse
135 1283 189 1337 sub
201 1282 304 1336 eisdem
318 1282 415 1352 spatiis
435 1284 615 1347 continentur,
628 1282 722 1337 multis
739 1289 766 1337 et
785 1300 859 1354 mag·
899 1287 964 1339 fiant
977 1287 1151 1350 mutationes,
1162 1286 1191 1339 iu
1205 1284 1275 1339 eoelo
1287 1302 1342 1339 non
1355 1285 1420 1339 item
1433 1307 1440 1349 ;
1462 1283 1525 1339 huie
1536 1285 1575 1337 ita
1585 1300 1695 1354 respon·

58 1362 103 1416 nis
117 1362 200 1417 rebus
218 1361 350 1416 differant
392 1361 492 1432 Neque
511 1369 602 1415 tamen
622 1361 674 1415 hoc
693 1364 792 1417 certius
810 1372 858 1427 est,
898 1381 958 1419 sum
976 1365 1107 1429 volomus,
1127 1382 1177 1419 nee
1195 1382 1246 1419 nos
1265 1364 1324 1419 hoec
1343 1381 1392 1435 per
1411 1364 1501 1418 omnia
1520 1379 1643 1434 aquare:
1668 1372 1695 1418 et

58 1459 143 1512 quarn
158 1441 235 1504 illud,
254 1440 412 1510 corporibus
429 1441 568 1512 utriusque
586 1440 661 1512 globi
679 1440 770 1496 inesse
789 1459 859 1496 cous·
898 1451 989 1498 tamen
1003 1445 1027 1499 si
1041 1447 1167 1516 regiones
1189 1448 1269 1516 (quas
1283 1444 1393 1514 vocant)
1413 1443 1579 1515 superiorem
1594 1451 1621 1497 et
1635 1460 1693 1497 me·

57 1537 157 1576 munes
178 1520 375 1585 inclinationes,
398 1522 546 1590 passiones,
568 1529 595 1574 et
617 1530 712 1575 motus
763 1521 858 1593 ltaque
897 1524 970 1581 diam
989 1524 1061 1579 aesia
1080 1542 1131 1595 pro
1148 1523 1292 1594 superficie
1311 1531 1360 1577 aut
1376 1524 1503 1578 interiore
1522 1522 1612 1577 tunica
1631 1521 1694 1577 coeli

57 1602 195 1654 unitatem
208 1607 312 1654 namra
326 1601 404 1672 sequi
418 1600 555 1663 debemus,
575 1609 601 1653 et
619 1600 672 1653 ista
691 1600 858 1671 distinguere
896 1604 1063 1674 accipiamus
1076 1603 1303 1676 quemadmodum
1322 1603 1439 1672 spatium
1457 1601 1530 1656 istud
1548 1602 1621 1672 apud
1635 1618 1693 1666 nos,

56 1681 158 1749 ponus,
173 1697 255 1750 quam
269 1680 430 1749 discerpere,
444 1696 495 1733 nec
514 1679 768 1748 contemplationem
789 1680 873 1734 iram·
897 1700 952 1754 qno
965 1684 1105 1750 animalia,
1120 1683 1230 1755 plantae,
1245 1691 1272 1737 et
1291 1682 1435 1738 mineralia
1448 1683 1627 1744 continentur,
1642 1698 1693 1753 pro

56 1776 134 1829 gere.
176 1759 231 1813 Sed
245 1759 319 1829 quod
332 1758 444 1814 ulterius
458 1758 789 1828 receptumest,coelestia
803 1778 859 1815 mu·
896 1763 1038 1833 superficie
1052 1763 1095 1819 sel
1118 1763 1252 1818 exteriore
1271 1763 1362 1816 tunica
1381 1769 1459 1817 terroe
1476 1759 1643 1831 accipimus;
1665 1770 1694 1814 et

56 1840 177 1894 tationes
190 1855 244 1893 non
261 1838 360 1903 subire,
375 1837 533 1893 sublunaria
546 1854 617 1902 sero,
628 1846 674 1892 aut
684 1838 859 1894 elementaria
896 1843 934 1896 ibi
958 1859 1067 1915 quoque
1089 1844 1179 1897 sarias
1200 1849 1229 1897 et
1251 1841 1429 1896 multiformes
1453 1840 1642 1912 generationes
1664 1849 1693 1893 et

57 1935 121 1988 quse
149 1925 255 1981 socant,
283 1918 380 1971 iisdem
409 1918 528 1973 obnoxia
554 1934 629 1980 esser
664 1926 692 1971 et
716 1921 858 1973 materiam
896 1924 1058 1977 mutationes
1072 1923 1196 1977 inveniri.
1238 1921 1334 1992 ltaque
1344 1919 1473 1975 tumultus
1485 1921 1541 1974 fere
1555 1919 1651 1983 omnis,
1666 1928 1693 1973 et

55 1997 157 2052 horum
171 1998 259 2051 instar
270 1996 421 2052 meretricis
434 2013 502 2061 esse,
515 2013 601 2051 nossa
615 1997 715 2052 formas
728 2008 859 2069 perpetuo
896 2002 1044 2067 condictus,
1059 2009 1087 2056 et
1099 2001 1274 2073 perturbatio,
1287 2001 1318 2054 in
1330 2000 1455 2054 confiniis
1469 2006 1574 2054 tantum
1587 1998 1649 2052 coeli
1664 2010 1693 2053 et

56 2085 252 2147 appetentem
274 2076 381 2130 illorum
399 2084 490 2132 autem
507 2077 594 2131 instar
611 2085 750 2139 matronae,
767 2077 858 2131 stabili
897 2088 976 2135 terras
988 2081 1078 2134 locum
1092 2081 1194 2136 habere
1207 2081 1322 2135 videtur.
1364 2079 1404 2135 Ut
1418 2080 1449 2133 in
1467 2079 1547 2134 rebus
1566 2078 1692 2134 civilibus

55 2164 84 2210 et
91 2159 259 2211 intemerato
269 2157 406 2210 connubio
415 2156 593 2227 gaudentem
614 2156 754 2226 popularis
766 2157 859 2227 opinio
895 2161 940 2224 fit,
962 2161 991 2214 in
1007 2161 1104 2232 quibus
1118 2159 1186 2215 illud
1204 2160 1344 2230 frequente
1363 2176 1414 2215 trau
1433 2160 1516 2223 seuit,
1529 2165 1562 2213 ut
1580 2158 1693 2213 duorum

55 2235 247 2300 videturesse,
262 2245 291 2290 et
304 2236 419 2299 infirma,
433 2243 461 2290 et
474 2254 510 2291 ex
523 2236 683 2305 apparentia
692 2244 721 2289 et
730 2237 858 2306 supersti-
895 2255 1039 2310 regnorum
1058 2240 1127 2294 fines
1144 2240 1280 2295 continuis
1299 2238 1497 2294 incursionibus
1515 2245 1543 2291 et
1556 2236 1692 2292 violentiis

56 2315 131 2370 tione
146 2326 217 2370 orta
259 2315 373 2370 Videtur
386 2322 476 2370 autem
490 2316 569 2369 nobis
589 2314 649 2369 haec
667 2316 804 2368 sententia
822 2332 858 2371 ex
895 2318 1064 2385 infestentur,
1075 2319 1137 2373 dum
1148 2319 1291 2374 interiores
1301 2318 1440 2391 utriusque
1454 2317 1532 2388 regni
1546 2317 1692 2387 provinciae

54 2404 173 2467 utraque
187 2403 265 2467 parte
280 2394 371 2449 labilis
384 2403 411 2449 et
425 2394 484 2449 siue
498 2394 683 2449 fundamento.
725 2395 858 2449 Namne·
895 2415 992 2453 secura
1018 2415 1084 2469 pace
1112 2408 1194 2470 atque
1221 2398 1279 2452 alte
1306 2399 1396 2470 quiete
1423 2396 1555 2452 buuntur.
1602 2397 1693 2450 Nemo

55 2492 109 2545 que
123 2473 196 2528 coelo
216 2491 250 2529 ea
270 2475 399 2544 competit
417 2475 560 2573 retemipas,
575 2491 656 2545 quam
675 2475 789 2544 tingunt,
808 2490 857 2528 nec
895 2487 995 2542 autem,
1015 2480 1038 2532 ai
1057 2486 1129 2533 recte
1147 2477 1297 2541 attenderit,
1317 2477 1478 2549 religionem
1496 2475 1541 2531 hic
1561 2482 1691 2546 opponat.

54 2570 150 2609 rursus
164 2562 246 2608 tersoe
259 2570 293 2607 ea
309 2552 483 2608 mutabilitas.
523 2554 597 2608 Nam
615 2553 688 2625 quod
707 2554 742 2608 nd
759 2552 858 2625 coelnm
896 2558 970 2611 Nam
984 2557 1095 2612 ethnica
1106 2557 1237 2625 jactantia
1250 2555 1419 2611 solummodo
1438 2556 1620 2626 praerogativa
1639 2556 1693 2609 ists

54 2634 162 2697 attinet,
177 2650 234 2688 uun
248 2649 281 2687 ca
293 2633 435 2687 nitendum
449 2641 491 2687 est
504 2634 616 2698 ratione,
631 2633 795 2687 mutationes
809 2633 859 2686 ibi·
895 2638 994 2692 coelum
1021 2638 1192 2692 materiatum
1219 2636 1336 2701 donarit,
1363 2644 1393 2690 ut
1419 2636 1454 2689 sit
1478 2634 1691 2705 incorruptibile.

54 2712 119 2768 dem
132 2730 190 2767 non
203 2713 273 2777 fieri,
288 2713 352 2782 quia
373 2713 424 2767 sub
441 2720 581 2783 aspectum
600 2729 654 2766 non
668 2713 795 2767 veniunt:
816 2730 858 2766 aa·
896 2716 1043 2787 Scripturas
1057 2724 1147 2770 sutem
1161 2733 1245 2770 sacrae
1259 2716 1438 2769 eternitatem
1451 2721 1479 2768 et
1492 2714 1692 2783 corruptionem

53 2801 166 2862 pessum
186 2793 262 2846 enim
283 2791 395 2845 frustrat
414 2799 442 2845 et
458 2792 579 2861 corporis
597 2791 739 2852 subtilitas.
759 2800 786 2845 et
804 2791 857 2845 loci
896 2795 965 2850 coelo
978 2805 1005 2849 et
1019 2806 1098 2851 terras
1109 2812 1242 2867 exaequo,
1253 2793 1691 2865 licetgloriametseuerationem

54 2872 196 2927 distantia.
240 2872 314 2925 Nam
328 2872 412 2924 sarire
420 2872 592 2925 inveniuntur
603 2869 676 2925 aeris
687 2871 857 2938 mutationes,
896 2876 1040 2947 disparem,
1060 2875 1218 2929 attribuunt.
1258 2874 1369 2928 Namsi
1389 2874 1502 2943 legatur,
1522 2872 1646 2928 “Solem
1664 2880 1693 2927 et

54 2963 83 3006 ut
98 2952 129 3006 in
148 2960 229 3016 aestn,
244 2951 352 3022 frigore,
369 2951 503 3016 odoribus,
518 2952 598 3014 souis,
614 2951 786 3006 manifestum
808 2963 857 3016 est,
895 2955 987 3010 lunam
1002 2956 1095 3011 fideles
1109 2966 1138 3010 et
1151 2964 1267 3009 aeternos
1280 2956 1310 3010 in
1323 2954 1393 3008 coelo
1406 2962 1490 3008 testes
1504 2970 1563 3007 esse
1573 2952 1603 3007 :'’
1624 2952 1692 3025 legi-

54 3049 117 3102 que
132 3032 186 3086 sub
199 3031 289 3084 visum
303 3047 358 3085 uon
373 3030 480 3085 eadunt.
519 3031 618 3102 Neque
636 3048 729 3086 rursus
751 3031 856 3098 (credo)
896 3043 939 3089 tur
953 3037 1042 3100 enam,
1058 3041 1074 3067 ⁸¹
1089 3035 1285 3090 Generationcs
1299 3035 1424 3105 migrare,
1440 3042 1540 3088 terram
1554 3041 1646 3088 autem
1663 3034 1693 3086 in

53 3111 191 3166 siocnlus
206 3111 235 3163 iu
250 3109 351 3164 circulo
365 3110 438 3164 lunae
452 3111 554 3181 positus
569 3118 646 3174 esset,
662 3128 679 3163 a
692 3111 858 3164 tantoisrter·
895 3122 1025 3170 aeeemum
1045 3116 1181 3169 manere?
1223 3114 1300 3176 Quod
1318 3123 1410 3169 autem
1430 3120 1575 3184 utrumque
1596 3113 1693 3167 transi.

54 3189 137 3256 sallo,
153 3207 217 3262 quse
231 3188 278 3243 bic
292 3191 365 3260 apud
381 3206 432 3243 nos
450 3191 525 3254 fiunt,
548 3198 575 3243 et
596 3190 642 3262 qui
664 3190 694 3244 in
716 3190 858 3259 superficie
896 3195 993 3249 toriom
1007 3194 1050 3260 sit,
1064 3211 1120 3249 uno
1133 3194 1242 3248 oraculo
1259 3194 1416 3258 continetur,
1435 3208 1534 3263 nempe
1554 3198 1570 3224 “
1585 3191 1692 3247 Coelum

54 3277 136 3324 terrae
157 3269 305 3323 obveniunt
326 3276 423 3333 motus,
438 3276 465 3322 et
483 3270 644 3323 mutationes
662 3269 857 3334 machinarum,
896 3282 924 3328 et
943 3282 1045 3329 terram
1065 3275 1236 3344 pertransire,
1257 3273 1371 3328 verbum
1394 3279 1485 3327 autern
1506 3271 1617 3326 Domini
1637 3288 1693 3326 nou

53 3349 228 3411 animalium,
248 3347 410 3418 plantarum,
430 3355 458 3403 et
480 3348 636 3416 hujusmodi
656 3350 731 3419 (quse
751 3347 858 3418 pusillae
896 3354 1087 3422 pertransire.”
1128 3354 1227 3423 Neque
1246 3352 1306 3407 haec
1329 3369 1379 3407 nos
1401 3353 1464 3406 nosi
1488 3351 1583 3422 placiti
1603 3352 1693 3406 studio

53 3429 175 3498 alicujus
198 3427 309 3483 festucae
329 3428 534 3492 dimensionem,
558 3427 593 3480 ob
616 3428 779 3491 distantiam,
802 3444 858 3482 non
896 3432 1021 3497 diximus,
1036 3434 1085 3487 sed
1103 3433 1173 3505 quod
1192 3433 1245 3486 ista
1264 3449 1354 3487 rerum
1372 3440 1399 3486 et
1418 3432 1558 3503 regionum
1578 3433 1693 3486 conficta

52 3509 181 3580 sequant)
196 3523 309 3562 cernere
322 3513 423 3578 posset.
467 3507 500 3561 ln
512 3507 669 3577 corporibus
683 3516 783 3570 autem,
796 3524 859 3577 quae
895 3512 1012 3567 divortia
1033 3520 1060 3566 et
1081 3513 1247 3578 discrimina,
1267 3511 1340 3567 ultra
1359 3529 1442 3583 quam
1461 3511 1561 3565 veritas
1583 3512 1691 3580 patitur,
1762 3554 1766 3563 .

52 3595 140 3641 tantae
151 3585 234 3641 molis
245 3593 274 3640 et
283 3586 478 3657 magnitudinis
489 3594 559 3648 sunt,
567 3592 604 3651 ut,
617 3585 858 3640 obdimensiouum
896 3608 997 3663 magno
1023 3592 1220 3663 impedimento
1246 3592 1282 3656 ad
1307 3608 1399 3646 seram
1427 3590 1637 3661 philosophiam,
1664 3598 1693 3646 et

53 3684 170 3721 suarum
189 3665 406 3736 amplitudinem,
426 3666 517 3735 spatia
535 3666 723 3721 distantiarum
741 3666 856 3729 sincere,
895 3679 999 3726 naturae
1012 3671 1268 3742 contemplationem
1287 3671 1353 3737 iore,
1371 3671 1446 3726 haud
1458 3670 1556 3742 ignari,
1576 3669 1624 3724 sed
1642 3687 1691 3725 ex·

52 3755 136 3818 atquc
153 3744 190 3798 ad
204 3750 346 3815 aspectum
359 3747 501 3816 pervenire
514 3752 638 3816 possunt,
655 3745 816 3800 mutationes
829 3746 857 3799 in
896 3749 988 3822 emplo
1002 3752 1090 3806 educti
1103 3751 1286 3823 presidemus.

52 3825 216 3897 regionibns
237 3823 392 3880 coelestibus
415 3823 483 3889 fieri,
505 3842 541 3879 ex
560 3825 674 3879 cometis
696 3824 858 3895 quibusdam

54 3907 122 3960 satis
135 3904 247 3974 liquet3
268 3903 303 3958 iis
318 3904 386 3969 dico,
401 3904 447 3975 qui
462 3912 562 3958 certam
576 3913 604 3959 et
617 3912 786 3958 constantem
796 3921 857 3958 con·
1215 3937 1372 3951 --·

53 3984 250 4053 figurationem
264 4000 326 4037 oum
339 3984 427 4039 stellis
441 3983 504 4038 fixis
518 3992 675 4048 serssmnt;
697 3983 786 4055 qualis
806 3984 858 4038 fuit

52 4055 108 4127 rin,
124 4080 191 4136 sue
201 4062 230 4115 1¹¹
242 4062 398 4132 cesoma
408 4070 500 4117 nostra
509 4070 596 4126 etate,
607 4065 739 4135 assumit·
781 4063 858 4124 Qud
979 4083 1031 4138 us
1052 4083 1183 4138 suuxu
1203 4062 1254 4139 n's
1274 4082 1457 4139 sssunxu
1478 4081 1611 4140 Masis.

53 4152 149 4197 autem
173 4141 208 4195 sd
232 4150 330 4195 terram
355 4143 472 4206 attinet;
507 4150 648 4215 postquam
673 4142 708 4196 ad
729 4144 858 4196 interiora

53 4223 122 4289 ejus,
138 4220 237 4277 relicta
251 4237 292 4285 ea,
312 4239 373 4292 quae
386 4222 416 4275 in
429 4223 571 4291 superficie
586 4229 614 4276 et
626 4222 749 4292 partibus
763 4222 856 4292 proxi·
936 4219 1163 4275 Consurrectum
1178 4220 1411 4275 decausisfluxus
1425 4230 1453 4274 et
1467 4221 1586 4275 redama
1599 4222 1691 4288 maris,
1751 4270 1756 4277 .

52 4303 106 4356 mis
126 4302 275 4363 invenitur,
288 4301 483 4355 iucmstatione
502 4308 529 4354 et
549 4301 668 4365 mistura,
686 4309 857 4371 penetratum
895 4299 1064 4370 abantiquis
1079 4307 1190 4363 tentata,
1205 4300 1464 4365 etdeindeomissa,
1481 4301 1633 4369 junioribus
1645 4319 1690 4358 re-

53 4390 104 4445 est,
119 4381 232 4434 videtur
250 4388 277 4433 et
295 4379 333 4433 ibi
356 4397 462 4452 quoque
482 4379 580 4435 similis
599 4382 634 4443 ei,
657 4399 718 4451 quas
737 4382 766 4435 in
787 4380 858 4434 coelo
895 4379 989 4448 petits,
1003 4388 1030 4433 et
1045 4386 1136 4433 tamen
1149 4380 1278 4433 sanetate
1293 4380 1451 4449 opinionum
1468 4381 1558 4451 magis
1571 4380 1691 4437 labefac-

52 4460 228 4531 supponitnr,
242 4460 409 4529 perpetuitas
422 4460 548 4514 existere.
591 4458 771 4514 Proculdubio
785 4461 858 4514 enim
896 4466 953 4511 tata
967 4475 1048 4530 quam
1062 4459 1191 4523 discussa,
1203 4458 1285 4530 vulgo
1298 4458 1351 4513 lesi
1362 4461 1516 4528 conjectura
1529 4460 1643 4516 refertur
1656 4462 1691 4517 sd

52 4549 101 4603 est,
116 4541 142 4595 si
158 4539 189 4592 in
204 4537 339 4609 profundo
356 4546 435 4593 terrae
453 4546 589 4609 pateretur
609 4540 777 4604 mutationes,
791 4557 856 4593 con·
895 4537 996 4601 lunam,
1024 4538 1060 4591 ob
1086 4554 1247 4592 consensum
1274 4538 1432 4594 nonnullum
1458 4550 1546 4594 motus
1570 4540 1691 4609 ejusdem

52 4620 230 4690 sequentiam
244 4634 338 4672 esrum
349 4618 535 4682 mutationum,
550 4619 632 4673 enam
646 4620 857 4690 innostraregi-
895 4635 957 4672 eum
971 4625 1045 4671 motu
1065 4617 1145 4671 lunoe.
1187 4618 1317 4672 tuamen
1336 4618 1494 4689 diligentius
1513 4623 1691 4690 perscrutanti

51 4714 114 4762 one,
131 4714 217 4769 quarn
231 4695 376 4762 calcamus,
388 4697 505 4764 maiores
518 4714 597 4752 casus
607 4697 690 4752 luisse
700 4698 856 4767 parituram,
896 4697 1012 4767 vestigia
1026 4697 1150 4767 quadam
1163 4698 1286 4751 veritatis
1299 4714 1329 4751 se
1343 4699 1494 4764 ostendunt,
1508 4717 1569 4770 quoe
1586 4702 1621 4755 sd
1634 4718 1692 4756 cer-

51 4794 137 4849 quam
152 4776 214 4831 fieri
229 4776 362 4831 videmus.
405 4775 476 4831 Sane
491 4784 569 4831 terne
582 4785 671 4832 monus
685 4777 815 4849 plerique,
830 4788 858 4833 et
896 4778 965 4831 tiora
978 4776 1109 4831 deducere
1124 4778 1237 4846 possint.
1279 4776 1419 4848 ltaquene
1433 4779 1573 4833 confusius
1586 4788 1689 4852 agatur,

51 4857 216 4928 eruptiones
236 4871 376 4927 aquarum,
399 4855 443 4909 vel
467 4858 645 4912 eructationes
667 4857 780 4928 ignium,
802 4875 855 4911 non
896 4856 985 4925 primo
997 4856 1179 4928 distinguendi
1193 4864 1256 4911 sunt
1269 4864 1358 4910 motus
1374 4857 1465 4921 maris,
1480 4858 1527 4928 qui
1545 4856 1610 4913 licet
1624 4860 1690 4915 satis

51 4954 88 4991 ex
114 4935 254 5007 profundo
273 4935 427 5000 admodum,
448 4936 496 4989 sed
516 4952 600 5007 prope
620 4938 771 5007 insurgunt,
796 4955 856 4991 curn
895 4935 1092 4990 inconsiderate
1107 4935 1321 5005 multiplicentur
1333 4936 1503 5001 anonnullis,
1518 4937 1691 4994 inveniuntur

52 5032 175 5085 parsum
202 5014 313 5087 aliquod
341 5015 459 5085 spatium
485 5016 514 5069 in
541 5018 683 5086 superficie
707 5026 856 5086 occupent=
896 5031 991 5068 resera
1017 5022 1125 5070 tantum
1151 5016 1289 5088 quinque;
1324 5034 1437 5088 quorum
1465 5032 1533 5070 unns
1560 5025 1705 5089 tunquam.

53 5104 161 5166 quanto
183 5095 258 5149 eninr
276 5093 402 5149 latiorem
420 5094 560 5165 regionem
578 5104 607 5149 et
626 5105 742 5151 tractum
761 5095 857 5163 hujus·
895 5094 1038 5149 anomalus
1062 5103 1111 5159 est,
1125 5094 1224 5166 reliqui
1243 5103 1405 5151 constantes.
1447 5095 1555 5149 Primus
1574 5104 1691 5168 poninus

51 5175 129 5228 modi
144 5174 300 5227 accidentia
309 5174 338 5227 iu
353 5174 423 5228 facie
437 5183 515 5229 terrra
528 5184 669 5246 occupant,
681 5182 756 5229 tanto
769 5175 858 5246 magis
895 5181 985 5229 motus
998 5173 1046 5229 ille
1059 5191 1147 5246 sagus
1161 5183 1188 5229 ct
1199 5176 1291 5229 sarius
1312 5178 1394 5246 (qnos
1412 5173 1564 5245 appellant)
1578 5194 1690 5231 curren·

51 5254 165 5307 radices
179 5255 239 5308 sise
255 5253 376 5324 origines
389 5270 482 5307 corum
497 5254 531 5307 ad
552 5256 656 5310 viscera
675 5263 756 5309 terrae
774 5271 858 5324 peue-
896 5244 980 5318 tiuni;
1001 5255 1135 5309 secundus
1148 5262 1239 5310 motus
1259 5271 1377 5326 magnus
1391 5255 1485 5308 oceani
1506 5255 1689 5321 sexhorarius,

51 5340 128 5387 trare
151 5332 304 5403 putandum
325 5342 375 5386 cst.
420 5332 516 5404 ltaque
535 5334 650 5401 majores
671 5343 749 5389 terme
770 5342 858 5388 motus
895 5349 945 5402 per
959 5350 1040 5403 quem
1054 5351 1131 5404 aquae
1141 5335 1176 5389 ad
1189 5333 1282 5389 littora
1291 5334 1421 5388 accedunt
1429 5340 1457 5388 et
1470 5335 1599 5389 recedunt
1612 5335 1691 5391 alter·

54 5413 201 5481 (majores,
216 5412 335 5483 inquam,
354 5412 466 5477 ambitu,
486 5429 540 5467 non
553 5413 694 5483 violentia)
709 5414 755 5485 qui
771 5413 859 5468 rasim
896 5413 983 5467 satim
1004 5414 1047 5467 bis
1070 5414 1099 5467 in
1121 5414 1173 5479 die,
1194 5432 1249 5469 non
1270 5421 1373 5476 exacte,
1387 5413 1434 5466 sed
1454 5429 1516 5468 cum
1537 5415 1691 5470 differentia

52 5492 196 5556 eveniam,
212 5500 286 5546 recte
299 5490 414 5546 cometis
423 5491 483 5558 ejrrs
496 5493 613 5562 generis,
623 5493 657 5548 de
667 5511 721 5564 quo
730 5492 857 5557 unum,
896 5491 955 5561 tali,
977 5510 1038 5564 qun
1051 5494 1191 5564 periodum
1208 5493 1353 5550 coordinat
1366 5499 1541 5549 menstruam.
1582 5495 1691 5551 Tertius

416 5571 511 5635 2,ss

62 547 91 590 X.
120 548 160 589 DE
189 549 445 589 ntsstutuwnltss
471 549 642 591 COELBS'HUH
663 552 698 591 ΕΤ
719 553 862 593 SUBLUNA·

103 629 181 668 RlUli
203 630 299 675 Quom
320 630 530 668 assumserunt
550 631 585 669 m·
606 631 860 681 HUTABILITATEM

102 709 185 756 Quot>
207 710 263 748 NON
286 710 330 748 stt*
352 709 533 748 VERll'ch'l'A.
