3800 5875
207 300 265 355 444
843 297 985 353 NOVUM
1007 296 1209 354 ORGANUM.
1718 298 1789 353 Lus.
1806 300 1829 354 l.

205 458 332 528 periodos
355 457 487 512 naturalis
506 455 681 528 philosophia
704 457 832 526 majorem
847 456 875 508 in
888 456 999 509 modum
1037 457 1118 511 saciat
1131 457 1160 511 in
1175 456 1323 511 redditione
1338 473 1480 511 causarum
1493 473 1654 526 remmqurc
1664 455 1833 526 jampridem

204 536 331 608 neglecta
344 546 392 591 aut
411 538 544 607 impedita
557 536 646 600 inerit,
660 535 699 589 nil
721 536 820 588 mirum
834 535 857 588 si
871 535 999 589 homines
1037 544 1099 590 sunt
1112 537 1247 606 cognitae3
1268 553 1324 591 non
1338 554 1408 599 eam,
1423 554 1483 607 quae
1495 552 1566 589 nova
1578 552 1691 605 operum
1703 536 1832 606 pignora,

205 632 303 686 parum
328 617 356 671 in
379 633 413 670 ea
440 634 468 671 re
496 615 667 687 profecerint,
695 632 758 669 cum
785 615 896 668 omuino
923 613 998 669 aliud
1036 624 1065 667 et
1077 631 1176 668 novam
1190 617 1357 670 axiomatum
1372 615 1459 670 lucem
1473 624 1642 686 assequatur.
1684 614 1833 685 Itaquc,si

205 696 319 766 egerint.
1036 694 1098 747 finis
1119 695 1293 748 scientiarum
1308 712 1325 747 a
1338 695 1446 749 nemine
1467 694 1556 748 adhuc
1574 693 1643 747 bene
1663 694 1770 762 positus
1788 695 1832 757 sit,

1036 788 1090 825 non
1103 773 1201 827 mirum
1215 774 1301 839 est,si
1320 775 1349 827 in
1369 774 1412 836 iis,
1433 791 1494 844 quae
1516 781 1579 828 sunt
1599 772 1778 827 subordinate
1797 773 1834 826 ad

559 837 643 875 ’Μ
1034 852 1124 918 finem,
1139 861 1266 923 sequatur
1279 853 1421 907 aberratio.

245 929 358 983 Accedit
370 941 399 983 et
410 929 485 993 illud,
500 929 572 1000 quod
585 928 717 983 naturalis
730 927 906 999 philosophia
918 928 948 981 in
963 927 997 981 iis

205 1007 274 1077 ipsis
288 1009 361 1074 viris,
372 1009 418 1081 qui
434 1009 459 1063 ei
473 1008 650 1072 incubuerint,
665 1016 807 1062 vacantem
821 1015 849 1061 et
862 1008 997 1077 integrum

206 1086 352 1153 hominem,
375 1089 526 1158 prasertim
545 1088 591 1142 his
608 1087 802 1141 recentioribus
821 1086 996 1156 temporibus,
1074 1082 1305 1143 Quemadmodum
1327 1093 1420 1140 autern
1437 1088 1499 1141 finis
1519 1095 1546 1141 et
1564 1096 1638 1142 meta
1653 1087 1832 1143 scientiarum

205 1165 254 1220 vix
269 1176 351 1221 nacta
370 1168 406 1220 sit
413 1188 421 1231 ς
443 1168 496 1220 nisi
518 1168 586 1221 t'orte
607 1167 668 1237 quis
686 1166 812 1220 monachi
832 1165 947 1234 alicujus
968 1164 997 1219 in
1035 1162 1106 1216 male
1120 1164 1210 1233 posita
1222 1173 1286 1218 sunt
1299 1165 1371 1235 apud
1389 1166 1530 1229 hominene
1552 1168 1592 1221 ita
1604 1184 1700 1221 rursus
1710 1168 1832 1223 etiamsi

205 1244 311 1309 cellula,
326 1255 373 1300 aut
384 1246 484 1300 nobilis
497 1247 526 1299 in
540 1245 636 1300 villula
648 1245 824 1308 lucubrantis,
839 1243 996 1314 exemplum
1035 1240 1083 1293 illa
1096 1251 1169 1297 recte
1184 1244 1273 1313 potita
1286 1243 1408 1308 fuissent,
1418 1245 1491 1300 tiam
1501 1253 1592 1301 tamen
1603 1247 1658 1300 sibi
1671 1247 1832 1318 delegerunt

206 1324 364 1389 adduxeritr
386 1326 434 1379 sed
454 1326 525 1380 facta
538 1334 581 1379 est
600 1325 709 1378 demum
731 1322 861 1378 naturalis
878 1323 997 1392 philoso·
1035 1321 1147 1375 omnino
1172 1339 1311 1376 erroneam
1337 1332 1366 1377 et
1391 1324 1561 1394 imperviam.
1615 1325 1696 1387 Quod
1722 1339 1831 1396 stupore

205 1403 273 1472 phin
299 1404 383 1458 instar
406 1405 533 1460 transitus
557 1404 695 1474 cujusdam
718 1412 747 1456 et
768 1404 938 1474 pontisternii
962 1402 997 1456 ad
1036 1400 1151 1469 quodam
1166 1402 1288 1456 animum
1301 1401 1352 1456 rite
1365 1420 1423 1456 rem
1432 1405 1567 1473 reputanti
1581 1405 1764 1475 perculserit3
1779 1422 1831 1461 nou

205 1481 267 1537 alja,
1034 1479 1083 1532 ulli
1100 1480 1253 1535 mortalium
1272 1499 1343 1536 curre
1363 1490 1410 1535 aut
1430 1482 1504 1538 cordi
1523 1484 1616 1548 fuisse,
1630 1493 1662 1538 ut
1680 1484 1831 1539 intellectui

245 1561 334 1633 Atque
354 1579 454 1632 magna
473 1563 525 1616 ista
539 1562 714 1616 scientiarum
727 1570 814 1615 mater
827 1561 897 1615 mira
910 1561 998 1631 indig-
1035 1557 1163 1623 humano,
1184 1560 1218 1613 ab
1239 1561 1298 1630 ipsa
1315 1577 1395 1615 sensu
1416 1567 1444 1615 et
1463 1564 1636 1632 experientia
1657 1564 1787 1618 ordinata
1805 1574 1831 1619 et

205 1641 288 1694 nitate
303 1641 337 1695 ad
351 1642 441 1695 officia
454 1640 560 1695 ancillae
578 1641 687 1695 detrusa
705 1650 760 1703 est;
783 1658 843 1710 quse
857 1640 997 1695 medicina
1036 1637 1103 1691 bene
1131 1639 1245 1703 condita,
1273 1641 1318 1693 via
1345 1642 1501 1710 aperiretur,
1529 1651 1558 1696 et
1583 1642 1758 1707 muniretur;
1786 1644 1831 1698 sed

206 1729 253 1773 aut
266 1721 471 1775 mathematices
485 1721 612 1790 operibus
626 1720 769 1784 ministret,
782 1730 809 1773 et
822 1736 921 1783 rursus,
936 1737 998 1790 quoe
1037 1718 1128 1770 omnia
1149 1717 1194 1772 vel
1215 1718 1386 1773 traditionum
1405 1720 1526 1791 caligini
1543 1722 1588 1775 vel
1607 1733 1830 1791 argumentorum

205 1799 416 1854 adolescentium
438 1800 582 1854 immatura
609 1800 720 1868 ingenia
745 1798 819 1853 lavet
840 1807 869 1852 et
894 1799 998 1853 imbuat
1035 1797 1159 1867 vertigini
1175 1805 1203 1850 et
1220 1798 1330 1861 turbini,
1347 1797 1389 1851 vel
1410 1816 1489 1853 casus
1510 1806 1539 1854 et
1559 1802 1743 1871 experientias
1756 1819 1830 1872 vage

205 1877 279 1932 velut
293 1880 408 1933 tinctura
420 1879 537 1949 quadam
549 1879 644 1947 prima,
653 1888 682 1932 ut
693 1877 775 1931 aliam
789 1878 998 1948 posteaielicins
1036 1882 1064 1928 et
1089 1876 1233 1931 incondita
1259 1878 1339 1931 undis
1360 1887 1388 1931 et
1411 1879 1579 1949 ambagibus,
1605 1880 1746 1949 permissa
1765 1898 1830 1935 esse.

206 1965 233 2011 et
259 1958 425 2012 commodius
450 1958 596 2027 excipiant.
638 1958 749 2011 Interim
766 1973 848 2010 nemo
871 1965 999 2026 expectet
1037 1954 1125 2026 Atque
1140 1957 1241 2027 cogitet
1253 1957 1314 2027 quis
1328 1957 1417 2011 sobrie
1434 1968 1463 2012 et
1474 1958 1626 2029 diligenter,
1642 1960 1737 2030 qualis
1751 1960 1831 2014 sitea

206 2054 336 2105 magnum
351 2054 523 2106 progressum
537 2037 566 2089 in
577 2036 697 2090 scientiis
705 2037 868 2106 (presertim
877 2037 905 2089 in
919 2045 997 2107 parte
1036 2035 1087 2097 ria,
1104 2052 1185 2106 quam
1199 2035 1227 2088 in
1241 2036 1416 2107 inquisitione
1430 2045 1458 2090 et
1478 2038 1633 2092 inventione
1654 2038 1776 2108 alicujus
1794 2041 1831 2094 rei

207 2132 300 2169 earum
315 2117 467 2184 operativa)
479 2116 530 2168 nisi
542 2114 717 2185 philosophia
728 2115 860 2169 naturalis
869 2115 903 2167 ad
914 2117 998 2169 scien·
1036 2111 1160 2168 homines
1173 2113 1303 2169 adhibere
1323 2126 1529 2171 consueverunt
1569 2117 1606 2170 Et
1619 2118 1713 2186 primo
1727 2120 1831 2173 notabit

207 2196 259 2247 tias
273 2193 448 2263 particulares
458 2195 588 2265 producta
602 2195 692 2258 tuerit,
707 2199 735 2247 et
746 2194 869 2248 scientiae
882 2197 999 2263 particu·
1036 2193 1210 2262 proculdubio
1223 2194 1378 2249 inveniendi
1393 2197 1503 2250 modum
1512 2196 1666 2266 simplicem
1677 2206 1708 2251 et
1723 2200 1830 2253 inartifi·

206 2273 279 2327 lares
303 2290 394 2327 rursus
416 2274 451 2327 ad
475 2272 627 2327 naturalem
648 2272 852 2344 philosophiam
873 2274 997 2329 reductae.
1036 2272 1146 2337 ciosum,
1161 2274 1207 2344 qui
1219 2272 1376 2327 homiuibus
1390 2276 1509 2330 maxime
1521 2283 1564 2330 est
1578 2276 1737 2331 familiaris.
1780 2278 1830 2332 His
1881 2284 1882 2333 3

208 2353 282 2405 Hinc
297 2354 369 2406 enim
381 2354 417 2415 fit,
429 2362 458 2406 nt
468 2354 639 2417 astronomia,
648 2353 745 2422 optica,
756 2354 866 2417 musica,
875 2353 998 2422 plurimas
1037 2359 1127 2406 autern
1141 2370 1196 2406 non
1209 2351 1279 2407 alius
1293 2362 1341 2415 est,
1357 2370 1438 2422 quam
1451 2357 1523 2417 ntis,
1539 2355 1626 2425 quise
1641 2357 1677 2410 ad
1694 2357 1831 2410 invenien-
1881 2358 1882 2369 ¹

207 2439 279 2486 artes
294 2431 468 2495 mechanicae,
482 2440 562 2501 atque
579 2432 639 2501 ipsa
661 2432 803 2496 medicina,
817 2440 898 2502 atque
913 2435 999 2503 (quod
1036 2430 1100 2491 dunt
1113 2431 1215 2503 aliquid
1226 2442 1365 2502 comparat
1376 2440 1403 2485 et
1416 2435 1541 2504 accingit,
1551 2436 1641 2504 primo
1651 2437 1830 2505 quraabaliir
1881 2476 1882 2511 3

207 2511 269 2581 quis
283 2511 369 2581 magis
379 2511 503 2577 miretur)
519 2509 693 2581 philosophia
704 2509 814 2566 moralis
825 2521 852 2565 et
861 2513 961 2577 civilis,
971 2521 998 2568 et
1036 2510 1109 2563 circa
1122 2510 1171 2564 illa
1184 2512 1256 2564 dicta
1269 2512 1331 2577 sint,
1345 2511 1465 2580 inquirat
1480 2522 1505 2567 et
1516 2514 1636 2575 evolvam
1660 2516 1762 2569 deiude
1775 2533 1831 2586 pro
1881 2520 1882 2525 ’

207 2591 329 2645 scientiae
343 2589 439 2661 logicae
456 2590 496 2644 nil
517 2592 573 2644 t'ere
588 2589 707 2644 habeant
720 2590 870 2645 altitudinis
889 2594 918 2646 in
938 2608 998 2661 pro
1036 2590 1123 2658 priam
1136 2590 1339 2644 meditationem
1353 2591 1529 2662 addat,atque
1544 2610 1593 2662 per
1603 2597 1706 2648 mentis
1720 2595 1831 2649 multam

206 2669 309 2733 fundo,
331 2670 379 2723 sed
406 2686 456 2740 per
483 2669 652 2740 superficiem
675 2678 702 2723 et
721 2670 880 2724 varietatem
907 2688 997 2726 rernm
1036 2669 1211 2739 agitationem
1219 2670 1342 2739 spiritum
1353 2673 1577 2741 suumproprium
1588 2673 1831 2746 solicitet,etquasi

207 2757 312 2804 tantum
329 2748 470 2804 labantur:
492 2751 564 2820 quia,
578 2757 722 2819 postquam
743 2751 920 2821 particulares
939 2751 998 2805 istra
1036 2748 1152 2812 invocet,
1171 2758 1202 2803 ut
1224 2749 1276 2802 sibi
1300 2750 1409 2803 oracula
1433 2752 1547 2820 pandat;
1570 2770 1630 2823 qum
1652 2770 1698 2821 res
1724 2755 1831 2809 omnino

206 2829 328 2883 scientim
349 2829 498 2899 dispertita
515 2837 543 2883 et
563 2831 716 2884 constitutae
730 2829 837 2895 fuerint,
851 2847 868 2882 a
881 2829 999 2900 philoso·
1037 2827 1094 2880 sine
1101 2827 1274 2882 fundamento
1281 2837 1330 2892 est,
1337 2835 1365 2882 et
1374 2829 1402 2881 in
1411 2830 1582 2898 opinionibus
1591 2840 1700 2886 tantum
1708 2833 1829 2888 volvitur.

206 2908 274 2978 phin
287 2909 404 2964 naturali
418 2924 473 2963 non
487 2908 606 2979 amplius
616 2909 740 2972 aluntnr;
756 2926 817 2981 qua
831 2926 867 2965 ex
881 2910 998 2965 fontibus
1076 2907 1113 2961 At
1134 2907 1203 2962 alius
1224 2908 1359 2979 quispiam
1383 2908 1554 2965 dialecticam
1578 2911 1613 2965 ad
1638 2912 1831 2968 inveniendum

206 2997 234 3041 et
248 2991 319 3043 veris
333 2988 614 3058 contemplationibus,
630 2999 758 3053 motuum,
766 2989 909 3053 radiorum,
921 3007 998 3044 sono
1037 2987 1158 3051 advocet,
1169 3005 1230 3058 qum
1239 2988 1439 3043 nominetenus
1449 2997 1552 3044 tantum
1562 2992 1597 3044 ad
1611 2991 1639 3045 id
1651 2993 1829 3063 quodagitur,

205 3085 273 3131 rum,
283 3068 628 3124 texturaeetschernatismi
643 3084 793 3137 corporum,
807 3070 961 3133 affectuum,
972 3078 999 3123 et
1038 3066 1161 3135 pertinet
1203 3066 1327 3120 inventio
1341 3068 1415 3123 enirn
1432 3068 1581 3124 dialecticae
1599 3081 1717 3125 nonest
1735 3073 1831 3142 princi·

205 3148 418 3217 prehensionum
439 3148 671 3211 intellectualium,
691 3165 774 3202 novas
794 3148 865 3202 vires
884 3157 912 3202 et
935 3166 998 3220 aug·
1036 3146 1142 3214 piorum
1157 3152 1184 3198 et
1196 3147 1364 3201 axiomatum
1376 3149 1581 3218 praecipuorum,
1596 3167 1631 3203 ex
1646 3151 1751 3221 quibus
1763 3161 1830 3207 artes

207 3237 300 3281 menta
325 3227 381 3281 illis
408 3228 541 3298 impertiri
572 3227 700 3297 potuerit
756 3229 851 3299 ltaque
885 3228 998 3282 minime
1036 3232 1166 3291 coustant,
1185 3225 1233 3279 sed
1254 3243 1348 3279 comm
1369 3234 1480 3293 tuntum,
1495 3245 1556 3298 qum
1573 3228 1629 3282 illis
1650 3241 1831 3286 consentanea

205 3307 306 3360 mirum
319 3316 367 3371 est,
378 3307 402 3361 si
415 3307 537 3362 scientim
549 3322 604 3361 non
613 3313 743 3372 crescant,
757 3325 819 3361 cum
833 3323 849 3360 a
863 3307 999 3361 radicibus
1036 3303 1167 3359 videntur.
1210 3304 1449 3361 Dialecticaenim
1462 3309 1551 3378 magis
1565 3309 1830 3382 curiososetimpor·

206 3387 262 3441 suis
277 3387 332 3440 sint
346 3395 486 3456 separatae.
1037 3391 1122 3447 tonos,
1137 3391 1163 3436 et
1184 3384 1237 3437 sibi
1260 3385 1402 3454 negotium
1420 3386 1594 3451 incessentes,
1612 3405 1734 3461 eamque
1755 3392 1830 3445 inter·

1037 3462 1169 3531 pellentes
1183 3462 1216 3516 de
1237 3463 1443 3532 probationibus
1457 3473 1486 3519 et
1505 3467 1711 3522 inventionibus
1732 3471 1829 3539 princi·

1036 3542 1151 3610 piorum,
1176 3543 1233 3596 sive
1256 3544 1423 3598 axiomatum
1446 3546 1602 3615 primorum,
1629 3547 1667 3600 ad
1691 3549 1783 3613 tidem,
1806 3559 1831 3602 et

244 3617 351 3672 Rursus
372 3635 401 3671 sc
421 3617 538 3672 ostendit
559 3617 614 3672 alia
627 3634 709 3673 causa
728 3626 825 3688 potens
842 3626 870 3673 et
890 3635 997 3690 magna,
1037 3620 1120 3675 veluti
1133 3631 1331 3675 sacramentum
1345 3623 1458 3678 cuilibet
1471 3624 1523 3678 arti
1540 3627 1738 3695 praestandum,
1752 3629 1830 3682 notis·

205 3714 254 3750 cur
267 3697 388 3752 scientim
402 3714 498 3767 parum
511 3698 706 3768 promoverint.
746 3697 996 3763 Eaverohaecest3
1036 3700 1107 3754 simo
1120 3717 1250 3770 responso
1265 3701 1360 3769 rejicit.

206 3777 278 3846 quod
287 3777 346 3830 fieri
356 3794 410 3829 nou
420 3777 512 3847 possit,
521 3784 552 3830 ut
565 3786 637 3831 recte
646 3777 808 3846 procedatur
815 3778 843 3830 in
854 3776 996 3842 curriculo,
1077 3779 1176 3834 Restat
1185 3780 1355 3849 experientia
1370 3798 1451 3845 mera,
1466 3800 1535 3852 quae,
1550 3784 1573 3836 si
1589 3795 1724 3852 occurrat,
1740 3805 1828 3850 mam,

206 3856 253 3909 ubi
266 3856 328 3925 ipsa
342 3865 413 3910 meta
427 3873 481 3909 non
496 3865 568 3910 recte
583 3858 673 3926 posita
686 3857 722 3909 sit
736 3865 764 3910 et
781 3857 879 3911 delixa.
921 3857 999 3911 Meta
1036 3858 1059 3912 si
1075 3860 1188 3929 quaesita
1202 3859 1245 3923 sit,
1254 3861 1467 3929 experimentum
1478 3863 1639 3918 nominatur.
1669 3865 1830 3921 Hocautern

207 3942 297 3988 autern
317 3936 491 3989 scientiarum
515 3952 579 3990 vera
606 3945 633 3989 et
658 3935 782 4006 legitima
803 3953 857 3989 non
880 3936 936 3990 alia
958 3944 999 3989 est
1036 3939 1211 4008 experientia
1224 3956 1311 4008 genus
1325 3939 1395 3992 nihil
1404 3940 1479 3994 aliud
1490 3948 1541 4001 est,
1552 3958 1633 4012 quarn
1645 3945 1734 4014 (quod
1745 3947 1829 4014 aiunt)

207 4023 326 4082 quamut
339 4014 447 4068 dotetur
455 4015 509 4068 vita
520 4015 640 4069 humana
650 4016 727 4069 novis
737 4015 855 4070 inventis
866 4025 893 4068 et
902 4016 997 4086 copiis.
1037 4034 1126 4087 scopae
1147 4017 1295 4082 dissolutae,
1316 4026 1344 4072 et
1364 4036 1440 4072 mera
1459 4019 1587 4089 palpatio,
1606 4023 1682 4091 quali
1708 4024 1829 4078 homiues

206 4093 243 4146 At
267 4095 344 4146 turba
371 4093 451 4164 longe
476 4095 596 4148 maxima
619 4094 690 4148 nihil
714 4111 750 4148 ex
773 4094 824 4147 hoc
848 4096 927 4164 sapit,
950 4094 998 4148 sed
1036 4105 1116 4150 noctu
1129 4104 1245 4161 utuntur,
1260 4099 1351 4150 omnia
1363 4100 1549 4167 pertentando,
1564 4100 1587 4153 si
1600 4102 1669 4155 forte
1685 4103 1715 4156 in
1731 4112 1828 4158 rectam

206 4173 345 4226 meritoria
363 4173 443 4243 plane
458 4182 507 4238 est,
522 4183 549 4226 et
562 4174 740 4242 professoriar
762 4174 816 4227 nisi
834 4174 902 4227 forte
916 4190 998 4245 quan·
1036 4175 1109 4229 viam
1122 4176 1240 4229 incidere
1258 4176 1353 4240 datum
1375 4177 1473 4246 quibus
1487 4178 1572 4232 multo
1584 4181 1671 4236 satius
1685 4191 1715 4235 et
1729 4184 1829 4237 consul

206 4251 294 4321 doque
314 4253 427 4317 eveniat,
442 4261 471 4307 ut
491 4253 589 4308 artifex
603 4253 702 4324 aliquis
716 4253 827 4307 acrioris
841 4253 951 4323 ingenii,
967 4261 995 4306 ct
1036 4255 1610 4325 tinctoretuiemprestolari,aut1umen
1631 4262 1790 4326 accendere,
1804 4269 1829 4313 et

206 4330 301 4401 gloriar
327 4332 448 4401 cupidus,
469 4348 540 4385 novo
566 4332 648 4387 alicui
672 4333 781 4387 invento
804 4333 850 4386 det
869 4349 997 4402 operam
1036 4333 1132 4388 deinde
1151 4336 1223 4388 viam
1244 4335 1322 4389 inire.
1363 4336 1400 4388 At
1421 4345 1525 4400 contra,
1546 4355 1626 4392 verus
1653 4341 1829 4410 experientia

206 4411 278 4481 quod
297 4411 353 4464 t'ere
373 4412 403 4464 fit
422 4429 483 4466 cum
501 4411 659 4466 facultatum
679 4412 827 4481 dispendio.
868 4412 904 4464 At
926 4412 998 4481 apud
1036 4413 1102 4466 ordo
1122 4414 1209 4483 primo
1221 4413 1313 4468 lumen
1328 4414 1459 4477 accendit,
1475 4415 1574 4470 deinde
1594 4434 1644 4486 per
1664 4417 1761 4474 lumen
1780 4422 1828 4473 iter

206 4488 348 4561 plerosque
359 4498 463 4544 tantum
470 4491 547 4544 abest
557 4498 587 4545 ut
600 4491 726 4545 homines
737 4491 765 4544 id
777 4491 829 4544 sibi
839 4499 997 4560 proponant,
1036 4492 1208 4558 demonstrat,
1231 4493 1386 4563 incipiendo
1407 4494 1442 4547 ab
1467 4497 1638 4565 experientia
1659 4498 1786 4553 ordinata
1804 4508 1829 4552 et

205 4577 236 4622 ut
244 4571 418 4624 scientiarum
429 4579 457 4623 et
467 4570 564 4625 artium
574 4587 665 4625 massa
675 4578 850 4641 augmentum
863 4570 996 4634 obtineat;
1036 4571 1149 4641 digesta,
1165 4581 1191 4626 et
1202 4573 1313 4626 minime
1328 4581 1494 4642 praepostera
1507 4585 1555 4628 aut
1568 4576 1689 4640 erratica,
1700 4586 1783 4649 atque
1796 4594 1828 4631 ex

206 4656 235 4702 ut
250 4665 285 4702 ex
299 4666 339 4714 ea,
354 4666 415 4719 qua
427 4658 525 4718 praesto
538 4659 587 4713 est,
602 4667 693 4704 massa
707 4650 747 4703 nil
760 4648 876 4719 amplius
891 4657 999 4703 sumant
1036 4668 1069 4704 ea
1092 4651 1229 4706 educendo
1247 4652 1391 4714 axiomata,
1406 4660 1486 4723 atquc
1507 4671 1542 4708 cx
1562 4655 1749 4712 axiomatibus
1771 4674 1828 4710 cou-

206 4738 252 4783 aut
267 4736 396 4799 quaerant,
416 4747 498 4799 quam
513 4738 641 4800 quantum
655 4730 690 4783 ad
703 4747 782 4784 usum
796 4728 997 4799 professoriam,
1036 4730 1136 4784 stitutis
1157 4748 1248 4784 rursus
1268 4731 1458 4800 experimenta
1480 4750 1557 4799 nova,
1571 4751 1632 4787 cum
1650 4751 1703 4788 nec
1718 4738 1828 4791 verbum

205 4817 252 4862 aut
265 4808 377 4872 lucrum,
386 4817 433 4863 aut
446 4809 685 4872 existimationem,
700 4816 746 4863 ant
760 4808 916 4875 hujusmodi
926 4824 998 4861 com·
1036 4808 1158 4863 divinum
1174 4811 1202 4862 in
1221 4827 1311 4864 rerum
1327 4827 1445 4864 massam
1459 4811 1561 4883 absque
1575 4813 1671 4867 ordine
1685 4825 1828 4885 operatum

205 4888 306 4958 pendia
329 4895 484 4944 convertere
505 4889 617 4958 possint
659 4888 775 4949 Quodsi
794 4888 904 4959 quisex
922 4896 999 4940 tanta
1036 4889 1081 4942 sit.

205 4967 377 5023 multitudine
394 4969 534 5023 scientiam
549 4968 647 5022 affectu
660 4967 788 5038 ingenuo,
803 4975 831 5021 et
844 4974 955 5037 propter
968 4983 998 5020 se
1077 4968 1172 5039 ltaque
1200 4967 1326 5022 desinant
1357 4968 1483 5023 homines
1515 4970 1616 5035 mirari,
1651 4972 1676 5025 si
1711 4974 1826 5042 spatium

206 5055 334 5116 expetat3
355 5048 507 5102 invenietur
527 5056 618 5101 tamen
636 5046 684 5099 ille
698 5048 765 5115 ipse,
780 5047 869 5116 potins
882 5054 999 5100 contem·
1037 5047 1210 5101 scientiarum
1231 5064 1285 5101 nou
1307 5048 1460 5102 conlectum
1481 5050 1524 5112 sit,
1543 5067 1604 5103 cum
1624 5067 1642 5103 a
1656 5052 1702 5103 via
1719 5052 1825 5106 omuino
1881 5073 1882 5076 ¹

204 5126 357 5197 plationum
372 5127 588 5180 etdoctrinarum
602 5127 767 5190 varietatem,
782 5143 864 5196 quam
874 5126 998 5179 veritatis
1037 5123 1239 5191 aberraverint;
1258 5127 1354 5181 relicta
1367 5144 1475 5197 prorsus
1490 5137 1517 5182 et
1530 5130 1635 5183 deserta
1650 5131 1824 5201 experientia.

206 5222 328 5260 severam
343 5213 370 5259 et
390 5207 505 5277 rigidam
526 5204 738 5274 inquisitionem,
758 5206 844 5274 sequi.
886 5205 998 5267 Rursus,
1037 5213 1084 5259 aut
1096 5206 1124 5257 in
1134 5205 1195 5275 ipsa
1205 5208 1347 5276 (tanquam
1364 5208 1393 5260 in
1407 5206 1576 5276 labyrintho)
1590 5225 1620 5262 se
1634 5209 1788 5264 intricando
1799 5217 1824 5262 et

207 5285 232 5339 si
258 5284 329 5339 alius
352 5286 487 5355 quispiam
513 5284 626 5338 fortasse
647 5285 768 5338 veritatis
796 5283 939 5353 inquisitor
963 5285 1000 5338 sit
1037 5284 1288 5349 circumcursand03
1310 5302 1372 5339 cum
1386 5286 1437 5340 rite
1447 5287 1586 5341 institutus
1599 5288 1674 5351 ordo,
1688 5304 1824 5358 perexpe-

207 5364 327 5417 severior
334 5386 342 5427 ς
364 5372 455 5417 tamen
479 5370 507 5416 et
533 5362 580 5416 ille
609 5362 668 5431 ipse
689 5363 772 5417 talem
792 5362 844 5415 sibi
867 5370 1000 5433 proponet
1037 5363 1141 5417 rientiae
1162 5362 1261 5433 sylvas,
1275 5363 1311 5418 ad
1331 5374 1426 5434 aperta
1445 5366 1611 5421 axiomstum
1633 5368 1742 5422 tramite
1762 5383 1823 5421 con·

207 5440 327 5495 veritatis
340 5443 528 5506 conditionem,
544 5459 605 5512 quac
623 5442 706 5496 menti
721 5451 749 5495 et
760 5439 909 5496 intellectui
922 5442 1001 5497 satis-
1036 5442 1119 5497 stauti
1131 5442 1218 5497 ducat.

1377 994 1483 1032 LXXXH.

554 3511 653 3551 LXXXL
