3800 5875
209 274 267 330 382
726 277 777 333 DE
797 275 1024 333 AUGMENTIS
1045 274 1320 333 somnulentia.

360 449 432 490 PRO·
748 451 891 492 cottana.
1388 446 1490 491 xxvn.

247 525 425 582 Imbecillitaa
471 526 587 582 hnmani
626 527 729 583 atantia
740 545 786 585 rea
796 529 922 585 advenae
935 529 1006 584 bena

204 604 311 674 judicii,
331 606 413 662 rebua
435 606 503 677 ipaia
524 624 587 662 con·
626 607 736 673 toleretr
748 609 879 664 namfere
891 608 1003 665 inducit.

207 690 280 739 ⁸2⁸&
299 700 355 739 ³⁰¹¹
378 694 480 755 potetis
502 703 586 759 quare
665 687 1005 758 Strrltitiabreriaaimaop·
1198 680 1271 722 ¹³⁸⁰·
1576 676 1719 720 0⁰¹³?ssss-

207 761 306 819 aaltem
320 763 372 818 aibi
386 773 498 821 constet
625 768 699 823 tima„
1083 758 1245 830 Opportuna
1274 758 1421 830 prudentia
1470 754 1833 830 .Prndentianonaltepe-
1880 770 1881 803 t

247 842 340 899 Etiam
352 844 427 898 ritiia
441 845 523 900 daona
541 861 586 900 aa·
1042 855 1098 893 non
1112 846 1162 905 eat,
1178 856 1240 910 quaa
1255 838 1353 894 celeria
1365 854 1420 893 non
1458 838 1532 903 titur,
1547 856 1608 909 quae
1621 846 1723 908 penato
1735 845 1786 894 eat.

207 921 280 992 pirat
293 924 453 979 conatantia
1043 927 1093 973 eat
1499 917 1657 982 Prudentia,
1685 926 1718 971 ut
1744 917 1831 983 maria,

247 1002 278 1057 si
300 1001 336 1056 ad
359 1003 473 1060 fortan„
494 1004 587 1060 incon.
1084 996 1136 1058 Qui
1150 997 1205 1051 cito
1217 1004 1297 1064 errat,
1311 997 1367 1051 cito
1380 1014 1420 1053 er·
1459 997 1535 1062 levia,
1550 1014 1612 1068 quae
1625 997 1765 1067 expedita.

207 1081 336 1137 atantiam
362 1082 473 1138 accedat
505 1086 589 1139 etiam
1045 1093 1135 1132 rorem
1149 1076 1282 1131 emendat
1499 1076 1585 1148 Cujua
1627 1076 1745 1130 concilia
1779 1094 1832 1132 non
1880 1078 1881 1085 ’

207 1160 389 1215 inconstantia
422 1163 531 1228 mentia,
558 1164 588 1218 in
1086 1156 1137 1217 Qui
1157 1173 1194 1210 ex
1213 1156 1371 1228 componito,
1393 1163 1422 1211 et
1459 1165 1577 1212 maturat
1596 1155 1766 1223 deliberatio,
1783 1173 1831 1213 nec
1880 1212 1881 1221 ,

208 1241 318 1311 quantia
331 1242 451 1297 tenebris
461 1242 588 1298 vivitur?
1044 1251 1099 1291 nou
1120 1234 1208 1289 obiter
1231 1236 1349 1306 prudeua
1370 1244 1419 1302 eat,
1458 1236 1631 1308 prudentiam
1646 1242 1722 1291 atae
1880 1288 1881 1291 ,

248 1320 375 1386 Fortuna,
386 1329 516 1393 tanquam
524 1323 590 1379 Pro-
1045 1316 1086 1370 nil
1100 1315 1194 1388 magni
1207 1315 1282 1371 tacit.
1498 1316 1565 1377 Quae
1578 1315 1613 1368 ad
1626 1315 1710 1370 breve
1726 1324 1831 1388 tempor
1880 1320 1881 1407 l

207 1404 277 1466 teca,
306 1401 330 1454 ai
357 1417 524 1471 perseveres,
553 1403 589 1457 ad
1454 1396 1653 1466 excogitantur,
1683 1394 1719 1449 ad
1752 1396 1830 1452 brerc
1880 1410 1881 1433 ¹

206 1476 322 1534 sormam
336 1481 415 1535 redit.
1453 1482 1561 1546 tempua
1575 1473 1694 1546 placent.

565 1609 653 1649 'mv’
1374 1646 1488 1689 xxvrn.

468 1700 741 1742 maauaurmrraa.

362 1792 436 1833 rao.
733 1794 873 1835 comm·
1192 1756 1436 1799 ractnunurraa
1458 1757 1494 1799 ru
1515 1758 1678 1799 arcanuia.

245 1870 275 1927 Si
290 1870 396 1925 animua
406 1871 488 1926 aemel
500 1889 582 1944 gene-
663 1872 879 1943 Magnanlmitaa
895 1882 937 1930 est
949 1874 1001 1930 cir·
1190 1867 1261 1907 ¹²⁸⁰·
1575 1867 1721 1908 mmm·

205 1966 281 2005 roaoa
290 1951 518 2021 fineaoptaverit3
533 1960 585 2007 ata-
624 1950 795 2024 tuapolitica
1078 1945 1226 2001 Taciturno
1252 1944 1293 2000 nil
1317 1947 1413 2001 retice-
1493 1944 1623 2002 Varietaa
1649 1964 1760 2004 morum
1786 1966 1830 2021 op·

206 2031 255 2084 tim
264 2046 318 2083 nou
326 2030 407 2084 modo
413 2032 527 2085 virtutca
533 2032 584 2086 cir·
1038 2033 1088 2091 tur,
1099 2027 1164 2097 quia
1175 2026 1267 2080 omnia
1276 2033 1334 2080 tuto
1341 2042 1413 2081 corn·
1452 2025 1519 2080 titne
1534 2026 1659 2082 animum
1672 2027 1791 2084 collocat
1802 2030 1830 2085 in

204 2115 348 2173 ctrmatant,
356 2108 405 2162 aed
413 2117 441 2164 et
453 2110 585 2167 Numina.
1039 2107 1221 2161 munictntur.
1450 2112 1562 2161 secreto.

248 2188 415 2242 Virtuteaex
429 2188 589 2255 habitarent
1036 2242 1044 2257 .
1077 2184 1130 2246 Qut
1171 2184 1252 2239 facile
1292 2182 1412 2256 loquitur
1491 2184 1677 2241 taciturnitas
1728 2187 1829 2245 conseo·

205 2267 357 2337 praeceptio,
369 2268 586 2338 gregaleaaunt5
1040 2281 1100 2334 qna
1114 2264 1173 2329 acit,
1181 2260 1302 2336 loquitur
1313 2272 1341 2319 et
1352 2282 1413 2336 quae
1453 2264 1522 2319 acris
1535 2264 1631 2319 virtum

205 2363 241 2401 ex
255 2347 317 2413 fine,
332 2346 458 2402 heroica.
1039 2343 1136 2399 nescit.
1491 2344 1640 2399 Taciturno
1657 2345 1753 2400 ornnia
1766 2348 1828 2401 rati·

566 2472 639 2514 m·
1081 2422 1202 2478 Secretia
1229 2422 1313 2479 etiarn
1339 2438 1413 2494 mya·
1454 2424 1829 2496 centur,quiaailentiurnre·
1880 2440 1881 2471 t

373 2565 537 2617 acinum,
557 2565 822 2608 connamnoamo.
1039 2510 1109 2558 ω
1122 2502 1262 2558 dmm
1452 2503 1599 2649 pefflffl',
1618 2584 1719 2659 ignoto
1737 2586 1828 2659 lm·

363 2658 434 2699 ano.
730 2657 871 2700 coarat.
1450 2678 1521 2719 mu..

243 2736 286 2790 Ea
314 2734 423 2791 demum
452 2737 580 2808 voluptaa
657 2737 864 2808 Contemplatio,
874 2738 999 2810 apccioaa

204 2822 248 2870 eat
275 2812 422 2871 aecundum
447 2824 579 2883 namram,
618 2817 725 2872 inertia.
1388 2835 1474 2877 xxix.

204 2895 281 2964 cujac
293 2911 348 2950 non
361 2902 402 2950 eat
415 2897 535 2954 satietaa.
655 2896 730 2953 Bene
735 2897 862 2969 cogitare,
867 2913 922 2953 oon
929 2898 998 2955 mul·
1880 2914 1881 2966 1

243 2975 422 3031 Dulciaaimua
449 2993 577 3048 prospec-
617 2983 646 3032 to
659 2977 758 3032 melica
772 2986 823 3044 eat,
835 2978 996 3049 quambene
1880 2999 1881 3076 l

203 3061 247 3109 tua
274 3056 303 3109 in
329 3072 435 3111 errores
462 3055 579 3112 aliorum
617 3057 764 3112 oomniare.
1185 3052 1256 3095 ⁹¹¹⁰·
1564 3055 1712 3097 ⁰⁰¹¹TRA·
1880 3081 1881 3088 ¹

204 3135 386 3203 auhjacentea.
657 3135 758 3191 Orbem
780 3136 894 3193 Numen
910 3145 995 3204 curat,
1074 3132 1144 3188 Amo
1157 3131 1246 3189 virum
1265 3130 1355 3187 alieno
1367 3131 1408 3186 ai·
1488 3132 1627 3199 Facilitaa,
1639 3135 1741 3203 judicii
1755 3153 1827 3208 qua·
1880 3133 1881 3172 f

244 3213 579 3275 Quambonamestorbea
618 3223 647 3270 tu
660 3215 787 3286 patriam.
1033 3212 1117 3267 sertui
1130 3211 1287 3276 obnoxium,
1302 3211 1350 3266 aed
1366 3218 1409 3266 ta·
1452 3212 1516 3267 dam
1530 3214 1625 3283 inepta
1637 3215 1770 3285 privatio.
1880 3195 1881 3284 i

203 3292 577 3350 mentiahaberecouceutri·
656 3294 707 3349 Vir
742 3294 869 3364 politicus
910 3294 995 3350 etiarn
1033 3309 1096 3346 men
1114 3289 1250 3367 judicium
1272 3291 1308 3345 ab
1329 3292 1408 3348 obse·
1488 3291 1773 3361 Faciliumbeneficia,
1782 3295 1826 3351 de·
1880 3311 1881 3314 ’

202 3388 250 3426 coa
263 3373 412 3427 univeraot
617 3373 944 3445 contemplationeaaerit
1033 3372 1098 3442 quio
1110 3379 1293 3426 revocantem.
1447 3370 1505 3426 bita
1544 3373 1689 3440 ridentur;
1743 3391 1827 3449 nega·
1880 3371 1881 3416 l

243 3450 345 3507 Omuea
358 3453 471 3508 affectus
488 3453 577 3524 pravi,
1073 3449 1237 3506 Flexibilem
1271 3467 1339 3516 eane,
1374 3449 1410 3505 ad
1449 3452 1545 3514 donea,
1559 3453 1678 3521 iujuriae.
1880 3435 1881 3484 i

203 3530 279 3586 nlaae
292 3532 484 3587 estimatiouea
502 3541 577 3598 auut;
1034 3539 1159 3586 naturam
1193 3531 1253 3585 auri
1286 3530 1410 3602 proxime
1490 3531 1549 3586 Sibi
1581 3533 1704 3603 gratiam
1736 3533 1825 3599 habet,
1880 3577 1881 3630 ᾖ

203 3612 390 3683 atqneeadem
400 3613 580 3668 auntbouitac
1034 3610 1150 3666 accedit.
1450 3611 1497 3681 qui
1517 3628 1534 3664 a
1555 3611 1631 3666 facili
1651 3611 1758 3685 aliquid
1777 3614 1827 3670 im·
1880 3637 1881 3652 ¹

202 3692 351 3747 atreritaa.
1450 3697 1548 3761 petral-

553 3814 640 3857 mh
1479 3770 1613 3904 lducilem
1634 3788 1733 3905 ouante
1757 3770 1826 3826 diffl-

1446 3867 1479 3905 cu
1492 3859 1519 3903 ta
1532 3867 1562 3905 ea
1605 3868 1733 3906 remun·
1763 3867 1827 3906 nam

530 3906 663 3949 mm·
1446 3929 1573 3984 omnibua
1586 3867 1618 3984 Ee
1632 3891 1769 4002 implicat.

355 4002 425 4042 PRO·
733 4001 875 4044 coarat.
1486 4009 1588 4063 Facilis
1603 4010 1662 4065 iere
1683 4027 1714 4066 ae
1729 4010 1827 4084 recipit

241 4078 272 4134 si
293 4078 327 4134 de
350 4079 431 4136 rebus
453 4080 573 4145 minutia,
654 4079 687 4134 ln
709 4079 857 4136 academiia
878 4080 988 4136 diccunt
1445 4105 1507 4144 cunr
1521 4089 1634 4160 pudore.

200 4157 264 4212 libri
291 4158 384 4228 acripti
408 4159 503 4224 forent,
527 4161 575 4215 vix
613 4160 732 4215 credere.

200 4236 273 4292 nllua
300 4245 373 4293 eaaet
399 4239 575 4310 experientia
653 4238 720 4300 Qun
737 4256 857 4310 unquam
875 4257 920 4295 ara
940 4239 989 4294 do·
1398 4263 1469 4316 χχχ.

200 4333 276 4372 uana.
613 4318 669 4373 cuit
700 4319 892 4390 tempeatirum
921 4318 989 4372 artic

239 4394 335 4450 Lectio
351 4402 394 4450 eat
406 4397 576 4453 conversatio
614 4395 741 4470 naumt:
1880 4461 1881 4470 ,

200 4474 477 4546 comparantibus,
504 4478 576 4533 actio
654 4477 755 4548 Sapere
776 4495 812 4532 ex
834 4476 940 4550 regula,
964 4484 992 4531 et
1181 4479 1253 4522 PRO·
1563 4482 1709 4523 CONTRA·

200 4554 258 4610 fara
271 4570 334 4609 cum
347 4553 449 4609 atnltia.
614 4574 650 4611 ex
686 4557 868 4627 experientia,
906 4557 988 4628 plane
1070 4556 1252 4615 Prudentibua
1308 4560 1404 4615 eadem
1485 4559 1538 4621 Qui
1551 4559 1629 4615 valde
1644 4578 1710 4616 cum
1724 4561 1824 4618 ctultoa
1880 4583 1881 4586 ¹

240 4634 307 4689 Non
322 4633 433 4688 inatile·
453 4634 575 4690 acientita
613 4637 757 4692 contrariae
770 4636 890 4691 rationea
907 4643 986 4700 aunt;
1031 4636 1088 4691 iere
1113 4638 1230 4708 placent,
1259 4648 1289 4692 at
1312 4640 1406 4695 atulto·
1445 4641 1579 4711 congnrit,
1597 4640 1660 4711 ipae
1681 4651 1827 4714 arrapectua
1880 4629 1881 4702 i

199 4713 390 4769 exiatimandre
414 4722 482 4780 aunt,
510 4731 574 4785 qua·
612 4716 702 4787 utqui
720 4715 800 4770 alteri
821 4717 990 4770 aaaueiactua
1030 4733 1091 4770 rum
1113 4718 1238 4772 varietati
1266 4735 1406 4774 occanere
1446 4736 1506 4773 eaae
1520 4726 1617 4790 poteat.
1880 4749 1881 4782 r

199 4809 259 4848 rum
268 4792 440 4848 inaenullua
450 4800 492 4847 eat
500 4811 571 4859 naua,
612 4795 657 4860 ait,
672 4795 837 4851 adulterum
855 4797 892 4850 ait
910 4796 990 4865 inep·
1029 4795 1183 4866 prudentiae
1197 4805 1248 4852 eat.
1486 4798 1539 4859 Qui
1553 4799 1639 4853 turba
1653 4797 1826 4871 placatiore

200 4872 224 4927 ai
238 4873 351 4945 ingenia
370 4880 477 4940 acuant,
491 4881 519 4928 ct
538 4890 578 4928 or·
618 4882 669 4930 tua
1071 4873 1170 4931 Colere
1196 4877 1335 4948 populum,
1364 4886 1407 4932 eat
1447 4885 1474 4932 et
1488 4879 1581 4932 tnrbaa
1597 4877 1706 4934 miaeet.
1880 4905 1881 4946 3

202 4952 305 5009 dinent.
657 4952 990 5025 Artiaaaepiasimaeinep·
1030 4954 1093 5009 ooli.
1486 4956 1538 5012 Nil
1557 4956 1730 5014 moderatum
1743 4958 1826 5031 vulgo
1880 4959 1881 4998 l

615 5039 658 5087 tua
667 5047 733 5088 uana
743 5041 792 5099 eat,
801 5050 836 5087 ne
846 5034 882 5088 sit
891 5032 990 5089 nullus.
1070 5032 1124 5095 Qui
1151 5033 1205 5105 lpai
1233 5035 1327 5108 magni
1354 5036 1406 5091 viri
1448 5044 1555 5109 gratum
1569 5043 1620 5093 eat.

657 5112 718 5166 lloc
736 5112 794 5166 t'ere
813 5128 907 5167 omnes
929 5129 991 5166 aca-
1030 5121 1100 5179 aaut,
1142 5115 1279 5170 neminem
1325 5132 1410 5172 unum
1490 5117 1589 5171 Infima
1608 5118 1762 5176 aasentatio
1784 5123 1824 5175 cat
1880 5145 1881 5178 l

614 5191 713 5245 dentici
722 5190 831 5256 habent,
841 5202 871 5246 ut
881 5207 917 5246 ex
926 5209 992 5263 qna·
1029 5192 1088 5248 iere
1109 5193 1220 5260 habent,
1236 5211 1318 5267 quem
1332 5213 1407 5253 vere·
1445 5195 1597 5254 uaentmio
1610 5195 1708 5275 vulgi.⁴

612 5269 681 5325 libet
704 5287 734 5325 re
762 5271 868 5325 aoleant
890 5287 991 5342 agnoe-
1030 5279 1119 5340 antur,
1133 5274 1183 5331 aed
1193 5275 1333 5347 populum.

612 5365 675 5405 care
689 5349 762 5421 quod
779 5350 873 5416 sciant,
888 5358 916 5405 et
934 5367 992 5405 uon

611 5429 751 5486 maioma
765 5430 839 5502 qaod
854 5429 990 5487 ncaolant.

1318 570 1563 614 Paounutwno.

1340 2958 1528 3001 nactauaa.
1680 2940 1692 2974 ⁸

1307 4371 1545 4416 confluamus.
