3800 5875
241 301 298 355 342
762 297 813 350 DE
834 294 1061 350 AUGMENTIS
1083 292 1360 349 SCIENTIARUM.
1733 294 1841 352 uult.

240 460 349 514 eumad
364 459 451 513 solida
470 475 527 513 non
547 455 670 518 sufficiat,
683 454 713 508 in
731 454 939 524 supervacaneis
954 471 983 509 sc
997 461 1035 508 at·
1077 452 1173 523 priscis
1187 459 1216 506 et
1229 453 1347 523 receptis
1366 452 1539 523 opinionibus
1559 451 1764 519 discesserimus,
1776 471 1844 526 eoque

240 547 317 593 terat.
359 539 451 592 Mixta
464 537 548 592 habet
561 553 612 607 pro
625 534 748 602 subjecto
768 536 908 589 axiomata
926 542 954 589 et
974 550 1034 605 por·
1076 533 1187 586 nomine
1201 532 1402 586 contradicendi
1417 532 1843 603 ansamcuiquampraebuerimum

239 619 329 673 tiones
357 617 507 688 physicas:
537 616 716 686 quantitatem
748 621 839 668 autem
871 614 1031 678 considerat,
1077 611 1149 683 quod
1162 611 1258 666 adnos
1275 612 1377 676 attinet,
1391 619 1423 666 ut
1436 611 1612 665 dissentiendi
1625 613 1740 666 studium
1753 612 1844 684 longer

240 706 372 768 quatenus
386 698 476 752 estad
496 713 529 750 ea
548 694 716 758 elucidanda,
731 703 759 748 et
773 693 990 758 demonstranda,
1005 701 1034 747 et
1075 691 1155 745 nobis
1167 691 1251 755 abest,
1264 691 1304 744 ita
1317 692 1402 746 etiam
1416 698 1444 745 et
1462 691 1640 746 contendendi
1652 692 1794 747 consilium.
1823 693 1844 748 Si

239 777 379 840 actuanda,
391 775 542 831 auxiliaris.
565 774 661 829 Multae
672 772 806 843 siquidem
817 781 921 828 nemra
931 783 1032 842 partes,
1075 770 1136 826 haec
1145 787 1210 824 vera
1223 778 1302 835 sunt,

238 871 289 910 nec
303 856 371 911 satis
384 856 520 910 subtiliter
533 852 735 923 comprehendi,
746 869 797 906 nec
810 852 878 910 satis
889 853 1033 923 perspicue
1215 853 1217 858 ’

239 935 423 1000 demonstrari,
432 952 483 989 nec
494 934 560 989 satis
570 934 663 987 dextre
675 939 703 985 et
713 940 787 986 certo
796 932 830 986 ad
839 949 919 986 usum
929 949 1034 986 accom-

238 1014 342 1069 modari
356 1016 468 1084 possint,
480 1015 539 1068 sine
553 1030 605 1083 ope
619 1019 647 1066 et
659 1013 810 1066 interventu
822 1011 1032 1066 mathematicae.
1074 1029 1129 1067 vox
1139 1019 1242 1068 naturae
1251 1013 1440 1084 ingeminabit,
1451 1014 1505 1067 etsi
1516 1031 1570 1067 vox
1581 1012 1723 1068 hominnm
1731 1012 1843 1068 reclamet

239 1092 323 1162 Cujus
336 1095 444 1164 generis
457 1102 520 1148 siant
533 1091 711 1163 perspectiva,
726 1091 837 1156 musica,
859 1092 1032 1156 astronomia,
1075 1092 1307 1154 Quemadmodum
1317 1103 1409 1147 autem
1421 1092 1578 1147 Alexander
1588 1092 1692 1163 Borgia
1701 1094 1783 1147 dicere
1793 1093 1843 1148 sole

238 1174 454 1244 cosmographia,
464 1173 655 1236 architectura,
668 1170 883 1235 machinariaet
896 1172 1034 1227 nonnullis
1074 1172 1129 1238 bat,
1151 1175 1184 1227 de
1205 1172 1380 1243 expeditione
1403 1171 1545 1226 Gallorum
1568 1172 1757 1243 Neapolitana,
1778 1173 1843 1226 “Eu

238 1252 308 1307 alian
356 1252 491 1307 Caeterum
514 1253 545 1305 in
568 1250 770 1305 mathematicis
793 1251 887 1307 mixtis
910 1252 1033 1323 integras
1075 1253 1182 1306 venisse
1202 1269 1265 1306 cum
1286 1261 1361 1306 creta
1384 1252 1413 1305 in
1432 1251 1567 1318 manibus,
1583 1269 1639 1323 quo
1652 1252 1789 1307 diversoria
1806 1269 1843 1306 sua

237 1329 343 1402 aliquas
364 1333 501 1402 portiones
521 1331 687 1385 desideratas
706 1331 765 1399 jam
786 1347 840 1385 non
856 1332 970 1401 reperio,
984 1332 1033 1386 scd
1075 1338 1208 1394 notarent,
1230 1348 1286 1385 non
1308 1349 1369 1386 curn
1392 1331 1484 1395 armis,
1510 1339 1541 1384 ut
1562 1333 1796 1402 perrumperent:”
1813 1332 1843 1385 ric

239 1411 338 1465 multas
351 1411 380 1464 in
394 1420 531 1482 posterum
551 1410 675 1480 praedico,
690 1410 714 1464 si
729 1410 854 1465 homines
867 1427 923 1464 non
937 1411 1032 1465 lerien-
1075 1411 1155 1466 nobis
1167 1411 1258 1483 magis
1272 1412 1347 1465 cordi
1366 1419 1407 1465 est
1426 1412 1557 1481 pacificus
1571 1411 1695 1465 rcritatis
1713 1411 1841 1483 ingressum

237 1499 288 1546 tur.
322 1490 408 1545 Prout
420 1492 493 1546 enim
507 1490 631 1561 physica,
645 1489 751 1557 majora
763 1489 852 1543 indies
865 1490 1033 1545 incrementa
1076 1491 1123 1544 ubi
1137 1491 1216 1562 quasi
1230 1498 1306 1546 creta
1319 1491 1514 1560 consignentur
1524 1491 1619 1555 animi,
1634 1491 1681 1561 qui
1694 1498 1787 1545 tantam
1796 1491 1842 1543 bos

237 1570 335 1639 capiet,
349 1579 376 1623 et
399 1587 470 1625 nova
488 1570 628 1624 axiomata
648 1569 764 1633 educet3
786 1586 820 1624 eo
833 1569 1032 1625 mathematicae
1075 1570 1163 1639 pitem
1176 1571 1304 1640 excipere
1315 1571 1432 1641 possinte
1447 1587 1530 1641 quam
1541 1571 1589 1640 qni
1601 1586 1713 1641 pugnax
1723 1579 1767 1634 est,
1778 1570 1842 1622 rian-

238 1666 322 1719 opera
331 1666 401 1703 nova
411 1651 441 1705 in
451 1650 542 1705 multis
552 1647 695 1720 indigebit,
706 1656 733 1703 et
743 1648 835 1719 plures
845 1650 955 1704 demum
966 1652 1033 1705 fient
1076 1667 1129 1720 que
1144 1650 1198 1703 sibi
1212 1667 1262 1720 per
1274 1651 1468 1714 contentiones,
1484 1657 1513 1703 et
1524 1648 1589 1703 lites
1604 1657 1716 1704 sternat.
1752 1649 1842 1703 absolu

238 1728 439 1784 mathematica
454 1730 555 1784 mixtae.
1075 1730 1110 1783 tis
1122 1730 1205 1802 igitur
1219 1730 1324 1785 duabus
1345 1728 1469 1800 partibus
1487 1728 1684 1799 philosophiae,
1697 1729 1729 1784 de
1744 1728 1841 1783 Numine

277 1807 293 1860 J
297 1826 340 1861 arn
356 1817 448 1863 autem
462 1808 614 1863 doctrinam
627 1806 661 1860 de
683 1814 781 1862 natura
800 1808 1031 1877 pertransivimus,
1075 1809 1149 1864 etde
1164 1817 1269 1873 natura,
1282 1817 1367 1864 restat
1380 1808 1460 1863 tertia
1472 1809 1506 1863 de
1520 1809 1643 1864 bomine.

238 1894 265 1940 ct
286 1888 438 1942 desiderata
459 1889 489 1943 in
509 1888 570 1958 ipsa
589 1886 750 1941 notavimus.
791 1886 853 1947 Qun
869 1889 898 1941 in
921 1906 950 1941 re
972 1890 1032 1943 sia

1148 891 1163 914 ‘⁸
1173 887 1230 936 Non
1240 888 1346 936 mnimns
1356 887 1438 945 surdis,
1448 886 1590 948 respondent
1599 888 1679 936 omnia
1692 887 1759 951 sylva
1767 892 1788 937 :''

864 2355 1235 2429 FRANCISCI

493 2590 661 2647 BARONIS
681 2591 733 2646 DE
754 2592 992 2659 VERULAMIO,
1014 2593 1274 2651 VlCE-COMI'I'IS
1299 2595 1438 2651 SANCTI
1459 2593 1616 2660 ALBANI,

1037 2754 1068 2788 nl

377 2873 721 2959 DIGNITATE
760 2875 836 2958 ET
872 2874 1242 2960 AUGMENTIS
1279 2875 1732 2961 SCIENTIARUM.

930 3123 1020 3165 LIBER
1033 3124 1174 3168 QUARTUS.

883 3494 933 3548 AD
956 3495 1089 3550 REGEM
1111 3495 1227 3550 SUUM.

1152 3682 1268 3741 Χαίρετε,
1279 3683 1386 3741 κήρυκες,
1398 3684 1456 3731 Διὸς
1466 3683 1573 3745 ἄγγελοι
1584 3682 1627 3738 tybi
1638 3681 1678 3728 eal
1688 3680 1776 3741 dedo&

482 3748 606 3803 CAPUT
626 3746 796 3802 PRlMUM.
1818 3800 1823 3811 ,

1075 3806 1114 3860 Hi
1129 3808 1201 3861 enim
1217 3807 1288 3861 inter
1300 3808 1402 3874 hostes,
1413 3809 1496 3864 etiam
1506 3809 1706 3864 infensissimos
1715 3814 1741 3861 et
1752 3800 1843 3858 acerbit-

240 3884 363 3940 Pcrtitio
376 3888 506 3940 doctrino
520 3886 553 3939 de
570 3886 681 3951 bomine,
696 3888 724 3938 in
734 3886 932 3957 philosophiam
946 3886 1035 3939 bamu-
1075 3886 1167 3952 simos,
1182 3887 1254 3941 ultro
1268 3887 1390 3960 citroque
1412 3888 1536 3944 inviolati
1555 3888 1658 3960 ubique
1673 3881 1842 3941 commeabant.

278 3968 384 4030 nitatis,
395 3976 421 4018 et
435 3967 547 4020 civilem.
589 3964 713 4019 Partitio
721 3965 901 4037 philosophie
915 3965 1036 4018 lamani-
1075 3967 1174 4036 Neque
1187 3983 1253 4021 vero
1265 3975 1358 4022 nostra
1366 3968 1482 4021 buccina
1494 3967 1623 4022 homines
1637 3967 1745 4020 advocat
1756 3969 1779 4016 et
1789 3956 1843 4013 cxci·

278 4047 353 4110 tatic,
373 4047 403 4097 in
421 4046 568 4098 doctrinam
588 4046 663 4098 circa
682 4062 779 4116 empus
797 4046 921 4111 hominia,
936 4053 963 4097 at
977 4046 1037 4098 doc·
1075 4052 1121 4109 tat,
1135 4053 1167 4099 ut
1184 4063 1213 4100 se
1232 4052 1327 4101 mutuo
1348 4046 1609 4101 contradictionibus
1629 4043 1796 4117 proscindant
1808 4042 1843 4088 ⁸¹¹¹

279 4126 379 4177 trinam
393 4126 467 4178 circa
476 4126 591 4178 animum
604 4126 727 4178 hominia.
772 4123 939 4178 constitutio
951 4126 1036 4179 anius
1075 4142 1166 4180 secum
1181 4125 1236 4195 ipsi
1251 4126 1410 4196 proelientur
1424 4134 1451 4181 et
1464 4126 1666 4198 digladientur3
1685 4126 1732 4180 sed
1739 4119 1812 4193 polilt
1821 4120 1845 4167 at

279 4204 409 4256 doctrino
428 4205 567 4273 generalis
581 4205 613 4256 de
628 4213 735 4269 natura,
749 4205 806 4259 aiae
821 4204 854 4257 de
867 4212 942 4257 stata
956 4204 1036 4257 bonn’·
1075 4221 1142 4274 pace
1156 4205 1228 4259 inter
1240 4205 1314 4276 ipsos
1328 4206 1570 4275 factaconjunctis
1579 4205 1690 4268 viribus,
1701 4222 1730 4258 se
1739 4200 1843 4254 advenas

279 4284 332 4337 nis.
372 4281 496 4335 Partitio
514 4284 644 4338 doctrine
659 4283 691 4336 dc
704 4292 779 4337 statu
797 4284 918 4348 bominis,
933 4285 964 4336 in
978 4284 1036 4337 doc·
1074 4293 1198 4339 naturam
1214 4301 1304 4340 reruni
1322 4293 1488 4355 comparent,
1502 4285 1618 4356 ejusque
1632 4284 1704 4339 edita
1723 4292 1749 4335 et
1759 4274 1844 4361 munita

280 4364 379 4415 trinum
392 4362 425 4414 de
434 4379 551 4433 persona
565 4364 687 4427 hominia,
702 4372 728 4415 at
742 4363 775 4415 de
788 4363 896 4436 sedere
910 4365 997 4416 animi
1009 4374 1036 4416 et
1075 4365 1185 4436 capiant
1199 4372 1226 4418 et
1245 4373 1411 4435 expugnent,
1433 4373 1515 4436 atque
1537 4365 1606 4419 fines
1628 4361 1733 4433 imperii
1752 4357 1842 4412 hanan

279 4442 409 4512 emporia.
450 4440 574 4495 Partitio
588 4444 718 4496 doctrino
733 4443 766 4495 de
781 4442 1034 4513 percontumacia,
1076 4444 1221 4514 (quantum
1235 4443 1310 4499 Deus
1324 4443 1387 4514 Opt
1401 4444 1479 4499 Max.
1493 4460 1544 4515 pro
1557 4443 1678 4498 bonitate
1691 4432 1843 4496 stistintlnltt

280 4522 309 4573 in
324 4519 472 4573 doctrinam
485 4521 518 4572 de
531 4524 649 4577 miseriis
669 4522 790 4587 bominis,
808 4530 834 4575 ct
848 4522 881 4575 dc
895 4540 1036 4593 proeroga-
1074 4521 1122 4592 rit)
1137 4524 1287 4593 proferant.

279 4600 356 4653 tiois.
398 4596 664 4656 Partitiodoctrinoe
678 4602 875 4675 defenderam
888 4602 1036 4656 doctrinam
1115 4603 1264 4657 Veniamus
1284 4619 1358 4657 nunc
1372 4603 1407 4657 ad
1420 4619 1484 4657 eam
1501 4603 1652 4667 scientiam,
1674 4599 1708 4653 ad
1724 4605 1842 4668 (parunt⁰⁵

280 4679 312 4732 de
335 4679 554 4743 indicationibuo,
569 4690 595 4733 et
616 4682 648 4733 de
666 4681 896 4752 impressionibus.
937 4682 1036 4753 Assig·
1075 4683 1147 4736 ducit
1161 4681 1300 4736 oractalum
1313 4683 1472 4753 antiquum:
1493 4698 1593 4752 nempe
1608 4680 1642 4735 ad
1656 4677 1843 4736 seleucianam

280 4760 356 4812 natio
360 4759 577 4830 physiognomia
591 4770 616 4812 et
631 4762 865 4831 interpretationis
878 4764 1036 4816 somniorum
1075 4763 1128 4817 tris
1160 4761 1220 4825 Cui,
1229 4777 1283 4832 quo
1293 4762 1382 4833 magis
1391 4769 1485 4816 nostra
1498 4761 1613 4826 intersit,
1622 4749 1842 4815 eoincumbendttm

280 4839 453 4901 naturalium,
468 4837 600 4894 doctrinm
614 4841 646 4892 dc
660 4840 880 4894 indicata'onibus.
1076 4850 1118 4895 est
1132 4841 1299 4912 diligentius.
1342 4842 1411 4896 Haec
1434 4840 1549 4895 scientia
1568 4839 1671 4894 homini
1692 4852 1738 4907 pro
1754 4832 1842 4888 fineest

1076 4921 1269 4985 scientiarum
1284 4927 1312 4974 at
1321 4927 1426 4975 naturae
1435 4920 1619 4990 ipsinsportio
1629 4924 1736 4972 tanturn.
1772 4909 1841 4993 Atqu?

281 4996 380 5057 Stoura
402 5012 446 5049 me
461 4995 525 5065 (rex
548 4997 663 5068 optime)
679 4998 714 5052 ob
731 4997 834 5068 aliquid
856 5015 957 5064 comm,
976 5016 1037 5069 qum
1076 5001 1128 5055 hoc
1148 5017 1199 5071 pro
1212 4999 1308 5071 regula
1326 5008 1442 5070 ponatur
1462 4998 1599 5069 generalie
1621 4996 1693 5070 quod
1712 5005 1793 5048 omnes
1803 5000 1842 5039 sd·

241 5075 380 5147 proposui,
395 5082 442 5128 aut
460 5075 588 5145 deinceps
610 5093 768 5146 proponam,
783 5078 897 5147 impetat
914 5086 963 5131 aut
980 5079 1038 5133 mal-
1078 5080 1214 5134 entiarnm
1226 5079 1387 5149 partitiones
1401 5077 1635 5148 itnintelligantur
1644 5084 1672 5130 et
1682 5072 1841 5127 attinentur,

237 5162 317 5219 ¹neret
338 5156 532 5226 (praeterquam
556 5157 627 5225 quod
648 5156 721 5210 intra
740 5158 869 5226 praesidia
887 5158 1037 5225 majestatis
1075 5168 1107 5214 nt
1128 5159 1256 5214 scientias
1275 5158 1367 5228 potius
1389 5159 1499 5228 signent
1522 5166 1569 5212 aut
1592 5156 1760 5226 distinguant,
1776 5157 1840 5217 qnam

240 5241 294 5288 tuae
307 5241 380 5289 tutus
393 5250 453 5289 esse
472 5234 600 5303 debeam)
613 5235 683 5291 sciat
696 5236 728 5298 is,
743 5252 772 5288 se
786 5245 879 5290 contra
892 5253 996 5293 morem
1010 5244 1038 5291 et
1076 5244 1168 5292 secent
1181 5248 1209 5293 et
1222 5237 1359 5301 divellant,
1374 5245 1404 5291 ut
1417 5245 1548 5307 perpetuo
1566 5237 1680 5290 evitetur
1697 5228 1783 5285 solatio
1793 5236 1840 5313 corr

241 5313 414 5385 disciplinam
436 5313 541 5368 militiae
564 5315 662 5369 iacere.
706 5316 766 5386 Ego
784 5315 857 5368 enim
882 5317 1038 5371 buccinator
1077 5318 1212 5373 tinuitntis
1236 5317 1265 5371 in
1288 5316 1419 5371 scientiis.
1471 5315 1527 5385 Huj
1585 5315 1684 5370 etenim
1704 5314 1839 5364 ceutronum

242 5400 355 5457 tanturn,
370 5409 491 5464 pugnam
509 5410 564 5448 non
581 5395 662 5460 inco;
684 5411 753 5449 unns
767 5394 881 5450 fortasse
894 5413 930 5451 ex
943 5397 986 5462 iis,
1003 5396 1037 5451 de
1077 5397 1253 5467 particulares
1264 5396 1391 5451 scientias
1401 5393 1507 5450 steriles
1521 5411 1550 5449 re
1569 5394 1642 5456 didit,
1651 5395 1738 5447 inanes
1750 5394 1774 5439 et
1784 5394 1839 5436 erro

244 5472 342 5541 quibus
357 5472 511 5528 Homerusz
1077 5493 1151 5543 neas,
1168 5477 1232 5531 dum
1246 5492 1263 5529 a
1278 5474 1351 5551 iqnte
1365 5482 1392 5530 et
1409 5475 1504 5530 inmite
1525 5473 1658 5530 communi
1677 5485 1728 5525 non
1747 5464 1837 5520 ultumi·
