3800 5875
262 319 321 374 284
968 313 1176 372 PRAEFATIO.

261 475 371 548 placitis
384 476 502 542 obnoxii,
517 475 565 529 sed
575 474 695 529 libertati
709 473 839 539 faventes,
852 474 895 528 ita
908 475 1021 529 animati
1034 475 1118 540 fuere,
1130 482 1161 529 nt
1174 474 1244 529 alios
1258 489 1351 529 secum
1364 471 1446 527 dmnl
1455 486 1577 543 quaerere
1588 473 1731 541 cuperant;
1750 468 1787 525 illi
1802 485 1853 524 sane

262 555 362 610 affectu
381 556 496 619 honesti,
510 556 559 610 sed
572 563 670 609 conatu
682 553 795 609 invalidi
816 555 931 608 fuerunt
972 553 1131 608 Probabiles
1145 555 1218 609 enim
1236 560 1341 607 tantum
1354 553 1474 606 rationes
1494 551 1603 621 sequuti
1615 549 1742 612 videntur,
1754 557 1781 602 et
1791 564 1852 618 argu

262 642 415 689 mentorum
428 636 559 705 vertigine
574 637 802 705 circumaguntur,
816 642 845 688 et
862 633 1017 702 promiscua
1031 635 1168 704 quaerendi
1187 633 1299 687 licentia
1319 632 1491 688 severitatem
1511 628 1691 701 inquisitionis
1709 637 1852 682 enervatunt

262 713 355 768 Nemo
368 722 457 768 autem
470 715 608 783 reperitur,
622 713 713 784 quiin
727 714 806 767 rebus
822 713 889 783 ipsis
906 722 934 765 et
944 713 1113 784 experientia
1126 729 1230 767 moram
1241 711 1335 766 fecerit
1348 710 1507 781 legitimam.
1548 707 1760 780 Atqnenonnulli
1774 723 1852 771 rursus,

263 793 310 863 qui
324 794 499 864 experientiae
521 793 599 847 undis
615 810 644 847 se
663 792 831 856 commisere,
845 801 874 846 et
894 792 951 846 fere
973 793 1125 846 mechanici
1146 793 1210 846 facti
1232 799 1309 855 sunt,
1330 798 1422 843 tamen
1435 789 1465 844 in
1479 790 1541 859 ipsa
1554 786 1718 859 experientia
1735 788 1853 840 erraticam

264 872 399 943 quandam
420 873 623 943 inquisitionem
637 880 773 936 exercent,
787 889 837 925 nec
858 872 883 926 ei
902 879 976 926 certa
988 872 1050 942 lege
1065 872 1196 925 militant:
1218 871 1284 941 qnin
1298 878 1325 924 et
1340 868 1463 939 plerique
1476 866 1577 938 pusilla
1591 867 1712 938 quasdam
1724 881 1800 934 pensa
1813 865 1852 919 sibi

263 967 437 1021 proposuere,
459 969 509 1021 pro
522 968 622 1022 magno
637 952 774 1016 ducentes,
788 951 813 1005 si
827 968 908 1005 unum
929 950 1040 1022 aliquod
1060 952 1200 1006 inventum
1219 966 1315 1004 eruere
1333 950 1457 1019 possint,
1478 947 1603 1001 instituto
1622 962 1677 1000 non
1696 944 1778 998 minus
1788 944 1852 1006 tend,

265 1046 347 1100 quam
359 1031 493 1101 imperito.
534 1032 625 1085 Nemo
644 1030 717 1085 enirn
731 1031 770 1084 rei
786 1029 901 1099 alicujus
914 1038 1046 1094 naturam,
1061 1031 1091 1084 in
1102 1032 1165 1102 ipsa
1177 1046 1206 1084 re
1220 1037 1292 1083 recte
1306 1036 1353 1082 aut
1366 1027 1481 1081 feliciter
1494 1033 1692 1095 perscrutatum
1712 1040 1794 1077 verum
1806 1034 1852 1092 post

263 1108 425 1164 laboriosam
443 1109 689 1180 experimentorum
703 1110 887 1172 vadationem,
906 1125 962 1163 non
977 1110 1132 1181 acquiescit,
1146 1109 1194 1164 sed
1218 1108 1320 1163 invenit
1339 1106 1411 1177 quod
1424 1106 1536 1160 ulterius
1551 1113 1664 1175 quaerat.
1702 1103 1791 1173 Neque
1802 1102 1853 1154 illud

263 1188 397 1258 imprimis
411 1189 590 1244 omittendum
603 1197 653 1252 est,
675 1188 747 1260 quud
767 1189 855 1243 omnis
874 1189 902 1241 in
916 1189 1082 1259 experiendo
1103 1188 1243 1251 industria,
1258 1187 1351 1241 statim
1363 1185 1399 1239 ab
1412 1185 1493 1239 initio
1507 1201 1591 1255 opera
1607 1182 1729 1254 qnmdam
1746 1181 1853 1236 deshmts

263 1283 438 1339 praepropero
451 1276 478 1323 et
491 1268 680 1339 intempestivo
694 1269 784 1323 studio
797 1269 930 1338 captavit;
951 1267 1091 1322 fructifera
1104 1268 1242 1339 (inquam)
1258 1266 1450 1336 experimenta,
1464 1280 1518 1318 non
1531 1263 1654 1326 lucifera,
1670 1261 1799 1333 quesivit,
1815 1277 1852 1314 uec

264 1346 385 1402 ordinem
399 1348 520 1403 divinum
533 1349 640 1402 imitata
653 1354 702 1412 est,
717 1347 763 1419 qui
780 1347 929 1418 primodie
948 1347 1039 1401 lucem
1053 1355 1157 1401 tantum
1173 1346 1284 1411 creavit,
1299 1346 1380 1416 eique
1400 1361 1483 1397 unum
1501 1344 1574 1397 diem
1595 1343 1729 1412 integrum
1740 1339 1851 1401 attribuit,

263 1441 352 1497 neque
370 1426 419 1482 illo
431 1427 475 1481 die
498 1428 644 1499 quicquam
664 1426 798 1481 materiati
820 1428 910 1496 operis
926 1426 1062 1497 produxit,
1077 1444 1170 1481 verum
1190 1424 1366 1496 sequentibus
1385 1422 1481 1477 diebus
1494 1422 1529 1475 ad
1543 1438 1577 1476 ea
1590 1420 1733 1476 descendit
1769 1420 1806 1482 lt
1818 1418 1852 1488 qni

166 1565 170 1574 ,
264 1520 384 1560 summas
396 1506 544 1560 dialectice
557 1514 649 1577 partes
663 1506 821 1570 tribuemnt,
835 1513 918 1578 atque
931 1506 995 1561 inde
1010 1505 1141 1560 fidissima
1154 1504 1273 1560 scientiis
1287 1502 1416 1575 presidia
1429 1501 1580 1572 comparari
1594 1506 1727 1572 putarunt,
1740 1498 1851 1552 verissime

264 1592 294 1638 et
306 1584 409 1656 optime
422 1586 554 1650 viderunt,
559 1585 726 1641 intellectum
737 1585 887 1640 humanum
900 1585 951 1640 sibi
966 1586 1137 1656 permissum,
1145 1585 1244 1640 merito
1258 1591 1413 1654 suspectum
1423 1598 1483 1636 esse
1490 1581 1600 1635 debere.
1642 1580 1741 1634 Verum
1749 1577 1852 1631 infirmior

263 1664 375 1720 omnino
388 1673 431 1719 est
440 1665 513 1719 malo
526 1665 676 1730 medicina3
695 1681 746 1719 nec
759 1665 821 1735 ipsa
834 1665 900 1719 mali
913 1681 1031 1735 expers:
1052 1665 1186 1735 siquidem
1199 1663 1349 1728 dialectica,
1364 1678 1425 1733 quse
1436 1669 1545 1730 recepta
1559 1667 1609 1724 est,
1623 1658 1689 1713 licet
1701 1657 1734 1711 ad
1746 1656 1852 1719 civiliaet

263 1751 344 1809 artes,
358 1761 419 1815 quse
433 1745 461 1798 in
475 1760 599 1799 sermone
618 1751 645 1799 et
657 1744 783 1815 opinione
799 1745 896 1814 pontes
914 1752 984 1809 sunt,
996 1743 1148 1799 rectissime
1167 1743 1332 1798 adhibeatur
1338 1761 1352 1808 ς’
1367 1749 1471 1796 naturae
1489 1749 1580 1794 maren
1600 1738 1771 1793 subtilitatem
1791 1736 1852 1805 longo

263 1821 408 1877 intervallo
426 1839 482 1877 non
500 1823 610 1894 attingit
619 1846 627 1888 t
648 1832 677 1878 et
699 1823 854 1894 prensando
875 1824 947 1894 quod
967 1839 1023 1879 non
1036 1823 1119 1894 capit,
1133 1823 1169 1878 ad
1182 1838 1286 1878 errores
1304 1822 1395 1892 potius
1414 1818 1599 1884 stabiliendos,
1614 1826 1642 1873 et
1656 1817 1733 1890 quasi
1750 1815 1852 1887 figendos

263 1917 347 1973 quam
360 1902 394 1956 ad
408 1902 479 1957 dam
492 1903 599 1958 veritati
612 1902 786 1974 aperiendam
799 1902 891 1957 valuit

304 1981 401 2046 Quare,
414 1990 445 2035 ut
454 2000 515 2052 quse
528 1982 601 2037 dicta
619 1989 680 2037 sunt
694 1982 912 2052 complectamur,
926 1999 982 2037 non
994 1982 1102 2036 videtur
1114 1981 1269 2036 hominibus
1289 1986 1335 2033 aut
1347 1978 1438 2032 aliena
1452 1978 1527 2043 tides,
1541 1985 1591 2033 ant
1611 1977 1741 2033 industria
1759 1973 1853 2046 propria,

264 2060 337 2114 circa
355 2062 484 2115 scientias
506 2061 638 2116 hactenns
658 2060 775 2116 feliciter
795 2060 935 2124 illuxisse;
956 2061 1105 2132 praesertim
1124 2078 1208 2131 quum
1222 2069 1250 2114 et
1269 2060 1299 2113 in
1316 2058 1590 2113 demonstrationibus
1605 2066 1634 2112 et
1646 2058 1674 2111 in
1688 2053 1854 2126 experimentis

264 2139 354 2194 adhuc
374 2140 500 2211 cognitis,
514 2158 610 2212 parurn
624 2140 661 2196 sit
679 2140 809 2210 presidii.
851 2140 1006 2195 AEdificium
1026 2149 1116 2195 autem
1130 2141 1212 2209 hujus
1226 2138 1354 2203 universi,
1374 2145 1508 2193 structura
1527 2154 1584 2203 sna,
1599 2135 1745 2191 intellectui
1760 2134 1855 2187 hnmano

264 2217 469 2290 contemplanti,
483 2220 568 2275 instar
577 2218 726 2288 labyrinthi
739 2228 795 2282 est;
816 2219 863 2274 ubi
877 2227 915 2274 tot
925 2220 1055 2291 ambigna
1067 2221 1181 2284 viarum,
1196 2228 1252 2275 tanr
1265 2217 1377 2273 fallaces
1390 2235 1481 2273 rerum
1494 2227 1522 2272 et
1535 2218 1675 2289 signorum
1688 2212 1854 2271 similitudines·

264 2305 321 2352 tam
335 2299 453 2370 obliquae
467 2307 495 2353 et
508 2299 636 2369 implexae
646 2306 802 2355 naturarum
817 2300 898 2370 spina
907 2305 935 2353 et
943 2301 1014 2364 nodi,
1026 2300 1204 2370 undequaque
1217 2315 1247 2353 se
1256 2298 1417 2353 ostendunt:
1438 2298 1490 2352 iter
1503 2305 1604 2361 autem,
1613 2296 1664 2351 sub
1677 2296 1772 2349 incerto
1782 2306 1856 2344 sensus

263 2376 374 2443 lumine,
388 2379 522 2433 interdum
535 2379 692 2450 affulgente,
703 2379 838 2433 interdum
851 2396 880 2433 se
893 2379 1032 2443 condente,
1043 2396 1093 2449 per
1102 2379 1278 2451 experientia
1289 2386 1318 2432 et
1324 2394 1414 2431 rerum
1427 2376 1636 2448 particularium
1649 2376 1743 2445 sylvas,
1753 2380 1857 2442 perpetuo

265 2456 420 2512 faciendum
434 2465 484 2513 est.
523 2458 595 2520 Quin
608 2459 692 2513 etiam
704 2459 788 2513 duces
801 2458 905 2513 itineris
920 2461 963 2526 (ut
976 2459 1077 2514 dictum
1090 2458 1145 2528 est)
1159 2459 1206 2530 qui
1219 2475 1249 2512 se
1263 2458 1386 2522 offerunt,
1400 2464 1428 2511 et
1441 2457 1495 2528 ipsi
1505 2456 1698 2527 implicantur,
1719 2462 1791 2523 atque
1802 2465 1857 2503 erro

264 2553 325 2591 rum
339 2545 366 2591 ct
379 2539 527 2593 errantium
540 2555 682 2593 numerum
696 2545 805 2609 augent
847 2539 880 2592 ln
893 2539 975 2593 rebus
989 2547 1045 2593 tarn
1059 2539 1134 2593 duris
1147 2539 1181 2592 de
1196 2538 1299 2607 judicio
1312 2536 1453 2592 hominum
1466 2553 1502 2591 ex
1515 2537 1543 2589 vi
1557 2535 1678 2608 propria,
1692 2540 1736 2588 aut
1752 2533 1821 2585 etiarn
1831 2528 1856 2580 de

265 2615 396 2670 fecilitate
416 2617 536 2682 fortuita,
551 2618 748 2688 desperandum
761 2626 819 2672 est:
841 2634 928 2689 neque
943 2618 1016 2672 enim
1029 2619 1199 2690 ingeniorum
1214 2624 1421 2689 quantacunque
1435 2614 1608 2681 excellentia,
1622 2632 1709 2686 neque
1727 2607 1857 2681 experiendi

264 2694 327 2749 alea
340 2696 440 2767 sepius
454 2697 575 2767 repetita,
589 2698 642 2752 ista
653 2698 762 2752 vincere
784 2706 874 2768 queat.
915 2697 1039 2769 Vestigia
1054 2699 1101 2751 tilo
1114 2696 1232 2768 regenda
1245 2704 1325 2751 sunt:
1346 2695 1487 2766 omnisque
1501 2696 1555 2761 via,
1575 2712 1665 2767 usque
1679 2691 1791 2762 aprinis
1805 2687 1858 2757 ipsis

265 2791 392 2830 sensuum
410 2776 635 2846 perceptionibus,
650 2785 724 2832 certa
740 2776 843 2831 ratione
857 2777 1011 2832 munienda
1051 2778 1150 2848 Neque
1168 2774 1227 2831 hec
1241 2777 1284 2829 ita
1297 2774 1455 2845 accipienda
1469 2782 1539 2839 sunt,
1554 2791 1586 2828 ac
1601 2775 1626 2828 si
1640 2773 1711 2829 nihil
1722 2769 1816 2826 omuino
1827 2773 1858 2819 tut

262 2854 372 2919 seculis,
386 2855 468 2910 tantis
487 2855 625 2911 laboribus
638 2864 727 2913 actum
740 2856 791 2911 sit:
811 2857 988 2927 nequeenim
1007 2872 1110 2920 conum,
1135 2872 1197 2926 quaa
1210 2856 1321 2910 inventa
1341 2861 1412 2918 sunt,
1433 2870 1483 2908 nos
1505 2855 1631 2924 poenitet.
1672 2852 1757 2921 Atque
1774 2845 1857 2915 antiqui

264 2943 338 2989 certe
352 2935 380 2989 in
398 2934 441 3000 iis,
456 2954 518 3008 quas
531 2938 561 2992 in
577 2938 691 3009 ingenio
704 2945 731 2992 et
744 2937 922 2992 meditatione
935 2938 1070 2992 abstracta
1088 2937 1176 3008 posita
1192 2943 1263 3000 sunt,
1277 2933 1418 2990 mirabiles
1438 2952 1467 2989 se
1481 2934 1555 2989 viros
1577 2932 1737 3005 prmstitere.
1771 2927 1856 2987 Verum·

265 3016 491 3086 quemadmodum
505 3016 604 3071 seculis
619 3017 763 3088 prioribus,
777 3033 839 3071 cum
858 3016 985 3071 homines
999 3017 1029 3071 in
1042 3017 1196 3087 navigando
1216 3032 1267 3086 per
1287 3013 1428 3069 stellarum
1441 3021 1546 3069 tanturn
1560 3014 1757 3069 observationes
1774 3021 1857 3062 cursum

264 3095 426 3166 dirigebant,
440 3096 540 3150 veteris
553 3112 618 3151 sane
632 3096 795 3151 continentis
809 3113 871 3151 oras
892 3096 984 3168 legere
1006 3102 1157 3166 potnerunt,
1172 3103 1219 3150 aut
1231 3095 1318 3149 rnaria
1331 3093 1424 3166 aliqua
1443 3094 1549 3149 minora
1562 3101 1591 3148 et
1605 3092 1790 3147 mediterranea
1801 3084 1857 3151 traji-

264 3191 342 3238 cerc;
363 3174 522 3245 priusquam
536 3184 625 3230 autem
639 3192 757 3230 oceanus
778 3176 955 3245 trajiceretur,
970 3183 997 3230 et
1010 3177 1073 3231 novi
1088 3175 1161 3230 orbis
1180 3175 1307 3245 regiones
1320 3173 1515 3245 detegerentur,
1529 3189 1643 3228 necesse
1663 3171 1857 3234 fuitmulta

264 3254 389 3318 nuntiem,
404 3261 434 3308 ut
447 3254 545 3309 ducem
557 3255 608 3309 vim
623 3255 713 3327 magis
726 3256 809 3310 fidum
821 3262 971 3321 etcertum,
984 3255 1152 3311 innotuisse:
1173 3253 1257 3308 simili
1268 3270 1377 3325 prorsus
1390 3254 1501 3317 ratione,
1514 3270 1575 3324 quse
1590 3252 1728 3321 hucusque
1740 3248 1767 3301 in
1778 3244 1858 3298 antu

265 3339 295 3388 et
311 3334 434 3388 scientiis
451 3333 562 3388 inventa
575 3340 647 3403 sunt,
661 3351 695 3389 ea
706 3333 862 3403 hujusmodi
883 3342 953 3401 sunt,
969 3343 1000 3390 ut
1011 3352 1070 3400 usu,
1086 3334 1270 3398 meditatione,
1285 3332 1460 3397 observando,
1474 3330 1698 3403 argumentando,
1711 3324 1811 3398 reperiri
1823 3337 1858 3392 pe

265 3412 385 3477 tuerint;
407 3420 498 3483 utpote
513 3431 573 3484 quse
587 3414 710 3468 sensibus
724 3414 853 3485 propiora
866 3414 920 3468 sint
933 3422 961 3468 et
973 3414 1161 3469 communibus
1174 3413 1330 3468 notionibus
1350 3413 1406 3467 fere
1421 3411 1597 3481 subjaceant:
1619 3418 1759 3480 antequam
1771 3419 1823 3458 vero
1833 3398 1859 3451 sd

265 3493 410 3547 remotiora
423 3500 451 3546 et
464 3492 611 3547 occultiora
624 3501 727 3549 nattum
747 3492 829 3547 liceat
840 3493 986 3563 appellere,
1000 3494 1155 3549 necessario
1173 3492 1327 3565 requiritur,
1340 3499 1372 3547 nt
1384 3490 1482 3546 melior
1499 3497 1528 3545 et
1540 3490 1686 3562 perfectior
1699 3486 1787 3543 mentis
1797 3490 1820 3536 et
1829 3494 1859 3531 tn

265 3571 388 3627 tellectus
399 3571 511 3626 humani
526 3589 590 3627 usus
604 3580 632 3627 ct
644 3572 802 3643 adoperatio
814 3572 1007 3628 introducatur.

303 3652 364 3706 Nos
378 3658 450 3706 certe
465 3658 567 3706 aeterno
579 3652 702 3706 veritatis
715 3668 807 3706 amore
820 3651 926 3716 devicti,
940 3652 1046 3708 viarum
1059 3652 1179 3715 incertis,
1190 3657 1217 3706 et
1230 3651 1329 3715 arduis,
1344 3655 1373 3704 et
1386 3649 1576 3705 solitudinibus
1589 3665 1641 3704 nos
1651 3643 1829 3702 commisimus:
1840 3644 1860 3690 ‘¹

264 3730 357 3787 divino
370 3730 474 3786 auxilio
487 3731 547 3785 freti
561 3739 588 3785 et
601 3731 696 3796 innixi,
710 3739 828 3786 mentem
848 3738 968 3786 nostram
988 3740 1016 3787 et
1028 3740 1123 3787 contra
1141 3731 1300 3802 opinionum
1314 3729 1455 3785 violentias
1473 3736 1501 3783 et
1514 3729 1593 3801 quasi
1611 3729 1750 3783 instructas
1762 3723 1829 3783 mes,
1840 3723 1861 3769 ²²

264 3817 357 3871 contm
370 3811 494 3882 proprias
508 3818 536 3865 et
548 3811 669 3865 internas
688 3810 873 3865 haesitationes
886 3818 914 3866 et
929 3812 1076 3882 scmpulos‚
1091 3819 1119 3866 et
1139 3819 1232 3865 contra
1251 3828 1342 3865 rerum
1358 3809 1492 3880 caligines
1507 3815 1535 3862 et
1555 3808 1651 3872 nubes,
1665 3813 1693 3861 ct
1712 3804 1861 3871 undequaque

264 3888 386 3944 volantes
399 3890 564 3961 phantasias,
579 3891 768 3956 sustinuimus3
789 3898 819 3944 ut
832 3890 941 3945 tandem
956 3891 1045 3962 magis
1058 3892 1113 3945 fida
1126 3898 1153 3945 et
1166 3906 1261 3944 secura
1273 3888 1375 3945 indicia
1393 3888 1546 3943 viventibus
1565 3895 1593 3942 et
1606 3885 1720 3958 posteris
1731 3890 1861 3949 competere

264 3985 413 4039 possemus.
456 3969 515 4029 Qua
528 3971 556 4024 in
570 3987 599 4024 re
613 3970 637 4026 si
651 3971 718 4040 quid
731 3969 933 4040 profecerimus,
947 3986 1002 4026 non
1017 3969 1072 4024 alia
1084 3987 1150 4024 sane
1164 3970 1232 4024 rado
1244 3970 1323 4024 nobis
1336 3968 1408 4023 viam
1426 3967 1540 4038 aperuit,
1555 3984 1640 4038 quarn
1653 3982 1715 4020 vera
1727 3971 1753 4018 et
1764 3958 1863 4044 legitime

264 4049 376 4117 spiritus
389 4048 501 4103 humani
514 4048 677 4105 humiliatio.
718 4049 820 4104 Omnes
842 4050 915 4103 enim
929 4058 995 4104 ante
1015 4066 1074 4116 nos,
1089 4050 1135 4121 qui
1158 4050 1193 4104 ad
1211 4057 1282 4104 artes
1302 4048 1478 4103 inveniendas
1500 4063 1530 4102 se
1550 4046 1743 4117 applicuerunt,
1759 4040 1863 4106 conjectu

264 4125 403 4198 paulisper
415 4128 444 4182 in
457 4145 508 4193 res,
522 4137 551 4184 et
563 4127 697 4199 exempla,
718 4136 747 4184 et
765 4129 962 4200 experientiam
983 4129 1077 4194 oculis,
1092 4129 1191 4193 statim,
1206 4129 1284 4201 qnasi
1297 4127 1417 4183 inventio
1429 4125 1470 4181 nil
1486 4125 1561 4180 aliud
1574 4132 1654 4191 esset,
1667 4139 1745 4195 quara
1763 4115 1863 4190 quadan

265 4208 438 4277 excogitatio,
453 4208 565 4278 spiritam
577 4209 709 4278 proprios,
724 4215 753 4262 ut
765 4208 819 4262 sibi
833 4208 942 4263 oracula
956 4208 1123 4273 exhiberent,
1135 4208 1331 4279 quodammodo
1338 4208 1504 4261 invocarunt.
1543 4206 1676 4260 Nosvero
1685 4200 1863 4281 intermeante

265 4292 294 4340 et
307 4293 439 4356 perpetuo
449 4295 594 4352 versantes,
607 4287 774 4341 intellectum
788 4287 896 4358 longius
910 4304 927 4340 a
938 4287 1018 4342 rebus
1032 4305 1086 4342 non
1098 4287 1289 4368 abstrahimus,
1301 4304 1384 4358 quarn
1397 4294 1427 4341 ut
1440 4303 1528 4340 rerum
1542 4285 1678 4355 imagines
1691 4290 1718 4336 ct
1730 4277 1791 4334 radii
1800 4280 1834 4345 (ul
1841 4285 1864 4324 1¹¹

265 4381 347 4420 sensu
361 4366 405 4431 fit)
419 4366 492 4420 coire
507 4366 628 4435 poseium
649 4366 719 4421 unde
733 4368 772 4429 tit,
787 4374 817 4420 ut
830 4367 935 4438 ingenii
947 4367 1049 4422 viribus
1062 4375 1088 4421 et
1102 4367 1270 4422 excellentiae
1283 4383 1338 4421 non
1351 4366 1465 4421 multum
1483 4364 1661 4435 relinquatur.
1700 4359 1783 4430 Atque
1800 4366 1864 4441 quam

265 4443 295 4497 in
308 4443 469 4498 inveniendo
482 4445 643 4500 adhibemus
657 4445 846 4511 humilitatem,
861 4447 975 4500 eandem
989 4455 1018 4500 ct
1030 4447 1059 4501 in
1078 4447 1199 4501 docendo
1220 4446 1326 4518 sequuti
1340 4462 1443 4501 sumus.
1482 4445 1580 4516 Neque
1595 4444 1667 4498 enim
1681 4434 1864 4518 autconfutatio

265 4538 333 4577 num
347 4523 502 4593 triumphis,
515 4531 562 4578 aut
575 4524 744 4596 antiquitatis
758 4525 987 4590 advocationibus,
1001 4535 1049 4581 aut
1060 4527 1227 4581 auctoritatis
1238 4526 1413 4596 usurpatione
1428 4524 1553 4595 quadarn,
1567 4532 1615 4579 aut
1629 4523 1711 4577 etiarn
1723 4514 1865 4600 obscuritate

265 4602 334 4667 velo,
351 4600 471 4674 aliquam
486 4603 530 4657 his
543 4605 643 4659 nostris
656 4604 775 4659 inventis
787 4606 958 4674 majestatem
970 4606 1109 4676 imponere
1124 4615 1171 4660 aut
1183 4603 1328 4660 conciliare
1344 4621 1487 4669 conamur;
1509 4603 1601 4674 qualia
1621 4602 1737 4673 reperire
1750 4612 1798 4652 uon
1813 4588 1865 4645 dlis

265 4682 318 4736 nile
332 4690 405 4737 esset
418 4682 452 4747 ei,
467 4683 514 4753 qui
526 4683 630 4738 nomini
649 4700 705 4749 suo,
726 4700 781 4738 non
800 4684 899 4738 animis
917 4683 1033 4741 aliorum
1052 4686 1145 4739 lumen
1166 4684 1305 4740 effundere
1325 4693 1474 4739 conaretur.
1515 4684 1580 4738 Non
1594 4678 1730 4753 (inquam)
1743 4675 1815 4731 ullam
1830 4672 1865 4755 eli

266 4761 329 4827 vim,
344 4767 391 4816 aut
403 4761 517 4816 insidias
530 4761 672 4817 hominum
683 4761 795 4838 judiciis
805 4764 919 4818 fecimus
933 4772 982 4817 aut
992 4780 1133 4834 paramum
1155 4781 1247 4819 verum
1258 4780 1307 4819 eos
1320 4763 1355 4817 ed
1368 4780 1412 4818 res
1425 4764 1507 4834 ipsas,
1526 4770 1555 4817 et
1568 4779 1657 4817 rerum
1671 4759 1769 4814 foedera
1780 4752 1864 4808 adduct·

265 4857 343 4906 muer
364 4850 395 4895 ut
408 4841 462 4911 ipsi
475 4842 593 4908 videant,
607 4842 673 4913 quid
685 4841 815 4906 habeant,
829 4842 894 4913 quid
908 4850 1030 4913 arguant,
1045 4845 1110 4914 quid
1122 4843 1229 4908 addant,
1243 4852 1324 4914 atque
1338 4843 1368 4897 in
1381 4859 1523 4898 commune
1533 4842 1681 4896 conferant.
1721 4838 1776 4891 Nos
1787 4838 1864 4918 auem

265 4920 290 4975 si
305 4937 359 4992 qua
371 4920 444 4975 inre
458 4921 501 4975 vel
514 4919 586 4975 male
600 4921 771 4985 credidimus,
783 4921 828 4975 vel
841 4922 1061 4987 obdormivimus,
1075 4932 1103 4977 et
1116 4924 1205 4978 minus
1217 4922 1389 4987 attendimus,
1402 4922 1447 4976 vel
1463 4922 1602 4976 deficimus
1620 4922 1648 4975 in
1669 4919 1721 4982 via,
1735 4923 1761 4970 et
1777 4914 1865 4994 inimii

265 5000 369 5055 donem
382 4999 552 5071 abrnpimns;
573 4999 750 5055 nihilominus
763 5001 798 5054 iis
808 5001 903 5066 modis,
915 5019 960 5056 res
973 5002 1060 5057 nudas
1074 5010 1101 5056 et
1114 5009 1221 5073 apertas
1234 5001 1406 5067 exhibemus,
1416 5009 1447 5056 ut
1460 5018 1563 5056 errores
1576 4999 1669 5061 nostri,
1683 5004 1813 5065 antequam
1823 5000 1865 5039 stt·

266 5079 346 5134 entiae
359 5096 478 5133 mmsam
492 5078 574 5133 altius
587 5077 716 5143 inficiant,
729 5080 817 5134 notari
835 5088 864 5134 et
878 5081 998 5151 separari
1018 5081 1138 5152 possint;
1160 5089 1240 5153 atque
1264 5082 1344 5136 etiam
1365 5090 1394 5135 ut
1414 5080 1504 5135 facilis
1524 5087 1551 5133 et
1572 5078 1698 5150 expedita
1717 5076 1750 5131 sit
1767 5071 1865 5154 laborum

266 5166 418 5213 nostrorum
432 5156 607 5212 continuatio.
648 5155 738 5228 Atque
752 5158 805 5212 hcc
819 5159 907 5224 modo,
918 5160 989 5215 inter
998 5161 1158 5231 empiricam
1167 5169 1196 5214 et
1210 5160 1368 5214 rationalem
1383 5159 1540 5215 facultatem
1556 5161 1681 5230 (quarum
1695 5168 1792 5210 morosa
1802 5155 1825 5201 et
1835 5158 1866 5195 ru·

266 5238 407 5309 auspicata
421 5237 536 5291 divortia
550 5242 577 5290 et
590 5235 710 5306 repudia,
724 5237 816 5292 omnia
833 5239 862 5293 in
875 5238 998 5294 humana
1011 5239 1116 5294 familia
1129 5240 1283 5307 turbavere)
1298 5239 1458 5311 conjugium
1468 5255 1562 5294 verum
1577 5246 1604 5293 et
1616 5237 1770 5308 legitimum,
1783 5230 1807 5283 in
1820 5236 1866 5294 12⁰¹·

266 5323 387 5386 petuam,
401 5331 451 5370 nos
465 5316 587 5369 firmasse
603 5315 798 5371 existimamus.

307 5394 498 5458 Quamobrem,
511 5411 595 5464 quum
614 5392 675 5449 haec
695 5394 800 5449 arbitrii
812 5396 898 5450 nostri
911 5413 967 5451 non
980 5397 1051 5461 sint;
1072 5397 1101 5452 in
1115 5397 1251 5467 principio
1265 5397 1365 5467 operis,
1380 5397 1414 5451 ad
1427 5396 1518 5452 Deum
1532 5396 1649 5461 Patrem,
1663 5394 1748 5448 Deum
1761 5384 1866 5441 Verbum.

266 5470 358 5529 Deum
372 5472 512 5543 Spiritum,
526 5489 620 5545 preces
634 5472 771 5529 fundimus
785 5473 953 5533 humillimas
967 5485 995 5530 et
1008 5477 1218 5543 ardentissimas,
1233 5484 1263 5532 ut
1279 5477 1393 5532 humani
1409 5477 1520 5549 generis
1532 5489 1710 5532 erumnarum
1721 5476 1837 5527 memoret
1846 5462 1866 5510 ti
