3800 5875
217 298 275 354 564
766 293 948 350 HISTORIA
969 294 1068 349 lll'l'AE
1089 293 1136 347 ΕΤ
1157 291 1279 348 Mortui

217 456 308 511 ciferis
322 464 385 511 sunt
399 455 557 527 plerumque
572 454 735 508 vivaciores:
758 462 838 524 atque
849 454 932 507 etiam
947 471 1013 523 prae·
1049 452 1161 522 spiritus
1182 451 1289 505 innatos
1307 453 1335 502 et
1356 461 1450 500 succos
1471 444 1600 515 eorporis,
1622 459 1722 514 eosque
1739 442 1848 511 depra-

217 536 335 600 cocibus,
357 535 402 590 vel
424 536 521 599 fructu,
541 534 585 587 vel
607 532 688 595 foliis,
714 534 839 587 serotina*
862 542 890 586 et
911 533 1013 586 tardius
1050 532 1139 584 datur.

218 615 426 680 frondescentes,
441 622 522 683 atquc
536 612 639 666 tardius
653 613 737 665 etiam
758 611 826 665 folia
838 612 1011 682 deponentes,
1089 611 1118 663 5.
1142 609 1241 678 Frigus
1254 607 1374 662 omnium
1387 604 1508 658 maxime
1522 601 1632 672 proprie
1653 601 1794 661 exsiccatr
1815 600 1849 653 ai·

219 701 300 748 retate
315 694 497 748 diuturniores
515 700 592 746 sunt:
613 691 678 761 quin
699 699 727 743 et
746 690 893 759 sylvestres
913 691 1011 754 cultis;
1050 688 1160 759 quidem
1183 686 1328 742 desiccatio
1348 701 1404 738 non
1424 684 1455 736 fit
1473 682 1527 736 nisi
1548 697 1597 751 per
1615 682 1847 741 contractionem

219 774 290 827 etin
303 773 398 827 eodem
412 772 512 843 specie,
526 789 587 842 quas
598 770 705 824 acidum
719 769 942 834 fmctumferunt,
957 769 1013 824 illis
1051 767 1123 838 quod
1137 775 1180 821 est
1193 783 1261 837 opus
1275 765 1414 835 proprium
1430 761 1547 832 frigoris.
1575 760 1709 820 Quoniam
1723 776 1848 813 veronna

220 869 280 925 quus
293 851 408 908 dulcem.
1051 846 1175 900 homines
1193 845 1310 899 calidum
1328 842 1546 912 potentissimum
1564 838 1698 893 habemus
1719 839 1749 893 in
1767 839 1846 908 igue,

1051 925 1179 997 frigidum
1195 930 1285 979 autem
1298 923 1436 976 infirmum
1450 919 1610 981 admodum
1631 919 1705 972 nihil
1715 917 1792 971 aliud
1802 920 1848 971 sci·

1050 1003 1115 1059 licet
1139 1021 1219 1075 qnam
1243 1002 1351 1065 hiemis,
1372 1010 1420 1054 sut
1439 1000 1552 1053 fortasse
1573 997 1682 1067 glaciei,
1703 1004 1751 1052 aut
1772 998 1846 1059 uiris,

260 1081 320 1161 (3.)
341 1086 415 1141 Bene
429 1083 573 1138 admodum
582 1082 688 1136 notavit
698 1080 857 1136 Aristoteles
867 1080 1013 1135 discrimen
1051 1092 1097 1137 aut
1109 1082 1189 1147 nitri,
1210 1082 1272 1137 ideo
1285 1080 1478 1134 desiccationes
1492 1078 1600 1148 frigoris
1620 1084 1686 1131 sunt
1704 1076 1846 1131 imbecilla

220 1165 290 1220 inter
303 1164 409 1236 plantas
422 1172 449 1217 et
469 1163 606 1225 animalia,
628 1158 716 1233 quoad
738 1161 966 1215 alimentstionem
987 1167 1014 1212 et
1052 1170 1080 1215 et
1094 1161 1174 1216 facile
1194 1159 1382 1215 dissolubiles:
1406 1159 1528 1212 videmus
1542 1164 1635 1210 tamen
1657 1156 1790 1210 desiccari
1812 1157 1846 1209 fa

221 1245 436 1307 renovationemr
459 1243 530 1312 quod
544 1242 647 1295 scilicet
662 1257 759 1310 corpus
780 1239 939 1294 animalium
958 1238 1014 1292 suis
1052 1242 1121 1296 ciem
1144 1248 1222 1295 terrae
1240 1257 1276 1295 ex
1296 1237 1367 1310 gelu,
1388 1246 1469 1307 atque
1490 1253 1526 1291 ex
1546 1236 1637 1288 ventis
1653 1236 1768 1298 martiis,
1790 1235 1845 1304 plus

220 1322 346 1377 claustris
360 1323 570 1391 circumseptum
584 1326 690 1374 manet:
712 1326 793 1390 atque
807 1319 925 1389 insuper,
939 1324 1013 1388 post·
1052 1338 1134 1390 quarn
1147 1337 1182 1373 ex
1197 1318 1269 1382 sole;
1291 1335 1353 1372 curn
1368 1317 1439 1370 idem
1454 1322 1550 1370 ventus
1563 1313 1612 1385 qui
1625 1314 1771 1369 humorem
1784 1313 1845 1368 lam-

221 1419 301 1473 quam
316 1402 463 1469 adjustum
483 1399 697 1471 magnitudinem
711 1398 871 1467 pervenerit,
885 1396 1015 1450 alimento
1052 1399 1098 1463 bit,
1114 1400 1196 1453 enam
1211 1399 1297 1469 frigus
1310 1398 1432 1450 incutiat.

219 1482 388 1536 continuatur
398 1487 426 1534 et
435 1488 616 1542 conservatur,
626 1478 675 1533 sed
685 1476 756 1530 nihil
765 1494 865 1531 novum
874 1476 1014 1540 excrescit,
1092 1478 1119 1532 6.
1134 1479 1237 1532 Funus
1255 1476 1308 1530 foci
1327 1476 1453 1539 desiccat,
1472 1480 1503 1529 ut
1525 1474 1554 1527 in
1574 1472 1681 1536 luridis,
1700 1479 1729 1526 et
1747 1473 1843 1544 linguis

221 1567 319 1629 praeter
331 1559 446 1630 capillos
459 1567 487 1612 et
498 1574 611 1629 ungues,
626 1574 688 1628 quar
704 1573 755 1627 pro
770 1555 950 1610 excrementis
964 1555 1014 1608 ha·
1053 1557 1143 1621 boum
1157 1574 1218 1628 qnae
1231 1558 1259 1610 in
1273 1555 1386 1609 caminis
1395 1553 1611 1623 suspenduntur:
1633 1552 1784 1622 quinetiam
1793 1553 1842 1607 suf·

221 1641 333 1704 beatur,
354 1639 424 1692 adeo
436 1646 466 1693 ut
479 1654 590 1692 necesse
604 1638 641 1691 sit
652 1652 746 1690 succos
759 1635 917 1689 animalium
931 1634 1014 1687 citius
1053 1637 1116 1689 titus
1129 1653 1164 1689 ex
1178 1636 1295 1699 olibano,
1308 1641 1356 1688 aut
1369 1633 1446 1704 ligno
1460 1630 1543 1694 aloes,
1556 1639 1584 1685 et
1604 1631 1750 1695 similibus,
1764 1632 1841 1686 uene-

220 1725 405 1773 veterascere:
426 1726 454 1771 at
467 1716 496 1771 in
510 1716 658 1778 arboribus,
674 1732 735 1787 quae
753 1731 836 1769 novos
847 1713 961 1769 subinde
974 1729 1016 1767 ra·
1052 1723 1097 1768 cat
1110 1715 1252 1769 cercbmm
1265 1722 1294 1767 et
1306 1712 1440 1767 catarrbis
1454 1712 1585 1766 medetur.

222 1815 287 1863 mos,
311 1814 381 1853 nova
406 1796 517 1859 vimina,
545 1812 629 1849 noras
657 1794 773 1859 frondes,
800 1810 885 1847 novos
912 1792 1016 1846 fmctus
1093 1791 1119 1854 7.
1141 1794 1195 1857 Sal,
1207 1810 1283 1848 mora
1296 1791 1378 1864 paulo
1390 1791 1524 1863 longiore,
1536 1789 1667 1853 desiccat,
1676 1806 1732 1845 non
1745 1796 1839 1844 tanturn

222 1878 354 1942 emittunt,
377 1874 468 1930 evenit
489 1882 566 1928 utet
587 1875 662 1943 ipsae,
686 1889 753 1943 quas
776 1872 902 1936 diximus,
924 1881 1016 1941 partes
1053 1873 1082 1926 in
1096 1873 1214 1937 extimis,
1225 1872 1366 1927 sedetiam
1377 1871 1406 1924 in
1420 1869 1569 1940 profuud03
1583 1870 1660 1924 utfit
1672 1871 1703 1923 in
1715 1870 1839 1932 carnibus

222 1973 299 2010 novae
317 1956 381 2019 sint,
402 1970 451 2008 nec
467 1960 574 2009 aetatem
596 1969 700 2022 passae3
721 1968 784 2005 curn
801 1968 865 2005 vero
886 1949 1016 2022 quicquid
1053 1960 1101 2007 aut
1115 1952 1233 2022 piscibus
1248 1951 1350 2015 salitis,
1371 1968 1432 2021 quae
1449 1965 1498 2019 per
1519 1948 1677 2003 diuturnam
1696 1948 1839 2003 salitium

222 2035 307 2089 viride
318 2035 354 2089 sit
366 2042 395 2088 et
407 2031 570 2095 adolescens,
581 2031 676 2085 fortius
687 2037 714 2084 et
727 2030 843 2084 alacrius
856 2029 1016 2084 alimentum
1054 2032 1197 2086 manifesto
1210 2031 1293 2086 etiam
1304 2029 1464 2083 intrinsecus
1477 2027 1647 2083 indurantur.

222 2114 258 2167 ad
269 2131 299 2167 se
313 2113 409 2175 trahat,
424 2128 506 2183 quarn
520 2110 591 2181 quod
605 2110 738 2180 inceperit
758 2109 886 2163 desiccari
897 2131 905 2174 ς
926 2110 1017 2162 evenit
1093 2109 1120 2163 8.
1142 2110 1251 2164 Gummi
1265 2108 1400 2173 calidiora,
1414 2106 1552 2178 applicata
1565 2106 1602 2160 ad
1615 2115 1715 2171 cutem,
1729 2123 1786 2162 eam
1799 2108 1839 2161 de·

222 2208 277 2246 una
289 2199 317 2246 et
330 2190 418 2256 simul,
433 2199 462 2245 ut
481 2196 589 2244 muncus
609 2190 677 2260 ipse,
691 2205 740 2258 per
759 2206 839 2259 quern
861 2188 1016 2257 hujusmodi
1054 2189 1156 2242 siccant
1170 2197 1197 2243 et
1210 2197 1369 2259 corrugant,
1391 2186 1464 2259 quod
1477 2185 1580 2241 faciunt
1593 2187 1680 2241 etiarn
1694 2203 1769 2258 aqna
1777 2203 1838 2241 non·

223 2271 383 2326 alimentum
393 2269 488 2324 transit
502 2270 537 2322 ad
551 2285 647 2332 ramos,
661 2267 785 2322 uberiore
799 2276 827 2322 et
846 2267 947 2322 latiore
966 2268 1017 2322 ali·
1054 2267 1135 2323 nullae
1148 2268 1371 2339 constringentes.

222 2359 314 2404 mento
334 2350 364 2403 in
385 2350 499 2404 transitu
519 2348 655 2419 irrigetis,
673 2346 857 2417 perfundatur,
879 2353 906 2400 et
928 2363 1016 2401 recre-
1095 2346 1121 2401 9.
1144 2347 1261 2417 Spiritus
1281 2347 1338 2400 vini
1358 2345 1436 2400 fortis
1455 2345 1483 2399 in
1499 2352 1605 2399 tantum
1624 2345 1746 2400 desiccat
1763 2346 1839 2400 imru

223 2435 290 2494 etur,
304 2429 331 2483 id
346 2429 514 2498 quodetiam
527 2427 672 2498 insigniter
685 2435 760 2497 patet
774 2444 810 2481 ex
820 2426 880 2490 hoc,
896 2424 973 2493 (licet
986 2426 1017 2480 il·
1053 2426 1133 2496 ignis,
1147 2435 1177 2480 ut
1196 2433 1225 2480 et
1242 2426 1370 2481 albumen
1390 2426 1435 2479 ovi
1454 2424 1609 2479 immissum
1631 2424 1837 2489 candefaciatet

223 2507 270 2563 lud
284 2525 338 2562 non
353 2506 522 2562 annotaverit
535 2504 702 2570 Aristoteles,
713 2506 760 2576 qui
773 2522 824 2560 nec
834 2523 868 2560 ea
878 2507 945 2576 ipsa,
956 2523 1017 2576 qna
1054 2522 1154 2576 panem
1168 2512 1275 2559 torreat

221 2588 279 2656 jam
292 2587 418 2651 diximus,
432 2593 487 2641 tam
501 2587 642 2657 perspicue
656 2584 823 2655 explicarit)
838 2585 909 2656 quod
928 2586 958 2639 in
977 2602 1017 2639 se
1098 2583 1140 2639 10.
1162 2582 1836 2655 Pulveresdesiccmtimmrspmgismmmgendo

224 2666 312 2738 pibus,
336 2665 419 2737 sylvis
445 2664 553 2731 caditis,
582 2665 722 2719 arboribus
745 2666 839 2729 tonsis,
867 2666 1018 2735 amputatio
1054 2663 1203 2729 humidum,
1218 2672 1247 2718 ut
1266 2665 1296 2717 fit
1315 2663 1343 2717 in
1365 2661 1475 2732 pulvere
1493 2670 1647 2718 atramento
1668 2663 1767 2732 iniecto
1784 2672 1836 2733 pust

224 2763 359 2801 ramorum
373 2753 419 2801 aut
432 2744 599 2799 surcrrlorum
612 2743 717 2799 caulem
729 2744 820 2815 ipsum
833 2753 879 2798 aut
893 2750 1017 2798 truncum
1054 2743 1244 2813 scriptionem:
1266 2742 1348 2797 etiam
1361 2740 1444 2804 levor,
1459 2748 1487 2795 et
1499 2742 1566 2795 unio
1579 2743 1705 2813 corporis
1719 2740 1778 2817 (qui
1788 2757 1834 2793 non

224 2825 362 2890 confortat,
376 2823 509 2896 illumque
522 2824 604 2878 eflicit
617 2824 698 2895 longe
713 2823 916 2879 diuturniorem.
1054 2822 1185 2892 permittit
1198 2838 1325 2892 vaporem
1339 2820 1444 2874 humidi
1458 2821 1565 2892 ingredi
1574 2838 1625 2892 per
1636 2817 1734 2894 poros)
1748 2837 1835 2891 perac-

1054 2902 1148 2957 cidena
1168 2900 1293 2967 desiccat,
1308 2900 1371 2972 quia
1392 2901 1482 2970 ipsum
1498 2899 1557 2955 adri
1579 2901 1712 2970 exponit3
1732 2908 1760 2956 ut
1773 2900 1834 2954 litia

1054 2982 1178 3052 gemmis,
1192 2989 1221 3035 et
1234 2980 1359 3052 speculis,
1373 2988 1401 3034 et
1421 2979 1532 3034 laminis
1551 2982 1679 3045 ensium3
1701 2981 1730 3034 in
1747 2979 1834 3052 quasi

1054 3061 1151 3131 spires,
1174 3068 1320 3115 cernuntur
1336 3058 1385 3113 illa
1402 3059 1491 3128 primo
1513 3076 1616 3129 vapore
1637 3059 1769 3124 obductu
1795 3059 1835 3113 sed

260 3181 296 3224 Μ
306 3182 379 3224 Am
461 3139 485 3192 l.
507 3138 590 3209 Ignis,
613 3146 640 3192 et
659 3138 735 3193 calor
753 3138 882 3204 intensus,
897 3137 953 3192 alia
970 3138 1017 3191 de·
1054 3139 1136 3210 paulo
1150 3146 1211 3209 post
1225 3138 1362 3193 evanescit
1374 3137 1420 3192 ille
1432 3154 1524 3209 vapor,
1536 3148 1567 3193 ut
1580 3139 1727 3195 nubecula
1758 3139 1835 3210 Atque

259 3230 366 3273 antona
418 3217 508 3283 siccat,
523 3218 579 3272 alia
591 3217 740 3289 colliqust3
1055 3219 1088 3273 de
1102 3218 1282 3274 desiccatione
1294 3218 1352 3272 haec
1366 3217 1496 3288 inquisita
1508 3219 1573 3273 sint.

1097 3299 1142 3353 ll.
1165 3297 1298 3352 Gransria
1310 3297 1340 3351 in
1351 3313 1400 3350 nsu
1410 3306 1473 3351 sunt
1486 3297 1577 3359 hodie,
1590 3299 1626 3352 ad
1635 3306 1728 3369 partes
1739 3297 1835 3352 Germe·

1054 3377 1108 3432 nire
1122 3377 1274 3440 orientales,
1287 3378 1316 3432 in
1329 3375 1406 3431 cellis
1418 3378 1610 3443 subterraneis,
1625 3378 1656 3432 in
1670 3378 1765 3450 quibus
1779 3376 1836 3430 triti·

1054 3463 1154 3512 comet
1167 3456 1222 3509 alia
1235 3473 1321 3527 grana
1333 3463 1533 3520 conservantur,
1547 3458 1687 3512 substrato
1699 3466 1727 3512 et
1738 3457 1835 3511 circam

263 3533 391 3590 Desiccst
405 3543 510 3600 terram,
525 3544 553 3590 et
565 3534 677 3607 lapides,
692 3541 720 3589 et
736 3535 849 3606 lignum,
864 3540 892 3589 et
905 3550 1016 3605 pannos,
1054 3538 1142 3607 posito
1156 3535 1274 3605 undique
1295 3536 1435 3600 stramine,
1449 3535 1484 3588 ad
1497 3535 1659 3591 nonnullam
1673 3535 1835 3596 altitudinem.

224 3619 252 3669 et
271 3614 365 3685 pelles,
385 3622 413 3669 et
428 3632 593 3685 quecunque
613 3630 668 3669 non
689 3614 787 3669 fluunt:
808 3612 938 3684 colliquat
960 3631 1017 3668 me·
1055 3615 1125 3685 qnod
1139 3615 1331 3670 humiditatem
1350 3632 1473 3669 caverna
1492 3621 1583 3669 arceat
1603 3623 1631 3670 et
1653 3616 1773 3671 sorbeat:
1789 3630 1835 3685 qus

224 3692 298 3757 talla,
313 3700 341 3748 et
360 3710 459 3760 cemm,
474 3702 502 3748 et
515 3694 626 3766 gummi,
641 3701 669 3748 et
684 3694 817 3764 butyrum,
832 3702 860 3748 et
873 3709 974 3758 sevum,
989 3700 1017 3747 et
1054 3694 1186 3750 industria
1199 3702 1340 3749 servantur
1359 3710 1445 3764 grana
1463 3694 1546 3749 edam
1564 3694 1599 3749 ad
1619 3695 1783 3758 vicesimum,
1795 3699 1834 3747 sot

225 3771 391 3841 hujusmodi.
1054 3774 1218 3828 tricesimum
1232 3790 1346 3828 annum:
1367 3790 1455 3844 neque
1476 3782 1617 3828 servantur
1640 3781 1746 3829 tanmm
1764 3789 1780 3826 a
1796 3789 1837 3842 pu·

264 3851 292 3907 2.
313 3852 440 3907 Attamen
454 3853 482 3906 in
502 3852 558 3906 illis
571 3852 649 3922 ipsis,
663 3870 725 3924 quar
746 3850 874 3923 colliquat
893 3851 975 3923 iguis,
993 3853 1017 3907 si
1055 3854 1167 3917 tredine,
1182 3853 1229 3907 sed
1244 3850 1333 3927 (quod
1346 3852 1380 3906 ad
1394 3859 1558 3923 presentem
1571 3853 1776 3925 inquisitionem
1786 3868 1837 3922 per·

224 3930 409 3986 vehementior
423 3931 510 3995 fuerit,
525 3948 559 3985 ea
570 3933 599 3985 in
614 3932 666 3986 line
679 3931 815 3996 desiccat;
834 3948 898 3985 nam
911 3940 938 3985 et
958 3948 1016 3985 me·
1055 3928 1138 4005 tinet)
1153 3933 1182 3986 in
1193 3932 1241 3986 tali
1255 3933 1399 3998 viriditate,
1414 3941 1445 3986 ut
1463 3932 1579 4002 panibus
1593 3934 1767 3988 conficiendis
1779 3931 1837 4002 opti·

223 4009 299 4075 talla,
320 4027 356 4065 ex
377 4011 442 4081 igne
463 4011 582 4074 fortiore,
605 4010 705 4066 emisso
728 4009 838 4075 volatili,
860 4011 1017 4065 minuuntur
1055 4029 1097 4066 nra
1109 4012 1261 4075 sufficiant;
1283 4012 1407 4082 idemque
1422 4011 1506 4066 fuisse
1520 4012 1611 4066 iuusu
1625 4010 1835 4083 inCappsdocia,

224 4088 342 4158 pondere
351 4086 467 4164 (preater
475 4085 585 4164 aurum)
595 4098 624 4144 et
637 4089 783 4144 deveniunt
792 4090 880 4162 magis
889 4089 1015 4161 fragilia;
1054 4101 1081 4145 et
1094 4091 1220 4156 Thracia,
1235 4099 1262 4145 et
1275 4090 1413 4146 nonnullis
1426 4089 1494 4145 locis
1509 4091 1662 4161 Hispanis,
1678 4092 1836 4162 perhibetur.

224 4174 305 4239 atque
318 4167 410 4223 oleosa
422 4168 471 4223 illa
484 4176 512 4222 et
525 4169 638 4241 pinguia
650 4169 686 4224 ab
699 4168 763 4239 igne
777 4168 887 4223 fortiore
905 4168 1015 4223 deveni·
1097 4172 1140 4225 12.
1162 4171 1302 4234 Granaria,
1316 4171 1346 4224 in
1360 4169 1479 4241 fastigiis
1489 4169 1596 4235 redium,
1607 4188 1671 4225 eum
1682 4171 1800 4226 fenestris
1808 4168 1837 4222 sd

222 4255 274 4300 unt
286 4246 366 4312 frixa,
381 4254 409 4302 et
419 4254 497 4312 tosta,
512 4255 539 4301 et
555 4249 643 4320 magis
657 4249 737 4312 sicca,
752 4256 778 4302 et
788 4256 916 4302 crustata.
1054 4251 1185 4305 orientem
1210 4257 1237 4305 et
1260 4251 1477 4320 septentrionem,
1504 4250 1644 4304 commode
1670 4250 1837 4310 cononum

263 4325 291 4380 3.
312 4324 376 4391 ner,
387 4327 522 4397 prtecipne
533 4335 648 4398 apertus,
661 4326 804 4382 manifesto
814 4327 939 4391 desiccat,
950 4344 1017 4382 nun·
1054 4330 1204 4401 quinetiam
1217 4331 1382 4383 constituunt
1401 4328 1512 4401 quidam
1530 4328 1584 4382 duo
1604 4329 1714 4392 colons,
1728 4328 1836 4400 superior

224 4421 307 4475 qnam
319 4404 464 4476 colliquat;
486 4405 569 4460 veluti
583 4424 644 4461 curn
658 4409 710 4460 viae
720 4414 747 4460 et
756 4407 913 4477 superficies
928 4413 1015 4472 terra,
1054 4417 1082 4462 et
1094 4409 1221 4472 inferiusr
1243 4408 1366 4477 superius
1380 4416 1472 4463 autem
1481 4407 1675 4463 foraminatum
1688 4417 1739 4472 eat,
1749 4417 1778 4463 ut
1788 4423 1837 4478 gn·

223 4483 530 4550 imbribuamadefactae,
541 4485 727 4550 desiccantur;
743 4485 827 4539 lintea
839 4486 901 4551 lota,
911 4503 972 4557 quse
982 4487 1017 4541 ad
1054 4504 1118 4541 nuni
1143 4505 1193 4558 per
1216 4488 1345 4551 foramen,
1371 4489 1513 4557 (tanquam
1536 4503 1620 4542 arena
1640 4488 1670 4541 in
1694 4487 1837 4559 clepsydra)

223 4564 315 4617 aerem
338 4571 517 4633 exponuntur,
542 4565 692 4630 siccantur,
723 4564 823 4629 herbe,
847 4574 874 4619 et
894 4564 968 4628 folia,
990 4573 1017 4619 et
1054 4568 1180 4621 continue
1201 4566 1358 4633 descendat,
1382 4574 1409 4621 et
1427 4565 1540 4621 subinde
1565 4567 1644 4637 palis,
1664 4576 1729 4637 post
1747 4566 1837 4637 aliquot

223 4641 304 4696 flores
317 4641 346 4696 in
359 4641 455 4697 umbra
468 4643 612 4699 siccantur.
654 4643 692 4698 Ar
704 4644 789 4700 multo
801 4645 889 4716 magis
908 4644 962 4699 hoc
976 4644 1016 4698 fa·
1054 4646 1120 4710 dies,
1141 4655 1303 4718 reponatur;
1333 4652 1363 4701 ut
1381 4663 1495 4718 gratim
1514 4645 1550 4700 sit
1569 4646 1596 4700 in
1617 4647 1748 4701 continuo
1765 4653 1836 4700 motu·

222 4721 261 4776 cit
273 4724 329 4786 aer,
343 4722 367 4776 si
381 4729 428 4775 aut
441 4721 507 4777 solis
527 4724 612 4778 radiis
632 4722 782 4779 illustretur
801 4724 895 4795 (modo
907 4740 963 4778 non
977 4724 1017 4778 in·
1054 4726 1213 4780 Notandum
1227 4732 1318 4780 autem
1333 4732 1383 4789 est,
1397 4725 1480 4781 etiam
1498 4723 1655 4793 hujusmodi
1670 4743 1714 4781 res
1727 4742 1779 4780 nou
1791 4733 1836 4778 tan

222 4800 303 4856 ducat
316 4801 501 4871 putredinem)
512 4809 559 4856 sut
572 4811 725 4867 moventem
746 4811 776 4859 ut
786 4803 913 4858 flantibus
920 4804 1016 4868 ventis,
1054 4813 1111 4859 tum
1131 4804 1301 4875 putredinem
1320 4804 1457 4870 cohibere,
1471 4821 1564 4859 verum
1582 4805 1666 4859 ctiam
1685 4805 1836 4860 viriditatem

223 4889 251 4934 et
265 4881 293 4933 in
309 4881 380 4935 areis
394 4880 581 4951 perflatilibus.
1054 4900 1220 4948 conservare,
1235 4893 1265 4939 et
1277 4885 1486 4940 desiccationem
1505 4884 1658 4946 retundam
1680 4887 1756 4953 eujus
1768 4898 1836 4937 caua

262 4960 289 5013 4.
311 4961 387 5014 AEtas
400 4961 527 5031 maxime,
542 4961 590 5015 sed
603 4968 695 5016 tamen
706 4961 862 5027 lentissime,
877 4962 1015 5028 desiccat,
1054 4971 1096 5017 est
1108 4980 1149 5026 ea,
1163 4980 1245 5034 quam
1259 4965 1342 5018 etiam
1355 4964 1480 5035 superius
1489 4964 1656 5028 notavimus;
1679 4964 1751 5036 qnod
1760 4960 1836 5017 erola

223 5045 252 5093 ut
265 5039 296 5092 tit
315 5039 344 5096 in
365 5041 490 5094 omnibus
509 5040 673 5111 corporibus,
689 5059 749 5113 quse
768 5048 900 5097 vetustate
923 5043 1017 5112 (modo
1053 5043 1093 5096 tio
1113 5042 1236 5097 humoris
1257 5043 1345 5114 aquei,
1364 5061 1425 5114 quae
1445 5050 1521 5098 motu
1538 5049 1566 5096 et
1579 5050 1662 5097 vento
1680 5042 1835 5100 acceleratur·

221 5132 277 5171 non
290 5117 498 5188 intercipiantur
510 5118 692 5189 aputredine)
703 5119 833 5175 arefiuntr
847 5129 912 5175 retas
926 5130 1016 5177 autem
1053 5122 1196 5176 humorem
1210 5121 1331 5177 oleosum
1344 5123 1374 5176 in
1394 5139 1444 5177 suo
1457 5138 1516 5176 esse
1534 5129 1695 5186 conservat;
1717 5122 1762 5193 qui
1779 5120 1836 5174 sliat

221 5195 293 5252 nihil
310 5206 352 5251 est
365 5213 414 5267 per
427 5214 457 5252 se
472 5195 550 5272 (cum
563 5200 599 5252 sit
612 5214 738 5253 mensura
751 5207 856 5255 tantum
869 5197 1016 5274 temporis)
1054 5201 1084 5255 in
1097 5202 1234 5257 consortio
1249 5202 1372 5256 humoris
1389 5202 1470 5273 aquei
1492 5200 1589 5255 fuisset
1610 5218 1666 5256 una
1686 5200 1836 5256 evolaturas

222 5274 271 5327 sed
292 5276 405 5330 effectus
425 5278 619 5347 producitur,a
640 5278 737 5346 spiritu
753 5295 895 5348 corporum
914 5281 1016 5344 innato,
1055 5280 1146 5335 Etiam
1167 5283 1195 5335 in
1216 5281 1377 5352 quibusdam
1397 5280 1540 5344 montibus,
1560 5280 1607 5334 ubi
1627 5279 1676 5336 aer
1697 5289 1738 5336 est
1757 5294 1837 5350 pum

222 5353 269 5421 qui
283 5354 402 5424 corporis
414 5354 556 5410 humorem
569 5356 686 5426 exsugit,
698 5363 726 5409 st
739 5373 794 5409 una
807 5374 869 5412 cum
882 5360 942 5428 ipso
955 5376 1018 5413 ero-
1054 5359 1186 5414 cadavera
1199 5360 1233 5415 sd
1248 5360 1339 5431 plures
1358 5359 1416 5416 dies
1430 5367 1541 5414 manent
1557 5375 1611 5414 non
1631 5360 1746 5415 multum
1763 5357 1838 5412 dedo

222 5426 260 5482 lat
268 5451 276 5494 t
298 5438 325 5485 et
339 5431 374 5486 ab
387 5431 451 5488 aere
465 5433 634 5498 circumfuso,
650 5434 695 5504 qui
710 5434 871 5507 multiplicat
891 5454 921 5493 se
935 5455 1018 5509 snper
1056 5440 1195 5496 resecatis.

465 989 640 1028 ossuxvarlo
660 987 762 1026 didm.

225 2966 403 3016 DRSICCA'HQ
425 2965 639 3005 uasrccaclotus
660 2964 846 3015 Pttotltslt'lor
867 2966 902 3004 m·
923 2965 1017 3004 umc-

479 3045 541 3084 ΟΑΊΊ
564 3044 766 3084 tumulturio.

282 3349 392 3399 “‚Limus
403 3355 429 3397 ut
439 3351 476 3398 bic
484 3351 593 3409 durescit,
605 3357 629 3399 et
638 3350 688 3399 brec
698 3357 724 3399 ut
735 3365 790 3399 cera
799 3351 914 3412 liquescit,

283 3406 338 3455 Uno
347 3407 474 3470 eodemque
484 3409 566 3470 igue.”
