3800 5875
211 292 270 349 tto
746 286 930 345 turicum
953 286 1068 344 ctttct
1090 284 1321 343 utuuututt.

211 469 292 525 quam
307 451 486 508 extenduntur
500 450 617 515 chorda,
628 450 700 506 toret
712 455 854 516 nneaaut
868 459 1008 521 argentea,
1045 449 1148 503 minata
1167 448 1228 504 loco
1247 446 1357 518 ligneae,
1379 445 1525 501 videndum
1550 444 1618 516 quid
1638 444 1693 499 boc
1714 443 1797 498 iaciat
1823 446 1863 499 ad

209 535 345 588 diversum
360 532 485 586 nonnihil
499 533 584 602 possit
598 532 679 586 edere
700 546 807 586 sonum.
848 529 952 585 Verum
974 530 1008 584 de
1045 546 1150 584 sonum

209 614 254 668 his
268 612 394 667 omnibus
409 612 558 683 inquiratur
571 612 693 667 ulterius.
727 610 819 666 Etiam
832 610 1010 682 quatenusatl
1087 608 1260 680 Usurpnntur
1273 608 1302 663 in
1316 605 1416 670 Dania,
1435 612 1517 676 atque
1537 604 1623 659 etiam
1638 604 1803 659 deteruntur
1824 606 1862 658 ad

209 692 518 757 commmunicatiouem,
544 691 734 762 inquirendum
756 701 806 756 est,
830 690 897 761 quid
918 690 1007 762 possit
1045 705 1102 754 nos,
1128 699 1261 760 tympana
1287 703 1372 750 mnes,
1397 702 1450 740 non
1480 684 1582 757 lignea,
1600 686 1713 739 minora
1746 684 1862 756 ligneis,

209 789 353 844 corporum
373 772 516 827 diversitas
537 780 564 826 et
585 771 775 843 inaequalitas:
796 770 881 825 veluti
901 771 924 825 si
944 787 1010 841 pen·
1045 779 1128 839 atque
1141 769 1224 824 edunt
1237 785 1335 823 sonum
1349 765 1492 837 (arbitror)
1506 766 1598 836 magis
1612 781 1755 819 sonorum.

209 852 305 907 decent
323 860 377 907 tres
390 868 538 922 campanio,
554 867 609 906 uua
622 851 695 906 intra
708 851 822 906 alteram
836 867 899 905 cum
914 851 1009 921 spatio
1085 849 1208 921 Agitatio
1220 847 1294 903 adris
1308 847 1337 901 in
1351 846 1441 902 ventis
1454 845 1711 900 vehementioribus
1720 861 1777 899 non
1786 845 1861 898 mul-

210 933 282 987 s'e'ris
302 932 471 1001 interposito,
486 941 514 986 et
536 938 722 1002 percuteretur
735 947 869 1001 campana
887 930 1011 986 exterior
1046 936 1104 984 tum
1119 928 1262 1000 (arbitror)
1276 926 1415 982 redditura
1434 926 1471 981 sit
1484 942 1592 990 sonum,
1607 926 1634 980 si
1648 924 1860 993 absrmtsylrae,

209 1011 317 1078 malleo,
333 1011 442 1083 qualem
459 1012 564 1067 editura
585 1011 655 1067 toret
675 1027 773 1067 sonum
795 1017 920 1081 respectu
934 1027 1009 1064 caru·
1045 1010 1150 1075 fluctus,
1174 1008 1255 1073 edes,
1279 1014 1327 1063 aut
1348 1005 1467 1070 anulis,
1491 1013 1615 1059 attamen
1638 1013 1786 1076 receptum
1806 1016 1860 1067 est,

209 1109 288 1164 pann
301 1090 443 1163 simplicis.
1044 1101 1108 1143 ante
1123 1094 1300 1159 tempestates
1320 1087 1380 1141 fieri
1400 1102 1540 1141 murmura
1561 1084 1700 1139 nonnulla
1717 1086 1749 1139 in
1761 1084 1858 1154 sylvis,

248 1171 404 1227 obducatur
417 1189 551 1243 campana
564 1172 599 1226 ab
612 1178 690 1227 extra
703 1188 794 1242 panno
809 1178 855 1226 aut
872 1168 968 1235 serico,
983 1178 1011 1223 et
1045 1168 1109 1223 licet
1119 1170 1202 1224 flatus
1211 1167 1366 1224 adsensum
1377 1183 1433 1222 non
1443 1164 1620 1238 percipiatur,
1629 1182 1685 1220 nec
1694 1178 1860 1220 moreantur

208 1258 325 1317 notetur,
346 1253 456 1325 quando
483 1252 606 1323 pulsatur
633 1268 768 1323 campana
795 1268 844 1322 per
869 1249 1009 1306 embolum
1045 1249 1122 1304 lolia.

208 1332 331 1397 interius,
348 1332 413 1404 quid
428 1333 512 1388 saciat
526 1333 655 1387 obductio
668 1332 717 1387 illa
730 1332 766 1385 ad
779 1348 886 1386 sonum.

248 1412 277 1468 Si
290 1413 358 1468 ioret
371 1413 400 1468 iu
411 1412 518 1468 barbito
527 1414 630 1468 lamina
640 1429 725 1479 mnea,
734 1420 781 1466 aut
792 1411 1010 1482 argentent'ora·
1085 1408 1192 1463 Desunt
1206 1408 1258 1463 tria
1267 1405 1395 1479 capitula,
1411 1423 1472 1478 quae
1486 1406 1620 1477 perficere
1636 1421 1695 1459 non
1711 1405 1834 1458 rambat.

449 1958 693 2033 ARTICULI
722 1954 1083 2042 QUAESTIONUM
1111 1955 1267 2029 CIRCA
1295 1955 1606 2028 MINERALIA.

1043 2216 1135 2253 secum
1145 2197 1203 2252 sola
1217 2196 1325 2253 misceri
1344 2214 1399 2252 non
1413 2197 1557 2262 sustinent,
1566 2197 1650 2264 alius,
1658 2206 1688 2253 et
1702 2199 1850 2266 cujumam,

210 2265 299 2304 onius
321 2264 421 2303 utrum
442 2264 603 2305 aaronem
630 2265 681 2303 aar
708 2264 887 2312 couuosrmo,
909 2263 1007 2303 sucos·
1043 2296 1094 2350 ope
1110 2279 1217 2334 misceri
1231 2278 1358 2348 poterim·

223 2345 354 2395 PottATtO,
370 2346 425 2384 llll·
447 2344 519 2384 UNIO
534 2344 728 2385 uuruuuottmt
749 2345 784 2383 ΕΤ
799 2344 992 2383 asturiensium.
1082 2359 1149 2420 Quae
1163 2357 1274 2413 metalla
1288 2358 1384 2413 confici
1399 2357 1504 2428 ΝΜ
1518 2375 1555 2412 ex
1570 2356 1690 2412 melano
1703 2365 1732 2412 et
1751 2358 1849 2430 lapide,
1889 2364 1890 2369 =

247 2440 418 2500 Qutuuscuss
439 2438 559 2495 metallis
578 2456 673 2495 aumm
693 2456 743 2510 per
762 2439 916 2511 simplicem
929 2438 1007 2494 colli·
1042 2450 1089 2495 aut
1103 2438 1329 2503 aliisiossilibum
1345 2438 1457 2509 perinde
1471 2455 1503 2492 ac
1518 2437 1694 2493 orichalcum
1710 2456 1746 2493 ex
1759 2449 1850 2494 arcet

209 2519 408 2591 quetuctioncm
428 2519 621 2590 incorporabit,
636 2527 663 2574 et
683 2519 844 2591 quibuscum
857 2536 929 2573 non:
953 2535 1007 2589 qua
1042 2519 1132 2590 lapide
1157 2518 1318 2573 waminari
1346 2520 1394 2572 fit:
1426 2536 1487 2589 qum
1514 2535 1617 2587 nempe
1646 2518 1762 2573 metalla
1787 2538 1848 2573 cum

208 2601 275 2655 item
289 2600 441 2670 quantitate
455 2599 646 2670 incorporabit,
655 2607 683 2654 et
697 2600 769 2671 quod
782 2617 869 2672 genus
884 2600 1007 2670 corporis
1042 2598 1169 2663 vitriolo;
1191 2616 1253 2670 qum
1279 2615 1342 2652 cum
1366 2598 1440 2654 ferro
1463 2599 1494 2653 iu
1518 2597 1665 2669 pulverem
1687 2599 1766 2665 trito,
1788 2618 1848 2671 qum

209 2679 272 2734 talis
286 2680 446 2751 competitio
456 2681 608 2735 constituet
1041 2697 1103 2735 cum
1118 2679 1205 2743 silice,
1220 2687 1274 2733 etc.

247 2759 350 2815 Aurum
359 2776 422 2815 cum
432 2769 553 2830 argento,
563 2761 636 2831 quod
643 2759 778 2815 iuitretus
785 2760 853 2815 illud
860 2759 1005 2815 elecmrm:
1083 2760 1116 2815 ln
1129 2758 1269 2814 nonnullis
1282 2757 1380 2813 saltem
1394 2756 1493 2813 horum
1513 2758 1671 2829 pericnlum
1690 2757 1745 2823 fiat,
1765 2766 1794 2812 ut
1812 2759 1846 2812 de

106 2830 108 2832 ’
208 2857 302 2896 surum
323 2858 386 2897 cum
406 2840 585 2912 hydrargyro,
603 2842 661 2895 sive
681 2849 795 2913 argento
808 2842 887 2896 vivo:
908 2856 1004 2894 aurum
1041 2850 1201 2895 caeterorum
1215 2839 1328 2910 ingenio
1341 2837 1441 2894 melius
1455 2846 1573 2892 constet.

207 2939 268 2976 oum
284 2920 411 2992 plumbo:
426 2937 521 2977 aurum
534 2939 596 2976 cum
609 2921 711 2993 cyprio,
726 2923 784 2977 sive
794 2937 894 2993 cupror
908 2938 1006 2976 aunum
1080 2921 1222 2976 Numnam
1235 2916 1353 2984 metalla,
1365 2926 1394 2974 et
1403 2918 1459 2974 alis
1472 2918 1588 2982 fossilis,
1600 2935 1664 2973 cnm
1679 2918 1753 2973 virro
1765 2917 1848 2989 lique-

207 3019 268 3057 cum
283 3019 354 3058 mro:
375 3019 471 3056 aurum
485 3019 548 3056 cum
557 3002 646 3068 ferro,
662 3019 758 3058 aurum
769 3019 831 3058 cum
842 3011 950 3057 stanno.
1042 3002 1114 3055 lacto
1132 2999 1352 3071 incorporabant
1392 2999 1429 3054 Et
1443 2999 1516 3070 quod
1532 3015 1622 3070 genus
1641 3000 1767 3070 corporis
1785 3000 1847 3054 inde

289 3081 454 3137 Auosuruus
468 3082 572 3137 itidem.
1040 3088 1194 3152 consurget.

248 3161 399 3232 Argentum
425 3179 485 3216 cum
521 3169 636 3234 argento
662 3163 742 3217 viro:
773 3168 916 3233 argeutum
942 3179 1005 3216 cum
1081 3161 1114 3216 In
1127 3160 1395 3231 incorporationibus
1404 3157 1572 3230 quantitates
1583 3158 1680 3214 sedulo
1689 3158 1847 3229 pendendo.

207 3241 337 3312 plumbo:
358 3250 503 3313 argentum
516 3260 577 3298 cum
591 3259 694 3313 cupro:
708 3250 925 3312 argentumcnm
934 3258 1004 3297 aerc:
1041 3242 1122 3295 Forte
1145 3241 1220 3296 enim
1242 3242 1271 3296 in
1292 3241 1394 3312 exigua
1417 3239 1565 3311 quantitate
1585 3240 1773 3309 incorporatio
1791 3239 1847 3300 fiet,

208 3330 353 3393 argentum
366 3340 428 3376 cum
443 3324 531 3376 ferro:
551 3332 695 3393 argentum
709 3340 771 3379 cum
782 3329 890 3377 stanno.
1041 3338 1101 3392 quae
1114 3321 1143 3376 in
1157 3322 1261 3390 majore
1274 3337 1329 3375 uon
1342 3321 1424 3385 item3
1439 3327 1469 3373 ut
1478 3318 1570 3374 videre
1585 3321 1671 3373 estin
1685 3319 1742 3375 illis
1755 3319 1846 3390 sequi·

286 3402 356 3457 Tum
367 3402 533 3457 Anosurou
545 3419 647 3459 tivum.
1040 3402 1133 3457 oribus
1146 3400 1267 3455 metallis
1277 3400 1374 3472 (vulgo
1387 3400 1472 3468 auom
1489 3399 1584 3469 dictis)
1599 3399 1702 3470 quibus
1722 3402 1751 3454 in
1770 3416 1847 3462 auso,

247 3479 397 3553 Argentum
412 3483 503 3538 vivum
524 3501 585 3538 cum
607 3482 734 3553 plumbo:
755 3489 900 3553 argentum
913 3482 1004 3537 rivum
1040 3491 1068 3538 et
1081 3489 1202 3553 argento,
1217 3482 1245 3535 in
1260 3490 1397 3535 monetam
1410 3479 1553 3544 cudendis,
1568 3488 1692 3534 utuntur.

207 3579 270 3617 cum
292 3579 395 3632 cupro:
416 3570 558 3634 argentum
578 3565 669 3617 vivum
691 3580 753 3617 cum
772 3580 840 3618 mre:
861 3570 1005 3633 argentum
1082 3563 1114 3616 ln
1132 3578 1245 3632 corpore
1265 3562 1418 3631 composito
1441 3560 1494 3613 tria
1514 3560 1655 3631 principue
1677 3558 1848 3629 dispicienda

209 3644 299 3697 vivum
313 3660 376 3696 oum
390 3641 477 3697 ferro:
499 3652 643 3714 argentum
658 3643 749 3698 virum
763 3660 825 3697 cum
839 3651 944 3698 stanno.
1041 3652 1121 3697 snut:
1142 3642 1235 3705 color3
1258 3641 1392 3712 fragilitas
1403 3647 1452 3694 aut
1464 3640 1619 3703 ductilitas3
1635 3638 1785 3694 volatilitas
1797 3649 1847 3693 aut

287 3722 436 3777 Puuususr
450 3724 543 3779 etiam,
1041 3722 1149 3786 fixati03
1171 3722 1355 3792 comparando
1368 3737 1430 3774 cum
1444 3720 1604 3790 corporibus
1615 3719 1798 3790 simplicibus

246 3797 393 3857 Plumbom
407 3822 467 3857 cum
484 3820 586 3874 cupro:
602 3804 743 3874 plumbum
753 3820 814 3857 cum
826 3819 897 3858 rere:
913 3801 1004 3874 plum·
1083 3803 1114 3856 ln
1131 3818 1252 3872 praesens
1273 3800 1485 3855 emolumentum
1505 3817 1650 3871 usumque,
1665 3800 1727 3855 haec
1747 3798 1847 3868 regula

207 3883 272 3937 bum
286 3901 348 3937 cum
362 3883 452 3938 ferro:
472 3883 615 3954 plumbum
629 3901 692 3938 cum
705 3891 811 3937 stanno.
1041 3894 1089 3937 cst
1133 3882 1215 3936 Ratio
1234 3881 1367 3936 habeatur
1387 3880 1468 3951 pretii
1489 3881 1606 3935 duorum
1620 3897 1768 3951 corporum
1782 3882 1847 3934 sim-

287 3963 413 4018 Curam
428 3965 537 4033 pariter.
1040 3962 1171 4034 plicium;
1192 3970 1250 4017 tum
1268 3961 1402 4033 pendatur
1423 3961 1544 4031 dignitas
1563 3961 1646 4015 nnius
1665 3976 1750 4031 supra
1763 3959 1846 4018 aliod.

247 4042 369 4113 Cuprum
389 4061 449 4098 cum
470 4061 542 4100 rere:
564 4062 678 4116 cuprum
700 4061 761 4098 cum
782 4043 871 4097 ferro:
892 4060 1006 4114 cuprum
1041 4050 1165 4112 respectu
1182 4058 1264 4096 usus:
1285 4041 1349 4097 dein
1368 4042 1488 4104 adverte,
1502 4057 1568 4095 num
1589 4041 1694 4111 poteris
1714 4042 1848 4110 composi

208 4139 270 4177 cum
284 4131 388 4177 stanno.
1041 4131 1098 4177 tum
1112 4123 1227 4187 efficere,
1243 4122 1316 4192 quod
1329 4121 1391 4192 plus
1402 4121 1481 4191 pretii
1490 4120 1596 4175 vilitate
1612 4120 1748 4184 retundat,
1764 4137 1845 4191 quam

286 4203 334 4256 AEs
348 4204 440 4258 etiam.
1041 4202 1076 4256 ab
1084 4202 1288 4272 ususdignitate
1299 4202 1446 4256 detriverit.
1473 4200 1559 4255 Verbi
1566 4201 1666 4272 gantis.
1708 4200 1847 4254 Peodatur

248 4281 296 4335 AEs
310 4283 469 4338 cumierro:
490 4301 528 4338 ms
542 4302 603 4338 cum
619 4291 725 4338 stanno.
1041 4283 1160 4354 pretium
1182 4283 1392 4337 bombardorum
1419 4296 1575 4336 aneorum:
1596 4280 1733 4351 pendatur
1760 4281 1844 4333 etiam

286 4361 391 4416 Ultimo
404 4364 538 4418 Faunum.
1041 4362 1160 4434 pretinm
1174 4363 1385 4417 bombardorum
1399 4362 1565 4416 ferrearum:
1588 4368 1647 4415 tum
1661 4377 1742 4431 porro
1754 4360 1846 4415 adrer-

247 4440 361 4496 Fermm
375 4460 438 4497 cum
453 4453 557 4500 stanno.
673 4509 676 4514 Ι
1042 4450 1091 4505 tas,
1107 4451 1238 4513 quantum
1257 4460 1341 4497 aeneas
1354 4441 1511 4496 bombardae
1522 4440 1621 4495 ferreis
1635 4458 1687 4496 usu
1701 4449 1845 4511 praestent3

246 4520 379 4580 Quasnam
402 4524 456 4576 sint
482 4523 595 4578 metalla
622 4523 774 4594 composita
796 4523 880 4595 vulgo
906 4524 1007 4578 usitata
1042 4531 1097 4577 tum
1112 4525 1136 4577 si
1151 4540 1187 4577 ex
1201 4540 1255 4576 mre
1269 4532 1296 4577 et
1316 4522 1389 4576 ferro
1408 4521 1577 4593 compositas
1596 4521 1717 4576 conflare
1735 4521 1844 4592 poteris,

207 4605 289 4671 atque
303 4602 422 4674 cognita,
438 4611 465 4657 et
478 4605 577 4675 quibus
591 4603 813 4674 proportionibus
827 4621 861 4658 ea
874 4605 1007 4658 miscean-
1042 4621 1102 4673 quac
1119 4620 1184 4657 usus
1205 4603 1397 4658 commoditate
1419 4619 1436 4655 a
1455 4602 1531 4672 puris
1548 4601 1634 4656 aeneis
1653 4618 1709 4656 non
1730 4601 1844 4655 multum

207 4688 257 4734 tnr.
298 4684 416 4753 Nempe,
927 4687 933 4698 ’
1041 4683 1164 4747 aberunt,
1180 4682 1266 4737 multo
1287 4690 1378 4736 autem
1398 4683 1504 4736 minore
1517 4682 1611 4752 pretio
1623 4681 1844 4746 constabunt3id

248 4762 423 4818 Orichalcum
439 4781 474 4818 ex
488 4782 542 4819 mre
557 4771 584 4817 et
606 4761 721 4817 Cadmia
741 4764 800 4818 sive
821 4762 912 4834 lapide
932 4764 1007 4817 cala·
1042 4763 1147 4817 scilicet
1162 4764 1211 4828 rei,
1227 4770 1255 4817 et
1267 4763 1381 4833 privatae
1393 4769 1423 4816 et
1436 4761 1562 4832 publicar,
1574 4761 1604 4816 in
1619 4762 1725 4816 lucrum
1738 4761 1825 4816 cedet

206 4842 313 4898 minari.
1082 4843 1128 4897 Sic
1157 4843 1185 4896 in
1214 4859 1291 4907 auro,
1316 4851 1344 4896 et
1371 4849 1493 4913 argento,
1515 4840 1636 4911 pretium
1664 4842 1694 4896 in
1717 4841 1844 4896 duodenis

247 4920 392 4979 Plumbum
407 4924 546 4978 cinereum
561 4940 597 4978 ex
611 4923 724 4993 plumbo
734 4922 841 4995 vulgari
856 4932 884 4977 et
899 4931 1005 4977 stanno.
1042 4922 1156 4992 duplum
1179 4931 1229 4977 est.
1271 4922 1401 4993 Dignitas
1423 4921 1483 4975 auri
1502 4937 1588 4990 supra
1608 4930 1755 4992 argentum
1775 4921 1844 4976 baud

245 5002 294 5057 AEs
307 5018 471 5074 campanum
485 5020 528 5067 ex,
544 5009 595 5057 etc.
1043 5020 1144 5075 magna
1157 5011 1205 5057 est
1247 5002 1353 5056 Similis
1372 5003 1513 5072 utriusque
1528 5001 1677 5070 splendor,
1699 5002 1748 5056 sed
1762 5011 1791 5056 et
1804 5019 1844 5054 sr-

246 5080 392 5138 Metallum
411 5082 480 5138 illud
501 5082 643 5147 tactiuum,
659 5083 731 5154 quod
752 5083 844 5153 specie
866 5091 945 5136 tenus
963 5101 1007 5137 ar·
1043 5084 1119 5154 genti
1133 5084 1216 5140 etiam
1232 5081 1361 5153 splendor
1374 5081 1544 5153 quorundam
1566 5080 1654 5135 oculis
1675 5083 1766 5152 magis
1780 5081 1844 5136 arri·

206 5168 322 5232 gentum
337 5162 487 5227 emulatur,
501 5161 584 5233 vulgo
597 5161 780 5217 alchemicum
794 5164 905 5218 dictum.
1043 5163 1107 5217 det:
1123 5172 1153 5216 ut
1166 5164 1195 5216 in
1210 5163 1309 5231 pannis
1323 5163 1453 5233 vittisque
1467 5161 1633 5225 bructerus,
1649 5163 1755 5216 ensium
1766 5177 1844 5231 capu

246 5241 348 5307 Trium,
381 5242 426 5297 rel
460 5242 587 5315 plurium,
621 5241 792 5297 metallorum
820 5243 1008 5314 decomposita
1043 5243 1078 5298 lis
1093 5251 1210 5312 argento
1225 5242 1356 5307 obductis,
1372 5251 1400 5295 et
1414 5240 1559 5296 similibus.
1603 5240 1748 5311 Praecipua
1761 5240 1845 5312 digui-

206 5319 290 5373 nimis
304 5320 444 5390 prolixum
460 5330 532 5377 esset
546 5338 700 5385 recensere;
722 5328 846 5394 excepto,
861 5324 941 5395 siqua
954 5325 1008 5379 sint
1044 5329 1086 5376 tas
1107 5323 1135 5375 iu
1154 5339 1189 5376 eo
1211 5330 1261 5384 est,
1280 5323 1351 5393 quod
1375 5338 1470 5375 summ
1493 5320 1587 5391 ignem
1609 5322 1751 5384 susdneat,
1766 5335 1843 5392 quem

206 5399 359 5467 composita
372 5401 525 5456 istiusmodi
539 5402 646 5472 pridem
654 5402 806 5456 observata.
1044 5401 1140 5471 nequit
1161 5410 1321 5474 argentum:
1342 5403 1370 5455 id
1392 5410 1482 5456 sutem
1504 5418 1540 5455 ex
1561 5409 1669 5456 aarum
1689 5399 1844 5472 praetentis

248 5478 455 5534 Observandum
474 5498 565 5551 porro,
589 5496 711 5552 numqua
729 5480 784 5537 duo
804 5481 924 5548 metalla,
948 5499 1009 5553 quse
1045 5482 1137 5549 oritur,
1152 5498 1208 5537 nou
1221 5481 1379 5552 inusuejus
1392 5481 1503 5538 omnino
1515 5481 1638 5552 positum
1652 5489 1702 5537 est.
1744 5479 1841 5550 Neque
