3800 5875
52 290 120 347 Cas.
139 291 178 346 ll.
571 288 623 346 DE
643 286 869 347 adamanta
890 290 1165 351 sctuttrtasurt.
1624 299 1682 355 41³

52 450 87 504 At
113 448 185 503 illud
212 454 289 503 recte
316 446 492 519 praecipitur,
525 452 542 480 ‘⁴
555 447 634 508 Quod
659 464 730 503 nunc
757 448 849 516 instat,
886 451 957 521 quod
971 451 994 506 si
1008 468 1059 507 uec
1073 452 1208 524 inaliqua
1221 452 1331 509 omnino
1350 458 1428 525 parte
1446 454 1487 510 rei
1509 453 1614 511 harere
1632 467 1682 513 aut

50 529 195 599 agamus.’'
885 530 1031 585 consistere
1053 530 1196 602 possimus,
1210 538 1268 587 tum
1281 549 1346 588 rero
1364 532 1399 587 ad
1417 531 1501 588 adum
1524 535 1681 606 quempiam

88 606 247 662 Secundum
261 615 430 677 praeceptum
443 612 491 671 est,
505 613 535 660 ut
547 621 700 669 caveamus,
714 620 750 658 ne
763 605 848 659 animi
886 605 1001 683 (praeter
1018 608 1199 685 destinatum)
1213 613 1295 666 tinem
1314 628 1426 683 operam
1443 613 1595 684 impensam
1615 615 1678 670 flac·

50 684 374 759 qusdammagnitudiue,
384 693 412 739 et
424 684 599 756 praefidentia,
610 684 646 737 ad
655 684 743 755 magis
756 684 848 750 ardus,
885 693 992 752 tamus;
1012 689 1055 743 sin
1068 706 1118 744 nec
1132 690 1161 744 in
1174 690 1303 760 praesenti
1317 692 1437 762 aliquem
1452 692 1569 747 fructum
1586 693 1679 749 deme·

49 784 129 838 quam
142 782 198 836 par
211 772 261 829 est,
277 764 412 819 feramur:
432 780 501 818 neve
515 765 544 818 in
557 763 700 817 adversum
714 763 790 817 fluvii
804 780 847 817 re·
886 773 943 819 tere
957 783 1094 837 queamus,
1105 769 1200 823 saltem
1210 769 1313 841 aliquid
1321 787 1357 824 ex
1366 787 1400 824 ea
1408 770 1593 837 extrahamus,
1608 773 1680 844 quod

48 848 193 916 migemus.
235 843 377 915 Optimum
394 843 467 898 enim
480 841 624 898 consilium
640 841 713 897 circa
726 841 848 896 fortunas
885 844 913 897 in
927 845 1046 900 futurum
1063 848 1164 917 prosit:
1186 849 1210 902 si
1224 847 1374 904 veronihil
1394 849 1481 914 solidi,
1500 868 1551 906 nec
1564 850 1594 904 in
1607 869 1678 923 prm·

50 925 210 980 bominum:
885 925 955 978 senti
977 940 1026 979 nec
1046 924 1076 980 iu
1098 926 1189 981 futuro
1208 927 1271 982 inde
1296 927 1394 982 elicere
1414 929 1500 994 detur,
1521 938 1678 1002 satagamus

260 1057 384 1105 ¹⁴-12no
394 1055 488 1113 see»
499 1055 631 1117 vesus
884 1003 1678 1159 :tltl÷tttl}.:5lltttlsttttlintizi

49 1162 310 1234 Circumspiciamus
334 1164 363 1219 iu
385 1179 479 1218 omnes
497 1171 595 1233 partes,
616 1169 644 1218 et
665 1163 846 1229 observemus,
884 1160 1028 1232 exigendo,
1051 1163 1147 1233 quibus
1167 1170 1271 1220 constet
1289 1182 1339 1220 nos
1359 1165 1460 1220 fructus
1480 1166 1591 1238 aliquid,
1615 1166 1677 1237 plns

48 1259 98 1313 qua
111 1260 159 1296 res
180 1250 302 1314 pateant,
322 1259 378 1314 qua
394 1241 494 1297 clausae
508 1249 535 1297 et
548 1243 691 1297 obstructas
712 1242 774 1306 sint,
791 1259 847 1313 qua
883 1240 1027 1306 minusca
1039 1242 1154 1314 singulis
1168 1243 1319 1299 actionibus
1330 1251 1357 1299 et
1370 1245 1491 1299 consiliis
1505 1247 1603 1300 nostris
1617 1263 1676 1316 per·

47 1321 191 1391 proclives,
202 1340 265 1394 quas
275 1322 382 1386 arduae3
403 1338 493 1393 neque
500 1322 602 1377 viribus
615 1322 726 1386 nostris,
734 1321 781 1376 ubi
792 1338 846 1376 non
883 1320 1006 1389 cepisse:
1027 1339 1115 1392 neque
1129 1323 1186 1376 ullo
1204 1322 1283 1377 modo
1298 1324 1484 1394 permittendo,
1500 1333 1529 1379 ut
1547 1334 1676 1397 tanquam

46 1408 118 1471 patet
139 1402 234 1456 aditus
255 1401 421 1464 commodus,
436 1400 587 1455 abutamur.
628 1402 689 1455 Hoc
706 1400 730 1454 si
749 1399 846 1455 feceri·
883 1399 988 1454 confusi
1003 1416 1036 1456 ac
1050 1401 1212 1457 constemati
1226 1402 1347 1457 animum
1362 1402 1438 1456 illico
1451 1403 1674 1473 despondeamus,

46 1497 110 1545 mus
128 1488 157 1535 et
172 1497 192 1534 a
210 1480 320 1550 repulsa
341 1497 392 1534 nos
409 1480 543 1534 immunes
561 1480 756 1549 praestabimus,
772 1487 799 1533 et
815 1480 845 1533 in
883 1477 991 1534 siforte
1005 1497 1118 1553 scopum
1139 1479 1319 1552 principalem
1338 1498 1393 1536 uon
1411 1480 1519 1536 licuerit
1532 1484 1674 1553 attingere.

45 1561 164 1631 negotiis
179 1560 297 1631 singulis
310 1559 393 1613 nimis
406 1558 453 1612 diu
463 1575 518 1612 nou
531 1558 703 1622 haerebimus,
715 1565 742 1612 et
755 1558 845 1613 mode-
882 1556 964 1611 Nihil
985 1559 1058 1615 enim
1070 1559 1161 1614 minus
1181 1561 1307 1615 convenit
1320 1561 1378 1615 viro
1397 1561 1517 1630 politico,
1533 1579 1614 1633 quam
1628 1562 1675 1617 uni

45 1640 158 1694 rationis
178 1638 289 1693 laudem
310 1637 519 1709 reportabimus,
533 1644 560 1691 et
573 1639 715 1708 pauciores
729 1638 845 1692 offende-
883 1636 922 1689 rei
936 1638 1017 1692 unice
1030 1656 1091 1695 esse
1105 1639 1249 1695 intentum.
1292 1639 1343 1701 Qui
1357 1640 1432 1694 enim
1443 1640 1497 1694 hoc
1511 1641 1585 1707 facit,
1600 1658 1676 1696 occa·

46 1735 111 1784 mus,
133 1726 164 1773 et
185 1719 302 1789 denique
323 1717 462 1772 felicitatis
481 1717 637 1788 opinionem
657 1716 842 1788 acquiremus,
882 1714 1311 1786 sioneminnumerarumjacturs
1318 1718 1507 1784 mulctabitur3
1523 1721 1675 1791 quaerebas

46 1798 106 1852 dum
122 1816 188 1870 quae
203 1806 299 1868 sponte
319 1797 433 1851 fortasse
452 1803 582 1850 eventura
602 1796 726 1860 subrent,
743 1802 844 1851 uostrae
881 1795 996 1866 agendis
1014 1814 1051 1852 ex
1063 1797 1175 1868 obliquo
1194 1797 1356 1852 intervenire
1376 1796 1471 1861 solent,
1486 1816 1599 1871 quaque
1620 1801 1675 1855 for-

45 1876 450 1947 iudustriaeacceptaferentur.
881 1880 953 1929 tasse
972 1876 1062 1948 magis
1084 1877 1187 1932 fuerint
1206 1876 1331 1947 propitier
1350 1884 1379 1933 ct
1397 1879 1545 1933 commodae
1565 1878 1675 1933 adalia

80 1953 844 2027 Tertiumpraeceptumcumproximepraecedeutenon·
881 1969 942 2023 quas
966 1962 1060 2024 postea
1081 1956 1143 2011 usui
1165 1955 1256 2011 futura
1277 1956 1339 2020 sint,
1357 1972 1439 2028 quam
1452 1956 1487 2011 ad
1508 1974 1548 2022 ea,
1565 1974 1626 2029 quse
1645 1958 1674 2013 in

45 2035 112 2090 mhil
126 2052 256 2107 pugnare
264 2034 351 2089 videri
365 2034 464 2105 possit;
485 2034 557 2097 licet,
568 2032 651 2104 probe
665 2032 842 2098 intellectum,
880 2033 1004 2089 manibus
1027 2033 1185 2090 habeamus.
1234 2034 1352 2106 ideoque
1378 2034 1448 2088 bene
1475 2035 1622 2092 calleamus
1644 2036 1675 2091 il-

46 2115 166 2169 minime„
212 2113 285 2168 Illud
305 2113 462 2182 hujusmodi
482 2120 541 2177 est;
563 2119 593 2166 ut
612 2112 768 2166 occasiones
787 2128 843 2167 non
880 2110 935 2165 lam
962 2114 1094 2185 regulam,
1118 2114 1214 2169 “Hac
1242 2121 1349 2185 oportet
1375 2112 1474 2179 facere,
1495 2122 1525 2169 et
1551 2114 1599 2169 illa
1620 2132 1675 2171 non

46 2211 152 2265 semper
167 2201 353 2264 expectemus,
369 2193 417 2247 sed
431 2208 477 2247 eas
491 2191 652 2262 quandoque
665 2207 842 2261 provocemus
881 2191 1031 2248 omittere.''

46 2273 224 2328 etducamns.
265 2272 344 2334 Quod
352 2272 434 2326 etiarn
442 2272 529 2325 innuit
538 2269 753 2333 Demosthenen
769 2287 843 2342 mag·
920 2270 1034 2328 Sextum
1050 2280 1094 2329 est
1113 2280 1286 2345 preceptum,
1308 2279 1340 2327 ut
1357 2288 1409 2327 nos
1428 2272 1467 2328 rei
1489 2271 1571 2329 alicui
1592 2274 1676 2328 nimis

46 2353 217 2423 niloquentia
231 2352 364 2424 quadam:
386 2350 451 2405 “Et
465 2350 692 2421 quemadmodum
705 2357 843 2419 receptum
881 2352 1061 2422 peremptorie
1075 2369 1130 2408 non
1145 2353 1342 2424 astringamus:
1364 2368 1530 2423 quamquam
1543 2353 1619 2407 casui
1632 2353 1674 2407 si·

46 2440 135 2496 estut
150 2433 304 2487 exercitum
315 2430 396 2485 ducat
409 2430 563 2500 imperator,
578 2429 617 2484 sic
628 2430 769 2483 scordatis
778 2428 843 2483 siris
880 2429 983 2494 deatur,
998 2432 1086 2501 primo
1109 2432 1214 2496 intuitu,
1235 2432 1324 2485 minus
1346 2431 1478 2486 obnoxia:
1499 2432 1547 2485 sed
1568 2448 1676 2502 semper

47 2529 85 2567 res
102 2513 176 2582 ipsae
190 2511 330 2575 ducendae,
344 2516 373 2565 ut
391 2527 451 2581 qum
470 2509 538 2580 ipsis
553 2508 683 2573 videntur,
697 2525 730 2563 es
744 2524 842 2580 geren·
881 2507 1036 2575 habeamus,
1052 2511 1096 2566 rel
1109 2511 1253 2565 fenestram
1267 2516 1391 2580 apertam
1405 2509 1440 2564 ad
1451 2510 1617 2576 evolandum,
1631 2511 1675 2566 vel

47 2600 102 2656 tur;
125 2598 154 2645 et
163 2591 284 2660 nonipsi
297 2589 424 2661 persequi
438 2596 552 2643 eventus
562 2595 669 2643 tantum
681 2588 841 2660 cogantur.”
880 2588 1013 2657 posticum
1023 2589 1134 2662 aliquod
1148 2596 1281 2644 secretum
1291 2588 1327 2643 ad
1341 2588 1513 2644 redeundum

47 2670 166 2734 Etenim,
176 2669 359 2742 sidiligenter
369 2667 623 2734 attendamus,duas
633 2666 842 2732 observabimus,
921 2667 1071 2738 Septimum
1086 2676 1261 2740 preceptum,
1269 2674 1311 2722 est
1317 2668 1458 2738 antiquum
1468 2668 1537 2723 illud
1550 2668 1658 2724 Biantis
1666 2692 1674 2734 t

47 2766 145 2822 easque
160 2750 357 2820 discrepantes,
368 2748 582 2818 specieseorum,
593 2747 638 2819 qui
653 2747 734 2801 rebus
749 2763 844 2818 geren·
882 2746 962 2801 modo
974 2763 1029 2803 nou
1048 2748 1082 2802 ad
1101 2747 1251 2819 perfidiam,
1265 2746 1314 2801 sed
1327 2746 1362 2800 sd
1375 2748 1528 2802 caudonem
1542 2754 1570 2802 et
1582 2749 1676 2803 mode·

47 2829 85 2883 dis
98 2837 128 2883 et
142 2829 266 2899 negotiis
286 2827 433 2882 tractandis
447 2843 526 2896 pares
538 2826 698 2880 habeantur.
738 2825 795 2880 Alii
809 2825 844 2880 ai·
881 2825 1013 2881 rationem
1036 2826 1210 2882 adhibeatur:
1232 2831 1249 2857 “
1261 2825 1298 2879 Et
1314 2842 1388 2880 ames
1402 2831 1531 2896 tanquam
1545 2827 1676 2882 inimicus

48 2909 156 2980 quidem
171 2907 366 2963 occasionibus
380 2905 519 2962 commode
536 2906 626 2962 sciunt
638 2905 686 2970 uti,
704 2904 752 2960 sed
772 2903 844 2960 nihil
882 2905 986 2961 futurus
1002 2912 1030 2960 et
1047 2906 1135 2961 oderis
1154 2914 1283 2978 tanquam
1303 2907 1468 2960 amaturus.”
1509 2906 1584 2961 Nam
1604 2906 1676 2962 utili·

49 3004 81 3043 er
99 3005 130 3042 se
147 2988 309 3051 moliuntur,
330 2994 378 3041 aut
400 2985 575 3057 excogitant;
597 2985 643 3039 alii
663 2986 713 3039 toti
732 2989 794 3039 sunt
814 2985 844 3039 in
882 2992 952 3040 tates
966 3001 1087 3058 quasque
1096 2986 1195 3040 mirum
1209 2987 1238 3039 iu
1251 2984 1368 3049 modum,
1377 2985 1469 3055 prodit
1477 2992 1505 3040 et
1518 2986 1674 3055 corrumpit,

48 3067 238 3131 machinando,
250 3066 295 3138 qui
310 3065 474 3130 occasiones,
483 3082 543 3137 quta
551 3073 700 3135 opportune
713 3064 843 3129 incidunt,
882 3065 981 3136 siquis
1003 3065 1118 3120 nimium
1139 3081 1168 3119 se
1186 3064 1350 3119 immerserit
1363 3063 1492 3119 amicitiis
1511 3063 1675 3130 infelicibus,

48 3163 100 3201 non
113 3146 261 3217 arripiunt.
302 3146 408 3200 Harum
422 3143 580 3198 facultatum
594 3144 687 3208 altera,
700 3142 844 3198 alterinon
882 3143 1003 3198 molestis
1016 3150 1044 3198 et
1056 3143 1172 3199 turbidis
1188 3142 1266 3208 odiis,
1281 3150 1328 3198 aut
1340 3143 1491 3213 puerilibus
1505 3151 1533 3198 et
1550 3142 1675 3198 futilibus

48 3226 202 3293 conjuncta,
211 3241 310 3279 manca
324 3224 433 3278 omnino
444 3231 470 3277 et
478 3222 639 3293 imperfecta
648 3222 784 3277 censenda
793 3230 842 3278 est.
882 3223 1109 3278 aemulationibus.

86 3306 219 3367 Quartam
233 3313 275 3359 est
285 3309 465 3375 preceptum
485 3309 516 3356 ut
528 3301 600 3355 nihil
613 3301 799 3372 suscipiamus,
812 3301 843 3355 in
922 3302 991 3357 Hmc
1005 3300 1124 3374 exempli
1136 3301 1197 3356 loco
1207 3300 1279 3356 circa
1292 3300 1440 3356 doctrinam
1453 3300 1487 3355 de
1498 3299 1602 3355 ambitu
1612 3300 1677 3354 vita

50 3399 223 3453 quonecesse
234 3380 409 3453 sittemporis
417 3381 563 3452 plurimum
575 3381 729 3446 insumere3
750 3397 843 3435 serum
882 3381 1035 3435 sufficiente
1055 3381 1123 3437 illud
1137 3381 1210 3434 enim
1223 3380 1380 3435 hominibus
1393 3380 1422 3434 in
1440 3379 1600 3434 memoriam
1613 3379 1676 3433 sub-

48 3471 77 3517 ut
88 3461 241 3518 versiculus
253 3461 302 3515 ille
316 3478 410 3515 aurem
426 3477 534 3530 semper
546 3459 666 3515 sedicet:
881 3460 945 3514 inde
965 3460 1144 3515 reducendum
1172 3467 1221 3522 est,
1244 3458 1325 3529 longe
1352 3459 1454 3522 abesse,
1479 3465 1510 3513 ut
1533 3457 1676 3512 adumbra-

882 3539 971 3593 tiones
985 3539 1052 3604 istae,
1067 3540 1164 3611 quibus
1180 3539 1280 3593 utimur
1291 3537 1321 3592 in
1334 3537 1500 3603 desideretis,
1514 3535 1575 3591 loco
1591 3538 1677 3604 iusto-

883 3635 943 3673 rum
956 3626 1117 3674 tractatuum
1137 3626 1284 3689 ponantur;
1305 3618 1354 3672 sed
1373 3617 1428 3671 sint
1440 3615 1607 3671 solummodo
1620 3623 1677 3669 tan·

87 3703 187 3775 Neque
197 3702 253 3756 alia
266 3702 359 3756 subest
371 3717 460 3766 causa,
472 3719 520 3755 cur
533 3701 561 3766 ii,
572 3702 618 3774 qni
632 3700 845 3771 professionibus
883 3714 965 3769 quam
979 3697 1090 3753 scheda
1103 3706 1149 3752 aut
1163 3696 1284 3761 fimbriis,
1299 3696 1443 3768 exquibus
1457 3696 1490 3751 de
1502 3696 1557 3750 tela
1569 3695 1678 3766 integra

52 3781 200 3845 laboriosis,
215 3788 263 3835 aut
279 3781 360 3836 rebus
378 3781 513 3835 similibus
534 3797 562 3835 se
577 3780 746 3844 addixerunt,
761 3779 844 3834 veluti
881 3776 1016 3844 judicium
1029 3777 1088 3831 fieri
1108 3775 1201 3847 possit.
1242 3777 1341 3849 Neque
1361 3792 1454 3830 rursus
1467 3775 1505 3829 ita
1518 3774 1675 3845 desipimus,

50 3859 235 3928 jureconsulti,
258 3868 386 3925 oratores,
407 3860 528 3931 theologi
550 3860 693 3924 doctiores,
715 3859 846 3914 librorum
883 3862 914 3910 ut
933 3856 1068 3910 fortunam
1086 3856 1189 3926 absque
1209 3861 1291 3920 tanto,
1311 3861 1442 3924 quantum
1459 3853 1587 3917 diximus,
1601 3852 1677 3908 moli·

53 3940 204 4010 scriptores,
219 3946 248 3993 et
260 3938 427 4008 hujusmodi,
436 3939 466 3993 iu
478 3939 587 3994 fortuna
601 3955 651 3993 sua
660 3938 847 3993 constituenda
883 3935 957 3989 mine
971 3935 1082 3990 minime
1100 3935 1190 4004 parari
1209 3950 1369 3988 asseramus.
1408 3932 1497 3987 Probe
1517 3933 1591 3987 enim
1604 3931 1677 3986 novi·

54 4020 275 4089 etpromosenda
288 4020 377 4073 minus
391 4019 446 4072 sint
460 4017 581 4083 solertes,
597 4035 678 4090 quarn
692 4018 765 4090 qnod
778 4027 846 4072 tem·
884 4031 952 4079 mus,
967 4030 1028 4069 eam
1051 4026 1179 4085 tanquam
1203 4021 1300 4084 sponte
1320 4012 1350 4066 in
1369 4012 1503 4083 gremium
1524 4010 1678 4081 aliquorum

54 4114 116 4166 pore
127 4098 212 4170 (alias
220 4097 325 4152 scilicet
336 4098 485 4167 insumpto)
493 4096 619 4168 indigent
626 4097 660 4151 ad
673 4096 847 4167 particularia
884 4093 1021 4148 defluere:
1042 4092 1090 4147 alii
1105 4101 1196 4147 autem
1216 4109 1277 4146 eam
1294 4090 1439 4162 diligentia
1453 4090 1511 4145 sols
1524 4097 1551 4144 et
1566 4090 1679 4145 assidui·

54 4178 244 4245 pernoscenda,
256 4177 472 4247 opportunitates
486 4177 641 4247 captandus,
654 4186 683 4231 et
695 4175 845 4242 machinas,
884 4180 940 4227 tate
956 4172 1093 4242 (cautione
1112 4170 1244 4226 nonnulla
1263 4168 1387 4241 aspersa)
1402 4170 1503 4241 absque
1521 4177 1579 4223 arte
1594 4167 1679 4224 multa

55 4272 113 4325 qna
127 4256 161 4309 ad
177 4256 312 4311 fortunam
326 4272 403 4310 suam
417 4263 548 4327 spectent,
563 4254 805 4310 comminiscendas
818 4261 848 4308 et
884 4259 932 4306 sut
939 4268 1060 4321 operosa,
1070 4250 1264 4321 adipiscuntur.
1304 4250 1408 4303 Verum
1424 4249 1494 4303 sicut
1506 4248 1610 4313 Cicero,
1620 4265 1679 4302 ora·

54 4335 229 4391 meditandas.
271 4335 426 4395 Quinetiam
445 4334 475 4389 iu
498 4334 568 4388 aulis
591 4335 743 4406 principum
763 4340 789 4389 et
807 4350 847 4388 re-
885 4337 971 4385 torem
985 4330 1134 4399 perfectum
1147 4329 1308 4400 depingens,
1321 4344 1376 4383 non
1390 4328 1418 4383 id
1432 4327 1496 4393 vult,
1506 4335 1536 4382 ut
1546 4327 1677 4382 causidici

55 4412 220 4484 buspublicis
234 4429 282 4468 eos
295 4415 424 4484 reperias,
438 4420 467 4468 et
479 4413 513 4467 ad
529 4414 664 4468 fortunam
684 4430 762 4468 suam
784 4430 847 4484 pro·
885 4410 985 4481 singuli
1007 4409 1075 4465 tales
1096 4425 1156 4463 esse
1177 4409 1302 4473 debeant,
1323 4414 1371 4461 aut
1389 4407 1512 4477 possint,
1533 4423 1565 4461 ac
1578 4424 1678 4471 rursus,

55 4494 219 4558 movendam,
234 4503 262 4548 et
276 4492 311 4547 ad
323 4493 439 4547 aliorum
454 4493 640 4556 invadendam,
655 4493 773 4547 maxime
787 4492 846 4546 effi·
885 4489 955 4543 sicut
966 4488 995 4542 in
1016 4488 1139 4559 principe
1156 4495 1203 4541 aut
1217 4486 1307 4542 aulico
1323 4486 1499 4541 describendo
1513 4486 1600 4557 (quod
1611 4502 1679 4540 non·

54 4587 138 4637 moes,
152 4573 199 4643 qui
212 4571 290 4627 nullo
309 4571 419 4642 publico
439 4588 549 4626 munere
571 4572 736 4643 funguntu13
758 4570 805 4625 sed
818 4571 847 4624 iu
885 4568 953 4622 nulli
981 4569 1148 4622 tractandum
1172 4567 1362 4637 susceperunt)
1385 4565 1510 4622 modulus
1532 4566 1677 4637 effingitur,

55 4648 115 4715 hoc,
128 4652 161 4706 de
180 4669 235 4723 quo
255 4651 401 4722 loquimur,
421 4651 525 4705 ambitu
541 4651 603 4706 vitas
617 4657 749 4721 perpetuo
766 4666 847 4704 occu·
885 4664 996 4717 prorsus
1010 4646 1158 4702 secundum
1172 4645 1239 4701 artis
1252 4646 1454 4716 perfectionem,
1468 4662 1523 4700 non
1537 4653 1628 4699 autem
1638 4661 1680 4699 ae·

55 4737 157 4797 pontem
885 4727 1002 4781 cundum
1013 4727 1161 4796 practicam
1171 4724 1325 4796 vulgatams
1345 4725 1419 4779 idem
1430 4734 1459 4779 et
1468 4741 1519 4779 nos
1527 4725 1555 4778 in
1566 4723 1680 4795 politico

95 4807 218 4868 Quintum
228 4817 270 4863 est
279 4817 462 4880 preceptum
477 4814 637 4863 utnaturam
650 4808 848 4879 quodammodo
884 4805 1042 4860 instruendo
1068 4804 1259 4875 prestitimusr
1291 4802 1401 4874 politico
1423 4801 1563 4879 (inquam)
1590 4802 1681 4874 quoad

56 4887 196 4953 imitemur,
216 4905 278 4960 quae
295 4887 369 4942 nihil
392 4887 458 4941 facit
478 4886 585 4943 fmstra.
628 4888 659 4941 ld
683 4888 754 4958 quod
776 4887 848 4941 iactu
886 4884 1022 4938 fortunam
1036 4884 1182 4954 propriam.

55 4980 110 5019 non
123 4969 170 5021 erit
177 4967 322 5022 admodum
337 4966 455 5031 difficile,
466 4966 612 5038 siuegotia
621 4975 713 5020 nostra
727 4966 847 5020 omnium
924 4963 1079 5028 Enimvero,
1093 4962 1161 5017 illud
1175 4962 1268 5033 utique
1283 4962 1453 5026 monendum,
1465 4967 1609 5033 precepta,
1619 4977 1680 5031 qum

57 5061 181 5113 generum
195 5047 282 5119 perite
300 5047 524 5101 commisceamus
541 5053 570 5100 et
588 5054 771 5100 contexamus.
815 5045 847 5098 ln
885 5042 1038 5097 circahanc
1052 5058 1109 5096 rem
1122 5040 1273 5112 delegimus
1287 5048 1316 5095 et
1327 5042 1525 5112 proposuimus,
1540 5038 1631 5093 omnia
1645 5055 1681 5093 ex

58 5124 168 5195 siugulis
181 5127 256 5180 euim
271 5124 427 5180 actionibus
440 5125 479 5178 ita
493 5125 599 5179 animus
613 5133 655 5179 est
667 5123 848 5178 instituendus
886 5138 986 5192 genere
1001 5137 1094 5175 eorum
1108 5137 1176 5186 esse,
1185 5121 1330 5192 quaebonte
1344 5127 1416 5174 artes
1426 5127 1562 5173 vocantur.
1603 5116 1682 5178 Quod

59 5209 85 5254 et
100 5205 298 5275 preparandus,
313 5213 396 5275 atque
414 5203 578 5258 intentiones
591 5210 689 5257 nostras
709 5202 771 5257 sliae
785 5202 848 5256 aliis
886 5200 960 5254 enim
974 5199 1008 5253 ad
1023 5199 1109 5254 malas
1122 5209 1194 5254 artes
1208 5201 1319 5264 attinete
1341 5200 1364 5253 si
1378 5199 1439 5269 quis
1452 5195 1637 5253 Machiavello
1651 5213 1681 5251 se

59 5281 254 5338 mbstemandae
268 5294 296 5339 et
318 5281 543 5347 subordinandae3
568 5291 600 5336 ut
617 5281 640 5336 si
659 5282 688 5335 in
707 5282 801 5351 aliqua
819 5298 849 5335 re
886 5279 991 5334 dederit
1005 5277 1229 5349 indisciplinam,
1245 5278 1292 5350 qui
1312 5279 1438 5348 proecipit
1451 5277 1577 5330 virtutem
1591 5276 1681 5345 ipsam

60 5361 111 5412 voti
124 5373 260 5433 compotes
273 5362 302 5417 in
313 5377 422 5416 summo
432 5362 516 5433 gradu
528 5361 585 5415 fieri
596 5377 651 5415 uon
662 5361 850 5431 possumus,in
886 5375 939 5412 non
955 5375 1119 5429 magnopere
1134 5357 1289 5421 curandam,
1304 5356 1352 5412 sed
1365 5364 1467 5410 tantum
1482 5355 1600 5425 speciem
1615 5355 1682 5423 ejus,

59 5441 170 5496 secundo
189 5452 281 5497 tamen
301 5441 385 5496 hceat
404 5441 559 5506 consistere,
573 5442 629 5496 imo
643 5440 687 5495 vel
707 5441 736 5495 in
749 5440 848 5506 terti03
886 5438 915 5493 in
935 5437 1076 5508 publicum
1096 5454 1219 5493 versam:
1241 5436 1307 5507 quia
1321 5435 1427 5490 virtutis
1448 5434 1522 5489 fama
1542 5443 1569 5489 et
1589 5434 1683 5506 opinio

148 3592 224 3641 “Sed
233 3593 296 3655 fugit
304 3593 400 3650 interea,
409 3592 471 3654 fugit
479 3592 631 3654 irreparabile
641 3596 758 3654 tempus”
