3800 5875
235 298 294 353 4⁰0
755 300 805 357 DE
826 298 1052 355 AUGMENTIS
1073 298 1351 355 scinnrtsaun.
1694 295 1757 351 Lis.
1779 295 1861 350 vul.

235 466 338 521 rentur,
365 475 421 513 non
447 457 481 512 de
502 457 572 526 jure,
594 457 643 511 sed
665 457 699 511 de
721 458 840 529 negotiis
859 459 1030 530 omnigenis:
1066 456 1170 511 ciosam
1197 456 1333 528 quandam
1365 454 1550 510 defensionem
1582 454 1717 519 meditari,
1741 472 1809 510 cum
1836 456 1863 510 in

235 537 365 593 velutide
381 537 439 591 tilia
451 536 590 601 elocsnda,
604 537 661 591 sire
675 536 709 591 de
727 536 786 592 filio
804 538 951 602 educando,
972 538 1029 592 aiva
1067 544 1196 606 promptu
1219 535 1291 590 nihil
1315 534 1436 589 habeas:
1456 535 1526 588 adeo
1544 540 1576 588 ut
1600 534 1734 603 optimum
1755 551 1864 605 semper

234 617 269 671 de
283 617 387 686 praedio
400 616 556 681 coemendo,
571 615 605 669 de
621 624 767 680 contractu,
787 617 969 682 accusatione,
984 617 1029 671 de·
1067 614 1156 679 luerit,
1171 614 1273 685 aliquid
1292 616 1320 670 in
1340 614 1491 685 praesentia,
1506 619 1534 667 et
1547 630 1563 667 e
1576 630 1606 666 re
1620 622 1696 677 nata,
1709 613 1738 668 in
1752 630 1864 668 excusa·

235 695 425 761 sensione,aut
439 695 711 766 aliaquacunquere,
727 696 1028 766 quarinvitacommnni
1067 694 1168 748 tionem
1181 696 1221 748 tui
1235 694 1376 749 adducere.
1409 692 1510 756 Tertio,
1525 699 1555 746 ut
1568 693 1616 747 liat
1628 709 1740 763 prorsus
1753 710 1864 763 respon

234 773 405 829 interveniat
445 774 490 829 Ex
510 791 565 845 quo
586 773 681 845 liquet,
700 775 873 845 prudentiam
893 776 1029 847 quandem
1067 772 1124 828 sio:
1152 774 1301 843 responsio,
1323 774 1442 843 inquam,
1469 788 1524 826 non
1547 786 1623 825 mera
1650 772 1798 834 confessio,
1821 783 1863 827 aut

234 870 296 909 esse
310 852 453 909 consilium
474 853 563 919 dandi,
578 855 661 908 etism
677 854 707 908 in
720 855 838 925 negotiis
856 856 978 926 privatis,
993 872 1029 909 ex
1066 867 1142 907 mera
1153 852 1306 916 submissio,
1318 851 1365 906 sed
1379 850 1482 922 aliquid
1496 849 1630 921 apologia
1639 859 1668 904 et
1680 853 1863 905 excusationis

233 932 380 988 universali
401 950 491 987 rerum
510 931 631 987 civilium
649 933 806 1004 cognitione
820 940 848 988 et
860 934 1029 1004 experientia
1066 932 1254 1002 inspergatur:
1276 947 1363 1002 neque
1387 931 1462 984 enim
1486 929 1567 983 aliter
1590 936 1679 984 tutum
1696 942 1745 989 ,est
1768 931 1862 994 sacen,

234 1019 456 1082 promanantemr
478 1028 539 1082 qum
561 1023 721 1068 exerceatur
744 1013 853 1082 quidem
873 1013 904 1067 in
921 1014 1028 1068 casibus
1065 1010 1119 1064 nisi
1144 1011 1216 1080 apud
1239 1011 1351 1080 ingenia
1368 1008 1447 1063 valde
1467 1025 1600 1080 generosa
1620 1017 1648 1062 et
1670 1011 1861 1080 magnanima;

234 1090 449 1160 particularibus,
463 1091 722 1147 extrahaturautem
736 1109 772 1146 ex
785 1091 906 1163 generali
916 1107 1028 1147 casuum
1067 1107 1127 1161 qum
1138 1106 1199 1143 rara
1213 1089 1356 1143 admodum
1371 1094 1441 1142 sunt.
1485 1087 1613 1158 Sequitur
1630 1090 1785 1158 posteriore
1797 1088 1861 1151 loco,

234 1170 416 1226 consimilium
428 1171 626 1226 observatione.
668 1171 714 1227 Sic
728 1171 802 1226 enim
816 1172 938 1226 videmus
951 1173 982 1226 in
995 1189 1029 1226 eo
1067 1176 1097 1224 ut
1108 1170 1248 1238 responsio
1262 1168 1299 1223 sit
1311 1166 1409 1233 mollis,
1419 1167 1531 1222 minime
1545 1167 1689 1238 prmiracta
1700 1177 1860 1238 autaspers.

234 1248 311 1315 libro,
326 1266 408 1321 quem
426 1250 461 1305 ad
481 1251 594 1305 fratrem
615 1251 773 1321 conscripsit
792 1251 823 1312 Q
839 1251 936 1305 Cicero
955 1257 971 1283 ‘⁴
985 1251 1027 1306 De

233 1329 365 1397 petitione
387 1329 543 1386 consulatus
551 1331 567 1358 '⁹
597 1330 691 1401 (quem
718 1329 828 1385 unicum
852 1347 869 1383 a
892 1330 1028 1385 veteribus

234 1406 375 1473 habemus,
399 1422 531 1480 quantum
552 1409 672 1475 memini,
699 1416 841 1464 tractatum
863 1410 896 1463 de
916 1410 1028 1480 negotio
1105 1406 1121 1432 “
1135 1400 1234 1455 Serva!
1247 1400 1365 1472 prudent
1383 1400 1566 1455 d⁰min⁸bil⁰1
1578 1400 1607 1454 51¹
1621 1399 1712 1456 filium
1731 1401 1860 1467 millum

233 1485 326 1557 aliquo
340 1488 509 1559 particulari)
523 1505 677 1561 quanquam
691 1489 727 1543 ad
743 1488 886 1544 consilium
900 1489 1027 1553 dandum,
1066 1486 1095 1534 tt
1106 1480 1239 1551 ptrtletur
1252 1480 1440 1535 hoertdittiem
1453 1481 1525 1534 inter
1537 1479 1662 1534 ΜΝ

233 1564 267 1621 de
281 1584 310 1620 re
325 1574 382 1622 tum
401 1569 537 1638 praesenti,
551 1569 723 1639 potissimum
745 1577 889 1638 spectaret,
909 1568 1028 1639 plurima

232 1652 324 1700 tamen
342 1648 474 1702 contineri
494 1648 633 1702 axiomata
653 1647 772 1717 politica,
793 1666 853 1719 qum
873 1663 926 1701 non
946 1664 1027 1702 usum

232 1724 320 1780 solum
327 1726 528 1795 temporarium,
536 1727 583 1781 sed
591 1744 715 1781 normam
726 1727 860 1797 quandam
869 1735 1027 1797 perpetuam
1106 1730 1138 1785 ln
1157 1731 1231 1785 omni
1250 1730 1356 1785 familia
1377 1730 1484 1785 turbata
1502 1737 1532 1785 et
1550 1728 1678 1794 discordi.
1692 1746 1808 1801 semper
1818 1746 1859 1784 er·

232 1804 305 1857 circa
332 1803 477 1860 electiones
502 1805 648 1875 populares
676 1806 860 1876 prescribant.
912 1806 946 1859 ln
975 1806 1027 1861 hoc
1064 1810 1137 1881 urgit
1151 1810 1250 1880 aliquis
1264 1826 1365 1874 servus,
1380 1817 1428 1864 aut
1444 1807 1556 1864 humilis
1569 1809 1683 1873 amicus,
1698 1817 1858 1880 praepotens,

233 1900 334 1953 genere
347 1894 440 1938 autem
459 1884 531 1938 nihil
549 1886 692 1947 invenitur,
707 1885 778 1956 quod
791 1884 848 1939 ullo
863 1886 943 1939 modo
956 1902 1027 1938 com·
1065 1891 1112 1961 qui
1125 1905 1176 1959 pro
1189 1889 1290 1943 arbitro
1304 1905 1334 1944 se
1347 1896 1431 1959 gerat,
1443 1888 1478 1941 ad
1491 1888 1553 1943 lites
1567 1887 1681 1943 familiar
1694 1905 1858 1958 componen-

232 1963 384 2033 parandum
397 1964 433 2017 sit
447 1980 509 2017 cum
523 1963 688 2034 aphorismis
706 1963 770 2028 illis,
786 1980 854 2034 quos
872 1964 958 2018 edidit
977 1982 1028 2019 rex
1065 1969 1132 2034 dasr
1153 1969 1259 2040 cuique,
1278 1984 1312 2023 eo
1327 1968 1445 2033 nomine,
1459 1975 1488 2022 et
1501 1966 1607 2021 familia
1624 1975 1683 2021 tota
1697 1976 1727 2021 et
1740 1968 1858 2023 dominus

233 2040 378 2106 Salomon;
399 2042 433 2096 de
448 2058 502 2114 quo
516 2050 629 2098 testatur
642 2043 782 2112 Scriptura
796 2048 812 2075 “
825 2060 873 2097 cor
886 2043 927 2097 illi
943 2042 1027 2098 titisse
1064 2047 1124 2117 ipse
1146 2047 1202 2101 sint
1219 2047 1339 2103 obnoxii.
1381 2046 1439 2111 llle,
1452 2048 1476 2101 si
1489 2062 1566 2101 suam
1580 2063 1639 2101 rem
1654 2054 1732 2117 aget,
1751 2047 1859 2103 familie

232 2119 317 2175 instar
339 2138 430 2175 arente
448 2122 566 2176 maris:”
582 2122 654 2176 sicut
671 2123 745 2175 enim
763 2138 853 2177 arente
872 2122 956 2177 maris
968 2123 1028 2176 uni·
1065 2125 1137 2180 mela
1150 2127 1224 2181 fovet
1237 2136 1265 2180 et
1278 2133 1428 2197 aggravat3
1449 2126 1492 2180 ain
1512 2125 1603 2180 tidelis
1622 2142 1721 2180 revera
1742 2126 1859 2182 fueritet

232 2215 325 2254 versas
343 2200 418 2254 orbis
441 2217 503 2255 oras
524 2200 690 2265 circundant,
704 2202 743 2254 ita
763 2210 792 2254 et
814 2202 949 2271 sapientia
968 2201 1027 2269 ejus
1064 2205 1178 2277 integer,
1200 2205 1348 2276 plurimum
1365 2214 1439 2260 certe
1466 2214 1601 2260 meretur:
1622 2205 1693 2259 adeo
1722 2216 1755 2259 ut
1781 2208 1859 2262 etism

232 2279 324 2332 omnia
346 2278 473 2344 humana,
487 2295 541 2333 non
555 2280 651 2345 minus,
672 2297 753 2352 quam
772 2280 865 2334 divina
884 2280 1028 2350 complexa
1064 2290 1193 2354 tanquam
1206 2286 1277 2340 inter
1289 2285 1385 2339 fratres
1399 2284 1495 2339 haberi
1507 2282 1612 2348 debeat,
1628 2292 1676 2339 aut
1689 2282 1792 2341 saltem
1805 2304 1860 2357 pro·

232 2366 282 2411 est.
326 2358 358 2411 In
379 2358 544 2429 aphorismis
562 2377 628 2414 cero
654 2359 717 2426 illis,
743 2368 842 2429 prater
863 2360 917 2414 alia
938 2362 1027 2430 magis
1064 2364 1231 2419 curationem
1246 2363 1411 2420 hereditatis
1425 2363 1549 2433 accipere
1562 2363 1748 2419 fiduciariam.

233 2434 395 2507 theologica,
409 2438 530 2508 reperies
543 2437 649 2509 liquido
661 2438 735 2494 haud
748 2456 835 2509 pauca
848 2447 986 2510 praecepta
999 2447 1028 2494 et

232 2516 335 2570 monita
348 2516 440 2571 civilia
454 2517 687 2588 prestantissima,
701 2536 738 2573 ex
757 2518 896 2589 profundis
917 2519 1027 2590 quidem

232 2594 374 2664 sapientire
382 2597 566 2666 penetralibus
576 2599 756 2662 scaturientia,
765 2605 845 2669 atque
854 2598 882 2651 in
893 2597 1027 2668 amplissi-
1105 2605 1121 2631 ⁸⁴
1134 2598 1185 2653 Vir
1210 2597 1328 2668 sapiens,
1351 2597 1376 2653 si
1400 2615 1462 2654 cum
1488 2596 1573 2652 stulto
1599 2597 1783 2663 contenderit,
1808 2599 1860 2653 sire

232 2690 305 2729 mum
320 2676 456 2731 venstatis
470 2692 597 2748 campum
612 2679 789 2732 excurrentis.
817 2677 950 2738 Quoniam
962 2693 1027 2732 vero
1064 2678 1203 2743 irascatur,
1216 2678 1274 2732 sive
1288 2678 1382 2742 rideat,
1395 2693 1450 2731 non
1463 2677 1584 2732 inveniet
1596 2677 1753 2748 requiem.”

232 2753 354 2808 doctrina
371 2756 405 2809 de
423 2756 610 2810 occasionibus
631 2757 733 2827 sparsis
751 2759 825 2828 (qua
843 2757 972 2811 doctrinm
992 2757 1025 2811 de

231 2834 350 2904 negotiis
362 2836 454 2906 portio
464 2843 505 2890 est
519 2836 605 2905 prior)
618 2836 688 2890 inter
697 2836 849 2891 desiderata
863 2837 1025 2905 reponimus,

232 2928 268 2968 ex
281 2930 354 2968 more
363 2921 456 2969 nostro
467 2914 604 2987 paulisper
613 2916 642 2970 in
653 2914 701 2970 illa
711 2915 930 2971 immorabimur:
942 2925 1025 2987 atquc
1105 2912 1251 2969 Monemur
1264 2911 1372 2982 sapius,
1385 2918 1417 2966 ut
1429 2926 1605 2982 congressum
1620 2909 1761 2982 imparem
1774 2910 1858 2984 lugia·

232 2993 387 3063 exemplum
410 2994 539 3063 ejusdem,
562 3013 598 3050 ex
619 2995 782 3066 aphorismis
803 2997 860 3049 sive
888 2996 1026 3066 parabolis
1065 3010 1142 3058 muer
1162 3010 1196 3047 eo
1209 2986 1344 3057 iensune
1366 3008 1427 3045 cum
1441 2990 1591 3061 potioribus
1605 2990 1790 3046 decertem
1825 2991 1858 3044 lt

232 3069 287 3126 illis
309 3074 462 3127 Salomonis
483 3074 663 3145 desumptum,
689 3091 878 3146 proponemus.
927 3076 1026 3145 Neque
1064 3072 1138 3126 haud
1161 3071 1251 3126 minin
1273 3070 1340 3126 utile
1367 3079 1408 3124 est
1430 3068 1569 3134 monitum,
1583 3069 1658 3141 quod
1683 3070 1732 3124 hie
1753 3071 1858 3124 exhibet

232 3152 377 3222 veroquis,
392 3162 421 3206 ut
434 3152 665 3217 arbitramur‚nos
679 3156 777 3209 merito
790 3153 919 3225 sugillare
933 3155 1026 3222 possit,
1066 3151 1200 3215 Salomon,
1224 3152 1269 3205 Ne
1293 3166 1356 3204 cum
1377 3149 1491 3219 indigno
1512 3149 1724 3206 contendamus.
1769 3150 1858 3220 Iniqua

232 3230 306 3299 quod
324 3233 554 3301 exscriptoribus
575 3233 666 3288 Sacrae
688 3233 835 3303 Scriptura
852 3233 972 3304 aliquem
991 3231 1027 3288 ad
1065 3231 1138 3284 eninr
1156 3245 1265 3299 prorsus
1279 3237 1351 3283 sorte
1372 3228 1431 3282 haec
1451 3244 1495 3281 res
1512 3228 1680 3300 bensigitur.
1725 3230 1857 3301 Siquidem

231 3325 340 3364 sensum
359 3310 500 3380 politicum
524 3311 680 3367 trahamus:
703 3313 829 3383 equidem
848 3313 981 3376 existimo,
1002 3313 1026 3366 si
1065 3310 1089 3364 ai
1112 3308 1264 3378 superiores
1286 3308 1379 3372 simus,
1394 3306 1471 3361 nulla
1488 3307 1610 3378 sequitur
1631 3310 1766 3374 victoria,
1786 3309 1857 3363 sisu

232 3396 356 3443 extarent
370 3391 555 3446 commentarii
568 3390 608 3445 illi
624 3392 776 3446 Salomonis
791 3392 920 3459 ejusdem,
931 3392 965 3445 de
980 3408 1027 3446 na·
1064 3406 1198 3459 peremur,
1212 3403 1312 3458 magna
1325 3387 1481 3458 indignitas.
1522 3386 1620 3458 Neque
1631 3386 1714 3455 juvat
1730 3389 1857 3451 etiamin

231 3475 292 3522 tura
306 3485 395 3523 rerum
404 3466 450 3544 (in
464 3470 561 3540 quibus
573 3477 588 3502 ‘⁴
599 3472 632 3525 de
646 3471 719 3525 omni
734 3470 889 3542 vegetabili,
904 3487 1027 3526 amasco
1065 3467 1220 3536 hujusmodi
1234 3467 1404 3521 contentione
1419 3465 1579 3528 exercenda,
1594 3465 1772 3522 siinterdum
1781 3466 1856 3520 reluti

231 3563 314 3617 super
333 3565 440 3602 murum
454 3548 490 3602 ad
508 3550 618 3604 cedrum
632 3549 757 3615 Libani,”
778 3551 898 3621 itemque
916 3550 949 3604 de
970 3551 1027 3604 ani.
1065 3564 1114 3618 per
1125 3548 1216 3615 jocum
1225 3561 1347 3617 agamus,
1356 3545 1562 3600 interdumcum
1576 3545 1689 3600 iastuet
1698 3557 1855 3618 contemptu.

232 3625 356 3692 malibus,
371 3625 549 3703 conscripsit)
563 3646 618 3684 non
637 3629 763 3685 illicitum
783 3646 851 3692 esse,
868 3646 915 3684 eos
933 3646 1027 3685 secun·
1066 3627 1139 3681 Nam
1149 3642 1317 3697 quocumque
1332 3642 1382 3679 nos
1389 3633 1534 3688 vertamus,
1547 3623 1668 3679 leviores
1683 3626 1750 3680 iude
1764 3627 1856 3681 efficie-

231 3704 294 3759 dum
309 3724 419 3761 sensum
429 3708 580 3763 naturalem
589 3709 773 3779 interpretari:
788 3709 859 3779 quod
869 3708 1027 3764 idemnohis
1065 3721 1235 3775 munusque
1256 3703 1395 3759 commode
1416 3720 1466 3759 uos
1486 3702 1698 3774 explicabimus.
1742 3705 1856 3760 Pessime

231 3784 313 3839 liceat
325 3785 353 3839 in
367 3785 496 3855 politicis.
1065 3793 1153 3839 autem
1165 3785 1203 3847 fit,
1216 3783 1406 3852 sihujusmodi
1417 3798 1539 3854 persona,
1548 3798 1668 3852 quacum
1675 3785 1857 3839 contendimus

1066 3862 1112 3938 (ιιι
1135 3863 1263 3918 Salomon
1284 3858 1419 3936 loquitur)
1444 3861 1548 3932 aliquid
1568 3861 1651 3916 affine
1676 3862 1780 3917 habeat
1800 3880 1857 3917 eum

232 3958 390 3998 axaurnurs
416 3960 566 4000 eoamonrs
586 3960 741 4001 oocraraa
762 3963 801 4001 oa
820 3961 1025 4002 occesroruaus
1065 3942 1163 4007 stultor
1185 3941 1237 3997 hoc
1252 3950 1301 4007 0⁸12
1317 3941 1583 3996 ⁸i¹il⁸¹¹dfl⁰¹²¹11⁸0i
1597 3945 1773 3999 temerarium

232 4055 253 4080 ·.
271 4037 392 4088 arsacis,
418 4041 453 4079 ax
474 4040 628 4080 rsasnoms
649 4041 800 4087 cuicuinus
822 4042 985 4082 ssmuortrs.

1363 1307 1507 1346 Panaenus
1528 1307 1560 1346 11.

1373 1619 1549 1661 urniorum.

1359 2505 1505 2544 esmona
1526 2505 1568 2544 111.

1373 2816 1547 2856 ΠΡΗΟΑΤΙΟ.

1355 4081 1497 4120 PABABOLA
1517 4081 1556 4120 w.

538 4164 682 4203 ”⁸³⁸⁰ss
702 4166 721 4204 ¹·
1104 4181 1121 4207 “
1135 4176 1189 4230 Sed
1202 4184 1231 4230 et
1248 4175 1352 4231 cunctis
1365 4175 1542 4240 sermonibus,
1554 4175 1601 4247 qui
1616 4175 1755 4242 dicuntur,
1768 4193 1803 4231 ne
1816 4192 1856 4227 ae·

377 4262 393 4287 ⁴¹
408 4255 503 4312 Mollis
517 4258 660 4329 responsio
673 4257 777 4330 frangit
787 4259 885 4313 iram.”
1064 4256 1219 4310 commodes
1232 4272 1325 4310 aurem
1340 4265 1465 4317 tuamne
1476 4254 1542 4310 torte
1552 4254 1647 4310 audias
1662 4272 1774 4311 servum
1789 4265 1857 4309 tuum

1064 4335 1270 4390 maledicentem
1284 4335 1359 4389 tibi.”

537 4396 714 4436 exentcarro.

294 4486 323 4499 ·.
490 4489 498 4504 .
577 4490 583 4503 .
622 4489 657 4503 ..
821 4490 827 4503 .
862 4491 868 4505 .
1377 4458 1551 4500 nxrucsrro.

271 4484 301 4540 St
316 4486 476 4541 incendatur
488 4505 529 4542 rra
543 4490 723 4560 pnncrptsvel
738 4506 885 4561 supenons
898 4492 1026 4547 adversus

231 4573 266 4628 te,
280 4573 308 4619 et
330 4574 385 4621 tute
401 4567 460 4635 jam
484 4568 538 4622 sint
558 4568 687 4641 loquendi
710 4578 809 4641 partes,
831 4570 885 4625 duo
903 4571 1028 4642 praecipit
1104 4570 1159 4628 Vix
1172 4571 1245 4626 credi
1258 4570 1351 4641 possit,
1365 4571 1449 4626 ritem
1463 4577 1592 4643 quantum
1603 4571 1748 4642 perturbet
1757 4571 1855 4626 inutilis

232 4643 379 4700 Salomon:
403 4646 517 4702 alterum
543 4656 574 4703 ut
601 4649 648 4703 fiat
677 4650 826 4720 responsio,
853 4651 969 4705 alterum
996 4657 1026 4705 ιιι
1064 4649 1207 4705 curiositas
1217 4649 1422 4715 circaillasres,
1437 4668 1497 4722 qua
1510 4657 1603 4705 nocua
1613 4650 1768 4705 intersunt:
1783 4650 1856 4705 nimi·

231 4724 327 4779 eadem
347 4726 384 4779 sit
410 4726 510 4782 mollis.
552 4727 633 4782 Prius
661 4730 779 4782 continet
801 4730 854 4783 tria
879 4739 1024 4799 praecepta.
1065 4747 1132 4794 rum,
1146 4729 1254 4800 quando
1267 4739 1373 4785 secreta
1385 4730 1435 4785 illa
1451 4730 1545 4785 rimari
1559 4730 1723 4801 satagimus,
1742 4748 1804 4802 qua
1816 4730 1855 4782 dr·

230 4802 333 4868 Primo,
347 4813 378 4859 ut
391 4822 488 4860 caveas
501 4823 517 4860 a
531 4806 640 4862 silentio
654 4807 725 4861 tristi
739 4816 766 4862 et
780 4809 946 4864 contumaci:
959 4808 1027 4864 illud
1065 4817 1135 4864 tecta
1149 4809 1298 4863 etinventa
1307 4810 1493 4881 egritudinem
1502 4808 1611 4880 quidem
1626 4810 1721 4864 animo
1734 4810 1853 4866 inierant¹

231 4883 305 4937 enim
327 4892 374 4938 aut
391 4885 500 4954 culpam
523 4893 606 4940 totam
632 4887 661 4941 in
683 4893 709 4941 te
729 4887 834 4958 recipit,
856 4905 887 4941 ac
911 4888 935 4941 si
955 4887 1027 4944 nibil
1065 4887 1099 4941 ad
1113 4883 1226 4942 consilia
1239 4897 1330 4944 autem
1344 4888 1513 4960 expedienda
1530 4887 1601 4942 nihil
1619 4888 1726 4956 jurent.
1768 4889 1854 4944 Primo

231 4960 341 5027 habeas,
358 4965 429 5036 quod
443 4965 605 5035 respondere
626 4966 730 5036 possim
756 4974 803 5020 aut
821 4967 960 5022 dominum
980 4984 1026 5021 oc·
1065 4967 1137 5022 enim
1165 4969 1286 5039 sequitur
1312 4967 1397 5022 animi
1423 4967 1531 5022 vexatio
1545 4975 1574 5022 et
1599 4967 1771 5039 inquietudo,
1798 4983 1854 5020 eum

230 5041 311 5097 cultm
321 5042 475 5113 iniquitatis
486 5043 633 5109 insimulat,
642 5061 673 5098 ac
682 5045 705 5098 si
714 5062 793 5100 aures
801 5048 867 5115 ejus,
875 5047 1027 5102 defensioni
1064 5046 1185 5101 humana
1198 5048 1292 5101 omnia
1304 5047 1425 5118 perfidie
1438 5057 1466 5101 et
1479 5045 1684 5118 ingratitudinis
1699 5047 1783 5117 plena
1795 5047 1852 5100 sint.

230 5120 295 5176 licet
312 5123 401 5190 justae,
416 5139 472 5176 non
489 5131 622 5192 paterent.
663 5124 794 5188 Secundo,
809 5134 840 5181 ut
856 5143 954 5181 caveas
967 5143 984 5179 a
997 5144 1027 5182 re
1066 5125 1391 5196 Adeout,sicomparari
1404 5125 1488 5196 possit
1501 5123 1642 5195 speculum
1652 5124 1854 5196 aliquodmagi·

230 5200 502 5272 comperendinanda,
527 5218 617 5272 neque
643 5210 750 5273 tempus
775 5203 849 5260 aliud
874 5206 908 5259 ad
935 5206 1027 5260 defen·
1064 5222 1134 5268 cum,
1149 5206 1178 5259 in
1201 5222 1254 5276 quo
1278 5206 1340 5260 odia
1360 5212 1388 5260 et
1408 5220 1573 5278 quaecunque
1594 5211 1692 5259 contra
1710 5222 1761 5259 nos
1780 5201 1854 5258 ullibi

230 5280 335 5335 sionem
345 5279 482 5350 postules:
497 5280 549 5334 hoc
560 5281 815 5337 enimauteandem
830 5293 922 5340 notam
935 5285 1027 5349 inurit,
1065 5292 1275 5348 commoventur,
1290 5284 1389 5338 intueri
1408 5299 1556 5354 ροιιειιιιιι,
1570 5281 1672 5338 melius
1684 5284 1765 5337 nobis
1781 5282 1851 5342 foret,

232 5376 314 5430 quam
331 5360 407 5431 prius
422 5360 563 5432 (nimimm
581 5361 720 5415 dominum
739 5368 813 5416 tuum
828 5365 913 5418 nimia
927 5363 1027 5419 mentis
1065 5363 1089 5417 si
1103 5364 1227 5434 protinus
1241 5363 1418 5433 projiceretur
1430 5369 1457 5418 et
1470 5361 1649 5417 collideretur.
1692 5359 1851 5430 Huiusmodi

231 5439 432 5507 perturbatione
454 5439 559 5510 efferri)
580 5448 627 5495 aut
647 5438 728 5511 plane
745 5436 888 5512 significat,
902 5450 928 5497 te
946 5443 1028 5500 artifi·
1065 5442 1138 5500 enim
1158 5459 1211 5508 res,
1232 5441 1316 5500 veluti
1337 5441 1463 5498 foliorum
1483 5457 1621 5522 murmura
1643 5450 1713 5508 aunt,
1734 5449 1761 5496 et
1780 5437 1850 5495 brevi
