3800 5875
919 279 1130 338 CONTENTS.

562 514 617 554 113.
631 513 656 551 V.

1782 410 1859 445 ΡΑΘΙ

1044 481 1191 554 66661666
1206 481 1229 536 1.
1247 477 1326 540 Quod
1334 474 1447 531 laudant
1456 473 1583 529 homines
1589 479 1618 527 et
1625 470 1776 535 celebrem,

943 579 1007 614 rior
1076 568 1194 630 bonum:
1225 563 1300 636 quod
1326 561 1483 633 vituperant
1511 567 1540 614 et
1563 554 1775 629 reprehendunt,

208 648 315 720 (1661.
333 647 450 704 Partitio
461 646 592 703 docmina:
604 646 767 701 circamum
787 646 815 695 et
830 640 939 707 objecta

243 731 404 786 facultatum
431 731 530 786 anime
554 730 692 794 humane,
714 727 744 780 in
766 722 886 794 logicam
909 729 938 776 et

1794 637 1859 699 373

1078 650 1180 706 malum

1044 734 1185 790 Elenchus

244 815 371 871 ethicam.
407 813 640 885 Partitiologica,
652 812 763 866 1666166
772 805 936 870 inveniendi,
1045 818 1230 891 gophim2
1248 815 1328 878 Quod
1346 814 1430 870 eam
1449 813 1485 867 ab
1502 810 1621 867 inimicis
1637 808 1774 874 laudatur,

242 900 390 970 judicandi,
402 900 547 966 retinendi,
559 907 588 955 et
599 897 722 954 tradendi
816 932 824 948 .

211 986 280 1057 Cap.
293 986 331 1042 11.
345 985 461 1042 Partitio
468 985 623 1049 intentiore,
631 984 659 1038 in
665 979 831 1037 invectivam
838 977 937 1033 artium

245 1078 272 1126 et
284 1077 521 1140 argumentorum:
538 1067 664 1140 quodque
673 1064 750 1137 prior
756 1062 853 1117 harum
864 1061 937 1131 (qum

245 1154 360 1222 eminet)
381 1153 557 1209 desideretur.
598 1150 713 1206 Partitio
728 1146 875 1203 intentive
896 1160 938 1198 ar·

246 1237 323 1302 tium,
337 1237 366 1292 in
385 1236 583 1309 experientiam
601 1234 746 1297 literatum,
759 1237 786 1286 et
806 1244 938 1301 organum

245 1337 355 1376 novum.
391 1321 547 1377 Delineatio
559 1319 737 1390 experientia
748 1317 865 1371 literatoe

212 1404 281 1477 Cap.
296 1404 350 1460 111.
369 1404 484 1459 Partitio
502 1402 649 1459 inventiam
668 1407 896 1472 argumentorum,
908 1397 939 1451 in

246 1491 630 1564 promptuariamettopicam.
666 1487 781 1542 Partitio
791 1485 897 1557 topice,
907 1485 938 1539 in

247 1576 403 1647 generalem
415 1583 443 1631 et
454 1574 656 1648 particularem.
691 1571 856 1642 Exemplum
872 1571 941 1640 topi·

954 1312 1006 1368 355

246 1679 286 1717 cae
297 1661 478 1734 particularis,
490 1661 520 1716 in
528 1659 703 1732 inquisitione
712 1658 746 1713 de
755 1657 832 1729 grad
844 1663 873 1711 et
883 1655 936 1710 leti
953 1653 1009 1710 360
1044 1659 1184 1716 Elenchna
1254 1688 1714 1713 .....

213 1745 282 1818 Cap.
295 1747 345 1803 IV.
363 1743 704 1814 Partitioartisjudicendi,
711 1742 743 1797 in
748 1741 880 1811 judicium
888 1755 939 1811 per

246 1831 439 1896 inductionem,
463 1836 492 1884 et
515 1845 565 1899 per
588 1827 793 1898 syllogismum:
824 1840 939 1895 quorum

246 1914 323 1986 prius
336 1918 502 1984 aggregatur
516 1928 620 1982 organo
638 1927 718 1967 novo.
753 1908 869 1964 Partitio
886 1908 940 1979 pri·

247 2015 294 2053 ma
309 1997 407 2067 judicii
424 2013 475 2069 per
493 1996 689 2067 syuogtsmum,
708 1995 739 2050 in
755 1991 940 2049 reductionem

248 2088 351 2137 rectam
359 2087 387 2137 61
397 2081 542 2136 inversam
578 2077 940 2146 Partitioaecundaejus,in

248 2165 421 2237 analyticam,
435 2172 463 2221 et
472 2164 623 2221 doctrinam
634 2163 668 2220 de
680 2162 810 2219 elenchis.
853 2161 940 2217 Parti·

248 2249 288 2305 tio
298 2249 428 2305 doctrinm
446 2250 481 2306 de
498 2246 628 2313 elenchis,
640 2247 670 2302 in
689 2245 818 2302 elenchos
834 2245 940 2316 sophis-

248 2341 361 2401 matum,
372 2332 503 2389 elenchos
518 2330 675 2398 hermonim,
687 2339 715 2387 et
727 2329 857 2387 elenchos
874 2331 941 2386 ima·

248 2417 344 2490 pinum
363 2418 421 2473 siva
439 2416 582 2472 idolorum.
617 2415 733 2471 Partitio
751 2415 894 2479 idolorum,
913 2415 943 2469 in

249 2499 324 2555 idola
337 2500 431 2565 tribus,
449 2497 523 2553 idola
534 2514 640 2569 specus,
659 2503 687 2553 et
703 2496 777 2552 idola
789 2496 849 2553 fori.
885 2496 942 2569 Ap-

248 2583 353 2656 pendix
373 2584 440 2639 artis
461 2582 609 2652 judicandi,
628 2583 680 2636 vir.
700 2582 734 2637 de
752 2581 881 2653 analogia
896 2582 941 2638 de·

249 2668 474 2724 monstrationem
484 2684 534 2739 pro
544 2673 642 2722 natura
653 2667 768 2736 subjecti
870 2705 878 2722 .
957 2666 1011 2723 362

216 2753 332 2825 (1661.
351 2753 467 2809 Partitio
483 2753 550 2809 artis
567 2752 704 2808 retinendi
721 2751 780 2808 site
791 2751 940 2818 retendrte,

250 2838 281 2894 in
292 2839 442 2895 doctrinam
454 2840 489 2894 de
500 2837 673 2894 adminiculis
683 2837 828 2903 memoriae,
841 2844 870 2893 et
879 2838 942 2893 doo-

250 2923 351 2981 trinam
371 2923 405 2981 de
424 2923 557 2980 memoria
574 2921 644 2995 ipsa.
678 2921 794 2978 Poetilio
812 2921 942 2978 doctrine

250 3008 284 3064 de
296 3009 507 3080 6666161666,
518 3007 549 3063 16
560 3006 757 3078 praenotionem
768 3011 797 3062 et
807 3005 942 3062 emblema
958 3005 1011 3060 365

560 3224 615 3264 HR·
631 3225 667 3264 Vl·

217 3344 286 3417 (lap.
300 3347 322 3402 Ι.
340 3346 457 3402 Partitio
468 3345 650 3413 1666166616
660 3346 810 3403 doctrinam
822 3346 943 3418 (166666-

249 3447 287 3486 no
298 3430 441 3496 emmonis,
453 3430 605 3486 doctrinam
616 3430 650 3486 de
661 3429 790 3485 methodo
802 3428 942 3496 sermonis,

250 3524 280 3571 et
290 3516 441 3572 doctrinam
457 3515 492 3570 de
504 3515 685 3571 illustratione
701 3514 842 3571 sermonis.
877 3513 943 3570 Par·

250 3600 312 3655 titio
327 3599 456 3655 doctrine
475 3599 510 3654 de
529 3616 634 3671 organo
646 3599 788 3665 cermonia,
800 3599 831 3653 in
846 3599 944 3655 docui-

250 3699 316 3742 666
326 3682 360 3738 (16
371 3684 444 3739 notis
456 3700 556 3749 66666,
568 3683 602 3738 de
615 3683 760 3747 locutione,
774 3691 801 3738 et
813 3683 846 3738 de
859 3683 944 3755 scrip-

252 3767 344 3825 tione:
363 3784 477 3839 quaram
489 3767 550 3823 duae
561 3768 726 3839 posteriores
739 3768 944 3839 grammaticam

251 3851 426 3917 6666116661,
434 3852 547 3922 ejusque
557 3851 794 3924 partitionessunt.
829 3851 944 3908 Partitio

250 3934 382 3990 doctrinm
393 3935 427 3991 de
445 3936 518 3991 uotis
534 3952 634 4002 rerum,
646 3936 675 3990 in
690 3934 900 4008 hieroglyphice
916 3945 944 3993 et

251 4020 422 4077 characteres
439 4022 536 4077 reales.
578 4022 696 4077 Partitio
717 4023 837 4077 secunda
856 4040 944 4094 gram

251 4104 853 4176 maueamtiterariametphilosophantem.
889 4106 945 4177 Ag·

250 4187 375 4259 gregatio
386 4189 503 4259 poeseos
513 4189 603 4259 quoad
620 4196 736 4244 metrum
748 4189 783 4245 ad
794 4189 945 4245 doctrinam

251 4270 442 4327 delocutione.
478 4271 647 4344 aggregate
656 4273 786 4329 doctrine
797 4273 945 4345 deciphria

251 4355 287 4410 ad
298 4356 448 4411 doctrinam
460 4356 494 4411 de
506 4358 654 4428 scriptione
762 4398 770 4413 .
875 4398 883 4415 .
962 4358 1014 4415 366

218 4436 339 4509 06611.
357 4439 488 4495 Doctrina
500 4440 535 4495 de
553 4440 682 4496 methodo
695 4440 828 4498 sermonis
847 4444 946 4498 conati-

251 4522 336 4579 initur
354 4531 384 4578 ut
395 4540 459 4595 pars
473 4524 606 4580 traditivae
619 4525 789 4581 substantiva
800 4533 829 4581 et
846 4527 946 4598 princi·

251 4605 331 4678 palia.
367 4606 478 4663 Nomen
489 4608 516 4662 ei
527 4607 630 4663 inditur
642 4608 786 4679 prudentia
800 4609 944 4665 traditivae.

251 4689 454 4745 Enumerantur
465 4690 587 4746 methodi
599 4708 700 4763 genera
712 4691 828 4759 diversa,
843 4701 872 4748 et
884 4694 946 4749 suh-

249 4773 403 4843 junguntur
414 4790 509 4828 eorum
521 4775 662 4830 commoda
674 4782 702 4830 st
714 4775 886 4831 incommoda
963 4777 1016 4834 369

218 4856 288 4928 Cap.
302 4857 357 4912 111.
374 4858 418 4913 De
430 4857 614 4914 fundamentis
626 4865 655 4914 et
668 4859 759 4914 officio
771 4860 900 4915 doctrina
911 4861 946 4917 de

251 4941 434 4998 illustratione
442 4943 583 5009 sermonis,
591 4943 808 5000 siverhetorice.
836 4945 947 5017 Appen·

252 5026 327 5081 dices
347 5034 404 5083 trea
422 5025 575 5092 rhetorice,
595 5045 657 5098 quaa
676 5027 711 5082 ad
731 5029 946 5099 prompnarism

251 5111 440 5166 tantammodo
455 5111 609 5182 pertinent:
628 5111 736 5167 colores
754 5112 859 5168 boniet
870 5112 946 5180 mali,

252 5199 309 5249 tum
320 5195 455 5266 simplicis
474 5212 556 5268 quam
568 5196 734 5267 comparati:
752 5196 887 5253 antitheta
907 5214 948 5253 re·

252 5294 330 5342 rum:
349 5278 473 5335 formulae
484 5280 604 5335 minores
615 5280 746 5335 orationis
825 5320 832 5335 .
938 5320 945 5336 .
964 5281 1018 5342 373

217 5359 354 5433 Exempla
372 5363 494 5418 colorum
512 5364 577 5421 boni
597 5372 626 5421 et
644 5365 719 5432 mali,
736 5372 793 5421 tam
805 5365 946 5437 simplicis,

252 5462 335 5516 quam
344 5447 494 5519 comparati
598 5490 605 5504 .
714 5490 721 5504 .
827 5488 834 5504 .
939 5450 1019 5513 ,373

928 891 1008 946 -354
1079 919 1208 975 magnum
1219 902 1339 963 bonum
1358 898 1433 970 quod
1444 913 1510 952 vero
1526 894 1609 951 etiam
1628 893 1664 948 ab
1676 891 1775 948 amicis

1078 984 1296 1058 reprehenditur,
1309 998 1439 1054 magnum
1449 980 1596 1035 66166.
1701 1015 1708 1030 .
1793 973 1860 1035 373

1044 1070 1183 1126 Elenchus
1311 1098 1773 1123 .....
1795 1057 1860 1121 373

1045 1157 1193 1230 86661666
1203 1156 1229 1211 3.
1249 1153 1334 1224 Cujus
1351 1150 1470 1224 privatio
1480 1150 1561 1215 6666,
1572 1147 1601 1204 id
1612 1150 1704 1218 ipsum
1716 1162 1775 1202 ma·

1077 1242 1151 1308 lum:
1166 1242 1244 1311 cujus
1256 1237 1375 1311 privatin
1387 1236 1467 1302 mals,
1479 1235 1508 1289 id
1518 1234 1610 1306 ipsum
1620 1233 1722 1288 bonum
1796 1230 1861 1291 374

1044 1324 1184 1382 Elenchua
1253 1356 1712 1379 .....
1795 1314 1860 1375 374

1045 1408 1191 1480 Sophiama
1202 1409 1228 1462 4.
1241 1404 1320 1467 Quod
1326 1404 1400 1458 bono
1410 1408 1458 1457 aut
1467 1400 1540 1456 malo
1548 1398 1670 1454 vicinum
1681 1404 1733 1463 est,
1743 1396 1776 1452 id

1077 1493 1169 1564 ipsam
1178 1489 1274 1546 itidem
1282 1490 1385 1544 bonam
1393 1493 1440 1542 aut
1448 1484 1564 1541 malum
1576 1482 1650 1554 quod
1658 1498 1724 1538 vero
1731 1498 1777 1536 re·

1078 1582 1182 1631 motum
1189 1569 1470 1638 estabono,malum;
1481 1566 1775 1639 quodamalobonum
1795 1563 1859 1710 3374

1840 1651 1860 1701 4

1045 1743 1192 1817 Sophisma
1199 1743 1226 1798 5.
1240 1741 1407 1797 0616161666
1415 1744 1516 1810 partes,
1524 1736 1569 1792 vel
1577 1741 1665 1798 sectas,
1679 1749 1776 1788 66666-

1079 1830 1128 1884 das
1145 1825 1309 1884 unanimiter
1327 1824 1452 1880 deferunt
1474 1823 1549 1891 (cum
1566 1819 1682 1890 singulae
1699 1817 1776 1889 prin·

1079 1915 1199 1987 cipetum
1206 1912 1259 1968 sibi
1267 1910 1419 1978 vindicent)
1428 1906 1525 1963 melior
1531 1905 1645 1976 reliquis
1651 1903 1760 1958 videtur
1765 1923 1774 1968 ς

1078 2016 1143 2054 nam
1155 1998 1257 2071 primas
1275 2010 1391 2067 queque
1403 2010 1440 2048 ex
1457 1991 1517 2047 selo
1533 1990 1640 2045 videtur
1656 2003 1775 2053 sumere,

1080 2082 1212 2139 secundas
1222 2087 1313 2137 66166
1326 2095 1361 2135 ex
1372 2093 1439 2133 vero
1450 2081 1479 2131 et
1490 2074 1586 2130 merito
1605 2073 1723 2128 tribuere
1767 2111 1775 2127 .
1797 2070 1860 2132 374

1045 2165 1186 2222 Blenchus
1796 2154 1861 2218 374

1047 2249 1195 2322 66661666
1206 2248 1232 2305 6.
1251 2246 1337 2316 Cujus
1349 2242 1515 2300 excellentia
1531 2241 1576 2298 vel
1593 2240 1776 2312 exuperantia

1079 2333 1185 2399 melior,
1198 2332 1228 2387 id
1239 2337 1297 2388 toto
1309 2346 1409 2402 genere
1421 2327 1520 2384 melius
1652 2365 1659 2381 .

1046 2418 1187 2475 Elenchus
1537 2431 1544 2440 ·

1047 2504 1195 2578 Sophisma
1206 2503 1230 2566 7.
1249 2501 1327 2563 Quod
1337 2517 1395 2556 rem
1406 2499 1543 2571 integram
1550 2496 1775 2562 semtbonam:

1081 2588 1154 2660 quod
1160 2587 1339 2658 sinereceptu
1346 2591 1395 2649 eat,
1405 2583 1524 2648 malum:
1541 2581 1776 2651 namserecipere

1080 2690 1136 2729 non
1147 2689 1237 2745 posse,
1249 2670 1417 2742 impotentiae
1425 2684 1513 2741 genus
1525 2676 1579 2731 eat:
1598 2665 1720 2740 potentia
1728 2682 1778 2721 au·

1080 2767 1137 2814 tem
1148 2757 1251 2813 bonum
1315 2788 1775 2811 .....
1798 2750 1862 2813 375

1047 2843 1187 2899 Elenchus
1798 2835 1862 2899 375

1048 2927 1195 3001 Sophisme
1206 2925 1231 2982 3.
1250 2922 1328 2987 Quod
1339 2922 1402 2994 quis
1413 2921 1495 2994 culpa
1506 2937 1556 2977 sua
1564 2917 1708 2986 contraxit,
1720 2935 1779 2975 ma·

1078 3014 1125 3083 jus
1132 3011 1249 3076 malum:
1261 3008 1335 3082 quod
1343 3008 1379 3063 ab
1388 3006 1510 3063 externis
1519 3004 1676 3078 imponitur,
1685 3004 1778 3061 minus

1081 3096 1185 3152 malum

1048 3181 1187 3236 Elenchns

1049 3264 1233 3338 8661116669.
1252 3263 1360 3319 Gradus
1372 3260 1535 3333 privationis
1554 3260 1641 3329 major
1659 3259 1777 3325 videtur,

1082 3367 1165 3423 quam
1177 3349 1278 3421 gradus
1296 3346 1498 3403 diminutionis:
1517 3351 1545 3401 et
1563 3360 1657 3399 rursus
1676 3343 1779 3417 gradus

1082 3434 1247 3507 inceptionis
1258 3432 1347 3502 major
1358 3430 1473 3495 videtur,
1485 3445 1568 3502 quam
1580 3428 1681 3501 gradus
1690 3427 1780 3483 incre·

1083 3519 1169 3574 menti
1204 3551 1777 3573 ......
1800 3513 1865 3577 375

1049 3601 1188 3659 Elenchus
1800 3598 1866 3662 376

1050 3687 1197 3758 Sophisma
1211 3685 1250 3740 10.
1268 3683 1348 3746 Quod
1359 3683 1395 3739 ad
1405 3682 1548 3738 veritatem
1557 3680 1680 3747 refertur,
1688 3681 1779 3750 majos

1084 3767 1531 3843 sstqaamquodadopinionem.
1567 3765 1779 3832 Modusautem,

1084 3862 1112 3909 et
1129 3854 1255 3926 probatio
1266 3853 1334 3922 ejus,
1345 3851 1419 3922 quod
1431 3851 1467 3906 ad
1478 3849 1634 3922 opinionem
1649 3849 1779 3921 pertinet,

1084 3937 1145 3993 hec
1158 3943 1217 4003 cst;
1236 3936 1308 4009 quod
1320 3937 1391 4009 quis,
1405 3935 1430 3990 si
1442 3934 1513 3989 ciam
1525 3941 1635 4006 putaret
1646 3934 1712 3999 iore,
1724 3933 1782 3990 iac·

1085 4027 1314 4076 turusnonesset
1432 4059 1440 4075 .
1544 4056 1552 4072 .
1657 4058 1665 4072 .
1770 4057 1780 4073 .
1802 4020 1868 4084 376

1052 4103 1191 4159 Elenchua
1802 4106 1868 4168 376

1052 4187 1198 4261 Sophisma
1212 4187 1252 4243 11.
1270 4185 1349 4247 Quod
1361 4190 1482 4257 operaet
1495 4184 1596 4241 6161616
1613 4189 1706 4239 nocua
1717 4201 1781 4256 par-

1085 4280 1144 4327 tum
1157 4279 1207 4338 eat,
1219 4271 1308 4339 majus
1319 4270 1437 4334 bonum
1456 4270 1529 4341 quod
1548 4269 1585 4323 ab
1597 4268 1689 4324 alieno
1699 4269 1784 4325 6666-

1086 4358 1157 4422 ficio,
1170 4357 1215 4412 vel
1227 4358 1263 4412 ab
1279 4354 1452 4427 indulgentia
1462 4355 1577 4412 tonnae
1595 4355 1717 4411 (1616166
1729 4362 1782 4422 eat,

1086 4440 1177 4496 minus
1188 4441 1292 4495 66666
1430 4477 1438 4493 .
1544 4477 1552 4494 .
1657 4477 1665 4493 .
1770 4478 1779 4495 .
1802 4441 1868 4507 377

1052 4522 1192 4580 31666666
1260 4562 1719 4580 .....
1803 4528 1870 4593 377

1054 4607 1204 4682 Sophiama
1217 4608 1257 4664 tu
1276 4607 1355 4669 Quod
1370 4607 1544 4679 expluribus
1562 4613 1667 4663 constat
1677 4613 1706 4662 et
1714 4607 1784 4663 divi-

1086 4692 1222 4759 sibilihns,
1234 4699 1277 4748 est
1293 4692 1392 4762 majus,
1405 4708 1488 4765 quam
1499 4690 1573 4764 quod
1592 4709 1629 4746 ex
1647 4691 1798 4764 pauciori·

1086 4779 1147 4844 bus,
1159 4786 1188 4834 et
1199 4779 1288 4850 magis
1306 4796 1407 4834 unum:
1424 4795 1490 4834 666
1508 4780 1601 4835 66616
1619 4795 1670 4850 per
1688 4788 1785 4850 partes

1087 4863 1260 4919 considerata
1271 4864 1375 4934 majora
1385 4863 1531 4920 videntur:
1549 4881 1633 4935 qnare
1648 4871 1676 4918 et
1691 4864 1785 4935 plura·

1087 4944 1785 5020 Husparuummagnimdinanpraseiert3iortius

1088 5039 1179 5086 autem
1187 5040 1315 5102 operatur
1323 5032 1467 5104 pluralitas
1474 5031 1617 5104 patium,si
1624 5031 1785 5089 ordoabsit:

1087 5132 1152 5171 nam
1163 5114 1268 5170 inducit
1280 5115 1488 5171 similitudinem
1504 5116 1613 5181 infiniti,
1628 5122 1656 5172 et
1668 5115 1786 5189 impedit

1088 5197 1362 5269 comprehensionem
1489 5239 1497 5254 .
1603 5239 1609 5254 .
1716 5241 1724 5254 .
1806 5206 1872 5271 377

1054 5282 1194 5337 lilenchus
1322 5321 1786 5343 .....
1807 5291 1872 5356 377

1055 5365 1191 5437 Exempla
1202 5364 1399 5422 enfithetorum
1489 5407 1496 5422 .
1602 5409 1608 5423 .
1715 5409 1721 5423 .
1807 5375 1874 5438 378

1128 5450 1150 5505 1.
1169 5449 1309 5507 Nobilitas
1550 5491 1558 5507 .
1662 5492 1670 5507 .
1777 5497 1785 5512 ,
1807 5460 1875 5524 373

1799 3178 1864 3240 375
