3800 5875
481 1033 733 1139 OPERA
771 1031 1060 1135 CIVILIA
1100 1032 1191 1135 ET
1228 1030 1594 1134 MORALIA.

558 1658 828 1733 FRANCISCI
856 1657 1047 1731 BACONI
1076 1656 1282 1741 EQUITIS
1309 1656 1516 1742 AURATl,

438 1900 733 1959 PROCURATORIS
752 1900 922 1957 SECUNDI
940 1900 1074 1957 laconi
1095 1899 1209 1956 REGIS
1228 1899 1377 1956 MAGNAE
1394 1897 1637 1965 BRITANNIAE,

1013 2078 1054 2123 DE

698 2209 1019 2292 SAPIENTIA
1053 2208 1364 2305 VETERUM,

957 2415 1107 2493 arnna,

566 2600 618 2657 AD
640 2599 841 2657 tncnYnan
862 2598 1095 2656 ACADEMIAM
1116 2598 1494 2656 CANTABRIGIENSEM.

518 3106 860 3174 ILLUSTRlSSlMO
882 3106 996 3175 VIRO
1019 3109 1180 3176 COMITI
1203 3108 1564 3189 SARISBURIENSL

443 3301 549 3346 SUBfflO
557 3302 768 3347 Tursnunamo
781 3301 905 3351 ANGLOE
919 3303 956 3346 ET
968 3303 1173 3347 CANCELLARIO
1186 3303 1346 3347 acanum
1358 3303 1630 3349 cannanmotssnsm.

264 3510 336 3573 Qun
350 3511 495 3567 academiae
510 3510 729 3583 cantabrigiensi
744 3513 873 3578 dicantur,
888 3511 938 3567 tibi
958 3512 1020 3581 jure
1040 3512 1194 3568 cancellarii
1215 3521 1387 3578 accrescant;
1409 3531 1471 3585 quas
1494 3522 1587 3570 autem
1609 3532 1627 3568 a
1649 3531 1695 3569 me
1720 3512 1846 3586 proficisci

225 3597 338 3661 possunt
350 3591 449 3656 omnia.
465 3591 515 3646 tibi
526 3591 636 3646 nomine
651 3594 761 3663 proprio
774 3592 912 3647 debentur.
955 3592 1028 3647 Illud
1041 3594 1129 3664 magis
1142 3593 1296 3657 ridendum,
1307 3609 1372 3646 num
1385 3592 1445 3659 ista,
1459 3601 1490 3649 ut
1503 3594 1552 3647 tibi
1563 3594 1667 3658 debita,
1679 3596 1720 3648 ita
1733 3594 1813 3647 etiam
1824 3601 1847 3645 te

224 3671 309 3742 digna
321 3671 393 3727 sint:
414 3678 496 3743 atque
507 3671 578 3743 quod
592 3671 621 3725 in
635 3671 690 3727 illia
703 3672 847 3727 minimum
859 3679 908 3736 est,
920 3671 1062 3743 ingenium
1072 3673 1196 3737 auctoris,
1207 3674 1235 3727 id
1246 3680 1355 3743 propter
1365 3679 1441 3727 tuum
1454 3690 1623 3744 propensum
1637 3674 1667 3728 in
1677 3690 1723 3728 me
1734 3673 1847 3726 animun

224 3749 296 3805 nihil
318 3751 430 3816 officiet3
452 3757 550 3805 caetera
571 3750 697 3806 dedecori
719 3768 774 3805 non
797 3759 884 3807 erunt
935 3751 1010 3806 Nam
1033 3752 1057 3806 si
1081 3761 1188 3823 tempus
1211 3759 1360 3824 epactetum
1388 3752 1537 3824 antiquitas
1560 3753 1696 3823 primaeva
1721 3766 1847 3806 summam

225 3830 424 3885 venerationem
446 3830 547 3885 habet:
568 3830 593 3886 si
617 3830 729 3886 docendi
752 3831 856 3894 torma3
878 3830 1007 3901 parabola
1022 3831 1105 3886 veluti
1119 3849 1183 3886 arca
1199 3831 1323 3903 quaedam
1343 3838 1393 3894 est,
1406 3831 1436 3884 in
1458 3849 1513 3903 qua
1525 3832 1728 3903 pretiosissima
1740 3846 1846 3903 quaque

225 3910 397 3965 scientiarum
408 3910 503 3980 reponi
514 3916 726 3966 consueveruntr
747 3910 770 3965 si
782 3909 871 3981 operis
885 3910 1012 3975 mutarim
1033 3928 1067 3965 ea
1077 3910 1250 3981 philosophia
1264 3918 1314 3974 eat,
1325 3910 1388 3965 vitas
1402 3910 1506 3965 seilicet
1516 3920 1598 3983 atque
1610 3913 1713 3965 animae
1728 3910 1846 3964 humane

225 3987 307 4043 decus
317 3990 471 4046 secundum.
513 3990 568 4045 Fas
581 3989 617 4044 sit
629 3990 703 4045 enirn
715 3989 825 4056 dixisse,
838 3989 961 4062 quamvis
975 3989 1157 4062 philosophia,
1169 3991 1261 4045 seculo
1273 3995 1365 4044 nostro
1378 3989 1461 4045 veluti
1472 3991 1638 4060 perseniam
1649 4004 1846 4060 repuerascens,

226 4068 443 4124 adolescentibus
456 4076 483 4124 et
498 4069 553 4124 iere
567 4069 659 4140 pueris
673 4069 856 4141 relinquatur;
877 4086 938 4125 eam
951 4075 1042 4124 tamen
1057 4070 1176 4124 omniurn
1187 4086 1284 4133 rerum,
1299 4077 1360 4139 post
1373 4067 1542 4140 religionem,
1555 4070 1759 4140 gravissimam,
1773 4078 1845 4137 atque

225 4155 322 4200 natura
334 4148 453 4203 humana
466 4145 585 4203 maxime
595 4148 706 4220 dignam
717 4165 776 4203 esse
790 4148 871 4220 plane
881 4163 988 4203 censeo.
1027 4148 1119 4203 Etiam
1128 4148 1247 4220 politica,
1256 4149 1285 4203 in
1297 4164 1350 4219 qna
1361 4153 1387 4201 te
1397 4147 1550 4202 mirabilem
1558 4148 1666 4219 prebes
1677 4157 1707 4203 et
1718 4146 1845 4206 neurim,

225 4234 253 4279 et
266 4226 378 4292 meritis,
393 4233 419 4282 et
433 4228 626 4299 sapientissimi
649 4227 722 4299 regis
733 4228 844 4297 Judicin
859 4226 1004 4282 abeodem
1027 4226 1102 4282 sonte
1124 4235 1239 4292 emanat,
1254 4227 1365 4298 ejusque
1383 4244 1447 4298 pars
1460 4245 1562 4300 magna
1579 4235 1629 4281 eat
1672 4227 1754 4289 Quod
1772 4225 1844 4282 noui

226 4304 288 4369 ista,
302 4322 363 4375 quae
377 4306 468 4371 affero,
483 4306 594 4377 vulgata
613 4323 672 4362 esse
685 4306 841 4362 videantur:
862 4314 934 4361 certe
956 4305 1020 4378 quid
1038 4307 1184 4374 effecerim,
1194 4306 1328 4377 judicium
1346 4323 1436 4361 meum
1449 4323 1505 4361 non
1519 4314 1574 4370 est;
1595 4306 1625 4360 id
1642 4315 1739 4361 tamen
1748 4314 1846 4361 secutur

226 4398 294 4447 aum,
309 4391 346 4448 ut,
360 4384 510 4451 manifesta,
525 4394 553 4440 et
566 4385 695 4451 obsoleta,
709 4395 736 4441 at
749 4386 822 4441 locos
835 4402 991 4440 communes
1004 4393 1202 4456 preterieetus,
1213 4385 1316 4457 aliquid
1326 4385 1408 4440 etiam
1418 4386 1454 4440 ad
1466 4387 1530 4442 vitre
1540 4384 1626 4441 ardua
1635 4392 1663 4442 et
1677 4385 1846 4441 scientim

226 4478 326 4516 arcana
338 4463 483 4518 conteram.
523 4464 609 4520 Erunt
622 4465 712 4536 itaque
723 4466 814 4537 captui
828 4463 932 4536 vulgari
945 4464 1084 4536 vulgaria:
1105 4464 1229 4522 altiorem
1241 4472 1333 4520 autern
1343 4464 1509 4520 intellectum
1522 4466 1637 4521 fortasse
1650 4482 1708 4520 nou
1722 4464 1845 4524 amant

227 4541 274 4596 sed
288 4542 377 4611 potius
393 4544 436 4610 (ut
454 4546 547 4613 spero)
562 4545 712 4600 deducent:
739 4560 833 4600 verum
854 4544 919 4598 dum
932 4542 997 4598 huic
1012 4546 1088 4615 operi
1102 4545 1264 4616 dignitatem
1276 4543 1433 4599 nonnullam
1447 4553 1568 4599 astrrrera
1581 4561 1675 4610 conor,
1690 4544 1765 4617 quod
1778 4544 1811 4598 ad
1823 4551 1844 4594 te

226 4620 346 4675 dicatum
359 4621 408 4686 sit;
430 4621 580 4690 perieulum
594 4631 642 4689 eat,
653 4640 688 4678 ne
701 4624 841 4679 modestiae
854 4625 922 4678 fines
936 4630 1079 4689 transeam,
1093 4641 1155 4679 eum
1169 4641 1186 4678 a
1199 4641 1243 4679 ms
1254 4623 1292 4678 sit
1304 4632 1467 4695 susceptum
1508 4624 1551 4678 Tu
1562 4641 1628 4678 vero
1640 4623 1713 4679 illud
1726 4631 1844 4694 tanquan

226 4700 326 4773 pignus
340 4701 453 4755 affectus
464 4717 531 4771 erga
543 4709 569 4756 te
583 4703 645 4767 mei,
659 4710 686 4757 et
699 4702 886 4768 observantias,
896 4710 924 4757 et
935 4702 1020 4756 animi
1035 4703 1153 4758 maxime
1167 4703 1256 4758 devoti
1268 4703 1394 4774 accipies,
1409 4703 1489 4775 eique
1502 4703 1661 4774 prmaidium
1677 4703 1798 4758 nominis
1813 4700 1844 4753 tui

226 4779 375 4850 imperties.
415 4777 503 4840 Quare
517 4796 579 4835 cum
592 4788 631 4836 tot
643 4787 671 4837 et
684 4788 760 4837 tanta
777 4782 923 4848 aaronem,
936 4790 1059 4853 tempora
1080 4782 1241 4838 tuadiutius
1261 4797 1316 4837 non
1332 4782 1474 4848 morabon
1504 4782 1552 4837 sed
1577 4783 1659 4838 finem
1681 4782 1790 4848 faciam,
1803 4777 1843 4834 uhi

227 4859 319 4915 felicia
332 4858 424 4915 omnia
436 4867 629 4932 comprecatus,
643 4867 672 4917 et
684 4869 815 4934 perpetuo
828 4862 942 4917 summa.

982 5009 1054 5077 libi,
1068 5017 1097 5067 et
1110 5009 1200 5067 studio
1212 5025 1269 5077 suo,
1284 5016 1312 5065 et
1324 5009 1464 5066 benefiffia
1478 5008 1533 5066 tuis
1545 5009 1774 5076 devinctissimus,

1559 5157 1644 5216 ΓΒΔ.
1665 5155 1842 5216 alconus
