3800 5875
612 303 797 360 HISTORIA
817 303 934 360 DENSI
955 304 1004 360 Et·
1025 304 1128 361 RARI.

52 471 127 519 amnt
139 462 266 535 alligati;
287 479 350 534 quae
364 459 472 516 vincula
485 462 595 517 inventa
608 469 672 517 sunt
684 462 854 527 intumuisse,

53 557 78 599 ut
97 547 240 615 portiones
258 541 368 596 illorum
388 558 425 596 ex
446 541 584 612 lapidibus
604 543 760 611 penderent,
775 542 855 612 quasi

53 640 177 677 verrucae.
219 622 319 676 Utrum
331 638 397 675 vero
410 621 464 675 hoc
483 621 565 676 inerit
578 621 669 675 auctio
688 621 804 692 plumbi,
820 638 855 675 an

53 702 192 774 pullulatio
206 701 315 765 vitrioli,
329 700 482 771 inquiratur
496 701 612 770 plenius.

54 857 159 895 TABULA
180 854 428 894 BXPORRBOE'IONIS
450 856 586 894 marasim
613 855 667 894 PBR
695 854 769 893 lusu
794 853 856 892 SPA-

88 937 165 975 TIUH
194 935 260 974 SIVE
288 934 448 980 nintusuts,
478 935 510 972 IN
542 934 724 975 contentatis
754 933 856 973 usnam

89 1015 228 1053 tarsonis
250 1014 286 1052 ΕΤ
310 1014 501 1053 conatuum.

324 1114 387 1163 Dea.
401 1114 443 1163 Gr.

54 1188 184 1234 Mercuriale
215 1187 241 1233 in
266 1202 317 1233 eor·

66 1261 128 1306 pore,
150 1253 255 1305 quantus
277 1246 319 1290 im·

81 1305 128 1350 leat
138 1318 275 1349 mensuram
287 1312 320 1348 ta·

146 1377 177 1416 m,
192 1360 308 1421 ponderat

54 1449 181 1495 Plumbum
192 1448 217 1493 in
228 1461 325 1507 corpore
345 1443 379 1492 12
390 1441 447 1502 ffli-
471 1415 749 1535 {lnpffiaeffp'rffioin}
768 1444 792 1492 3.
802 1445 853 1507 (Bp.

491 1530 520 1578 ln
532 1533 629 1591 pulvere
641 1547 730 1592 prapa-

734 1550 839 1749 lw-

732 1113 796 1161 Den.
808 1112 850 1161 Gr.

348 1271 429 1320 mus.
464 1243 685 1364 sufflmgffi
704 1243 748 1350 ⁵¹¹}
768 1271 840 1320 aaa.

518 1596 568 1636 rato
596 1589 672 1649 (quali
700 1589 730 1635 ad

52 1620 300 1682 cmlb‘iwmoe
357 1615 430 1664 81⁰⁰
467 1555 483 1751 3
517 1647 646 1764 prepicpnaa
661 1654 730 1694 utun·

527 1719 555 1751 ur
579 1721 592 1750 e
612 1720 693 1765 presso

52 1764 183 1812 emunitas
198 1764 331 1824 incorpore
359 1759 429 1808 218.
461 1760 492 1807 ln
506 1763 694 1824 pulverepresso
770 1760 838 1810 Η).

52 1815 337 1939 sffiffimwm}
360 1849 429 1898 pff),
460 1848 689 1910 lnpulverapresso
765 1844 852 1907 0.16l.

768 1962 837 2011 tua

52 1938 157 2042 ffiffiffl
175 1951 276 1997 (ΝΜ
295 1936 338 2042 5¹¹}
358 1965 445 2028 ursi.
460 1964 490 2013 In
501 1964 580 2012 anea

109 2011 178 2056 nore
354 2053 363 2072 ,

52 2133 162 2172 rasum
181 2130 429 2171 BXPORRROE'IONIS
452 2130 593 2169 utnulla
614 2129 671 2169 PER
692 2130 767 2169 intus
793 2131 854 2169 SPA-

88 2213 166 2251 ΤΙΠΙ
195 2211 259 2249 SlVB
286 2210 451 2261 nlmsmt,
480 2211 512 2249 IN
542 2210 720 2250 CORPORIBUS
748 2210 854 2250 CRUDIS

88 2292 126 2331 Π
149 2290 338 2331 ntsrlttarts.

324 2393 388 2440 Dea.
400 2392 442 2440 Gr.
734 2391 799 2439 Dea.
810 2391 853 2439 Gr.

52 2468 194 2537 Sulphurin
203 2482 302 2528 corpore
352 2467 374 2514 2
405 2466 428 2514 2.
467 2464 678 2512 inoleochemico
765 2464 786 2512 1.
804 2463 838 2512 ld

1631 304 1687 360 ⁵41

895 462 1015 532 pressis:
1035 469 1065 516 ut
1077 462 1108 516 in
1120 461 1197 534 ligno
1206 476 1330 533 quercus,
1344 459 1454 531 gravior
1467 468 1510 515 est
1521 460 1589 515 einis
1609 480 1690 534 quam

894 558 994 612 corpus
1018 543 1126 612 ipsum:
1147 543 1232 596 etiam
1250 542 1279 595 in
1300 539 1456 610 pulveribus
1477 541 1552 610 ipsis,
1568 558 1621 612 quo
1634 560 1691 596 eor·

893 637 947 691 pus
961 630 1004 676 est
1018 621 1135 693 gravius,
1151 637 1184 675 eo
1197 637 1308 690 pressus
1328 621 1417 690 pulvis
1437 621 1526 674 minus
1545 619 1630 674 habet
1648 622 1691 675 di·

894 717 1018 755 mensum
1033 700 1068 754 ad
1080 717 1134 754 non
1149 717 1281 772 pressum.
1321 700 1397 755 Nam
1417 700 1448 753 in
1462 699 1618 764 levioribus,
1632 699 1691 771 pul·

893 797 988 834 verum
1002 787 1093 849 partes
1113 779 1153 834 ita
1173 796 1202 833 se
1216 786 1366 834 sustentare
1386 786 1506 850 possunt,
1524 782 1628 849 (utpote
1643 780 1690 850 qui

894 860 987 913 adrem
1009 859 1190 914 intermistum
1214 860 1303 913 minus
1327 864 1454 930 premant
1474 866 1503 911 et
1522 859 1636 926 secent)
1660 865 1691 912 ut

894 938 985 1006 pulvis
999 955 1053 993 non
1068 954 1177 1008 pressus
1194 938 1327 1008 triplicem
1349 937 1462 1008 impleat
1480 953 1635 992 mensuram
1655 937 1691 991 ad

894 1016 1035 1087 pulverem
1049 1034 1179 1087 pressum.

936 1095 964 1150 9.
984 1096 1126 1150 Distillata
1147 1096 1306 1168 plerumque
1327 1102 1506 1161 adenuantnr,
1524 1102 1553 1150 et
1571 1096 1690 1166 pondere

893 1174 1069 1241 decrescunt;
1091 1175 1139 1231 sed
1158 1175 1211 1230 hoc
1231 1176 1297 1230 iacit
1315 1177 1410 1230 vinum
1429 1174 1512 1247 duplo
1532 1175 1690 1247 plusquam

893 1263 1007 1309 acetum
1056 1256 1061 1268 ’

936 1334 961 1387 Ι.
982 1335 1073 1405 Atque
1087 1330 1231 1405 tangibilia
1244 1350 1293 1404 per
1307 1333 1426 1388 familias
1433 1332 1492 1409 jam

892 1429 974 1467 censa
994 1423 1063 1479 sunt,
1080 1422 1209 1485 tanquam
1229 1413 1327 1467 divites
1349 1421 1376 1468 et
1389 1413 1493 1484 inopes.

893 1491 991 1546 Restat
1004 1492 1090 1547 altera
1102 1492 1206 1557 classis,
1221 1492 1348 1547 videlicet
1366 1491 1606 1563 pneumaticomm.
1645 1490 1689 1544 Ea

891 1588 956 1625 vero
969 1573 1088 1640 pondere
1102 1588 1156 1626 non
1170 1572 1303 1637 dotantur,
1322 1588 1371 1642 per
1389 1573 1466 1640 cujus
1482 1572 1633 1625 incubitum
1653 1571 1687 1625 de

892 1652 1097 1721 exporrectione
1119 1652 1240 1705 materiae
1261 1651 1290 1705 in
1311 1651 1380 1721 ipsis
1402 1659 1534 1705 contentae
1555 1650 1687 1719 judicium

891 1730 949 1783 fieri
964 1731 1057 1800 possit
1093 1729 1169 1800 Opus
1180 1738 1222 1785 est
1232 1730 1316 1800 igitur
1325 1730 1379 1785 alio
1393 1731 1521 1802 quopiam
1531 1729 1686 1800 interprete.

892 1808 928 1862 At
955 1810 1080 1880 primum,
1108 1810 1214 1880 species
1240 1810 1471 1879 pneumaticorum
1504 1807 1686 1880 proponendas

891 1897 968 1951 sunt3
990 1889 1087 1943 deinde
1102 1889 1271 1960 comparatio
1285 1889 1418 1943 iacienda.

931 1966 1161 2028 Quemadmodum
1174 1969 1203 2022 in
1217 1968 1392 2038 tangibilibus
1404 1966 1534 2022 interiora
1547 1973 1633 2032 terrra
1647 1966 1688 2020 ita

892 2045 922 2101 in
936 2048 1116 2116 pneumaticis
1125 2047 1246 2102 aetherea
1256 2049 1290 2101 ad
1304 2054 1411 2118 tempus
1424 2047 1588 2117 seponimus.

933 2126 1003 2180 Sunt
1021 2128 1193 2197 pneumatica
1212 2128 1284 2197 apud
1304 2144 1355 2181 nos
1374 2126 1489 2197 triplicis
1501 2133 1623 2190 naturam
1644 2124 1687 2178 in-

892 2205 997 2271 choata,
1014 2206 1145 2272 devincta,
1159 2223 1236 2276 pura
1278 2205 1411 2261 Inchoata
1426 2213 1490 2260 sunt
1509 2205 1578 2259 fumi
1599 2205 1686 2259 omni·

892 2285 963 2356 geni,
978 2295 1059 2357 atque
1073 2302 1108 2341 ex
1122 2286 1243 2340 materiis
1256 2285 1380 2340 dirersis.
1422 2286 1524 2339 Eorum
1545 2283 1610 2339 ordo
1627 2300 1687 2338 esse

891 2365 994 2434 possit,
1015 2365 1111 2434 primo,
1126 2365 1285 2431 volatilium,
1300 2383 1361 2438 quas
1374 2364 1500 2435 expirant
1519 2381 1555 2418 ex
1569 2362 1687 2420 metallis

892 2450 970 2498 etex
982 2443 1119 2499 nonnullis
1138 2443 1286 2510 tonsillam
1308 2462 1369 2516 quae
1391 2451 1455 2498 sunt
1476 2441 1571 2516 (prout
1588 2459 1688 2498 nomen

1518 1384 1688 1428 commentatio

51 2527 324 2585 Vitriolmnincorpora
354 2523 373 2573 l.
390 2524 428 2572 22.
467 2523 558 2571 lnoleo
765 2521 786 2570 l.
801 2521 838 2569 21.

52 2586 288 2643 Vinuminoorpors
353 2582 374 2630 l.
403 2583 443 2642 24.
468 2579 621 2629 Indistillato
762 2580 785 2628 0.
801 2580 838 2629 22.

51 2644 189 2691 Acetnmin
203 2656 301 2702 corpore
355 2640 376 2688 l.
404 2641 445 2706 δι.
468 2638 498 2686 ln
509 2638 622 2686 distillata
766 2637 786 2686 l.
818 2638 838 2686 l.

894 2518 1048 2597 significat)
1066 2524 1157 2595 potius
1171 2523 1244 2576 alata
1258 2540 1339 2595 quam
1358 2523 1546 2593 pneumatica,
1569 2522 1633 2594 quia
1646 2522 1687 2577 ia·

891 2601 943 2657 cile
963 2603 1108 2657 admodum
1128 2603 1306 2674 coagulantur
1323 2603 1368 2657 vel
1387 2602 1564 2665 sublimando,
1579 2602 1623 2657 vel
1641 2618 1687 2655 ca-

891 2681 987 2746 dendo,
1001 2690 1049 2735 ant
1067 2682 1270 2754 praecipitando.
1311 2682 1442 2747 Secundo,
1464 2698 1609 2751 vaporum
1640 2681 1688 2752 qui

288 2762 315 2817 6.
337 2762 436 2816 Modus
447 2760 583 2816 versionis
593 2759 855 2831 corporisinpulve-
892 2762 1017 2832 expirant
1030 2778 1067 2817 ex
1080 2778 1150 2831 aqua
1169 2769 1196 2815 et
1216 2760 1320 2832 aqueis.
1360 2761 1460 2825 Tertio,
1474 2760 1609 2815 fumorum
1623 2762 1687 2831 (no-

251 2843 369 2906 remed
386 2843 557 2912 apertionem
578 2840 636 2894 sive
657 2841 853 2910 expansionem
891 2842 965 2895 mine
978 2841 1099 2912 generali
1112 2841 1246 2909 retento);
1268 2840 1315 2912 qni
1329 2842 1454 2912 expirant
1474 2857 1510 2896 ex
1531 2840 1687 2910 corporibus

51 2922 172 2994 corporis
187 2919 305 2978 multum
319 2920 392 2978 facit.
434 2920 583 2975 Aliaenim
597 2928 639 2975 est
652 2920 722 2975 ratio
735 2920 854 2992 pulveris
891 2921 981 2977 siccis.
1022 2921 1131 2987 Quarto,
1144 2919 1293 2987 adituum,
1315 2922 1362 2993 qni
1376 2920 1502 2991 expirant
1517 2938 1553 2975 ex
1567 2919 1686 2991 corpori-

52 3005 96 3074 qai
111 3005 142 3057 tit
156 3020 207 3073 per
222 3002 377 3073 simplicem
394 3002 590 3065 contusionem,
605 3001 663 3054 sive
684 3000 852 3067 limaturam
891 3001 941 3056 bus
956 3001 1062 3057 oleosis.
1102 3000 1210 3066 Quinto,
1222 3018 1361 3065 aurarum3
1377 3018 1438 3072 quae
1448 3000 1576 3070 expirant
1585 3016 1620 3054 ex
1631 3017 1688 3053 cor·

73 2809 196 2852 tinnitum

52 3084 104 3136 alia
123 3084 184 3151 ejus
206 3083 255 3152 qui
277 3100 328 3153 per
350 3081 580 3144 sublimationem,
601 3088 631 3135 ut
652 3080 681 3134 in
704 3081 852 3146 mercurio;
891 3081 1003 3150 poribus
1016 3080 1088 3135 mole
1102 3081 1204 3152 aqueis,
1218 3080 1579 3151 spirituinflammabilibus3
1594 3076 1688 3150 qualia

52 3164 104 3217 alia
116 3165 177 3232 ejus
192 3163 241 3233 qui
255 3179 306 3233 per
315 3178 400 3232 aquas
410 3161 493 3215 sortes
504 3167 532 3214 et
542 3160 695 3214 erasionem
708 3159 852 3228 (vertendo
891 3168 955 3215 sunt
967 3161 1039 3225 vina,
1056 3169 1083 3214 et
1095 3159 1215 3231 liquores
1229 3159 1349 3225 exaltati,
1363 3160 1421 3215 sive
1435 3167 1515 3231 potus
1528 3159 1620 3214 iortes.

53 3261 84 3296 es
99 3254 234 3313 tanquam
255 3243 286 3295 in
306 3241 473 3312 rubiginem)
497 3247 526 3294 nt
550 3239 580 3294 in
599 3255 679 3294 croco
700 3241 803 3305 martis,
827 3246 855 3294 et
934 3241 986 3295 Est
999 3248 1027 3294 et
1039 3239 1209 3311 aliudgenus
1223 3239 1372 3295 fumorum:
1394 3238 1435 3294 illi
1449 3238 1553 3295 scilicet
1573 3238 1603 3293 in
1619 3255 1687 3309 quos

53 3322 177 3376 nonnihil
199 3321 229 3375 in
250 3319 366 3389 chalybe
387 3325 552 3391 preparatam
581 3317 637 3373 alia
657 3320 716 3388 ejus
736 3320 783 3391 qui
803 3337 854 3391 per
890 3320 1002 3374 flamma
1015 3320 1123 3375 desinit.
1167 3320 1191 3374 li
1207 3336 1338 3374 veronon
1352 3327 1466 3390 possum
1487 3318 1619 3390 expirare,
1634 3318 1687 3372 nisi

53 3404 234 3465 exmtionem,
254 3408 284 3454 ut
307 3400 385 3463 cinis,
399 3399 470 3455 calx.
511 3399 608 3470 ltaque
623 3399 677 3454 ista
690 3399 853 3471 aequiparari
891 3416 927 3454 ex
954 3399 1201 3465 inflammabilibus,
1230 3415 1293 3454 cum
1319 3400 1457 3454 flammam
1480 3399 1686 3469 subsequantur.

54 3480 125 3536 nullo
139 3481 224 3536 modo
239 3480 349 3535 debent.
892 3479 953 3534 Hos
972 3479 1145 3550 post-fumos,
1165 3497 1214 3535 seu
1238 3480 1327 3535 fumos
1349 3479 1487 3543 secundos,
1509 3476 1687 3548 appellamus.

67 3603 209 3647 mm
253 3639 352 3693 tabulae
365 3639 477 3710 priores
518 3637 764 3693 Eademnmforet
778 3639 854 3693 tabu·
891 3639 1174 3704 noninllammantura
1190 3638 1402 3710 sedpost·iumi,
1415 3635 1684 3707 (nominespeeisli,)

52 3715 77 3769 la
93 3725 194 3772 exacta
213 3734 357 3789 corpomm
376 3736 440 3773 cnm
453 3718 509 3773 suis
522 3718 665 3788 aperturis,
679 3735 741 3789 qua
760 3734 854 3789 corpo
891 3718 1076 3788 post-halitus,
1091 3727 1256 3790 post-auram
1277 3718 1370 3785 etiam,
1383 3726 1414 3774 ut
1432 3718 1553 3784 arbitror,
1567 3724 1687 3787 post-vo·

55 3813 111 3852 rum
122 3796 299 3868 singulorum
307 3799 473 3871 integrorum
482 3797 602 3869 pondera
615 3798 782 3868 primo,de1n
795 3797 853 3868 pul·
891 3796 985 3863 latilia,
999 3797 1029 3852 in
1038 3798 1187 3854 nonnullis.

52 3893 143 3931 verum
166 3893 279 3933 suorum
296 3878 449 3942 crudorum,
462 3877 526 3931 dein
544 3877 673 3942 cinerum,
686 3876 810 3942 calcium,
825 3885 853 3932 et
930 3877 967 3931 At
980 3878 1151 3948 pneumatica
1164 3877 1290 3933 devincta
1303 3894 1336 3933 es
1345 3882 1414 3942 sunt,
1423 3893 1484 3947 quea
1493 3875 1555 3947 ipsa
1568 3874 1689 3930 solitaria

53 3956 208 4026 robiginum
222 3974 341 4021 suarum,
360 3958 423 4011 dein
441 3956 636 4028 malagmatum
653 3973 769 4020 suorum,
789 3956 852 4012 dein
891 3963 938 4010 aut
957 3957 1047 4012 soluta
1065 3973 1118 4011 non
1137 3958 1317 4029 reperiuntur,
1333 3956 1381 4011 sed
1402 3963 1509 4010 tantum
1529 3955 1687 4025 corporibus

52 4036 275 4092 nmficariouum
286 4054 403 4103 suarum,
417 4037 458 4105 (in
466 4037 502 4091 iis
512 4054 573 4106 quar
583 4036 781 4104 vitrificantur,)
789 4036 853 4091 dein
891 4035 1068 4107 tangibilibus
1081 4036 1200 4103 inclusa;
1222 4054 1290 4108 quos
1311 4036 1424 4107 spiritus
1443 4035 1529 4089 etiam
1547 4033 1630 4107 vulgo
1643 4051 1687 4089 vo-

52 4114 259 4171 distillstionum
281 4134 400 4181 suarum,
425 4117 488 4171 dein
510 4115 715 4171 dissolutionum
735 4131 852 4181 suarum,
891 4123 961 4170 eant.
1002 4116 1172 4186 Participant
1180 4125 1271 4170 autem
1282 4124 1309 4171 et
1317 4133 1352 4171 ex
1360 4131 1456 4186 aqueo,
1466 4121 1493 4169 et
1502 4131 1538 4168 ex
1549 4113 1648 4179 oleoso,
1660 4123 1689 4170 et

52 4196 203 4263 (subtracto
224 4198 345 4268 pondere
365 4213 451 4268 aqua,
466 4196 563 4266 inqua
581 4192 786 4264 dissolvantur>
802 4213 852 4250 nec
891 4211 927 4249 ex
948 4195 1045 4250 iisdem
1062 4196 1227 4259 nutriuntur;
1249 4212 1310 4266 quse
1329 4195 1360 4249 in
1378 4193 1579 4264 pneumaticum
1598 4211 1686 4259 versa,

53 4289 103 4328 aon
116 4274 235 4330 altarum
249 4277 397 4331 eorundem
410 4291 552 4346 corponnn
573 4273 769 4340 alterationum,
784 4291 852 4345 pou·
890 4276 1056 4330 constituunt
1074 4293 1172 4347 corpus
1191 4274 1274 4329 veluti
1293 4291 1329 4331 ex
1342 4272 1406 4329 aere
1428 4281 1456 4328 et
1469 4274 1593 4339 dammam
1613 4274 1686 4328 unde

52 4352 115 4407 ders
128 4355 295 4410 exhiberet:
315 4364 347 4410 ut
363 4354 416 4409 boc
437 4354 516 4409 modo
529 4354 563 4408 de
583 4371 724 4424 corporum
742 4362 851 4424 apertu·
891 4355 1029 4424 utriusque
1050 4356 1179 4425 mysteria
1196 4363 1266 4409 sunt.
1306 4353 1446 4409 Accedunt
1465 4361 1556 4407 autem
1576 4353 1688 4423 spiritus

53 4433 95 4496 n's,
106 4443 134 4489 et
147 4435 310 4490 menmimis
319 4442 424 4490 naturae
433 4433 575 4506 integralis
585 4433 709 4499 nexibus,
720 4432 852 4503 judicium
890 4434 935 4487 isti
950 4435 988 4506 (si
1007 4434 1042 4488 sd
1060 4434 1233 4505 pneumatica
1253 4433 1341 4488 soluta
1363 4427 1485 4504 spectes)
1508 4434 1632 4503 proxime
1652 4432 1688 4487 ad

53 4513 109 4567 lieri
122 4522 226 4585 posset.
890 4521 1016 4568 naturam
1029 4531 1161 4579 arrrarum,
1176 4513 1270 4585 quales
1284 4530 1320 4567 ex
1340 4512 1404 4567 vino
1424 4518 1471 4567 aut
1490 4510 1547 4566 sale
1565 4519 1687 4583 surgunt.

292 4595 320 4649 8.
340 4593 470 4649 Pulveres
488 4610 544 4649 non
557 4600 620 4648 sunt
633 4592 742 4664 proprie
755 4608 852 4661 corpo-
891 4591 998 4647 Horum
1013 4593 1157 4662 spirituum
1166 4601 1265 4648 natura
1277 4591 1393 4662 duplex,
1408 4590 1463 4645 alia
1472 4591 1689 4659 crudorum,alia

251 4693 313 4730 rum
333 4682 475 4744 apertura,
490 4675 554 4745 quia
574 4679 750 4743 angmentum
769 4672 851 4740 spatii
890 4672 1021 4727 vivorum.
1063 4672 1147 4727 Crudi
1170 4673 1261 4726 insunt
1281 4672 1355 4726 omni
1377 4672 1519 4743 tangibili,
1548 4671 1603 4725 vivi
1628 4671 1687 4725 ani·

52 4752 80 4805 tit
92 4770 149 4807 non
163 4772 200 4809 ex
213 4754 373 4808 dilatatione
393 4753 521 4824 corporis,
537 4753 586 4807 sed
598 4769 634 4806 ex
647 4751 852 4822 interpositione
890 4752 970 4806 matis
991 4759 1102 4816 tantum,
1124 4751 1181 4806 sire
1202 4750 1401 4823 vegetabilibus
1422 4752 1480 4805 sive
1500 4749 1684 4805 sensibilibus.

51 4831 139 4897 serim
172 4842 297 4889 attamen
317 4850 367 4903 per
387 4833 439 4887 hoe
461 4834 562 4904 optime
583 4831 689 4901 capitur
709 4830 853 4885 nsdmatio
891 4828 927 4884 At
950 4831 1124 4900 pneumatica
1146 4847 1216 4900 pura
1236 4830 1290 4885 duo
1312 4836 1417 4885 tantum
1438 4830 1618 4894 inveniuntur,
1640 4826 1688 4883 aar

51 4912 84 4966 de
98 4930 245 4984 corporum
255 4914 357 4967 unione
372 4912 506 4975 interiore,
521 4911 736 4982 aotporositste.
777 4910 852 4964 Nam
890 4917 918 4963 et
939 4910 1063 4976 flammam
1094 4908 1160 4964 licet
1179 4910 1230 4964 illa
1253 4927 1360 4981 quoque
1380 4926 1494 4980 magnas
1514 4908 1683 4963 diversitates

52 5010 106 5062 quo
126 5009 244 5063 corpora
259 5000 323 5046 sunt
340 4991 429 5063 magis
451 4992 535 5055 unita,
550 5007 583 5045 eo
603 4992 690 5060 major
709 4988 853 5043 intercedit
891 4990 1045 5055 sortiantur,
1059 4995 1088 5044 et
1100 4989 1201 5062 gradun
1215 4989 1428 5061 experrectionis
1441 4987 1598 5059 inequales.

51 5071 208 5126 differentis
220 5073 293 5126 inter
306 5072 447 5142 pulverem
460 5087 539 5125 suum
553 5079 582 5124 et
595 5086 692 5141 eorpus
705 5069 852 5140 integrum.

53 5150 140 5222 Igitur
154 5153 226 5205 mio
240 5151 346 5222 argenti
359 5149 415 5204 vivi
429 5149 505 5204 crudi
518 5149 553 5204 nd
563 5149 737 5205 ⁸ubqimatum
751 5148 780 5202 in
793 5147 853 5218 pul
890 5129 1000 5170 rasum
1020 5129 1277 5180 aasumtconutt,
1306 5128 1465 5169 SECUNDUH
1485 5125 1687 5166 ΟΟΜΙΕΝΤΑΠ·

922 5210 1011 5249 ,οΝΕΙ
1031 5210 1243 5261 OUPRADlO'l'ffl,
1263 5209 1356 5249 Protin·
1383 5207 1492 5247 osmtts
1518 5205 1688 5246 ABGBNDUNT

52 5248 113 5286 rere
128 5240 173 5285 ert
189 5229 343 5302 quincupla,
364 5229 533 5299 etamplius.
576 5229 707 5284 Rationes
727 5226 852 5298 chalybis
930 5289 968 5329 AB
989 5289 1246 5330 “mmmm
1266 5288 1413 5329 mom

52 5322 78 5363 et
98 5311 207 5383 plumbi
227 5327 281 5364 non
302 5308 450 5365 ascendunt
470 5309 505 5363 sd
525 5309 716 5381 quadruplam,
763 5306 801 5360 At
821 5307 850 5360 in

52 5391 212 5461 corporibus
231 5390 379 5445 levioribus
398 5397 427 5444 et
447 5389 560 5460 porosis,
581 5388 671 5444 laxior
690 5385 851 5460 quandoque
889 5382 1021 5439 volatilia
1047 5383 1219 5440 metallorum
1243 5388 1271 5438 et
1309 5378 1508 5435 Post-volatilis
1522 5379 1661 5451 ipsorum:

53 5478 93 5524 est
105 5470 231 5542 positura
244 5470 362 5542 portium
376 5468 405 5524 in
419 5468 540 5542 integris,
554 5485 638 5540 quam
653 5468 683 5524 in
695 5465 852 5541 pulveribus
929 5462 1082 5521 fossilium:
1309 5461 1445 5531 Vapores:

289 3560 317 3614 4.
340 3558 569 3629 Indigentisaimae
602 3564 666 3613 sunt
699 3557 755 3613 illas
789 3558 850 3614 duaa
892 3558 989 3630 Itaque
1009 3576 1065 3614 non
1086 3567 1199 3629 possunt
1220 3576 1280 3615 esse
1301 3566 1500 3630 post-vapores,
1515 3557 1579 3628 quia
1600 3573 1688 3627 aquea
1775 3628 1780 3635 ,
