3800 5875
225 240 284 295 304
743 236 793 291 DE
815 237 1041 293 AUGMENTIS
1062 236 1321 293 SCENTIARUM.
1750 232 1812 290 Ius.
1827 233 1848 288 1.

223 400 343 461 mirator,
352 403 381 452 et
401 413 468 469 erga
487 396 608 451 literatos
629 394 779 461 munificus,
793 395 1020 451 bibliothecarum
1057 397 1086 450 in
1116 396 1221 467 quibus,
1245 394 1311 450 licet
1336 408 1449 448 numero
1475 407 1563 461 pauca
1591 391 1654 455 sint,
1677 407 1741 462 qum
1765 392 1851 448 adhuc

224 479 370 541 institutor,
377 486 404 532 et
414 478 443 531 in
453 476 530 544 cujus
540 474 604 529 aula
614 474 692 543 (licet
701 475 873 545 imperatoris
883 475 1019 544 bellicosi)
1057 476 1201 545 supersint,
1216 474 1385 546 singularum
1406 472 1581 526 scientiarum
1600 469 1718 540 vestigia
1737 470 1792 525 alte
1805 472 1853 525 irn-

223 558 390 628 professores
404 563 432 610 et
445 555 609 626 paedagogos
624 555 835 624 gratiosissimus
857 555 950 619 fuisse,
966 572 1019 609 me·
1057 571 1153 623 pressa
1166 556 1296 625 reperias

223 638 317 690 morire
331 636 468 706 proditum
482 642 530 688 eat
560 633 694 688 Adrianus
707 634 907 689 curiosissimus
921 643 1019 689 morta
1098 634 1130 688 In
1143 633 1290 688 moralibus
1304 634 1461 686 observetur
1475 629 1564 700 primo
1578 628 1727 682 Alexandri
1750 629 1854 700 apcph·

223 715 300 780 lium,
315 725 342 770 et
356 714 530 786 inexplebilis
549 713 636 767 omnis
649 713 786 768 varietatis
809 723 837 767 et
859 715 957 768 secreti
979 714 1019 767 in·
1058 712 1170 783 thegma
1193 714 1265 767 circa
1289 712 1448 782 Diogenem,
1470 717 1499 763 et
1518 709 1627 762 adverte
1648 708 1685 777 (si
1706 706 1812 778 placet)
1831 711 1853 763 si

222 796 377 866 vestigator.
413 793 565 847 Antoninus
578 791 724 847 subtiliset
738 794 816 863 quasi
830 792 1018 857 scholasticus,
1057 792 1125 847 forte
1139 809 1193 847 non
1207 809 1288 847 unam
1303 809 1338 846 ex
1352 788 1521 861 gravissimis
1534 788 1729 858 questionibus
1743 788 1853 842 moralis

222 876 293 929 uude
307 874 390 928 etiam
403 873 504 942 cymini
518 880 605 925 sector
618 879 725 925 vocatas
738 880 787 925 est.
829 873 874 927 Ex
883 872 953 926 divis
967 873 1018 926 ira·
1056 871 1239 942 philosophie
1248 873 1412 925 constituats
1428 869 1552 922 “Utrum
1562 867 1609 937 qui
1620 867 1719 921 fruitur
1733 869 1853 922 extemis

222 954 308 1008 tribus
326 961 416 1007 autem
433 951 534 1006 Lucius
551 951 724 1014 Commodus,
742 951 859 1005 molliori
879 952 1018 1006 literarum
1055 951 1133 1006 bonis
1156 951 1260 1005 felicior
1281 951 1326 1014 sit,
1341 966 1376 1003 an
1398 948 1446 1019 qui
1467 946 1662 1001 contemnit?”
1686 946 1757 1000 Cum
1781 947 1852 1001 euim

223 1049 322 1102 genere
347 1032 476 1086 eruditus.
524 1030 637 1084 Marcus
667 1032 748 1084 etiam
773 1032 933 1100 cognomine
958 1032 1018 1102 ipso
1055 1029 1208 1101 Diogenem
1222 1037 1345 1085 cerneret
1359 1037 1414 1083 tarn
1428 1044 1512 1097 parvo
1525 1033 1690 1089 contentum,
1706 1043 1852 1081 conversus

222 1111 416 1182 Philosophus.
468 1110 506 1164 Hi
529 1110 675 1180 principes,
699 1119 728 1163 ut
750 1111 907 1174 doctissimi,
927 1112 966 1164 ita
990 1119 1017 1165 et
1055 1110 1307 1173 adcircumstantes,
1316 1109 1362 1179 qui
1370 1109 1431 1176 ejus
1440 1105 1623 1161 conditionem
1632 1105 1851 1160 subsannabant:

223 1191 320 1261 optimi
340 1191 457 1245 luerunt
496 1190 590 1243 Nerva
611 1187 838 1243 clementissimus
860 1190 1015 1259 imperator,
1056 1190 1144 1244 “Nisi
1168 1191 1282 1253 essem,'’
1306 1188 1403 1259 inquit,
1428 1192 1444 1218 “
1454 1184 1617 1247 Alexander,
1641 1192 1771 1253 optarem
1794 1202 1851 1240 esse

223 1270 331 1341 quique,
339 1271 363 1324 si
378 1269 448 1325 nihil
463 1268 544 1333 aliud,
553 1268 610 1322 orbi
620 1268 766 1336 Traianum
775 1269 859 1323 dedit.
882 1270 1016 1338 Trajanus
1054 1267 1220 1339 Diogenes.”
1261 1269 1298 1322 At
1312 1268 1416 1322 Seneca
1429 1266 1457 1320 in
1472 1265 1526 1318 hac
1536 1263 1744 1334 comparatione
1755 1263 1851 1335 Dioge·

222 1351 350 1414 omnium,
366 1351 413 1419 qui
433 1347 609 1419 imperarunt,
629 1356 656 1402 et
679 1347 744 1401 belli
767 1355 795 1401 et
815 1348 891 1419 pacis
914 1349 1016 1403 artibus
1054 1347 1319 1418 nempratuhtcum
1329 1346 1439 1410 diceret,
1451 1344 1617 1405 “Pluserat.
1629 1343 1703 1413 quod
1714 1343 1850 1414 Diogenes

222 1430 341 1484 maxime
355 1429 471 1483 florens:
492 1428 565 1482 idem
578 1427 687 1497 imperii
699 1427 768 1480 lines
781 1427 939 1498 longissime
954 1445 1014 1498 pro
1053 1427 1140 1483 nollet
1153 1428 1283 1497 accipere,
1298 1444 1379 1498 quam
1394 1426 1466 1497 quod
1479 1422 1635 1480 Alexander
1648 1429 1747 1493 posset
1759 1423 1849 1477 dare.”

222 1507 300 1571 tulit;
321 1508 394 1562 idem
405 1510 460 1561 vim
471 1506 661 1561 dominationis
671 1506 867 1561 modestissime
878 1507 1014 1562 cohibuit:
1094 1507 1127 1561 ln
1140 1506 1316 1570 naturalibus,
1327 1507 1483 1561 observetur
1496 1505 1571 1569 illud,
1583 1506 1654 1575 quod
1669 1505 1768 1559 crebro
1780 1522 1852 1560 usur·

221 1589 404 1642 maximorum
422 1588 505 1640 etiam
523 1592 659 1642 extructos
679 1602 807 1655 openrm;
829 1586 900 1641 unde
914 1603 932 1639 a
945 1587 1015 1642 Con·
1053 1587 1143 1656 pabat,
1158 1592 1174 1620 ‘⁸
1183 1586 1217 1640 ln
1231 1583 1335 1641 duabus
1349 1602 1377 1640 se
1389 1586 1469 1640 rebus
1480 1584 1674 1639 mortalitatem
1686 1601 1769 1639 suarn
1779 1602 1851 1640 mex·

221 1668 340 1721 stantino
353 1665 504 1721 Parietaria
516 1683 566 1736 per
579 1665 709 1719 invidiam
719 1673 829 1720 vocatus
843 1674 892 1731 est,
903 1676 1016 1737 propter
1052 1666 1107 1721 ime
1117 1666 1267 1737 percipere,
1275 1682 1370 1720 murno
1380 1674 1408 1719 et
1415 1664 1527 1719 libidine
1535 1685 1542 1717 ι
1550 1664 1566 1691 ”
1589 1664 1661 1733 quod
1671 1681 1741 1718 sane
1751 1664 1849 1718 dictum

220 1762 320 1800 nomen
335 1747 394 1814 ejus
406 1753 445 1799 tot
457 1745 605 1814 parietibus
619 1744 745 1798 incisum.
787 1744 922 1801 Adrianus
944 1754 1013 1800 tem·
1053 1763 1088 1801 ex
1101 1745 1328 1801 intimanaturali
1341 1743 1724 1816 philosophiadepromptum
1738 1753 1850 1807 estnon

221 1826 295 1895 poris
303 1826 389 1896 ipsius
396 1823 523 1879 oemulus:
537 1824 651 1892 injurias
659 1823 733 1877 enim
741 1832 769 1877 et
775 1824 866 1878 ruinas
875 1826 1013 1895 temporis,
1052 1832 1108 1879 tarn
1119 1825 1312 1889 Alexandrum,
1324 1841 1406 1895 quam
1417 1822 1590 1879 Aristotelem
1598 1830 1645 1877 aut
1653 1823 1850 1888 Democritum,

220 1905 249 1958 in
260 1921 367 1975 quoque
380 1919 486 1974 genere,
497 1920 562 1958 cura
572 1910 599 1956 et
609 1902 794 1957 munificentia
803 1920 859 1967 sua,
870 1906 1013 1973 reparavit
1052 1906 1168 1974 sapiens,
1183 1922 1244 1959 cum
1257 1912 1312 1959 tam
1331 1904 1490 1976 indigentia,
1505 1918 1587 1973 quam
1606 1902 1794 1957 redundantia
1807 1920 1850 1958 ua·

222 1983 374 2038 Antoninus
385 1985 428 2052 (ut
438 1983 520 2037 etiam
530 1981 682 2053 appellatus
693 1984 746 2049 est)
756 1983 798 2036 vir
808 1982 927 2038 maxime
937 1984 1012 2049 Pius,
1052 1991 1128 2048 turre,
1146 2002 1197 2055 per
1216 1983 1265 2039 illa
1283 1984 1338 2039 duo
1358 1984 1506 2055 designata,
1522 1982 1617 2037 mortis
1637 1982 1695 2036 sint
1720 1989 1852 2054 tanquam

220 2063 312 2116 nativa
326 2063 441 2134 quadam
455 2072 483 2116 et
496 2062 577 2116 insita
590 2062 717 2127 bonitate,
732 2063 857 2116 omnibus
871 2063 1010 2118 ordinibus
1052 2061 1226 2119 arrhabones.

220 2148 322 2211 gratus,
345 2140 477 2217 cujusque
499 2158 613 2212 regnum
629 2139 705 2209 (licet
724 2140 797 2195 haud
818 2142 910 2210 breve)
926 2143 1013 2198 omnia
1092 2143 1125 2197 ln
1145 2143 1268 2213 poilicis,
1290 2142 1444 2197 observetur
1464 2142 1567 2196 dictum
1590 2139 1666 2204 illud,
1681 2157 1777 2211 quum,
1792 2158 1851 2197 san·

220 2220 383 2275 calamitatis
397 2237 503 2291 expers.
524 2220 625 2275 Lucius
635 2220 800 2275 Commodus
814 2220 889 2275 tratri
904 2223 1014 2291 quidem
1051 2223 1134 2293 guine
1149 2240 1165 2276 e
1183 2222 1339 2277 vulneribus
1361 2222 1421 2290 ejus
1442 2221 1578 2286 effluente,
1593 2229 1750 2275 accerseret
1767 2239 1852 2276 unum

220 2299 340 2354 bonitate
353 2301 459 2364 cedens,
470 2300 588 2370 reliquos
601 2300 777 2370 imperatores
791 2300 922 2370 plurimos
936 2318 1013 2372 sups-
1051 2320 1087 2357 ex
1100 2301 1291 2365 adulatoribus,
1303 2302 1351 2372 qui
1364 2302 1390 2356 ei
1404 2300 1575 2355 divinitatum
1589 2300 1712 2355 tribuere
1728 2300 1850 2366 solebam

220 2396 292 2433 rans
332 2380 444 2434 Marcus
458 2380 499 2434 vir
513 2380 547 2434 ad
561 2380 702 2450 exemplar
715 2381 819 2435 virtutis
837 2382 1012 2451 compositus,
1052 2388 1067 2413 ‘⁸
1077 2382 1201 2451 Specta,”
1215 2383 1310 2452 inquit,
1319 2381 1463 2435 “hominis
1473 2380 1525 2435 iste
1536 2380 1648 2450 sanguis
1657 2387 1711 2444 est,
1722 2396 1780 2434 non
1790 2380 1852 2435 talis

220 2459 318 2529 cuique
339 2476 432 2513 scurra
444 2458 500 2524 ille,
514 2460 544 2515 in
557 2459 680 2514 convivio
693 2459 813 2525 deorum,
825 2460 895 2514 nihil
906 2460 1012 2526 habuit,
1050 2459 1148 2533 liquor,
1162 2462 1269 2533 qualem
1290 2461 1361 2515 dixit
1382 2460 1520 2515 Homerus
1533 2459 1649 2514 Veneris
1664 2476 1680 2514 e
1694 2476 1781 2514 manu
1796 2477 1852 2515 ma-

220 2540 292 2609 quod
305 2539 442 2607 objiceret,
453 2548 550 2610 prater
563 2539 722 2608 patientiam
733 2556 799 2611 erga
809 2555 897 2594 mores
910 2541 1012 2595 uxoris.
1050 2558 1138 2607 nasse,
1153 2540 1295 2596 vulnerata
1314 2557 1333 2593 a
1350 2540 1484 2595 Diomede
1495 2540 1527 2605 ;”
1549 2538 1600 2593 hoc
1614 2538 1688 2593 dicto
1701 2544 1735 2593 et
1745 2540 1851 2611 poetas,

221 2617 254 2672 Iu
268 2618 321 2672 hac
335 2618 428 2689 itaque
444 2620 573 2673 continua
591 2635 640 2674 sex
660 2618 813 2690 principum
827 2620 905 2683 serie,
920 2620 1012 2675 videre
1051 2628 1079 2675 et
1092 2629 1273 2676 assentatores
1286 2637 1357 2685 suos,
1371 2628 1400 2673 et
1413 2637 1442 2674 se
1456 2619 1547 2690 ipsum
1563 2618 1665 2674 ridens.

219 2698 306 2753 cuivis
320 2697 403 2753 liceat
416 2697 588 2753 felicissimos
599 2698 844 2762 fructusdoctrinae,
855 2699 885 2753 in
897 2700 1012 2769 imperio
1091 2700 1124 2755 ln
1137 2701 1295 2764 dialecticis,
1309 2700 1402 2769 accipe
1414 2698 1655 2771 reprehensionem
1672 2697 1754 2752 illam
1768 2714 1851 2770 argu-

219 2777 366 2842 collocatee,
377 2779 407 2832 in
417 2778 538 2833 maxima
546 2778 619 2833 orbis
635 2786 767 2833 terrarum
778 2779 871 2833 tabula
880 2778 1009 2849 depictos.
1051 2779 1149 2834 tiarum
1162 2779 1372 2844 dialecticarum,
1382 2779 1455 2833 circa
1465 2778 1650 2846 reJ'iciendaet
1662 2779 1852 2849 retorquenda

258 2856 322 2911 Jam
336 2874 402 2912 vero
422 2857 552 2922 doctrina,
566 2874 621 2912 non
641 2858 671 2912 in
692 2858 784 2913 civilia
805 2866 917 2923 tantum,
931 2868 1011 2930 atque
1050 2869 1218 2930 argumenta,
1227 2860 1257 2913 in
1270 2861 1341 2914 dicto
1352 2876 1410 2924 sno,
1421 2875 1476 2929 quo
1488 2857 1648 2929 perstrinxit
1661 2856 1852 2914 Cassandnrm

219 2944 292 2992 artes
306 2938 391 3008 pacis,
402 2938 537 2993 indutum
548 2938 638 3004 habet,
649 2939 696 2993 sed
710 2948 739 2994 et
751 2940 780 2992 in
791 2938 902 2994 militari
913 2940 1011 2994 virtute
1049 2940 1184 2995 delatores
1207 2940 1357 3011 patrissui
1380 2939 1519 3009 Antipatri
1543 2938 1735 3008 repellentem.
1779 2938 1852 2995 Cum

219 3027 327 3072 exercet
341 3018 482 3072 simsuam
496 3035 528 3071 ac
542 3019 705 3088 potentiamr
725 3025 757 3072 nt
767 3019 839 3073 clare
849 3019 1011 3089 perspicitur
1050 3020 1122 3073 eninr
1147 3019 1304 3075 Alexander
1324 3020 1396 3074 sorte
1414 3018 1538 3082 dixisset,
1561 3018 1740 3087 “Numquid
1761 3026 1850 3088 putas,

218 3096 246 3150 in
261 3098 395 3168 exemplis
409 3097 556 3151 Alexandri
567 3098 672 3168 Magni,
683 3105 711 3151 et
722 3097 839 3153 Caesaris
848 3097 1010 3165 Dictatoris;
1050 3099 1100 3154 hos
1124 3100 1248 3154 homines
1269 3109 1325 3153 tam
1344 3099 1457 3167 longum
1477 3098 1530 3151 iter
1552 3104 1731 3166 suscepturos
1756 3097 1851 3164 fuisse,

219 3192 334 3245 quorum
348 3184 428 3231 autea
440 3177 527 3231 obiter
537 3178 717 3241 meminimus,
727 3195 799 3232 nunc
809 3194 874 3233 vero
884 3195 918 3231 ea
928 3179 1011 3248 paulo
1048 3179 1101 3233 nisi
1113 3180 1215 3247 justam
1235 3178 1338 3233 doloris
1355 3194 1465 3232 causam
1479 3176 1682 3232 habuissentr”
1704 3178 1851 3247 respondit

219 3255 307 3309 fusius
321 3257 534 3311 retractabimus.
576 3256 683 3311 Horum
701 3257 813 3312 virtutes
833 3257 965 3312 militares
983 3266 1012 3312 et
1050 3257 1209 3322 Cassander,
1224 3265 1240 3290 ⁴⁴
1256 3259 1314 3313 Imo
1327 3257 1379 3312 hoc
1393 3258 1484 3328 ipsum
1496 3256 1602 3310 animos
1615 3257 1656 3311 eis
1676 3256 1763 3321 dedit,
1778 3259 1851 3329 quod

218 3350 262 3388 res
275 3335 304 3388 iu
316 3335 389 3390 bello
403 3342 501 3406 gestas,
516 3352 745 3405 supervacaneum
758 3343 830 3393 esset
844 3345 947 3402 notare,
962 3345 1010 3392 aut
1049 3338 1195 3408 sperabant
1205 3338 1431 3409 longinquitatem
1442 3336 1494 3390 vim
1506 3335 1676 3399 obstituram,
1688 3353 1746 3406 quo
1759 3339 1851 3392 minus

218 3430 367 3479 recensere,
378 3432 440 3470 cum
453 3415 483 3468 in
497 3431 530 3469 eo
543 3431 642 3486 genere
656 3415 749 3470 mundi
768 3416 900 3471 miracula
917 3419 1011 3472 extite·
1048 3417 1380 3488 calumniaproderetur.”
1422 3422 1438 3447 “
1451 3416 1555 3487 Euge,'’
1568 3415 1734 3485 inquitrex,
1750 3424 1768 3449 “
1781 3428 1850 3472 stro·

218 3493 287 3548 rint:
309 3495 403 3549 redde
417 3511 508 3549 amore
521 3495 642 3564 ipsorum
661 3502 688 3548 et
708 3495 797 3549 studio
817 3513 884 3567 erga
905 3497 1006 3561 literas,
1048 3497 1118 3566 phas
1140 3496 1302 3561 Aristotelis,
1318 3514 1376 3551 rem
1397 3512 1447 3567 pro
1467 3503 1494 3550 et
1514 3502 1608 3549 contra
1622 3495 1849 3567 detorquentea''

218 3589 321 3628 necnon
341 3574 370 3628 ia
390 3574 487 3629 iisdem
507 3573 670 3630 excellentia
691 3575 808 3644 propria,
822 3592 877 3630 nou
890 3576 1010 3630 alienum
1048 3575 1175 3631 Attamen
1188 3576 1240 3630 hac
1258 3577 1327 3646 ipsa,
1343 3593 1425 3648 quam
1439 3576 1468 3628 in
1482 3573 1537 3629 alio
1549 3574 1687 3644 carpebat,
1702 3585 1772 3641 arte,
1787 3594 1852 3633 cum

218 3652 276 3716 erit,
291 3653 315 3706 si
328 3671 416 3724 pauca
428 3655 630 3724 subjungamus.
1048 3673 1091 3711 res
1100 3655 1258 3727 postularet,
1267 3656 1296 3710 in
1308 3656 1478 3710 commodum
1488 3671 1567 3709 suum
1576 3655 1617 3707 uti
1628 3655 1716 3724 probe
1725 3666 1851 3712 noverat.

257 3732 394 3788 Educatus
402 3734 453 3787 luit
463 3733 626 3798 Alexander,
636 3734 798 3804 edoctusque
808 3735 844 3788 ab
852 3733 1009 3801 Aristotele,
1050 3736 1091 3789 lta
1112 3737 1187 3790 enim
1207 3736 1314 3800 accidit,
1328 3742 1359 3789 ut
1377 3733 1559 3789 Callisthenes
1579 3735 1677 3804 (quem
1696 3735 1764 3790 odio
1777 3736 1852 3791 clam

219 3809 397 3882 (philosopho
410 3821 485 3867 certe
495 3814 617 3884 magna)
630 3814 675 3883 qui
686 3812 829 3868 nonnullos
840 3813 1010 3870 elibrissuis
1047 3815 1174 3880 habebat,
1189 3815 1261 3886 quod
1280 3832 1357 3869 novre
1371 3815 1431 3883 ejus
1444 3816 1514 3869 inter
1526 3813 1604 3867 divos
1618 3812 1748 3869 relationi
1762 3816 1851 3871 refra-

217 3890 417 3962 philosophicis
428 3892 453 3946 ei
462 3892 644 3962 nuncuparit:
666 3892 1009 3963 alatereilliusnunquam
1048 3896 1169 3965 geretur)
1191 3895 1219 3949 in
1241 3895 1358 3965 quodam
1372 3893 1495 3948 convivio
1507 3899 1617 3964 rogatus
1638 3896 1774 3948 essetab
1795 3913 1853 3950 una

218 3969 373 4024 discedebat
394 3970 585 4037 Callisthenes,
600 3970 701 4043 aliique
721 3972 869 4043 pereruditi
888 3974 947 4038 viri,
963 3975 1010 4044 qui
1047 3974 1284 4038 discumbentibus,
1297 3983 1328 4029 ut
1347 3973 1535 4028 oblectationis
1555 3972 1645 4043 gratia
1670 3976 1749 4041 (cum
1775 3983 1854 4030 esset

217 4055 308 4102 castra
320 4050 508 4121 sequebantur,
522 4059 552 4106 et
565 4053 689 4122 perpetui
711 4060 789 4106 erant
809 4053 930 4107 omnium
950 4055 1009 4122 ejus
1046 4055 1088 4108 rir
1101 4054 1350 4124 eloquentissimus)
1365 4053 1458 4107 thema
1476 4051 1587 4122 aliquod
1600 4068 1650 4122 pro
1664 4053 1783 4109 arbitrio
1797 4056 1853 4110 sibi

217 4127 346 4182 itinerum
356 4136 384 4183 et
393 4130 595 4201 expeditionum
605 4132 734 4186 comitere
756 4149 810 4203 quo
819 4140 910 4187 autern
920 4133 1010 4203 pretio
1047 4141 1174 4196 sumeret,
1189 4133 1222 4186 de
1236 4151 1290 4203 quo
1304 4133 1395 4188 subito
1408 4132 1524 4196 diceret;
1544 4130 1593 4184 ille
1606 4139 1698 4186 autern
1714 4150 1852 4199 aunuem,
1887 4148 1888 4179 r

217 4204 310 4261 literas
331 4207 463 4276 habuerit,
484 4210 558 4265 haud
577 4227 665 4280 pauca
685 4210 789 4282 liquido
807 4211 1009 4267 demonstrant:
1047 4220 1074 4266 et
1094 4212 1189 4267 laudes
1209 4213 1299 4283 gentis
1317 4211 1503 4266 Macedonicae
1522 4209 1634 4281 eligens,
1649 4212 1774 4269 mirifico
1787 4231 1854 4269 cunr
1887 4208 1888 4221 ¹

217 4285 301 4339 veluti
312 4287 425 4352 invidia,
437 4290 612 4361 quadignam
622 4291 726 4345 censuit
736 4289 855 4345 Achillis
866 4291 1008 4356 fortunam,
1047 4293 1169 4347 omnium
1183 4291 1315 4362 applausu
1328 4291 1471 4346 disseruit:
1493 4298 1521 4345 at
1538 4291 1702 4361 neutiquam
1724 4292 1782 4347 hoc
1803 4295 1853 4348 de·

218 4365 289 4434 quod
302 4373 440 4435 gestarum
450 4385 547 4434 rerum,
557 4368 720 4440 laudumque
731 4387 848 4433 suarum,
859 4370 1009 4425 Homerum
1046 4370 1161 4426 lectatus
1176 4371 1337 4436 Alexander,
1351 4370 1472 4439 subjecit,
1488 4376 1505 4401 “
1519 4369 1552 4423 ln
1565 4370 1638 4424 bons
1655 4387 1751 4436 eausa,
1767 4372 1853 4428 facilc

217 4461 371 4514 praeconem
392 4445 548 4502 invenerat:
573 4449 707 4517 judicium
731 4450 764 4504 de
787 4451 908 4521 pretiosa
931 4449 1009 4505 Darii
1048 4457 1089 4504 est
1115 4451 1227 4506 cuilibet
1250 4467 1310 4505 esse
1333 4450 1486 4521 eloquentis
1521 4448 1586 4519 quin
1615 4452 1719 4513 verte,”
1747 4452 1853 4524 inquit,
1887 4454 1888 4465 ¹

217 4522 316 4587 arcula,
339 4525 410 4579 inter
433 4525 539 4597 reliqua
562 4527 650 4597 spolia
672 4537 786 4600 reperta,
810 4529 844 4584 de
868 4546 923 4600 qua
946 4548 1009 4585 cum
1048 4536 1064 4561 “
1078 4530 1186 4599 stylum,
1209 4538 1237 4584 et
1263 4530 1329 4601 quid
1354 4538 1449 4584 contra
1470 4545 1521 4583 nos
1547 4529 1645 4599 possis,
1671 4531 1851 4588 audiamua”

213 4601 331 4672 questio
353 4612 514 4670 moveretur,
543 4607 672 4676 quidnam
699 4609 870 4679 potissimum
896 4609 1010 4680 dignum
1048 4608 1230 4664 Callisthenes
1256 4609 1398 4682 negotium
1424 4609 1454 4663 in
1478 4625 1507 4663 se
1535 4608 1647 4678 recepit,
1675 4609 1763 4681 idque
1793 4619 1853 4667 tam

218 4689 296 4747 esset,
317 4682 389 4752 quod
406 4683 435 4737 in
456 4700 489 4737 ea
509 4694 700 4751 asservaretur,
718 4688 785 4758 ipse,
799 4706 862 4743 curn
885 4688 932 4741 alii
955 4689 1011 4742 alia
1047 4689 1151 4754 acerbe,
1165 4698 1276 4759 tamque
1290 4689 1413 4743 aculeata
1434 4687 1567 4758 prestitit,
1581 4695 1613 4742 ut
1629 4688 1796 4745 Alexander
1809 4693 1852 4746 in·

217 4762 345 4826 dicerent,
367 4778 418 4831 pro
449 4763 562 4818 Homeri
593 4766 718 4836 operibus
742 4768 906 4822 sententiam
929 4768 1008 4823 tulit:
1048 4768 1194 4838 terpellans
1207 4768 1327 4823 diceret:
1349 4769 1471 4823 “Etiam
1485 4766 1573 4821 malus
1586 4768 1706 4833 animus,
1722 4788 1806 4842 reque
1819 4789 1853 4827 ac

216 4841 333 4911 epistola
343 4841 527 4913 objurgatoria
536 4844 570 4897 ad
579 4844 752 4901 Aristotelem
763 4848 855 4912 missa,
864 4853 1009 4918 postquam
1046 4847 1118 4901 bona
1131 4864 1221 4913 causa,
1235 4848 1305 4902 indit
1315 4848 1523 4918 eloquentiam.”

217 4920 300 4975 libros
314 4920 489 4991 physicorum
503 4922 637 4988 edidisset,
651 4925 681 4978 in
695 4943 749 4996 qua
762 4925 923 4997 expostulat,
938 4928 1009 4996 quod
1088 4928 1120 4982 In
1134 4925 1284 4992 rhetoricis,
1299 4927 1334 4982 ad
1354 4945 1414 4997 quae
1435 4926 1505 4996 tropi
1525 4932 1552 4979 et
1572 4935 1739 4982 ornamenta
1761 4931 1851 5000 perti·

216 4998 399 5071 philosophia
409 5001 539 5069 mysteria
548 5002 718 5073 evulgassetr
734 5005 869 5077 simulque
877 5007 1009 5072 rescribit,
1046 5016 1120 5072 nent,
1144 5024 1207 5061 ecce
1229 5006 1279 5061 tibi
1304 5006 1538 5078 elegantissimum
1560 5005 1736 5076 metaphoris
1757 5026 1851 5074 usnnr,

217 5079 299 5134 malle
314 5096 343 5134 se
356 5079 482 5135 omnibus
496 5081 620 5136 doctrina
633 5090 660 5136 et
680 5085 842 5154 cognitione,
858 5102 941 5156 quam
963 5104 1010 5157 po·
1048 5103 1101 5156 qua
1118 5085 1299 5157 Antipatrum,
1318 5086 1494 5156 imperiosum
1509 5093 1536 5139 et
1555 5087 1733 5153 tyrannicum
1754 5091 1853 5159 praesi-

217 5159 302 5213 tentia
323 5175 355 5213 ac
375 5159 499 5230 imperio,
521 5161 685 5230 precellere.
727 5164 796 5219 Sunt
816 5173 844 5218 et
866 5165 929 5231 alia,
949 5183 1010 5236 qua
1047 5167 1116 5230 dem,
1131 5166 1296 5236 perstrinxit.
1337 5164 1406 5220 Cum
1429 5164 1501 5218 enim
1518 5164 1624 5220 amicus
1638 5166 1753 5236 quidam
1767 5168 1853 5223 Anti-

216 5236 270 5291 huc
281 5246 412 5309 spectant.
455 5239 517 5309 Ipse
530 5256 595 5295 vero
609 5258 691 5312 quam
705 5245 815 5315 egregie
829 5244 949 5299 animum
964 5263 1010 5300 ax·
1047 5246 1116 5314 patri
1131 5244 1253 5299 laudaret
1266 5262 1328 5300 eum
1341 5261 1432 5300 coram
1446 5242 1610 5307 Alexandro,
1626 5246 1702 5315 qnod
1719 5254 1778 5301 tam
1792 5265 1853 5302 mo

216 5316 344 5373 coluisset
356 5318 485 5383 doctrina,
496 5319 525 5373 in
536 5321 661 5375 omnibns
675 5319 735 5397 ejus
745 5323 824 5377 dictis
835 5332 861 5377 et
871 5324 1010 5395 responsis
1047 5325 1155 5378 deratus
1168 5331 1247 5388 essct,
1256 5341 1344 5396 neque
1355 5324 1384 5378 iu
1397 5324 1545 5387 Persicum,
1555 5332 1638 5395 prout
1652 5324 1703 5379 alii
1716 5325 1852 5396 prmieeti,

217 5404 337 5465 apparet,
352 5397 396 5451 vel
409 5398 499 5469 potius
518 5399 642 5473 refulget,
656 5402 807 5457 eruditione
828 5402 1008 5474 plenissimis;
1046 5402 1150 5470 luxunr,
1164 5420 1297 5475 usumque
1311 5403 1539 5477 purpurantem
1555 5403 1730 5461 Macedoniae
1743 5407 1852 5463 amictu
