3800 5875
517 312 745 369 DESCRIPTIO
767 312 880 373 GLOBI
901 312 1240 371 INTELLECTUALIS.
1634 314 1691 377 657

64 467 132 523 nulli
144 468 288 525 admodum
303 471 445 527 mutationi
461 488 575 527 causam
596 471 716 541 prebere
729 471 858 527 videatur.
894 481 1084 539 terra-motus,
1098 474 1220 537 edificia,
1235 480 1384 528 structuras
1405 482 1454 527 aut
1474 472 1567 538 moles,
1581 490 1690 529 cernere

64 548 142 608 (blod
155 549 180 603 si
194 551 355 605 concedatur
370 551 455 621 (quod
468 560 542 606 certe
553 551 700 606 verisimile
712 552 766 619 est)
777 554 858 605 etiarn
895 561 1002 622 possem
1024 570 1085 624 quae
1099 571 1189 623 parvas
1209 555 1319 606 leuuca
1334 554 1464 607 rationem
1479 571 1533 606 non
1547 563 1691 624 exaequant

64 634 163 682 terram
183 629 273 699 ipsam
287 646 343 683 non
360 631 447 684 solum
465 630 588 685 coelcstis
601 632 629 684 in
644 632 771 701 regiones
786 630 858 684 a'e'ris
895 634 929 685 ad
942 642 1047 684 taamm
1060 633 1225 686 distantiam.
1268 633 1365 702 Neque
1386 649 1422 685 ex
1442 649 1483 697 eo,
1497 632 1569 702 quod
1591 633 1688 687 coeium

62 722 153 777 agere,
168 718 217 763 aut
230 710 333 779 frigora
346 710 518 779 exspirando,
532 718 581 764 aut
594 719 689 764 ventos
702 710 857 772 emittendo,
894 710 1076 765 interstellare
1091 711 1260 780 diaphanum
1273 712 1316 774 sit,
1331 720 1359 763 et
1378 710 1464 764 stellae
1480 712 1602 764 noctibus
1617 729 1689 765 sere·

62 795 111 839 ant
128 787 285 855 hujusmodi
307 788 380 851 alia3
402 797 493 842 tamen
514 801 543 842 et
564 791 617 843 ista
635 789 724 843 omnis
741 789 857 843 varietas
894 790 937 843 nis
961 790 1064 843 eoedem
1087 807 1200 845 numero
1220 801 1248 843 et
1267 790 1335 843 iacis
1359 799 1511 853 cernuntur,
1531 791 1592 859 quis
1610 789 1689 844 facile

61 866 159 919 referri
182 875 274 936 potest
293 868 328 921 ad
347 869 473 938 regiones
495 876 574 923 terrae
592 885 628 923 ex
651 868 810 939 propinquo,
828 869 856 922 in
894 870 1053 937 pronunciet
1065 870 1222 924 universum
1236 886 1334 939 corpus
1347 868 1457 923 aetheris
1475 867 1624 938 limpidum,
1639 888 1689 939 pu·

60 945 162 1015 quibus
185 945 317 1019 plurimas
336 942 446 1003 evenire
466 948 631 1002 mutationes
650 954 678 1001 et
691 947 764 1000 vices
777 964 857 1000 nemo
894 964 962 1012 rum,
976 956 1004 1000 et
1023 948 1191 1002 immutabile
1215 965 1284 1002 csse.
1327 945 1399 1000 Nam
1421 957 1447 1001 et
1467 947 1515 1002 aiir
1535 949 1690 1003 innumeras

58 1039 146 1078 sanus
159 1025 308 1095 negaverit
349 1026 452 1081 Verum
471 1027 609 1081 fatendum
631 1026 857 1087 ammonentes
894 1027 1040 1081 varietates
1054 1028 1173 1097 suscipit,
1188 1035 1277 1091 astus,
1293 1027 1410 1097 frigoris,
1425 1026 1545 1090 odorum,
1560 1037 1587 1080 et
1601 1029 1689 1081 omni·

61 1101 251 1172 phanomenis
266 1114 345 1160 terras
358 1104 439 1177 longe
455 1108 575 1160 maxime
592 1112 734 1176 penetrare
748 1105 777 1158 in
798 1121 857 1174 pro·
893 1121 972 1176 genm
991 1108 1111 1161 nusturrs
1132 1123 1193 1160 cum
1212 1106 1357 1176 vaporibus
1376 1106 1578 1169 subtilioribusr
1600 1123 1688 1177 neque

60 1181 175 1236 fundum
203 1191 392 1249 terrae-motus,
421 1191 455 1251 et,
482 1203 543 1256 qum
566 1185 625 1253 ejus
649 1192 713 1239 sunt
740 1185 855 1254 generis,
894 1193 1037 1253 propterea
1047 1186 1122 1239 exuit
1131 1185 1310 1255 diaphanum3
1325 1184 1450 1238 similiter
1458 1201 1508 1238 nec
1519 1185 1632 1253 imagini
1642 1196 1689 1240 aut

60 1263 221 1330 eruptiones
236 1280 376 1334 aquarum,
391 1265 571 1320 eructationes
591 1264 705 1335 ignium,
718 1263 810 1317 hiatus
829 1272 856 1317 et
894 1263 974 1317 faciei
989 1264 1029 1317 iili
1043 1263 1104 1318 coeli
1115 1264 1285 1318 credendum.
1327 1265 1401 1318 Nam
1414 1264 1437 1316 si
1452 1280 1558 1333 magnas
1572 1264 1627 1317 iliae
1641 1281 1688 1318 nu-

59 1340 238 1412 sbruptiones
259 1351 399 1407 terrarum,
421 1352 448 1398 et
468 1344 585 1408 similia;
607 1360 668 1413 quae
689 1350 777 1396 tamen
796 1343 856 1411 ipsa
893 1343 968 1397 bium
983 1344 1077 1407 moles,
1092 1342 1265 1414 quaacoelum
1278 1343 1412 1396 interdum
1428 1343 1573 1404 involvunt,
1585 1344 1687 1396 etsolis

61 1419 188 1475 ridentur
200 1437 255 1475 non
271 1423 412 1492 insurgere
431 1440 467 1477 ex
487 1422 644 1494 longinquo,
659 1439 721 1476 cum
739 1420 857 1490 plurima
893 1430 920 1476 et
934 1430 1067 1476 astrorum
1080 1431 1252 1491 conspectum
1268 1421 1366 1475 tollunt
1379 1438 1395 1473 a
1408 1423 1494 1486 nobis,
1508 1430 1617 1492 propter
1625 1439 1687 1491 pro-

60 1497 183 1567 ipsorum
198 1517 310 1570 parsum
325 1500 434 1572 aliquod
448 1504 566 1573 spatium
579 1503 609 1556 in
622 1501 763 1571 superficie
778 1510 855 1556 terrra
893 1501 1073 1572 pinquitatem
1086 1502 1206 1570 ipsarum
1217 1501 1252 1553 ad
1266 1502 1353 1555 visum
1365 1510 1495 1563 nostrum,
1505 1502 1533 1553 in
1544 1502 1687 1569 superiori-

60 1593 197 1649 occupare
218 1581 332 1635 soleant.
374 1581 480 1641 Quanto
500 1583 573 1635 enim
593 1579 676 1634 latius
688 1580 806 1650 spatium
826 1580 856 1633 in
892 1580 942 1633 bus
957 1578 1019 1635 coeli
1034 1580 1158 1650 partibus
1173 1582 1329 1650 penderent,
1343 1581 1500 1650 neutiquam
1519 1578 1574 1632 illae
1589 1580 1686 1633 faciem

59 1657 223 1715 sscieterrre
237 1670 351 1730 occupat
361 1662 613 1724 terrra-motus,sire
626 1659 700 1714 aliud
714 1659 854 1730 quippiam
892 1658 955 1712 coeli
969 1660 1057 1715 sereni
1080 1668 1230 1713 mutarent:
1251 1675 1315 1712 nam
1328 1675 1378 1712 nec
1401 1659 1468 1727 ipsae
1488 1659 1561 1712 cerni
1576 1671 1687 1727 possent

60 1735 226 1803 hujusmodi,
241 1741 419 1811 tantomagis
432 1740 536 1794 redires
555 1750 582 1793 st
601 1739 722 1808 origines
740 1739 800 1806 ejus
821 1739 855 1791 ad
892 1747 1004 1808 propter
1026 1740 1189 1801 distantiam.
1212 1755 1262 1792 nec
1286 1736 1370 1791 ullam
1397 1736 1512 1808 eclipsin
1540 1738 1628 1791 facere
1656 1739 1686 1791 in

59 1816 165 1870 viscera
189 1827 269 1871 terrae
291 1828 433 1888 penetrare
454 1819 602 1890 putandum
624 1826 680 1881 est;
701 1826 730 1870 et
753 1827 855 1888 quanto
892 1817 981 1881 astris,
996 1827 1105 1887 propter
1118 1834 1261 1887 corporum
1274 1818 1434 1886 parvitatem
1448 1825 1570 1887 respectu
1584 1819 1686 1886 magni-

59 1896 213 1966 angustius,
227 1898 325 1952 minus.
365 1898 480 1959 Quodsi
499 1899 678 1970 quisaiferat,
692 1896 751 1950 fieri
771 1913 855 1967 quau-
892 1897 992 1952 tudinis
1006 1906 1148 1951 astrorum.
1189 1896 1260 1957 Quin
1275 1903 1303 1950 et
1315 1912 1414 1966 corpus
1429 1896 1520 1964 ipsum
1541 1895 1619 1960 lunae,
1633 1896 1685 1949 nisi

58 1973 149 2045 doque
162 1975 515 2048 terras-motusquiamplos
529 1987 556 2031 et
568 1977 700 2046 spatiosos
713 1976 854 2047 regionum
892 1993 947 2047 qua
962 1985 1036 2045 parte
1050 1975 1141 2030 lumen
1156 1977 1265 2045 excipit,
1282 1976 1380 2029 faciem
1396 1975 1458 2029 coeli
1474 1991 1529 2028 non
1548 1983 1641 2038 mutat,
1657 1984 1687 2028 ut

58 2062 162 2109 nactus
177 2055 308 2124 quatiant,
327 2073 437 2127 prorsus
451 2058 490 2111 its
504 2066 554 2111 est.
597 2055 687 2110 Atilii
706 2063 855 2110 certeraro
892 2054 1030 2109 silumen
1051 2054 1119 2110 illud
1141 2057 1255 2119 abesset,
1280 2062 1384 2108 tantum
1407 2071 1505 2123 corpus
1529 2070 1579 2106 nos
1602 2052 1685 2107 latere

59 2134 199 2197 eveniunt,
226 2143 343 2207 suntque
367 2153 404 2191 ex
425 2135 532 2190 casibus
559 2136 716 2203 majoribus.
759 2134 855 2206 ltaque
892 2134 974 2203 plane
998 2143 1099 2206 posset.
1140 2135 1176 2188 Ar
1197 2141 1291 2189 contra
1313 2133 1417 2203 liquido
1440 2140 1514 2202 patet
1532 2150 1568 2186 ex
1589 2134 1686 2187 massis

59 2213 224 2283 aeqniparari
248 2222 362 2285 possunt
382 2216 497 2289 cqmetis
520 2215 729 2278 sublimioribus,
752 2214 799 2285 qui
826 2223 855 2269 et
892 2231 1042 2284 corporum,
1058 2232 1119 2284 qna
1132 2213 1204 2269 mole
1218 2222 1247 2268 et
1265 2212 1450 2283 magnitudine
1472 2212 1619 2282 spatiorum
1634 2212 1687 2265 dis-

57 2293 115 2361 ipsi
136 2293 322 2364 infrequentes
342 2302 417 2349 sunt.
460 2295 558 2365 Neque
575 2295 648 2348 enim
662 2294 691 2347 id
710 2293 811 2364 agitur,
825 2302 855 2348 ιιι
892 2294 1004 2347 tantiam
1015 2295 1130 2358 vincere,
1146 2302 1175 2348 et
1187 2300 1299 2363 propter
1312 2292 1454 2346 materiam
1466 2291 1627 2345 luminosam
1640 2301 1687 2344 aut

57 2380 140 2425 terrra
162 2372 325 2441 simpliciter
347 2381 482 2428 asseratur
502 2374 646 2437 aeternitas,
668 2373 716 2427 sed
737 2372 855 2428 utillud
892 2371 1063 2442 splendidam
1075 2374 1161 2427 visum
1182 2381 1305 2426 nostrum
1327 2371 1461 2425 lacessere
1474 2372 1586 2441 possint,
1601 2370 1685 2423 admi·

57 2458 191 2520 appareat
205 2452 290 2523 (quod
310 2452 389 2507 initio
407 2453 538 2520 diximus)
559 2454 630 2507 inter
643 2452 742 2506 coelum
756 2459 783 2507 et
804 2460 855 2507 ter·
893 2452 991 2505 randas
1005 2452 1033 2505 in
1043 2451 1113 2506 coelo
1121 2452 1244 2505 accidere
1256 2451 1418 2505 mutationes
1428 2460 1509 2521 atque
1520 2449 1685 2504 insolentias.

56 2547 125 2593 ram,
141 2538 274 2602 quatenus
294 2531 331 2586 sd
351 2533 531 2587 constantiam
552 2540 579 2586 et
597 2532 781 2596 mutationem,
799 2548 855 2586 non
894 2530 925 2584 Id
939 2532 1013 2585 enirn
1027 2531 1189 2601 perspicitur
1202 2531 1231 2584 in
1245 2529 1358 2583 cometis
1372 2529 1582 2591 sublimioribus,
1597 2528 1632 2581 iis
1643 2529 1685 2581 ni-

56 2609 173 2663 multum
188 2611 329 2665 interesse.
368 2612 466 2684 Neque
481 2628 572 2681 operas
591 2612 707 2682 pretium
720 2618 763 2665 est
776 2627 855 2682 argu-
892 2610 999 2675 mirum,
1010 2610 1057 2681 qui
1070 2618 1097 2663 et
1107 2611 1223 2680 figuram
1233 2607 1318 2663 stella
1332 2608 1477 2662 induerunt
1487 2608 1588 2679 absque
1599 2624 1685 2672 coma,

57 2688 154 2743 taride
164 2690 314 2744 retemitate
325 2709 360 2746 ex
371 2691 518 2746 rationibus
527 2699 621 2755 motus,
629 2690 854 2761 quemadmodum
891 2705 979 2761 neque
1001 2687 1089 2743 solum
1111 2707 1147 2743 ex
1159 2688 1282 2742 doctrina
1295 2686 1476 2758 parallaxium
1489 2703 1573 2755 supra
1592 2686 1686 2740 lunam

57 2768 132 2822 enim
155 2777 243 2823 motus
264 2769 403 2825 circularis
421 2771 543 2825 terminis
557 2786 612 2824 non
624 2770 735 2840 indiget,
750 2770 790 2822 ita
803 2785 854 2823 nec
892 2767 1016 2823 collocati
1031 2784 1090 2822 esse
1110 2768 1265 2839 probantur,
1280 2766 1328 2820 sed
1348 2766 1587 2836 configurationem
1604 2767 1686 2819 etiam

59 2849 155 2917 quies;
177 2856 258 2919 utque
278 2867 353 2920 aeqne
375 2850 557 2920 susceptivum
576 2857 617 2904 est
639 2849 805 2911 aeternitatis,
826 2856 855 2903 ut
891 2855 994 2902 certam
1008 2855 1036 2902 et
1049 2855 1217 2901 constantem
1230 2863 1293 2900 cum
1305 2843 1392 2899 stellis
1406 2845 1468 2900 fixis
1482 2844 1640 2909 habuerunt,
1656 2852 1684 2898 et

56 2927 144 2982 densa
158 2928 187 2983 in
202 2926 304 2984 loco-et
316 2930 525 3002 congregatione
537 2947 638 3001 magna
646 2926 854 2983 connaturalita-
892 2928 1022 2983 stationes
1048 2944 1112 2982 suas
1139 2933 1285 2989 servarunt,
1310 2942 1398 2996 neque
1426 2942 1534 2980 errones
1562 2923 1685 2989 inerunt3

56 3008 93 3062 tis
119 3025 177 3062 suae
202 3009 360 3074 consistant.
383 3027 465 3081 quam
490 3018 521 3063 ut
547 3009 639 3064 tenuia
665 3016 770 3062 rotent:
792 3025 854 3062 cum
892 3008 987 3078 quales
999 3016 1066 3063 retes
1079 3014 1169 3061 nostm
1179 3023 1233 3060 non
1243 3004 1328 3060 semel
1340 3004 1420 3067 vidit,
1436 3006 1523 3074 primo
1537 3005 1565 3057 in
1579 3003 1686 3057 Cassio

55 3096 151 3156 partes
172 3087 275 3143 avulsae
295 3089 435 3144 amborum
455 3089 576 3143 scrantur
596 3095 679 3143 recta.
720 3087 811 3141 Etiam
822 3087 854 3141 il·
892 3102 952 3155 pes,
976 3087 1075 3141 iterum
1098 3103 1154 3140 non
1175 3087 1213 3139 ita
1234 3085 1338 3156 pridem
1362 3085 1391 3138 in
1412 3083 1566 3153 Ophiucho.
1609 3081 1686 3144 Quod

55 3165 104 3219 lud
117 3166 148 3221 in
161 3177 351 3237 argumentum
366 3170 435 3222 sumi
450 3175 546 3237 potest,
555 3169 626 3239 quod
636 3178 714 3221 terne
724 3167 855 3220 interiora
893 3183 958 3221 raro
971 3166 1126 3234 hujusmodi
1136 3165 1295 3228 constantia,
1307 3181 1367 3234 quae
1381 3163 1544 3232 conspicitur
1557 3162 1586 3216 in
1599 3179 1686 3216 corne·

56 3247 226 3316 corruptioni
249 3247 338 3319 magis
357 3248 475 3302 obnoxia
492 3264 549 3301 non
571 3248 634 3310 sint,
657 3262 739 3317 quarn
763 3246 854 3316 ipsum
893 3245 937 3309 tis,
960 3247 1007 3301 fist
1028 3245 1063 3298 ob
1087 3246 1281 3317 sequacitatem
1304 3244 1338 3297 ad
1358 3241 1469 3314 aliquod
1489 3251 1600 3305 astrum,
1623 3259 1684 3312 quaa

55 3324 172 3388 catum
195 3326 268 3396 quod
281 3326 320 3380 ibi
333 3326 436 3397 aliquid
450 3327 572 3397 deperire
592 3325 668 3390 solet,
682 3326 727 3380 ubi
749 3324 855 3397 aliquid
893 3324 1047 3380 Aristotelis
1068 3324 1161 3395 opinio
1179 3325 1238 3387 fuit,
1260 3323 1307 3394 qui
1331 3321 1450 3377 similem
1471 3322 1602 3375 rationem
1626 3338 1686 3374 esse

55 3405 132 3458 refici
148 3412 245 3475 potest
287 3405 357 3460 (lum
370 3423 434 3460 vero
446 3406 555 3468 imbres,
570 3413 598 3459 et
618 3423 678 3476 quaa
692 3405 725 3458 de
740 3403 797 3458 alto
810 3405 854 3459 de·
892 3405 985 3474 posuit
1006 3414 1119 3458 cometae
1139 3403 1174 3457 sd
1197 3413 1299 3457 astrum
1324 3401 1441 3464 unicum,
1464 3411 1492 3455 et
1511 3400 1628 3471 galaxiae
1649 3401 1684 3454 ad

54 3484 160 3548 cidnnt,
175 3501 236 3553 qum
250 3484 347 3538 faciem
361 3486 527 3555 superiorem
540 3494 619 3540 terrra
633 3493 768 3548 renovant,
780 3484 855 3538 nullo
893 3491 965 3538 astra
979 3491 1142 3554 congregata
1164 3485 1322 3554 (utrumque
1336 3480 1419 3549 falso)
1432 3480 1460 3533 id
1477 3481 1535 3547 J'am
1554 3480 1619 3533 olim
1638 3497 1686 3533 ex·

53 3564 140 3618 modo
152 3573 295 3631 penetrare
310 3564 417 3633 possint
436 3564 470 3617 ad
488 3565 614 3619 interiora
635 3572 721 3628 temne,
735 3581 796 3634 quea
817 3571 854 3617 ta-
892 3562 1001 3632 plosum
1015 3570 1063 3626 est,
1076 3579 1129 3616 non
1141 3563 1200 3616 sine
1209 3571 1274 3616 nota
1284 3561 1387 3632 ingenii
1399 3559 1560 3623 Aristotelis,
1572 3559 1618 3629 qui
1629 3558 1686 3612 leri

53 3660 120 3696 men
135 3642 198 3712 ipss
211 3651 284 3696 stant
298 3642 368 3697 mole
383 3659 440 3705 sua,
456 3651 485 3696 et
502 3652 602 3714 quanto
615 3661 679 3707 suo;
701 3643 854 3697 necessario
893 3640 1121 3712 contemplatione
1135 3642 1288 3709 hujusmodi
1307 3658 1350 3694 res
1370 3641 1525 3709 confingere
1542 3654 1623 3691 ausus
1637 3645 1685 3690 est.

54 3722 126 3786 lieri,
149 3731 181 3775 ut
200 3721 271 3776 nihil
291 3722 464 3793 deperdatnr,
485 3723 592 3793 quando
607 3722 678 3777 nihii
696 3722 766 3775 adsit
783 3723 855 3793 quod
893 3721 991 3792 Neque
1005 3738 1071 3775 vero
1084 3721 1138 3775 ista
1152 3721 1265 3775 mutatio
1278 3721 1307 3774 in
1325 3718 1479 3773 coelestibus
1501 3718 1574 3771 circa
1595 3716 1686 3770 stellas

54 3800 195 3856 succedat.
244 3800 393 3864 Postremo,
413 3801 587 3866 mutabilitas,
610 3820 672 3873 quie
692 3802 721 3855 in
744 3801 854 3856 extimis
892 3799 1077 3855 novaslocum
1091 3808 1164 3854 tenet
1176 3798 1344 3855 solummodo
1363 3799 1392 3852 in
1406 3798 1441 3851 iis
1460 3796 1554 3862 stellis,
1569 3812 1629 3867 qnae
1649 3796 1687 3848 vi·

54 3889 136 3935 terres
158 3879 377 3950 deprehenditur,
399 3881 504 3935 videtur
526 3883 635 3952 etipsa
654 3898 704 3951 per
729 3881 855 3935 accidens
893 3879 989 3935 dentur
1003 3897 1063 3934 esse
1076 3888 1180 3934 naturae
1199 3878 1327 3939 evanida,
1342 3878 1391 3932 sed
1408 3877 1491 3930 etiam
1513 3877 1541 3929 in
1562 3877 1604 3938 iis,
1626 3892 1686 3946 quas

56 3977 130 4015 esse.
170 3959 246 4013 Nam
259 3960 418 4015 incrustatio
431 3959 478 4014 illa
493 3978 584 4030 parra,
599 3978 660 4032 quas
678 3960 713 4014 ad
726 3959 855 4014 milliaria
893 3967 1038 4015 morantur.
1079 3959 1154 4013 Nam
1174 3965 1203 4012 et
1222 3959 1251 4012 in
1271 3957 1351 4011 stella
1363 3957 1413 4009 illa
1431 3972 1502 4009 nasa
1522 3955 1685 4024 Hipparchi,

53 4055 146 4109 panca
158 4038 286 4093 deorsum
299 4038 410 4094 extendi
424 4040 529 4094 videtur
543 4042 626 4108 (inter
638 4056 707 4111 quos
726 4039 855 4093 terminos
893 4037 1073 4110 apparitionis
1086 4039 1188 4092 mentio
1207 4038 1278 4091 iacta
1294 4045 1336 4090 est
1356 4035 1428 4116 qpud
1446 4042 1559 4097 veteres,
1574 4034 1687 4103 dispari·

53 4118 197 4188 praeclarae
211 4117 266 4172 iliae
280 4118 394 4174 officinae
407 4127 436 4173 et
454 4119 570 4181 lubrica,
585 4119 737 4189 plantarum
757 4135 854 4188 nempe
894 4118 975 4172 tionis
1001 4133 1181 4189 nequaquam.
1228 4116 1318 4170 Etiam
1345 4114 1464 4184 conspici
1491 4130 1579 4183 nuper
1605 4114 1688 4183 coepit

53 4207 83 4250 et
95 4197 280 4261 numeralium,
295 4194 505 4272 concluduntur)
520 4197 624 4253 nullam
638 4198 694 4253 iere
705 4197 856 4268 reciperent
894 4196 973 4251 stella
986 4213 1056 4250 nora
1070 4197 1099 4249 in
1112 4203 1221 4265 pectore
1233 4195 1333 4265 Cygni,
1346 4212 1407 4264 quae
1418 4194 1475 4261 jam
1489 4210 1538 4263 per
1547 4192 1688 4246 duodecim

53 4277 225 4339 varietatem,
246 4276 333 4331 multo
352 4278 443 4334 minus
464 4285 521 4332 tam
540 4276 655 4349 pulchra
676 4286 703 4331 et
718 4277 856 4331 elaborata
894 4292 980 4330 annos
997 4275 1118 4346 integros
1132 4275 1246 4338 duravit,
1260 4282 1369 4328 estatem
1388 4281 1500 4326 cometa
1521 4269 1626 4346 (qualis
1640 4271 1688 4324 ha·

54 4357 183 4420 artificia,
198 4356 253 4410 nisi
267 4373 300 4410 ea
314 4374 378 4428 pars
393 4364 471 4430 terrm
485 4357 665 4411 acoelestibus
677 4364 816 4427 pateretur
829 4365 856 4411 et
894 4351 988 4428 betur)
999 4353 1082 4426 longo
1095 4353 1239 4408 intervallo
1248 4368 1431 4424 supergressa,
1446 4368 1495 4405 nec
1508 4351 1596 4405 adhuc
1612 4350 1689 4404 dimi·

53 4435 377 4507 perpetuorellicaretur.
405 4436 728 4508 Quodsiquisexistimet
737 4434 855 4490 calorem
895 4443 961 4490 nuta
974 4442 1021 4488 aut
1031 4435 1164 4487 adornans
1174 4433 1276 4504 fugam.
1316 4433 1415 4503 Neque
1435 4430 1502 4485 illud
1516 4447 1608 4485 rursus
1629 4447 1689 4500 pro

54 4525 82 4569 et
104 4515 164 4569 rim
188 4515 304 4569 activam
324 4515 390 4570 solis
411 4524 438 4570 et
459 4515 608 4570 coelestium
627 4515 759 4570 universae
777 4524 856 4569 terrm
894 4514 983 4584 prium
998 4523 1026 4567 et
1044 4519 1205 4584 perpetuum
1225 4519 1276 4575 est,
1292 4519 1323 4565 ut
1341 4519 1447 4564 veteres
1460 4510 1548 4566 stellae
1562 4510 1688 4563 mutatio·

52 4594 267 4649 enssitndinem
289 4594 503 4649 transverberare
526 4611 621 4665 posse;
643 4594 667 4648 is
689 4594 857 4663 superstitio·
894 4609 957 4647 nem
972 4609 1082 4663 prorsus
1095 4608 1150 4645 non
1160 4591 1305 4662 patiantur,
1316 4590 1364 4644 sed
1378 4596 1482 4643 tantum
1495 4589 1581 4643 stella
1595 4604 1689 4642 recen·

52 4691 102 4728 sus
116 4680 147 4728 et
161 4674 296 4728 tunsurus
316 4674 419 4728 censeri
434 4675 538 4744 possit;
559 4690 621 4728 cum
642 4672 749 4744 liquido
763 4679 858 4742 pateat
895 4673 972 4726 tioris
997 4670 1160 4742 epiphanias,
1182 4671 1210 4724 in
1233 4670 1332 4741 quibus
1354 4668 1394 4722 nil
1414 4669 1513 4723 mirum
1533 4669 1556 4722 si
1575 4668 1690 4721 mutatio

52 4770 141 4825 quern
155 4769 241 4824 parvo
255 4754 363 4822 objectu
380 4770 414 4807 ea
434 4753 537 4808 retundi
560 4760 588 4807 et
608 4752 729 4806 cohiberi
743 4752 855 4821 possint.
895 4752 1010 4814 eveniat,
1025 4768 1087 4804 cum
1105 4750 1166 4819 ipsa
1179 4749 1318 4821 generatio
1331 4756 1360 4802 ct
1373 4749 1450 4819 origo
1462 4749 1583 4818 ipsamm
1594 4748 1689 4798 imme·

51 4835 148 4904 atque
162 4833 197 4887 de
211 4833 366 4887 constantia
379 4840 457 4887 terrra
470 4832 621 4887 hactenus:
642 4831 788 4887 videndum
798 4831 857 4900 jam
895 4829 1017 4885 morialis
1039 4828 1157 4883 nonsit.
1199 4828 1288 4883 Missa
1307 4827 1379 4881 enim
1395 4826 1529 4881 Arcadum
1551 4823 1642 4879 fabula
1656 4823 1689 4877 de

51 4912 88 4967 de
104 4912 290 4966 mutabilitate
304 4910 463 4967 coelcstium.
896 4909 986 4979 prima
995 4908 1144 4978 epiphania
1156 4907 1236 4972 lunoe,
1252 4924 1306 4978 qua
1323 4924 1351 4960 se
1363 4906 1470 4975 jactant
1482 4905 1522 4959 illi
1543 4904 1627 4958 luisse
1641 4919 1690 4955 an·

94 4991 195 5046 Primo
214 4991 299 5062 igitur
320 5008 375 5044 non
396 4999 432 5044 ea·
443 4990 575 5044 utendum
588 4997 631 5045 est
644 4990 757 5054 ratione,
772 4996 858 5043 muts-
896 4989 1034 5060 tiquiores,
1042 5002 1097 5041 non
1108 4986 1206 5058 desunt
1215 4985 1343 5057 exempla
1351 4986 1380 5039 in
1389 5002 1477 5040 rernm
1487 4981 1691 5038 memoriasatis

52 5071 148 5125 tiones
162 5071 193 5124 in
206 5070 277 5125 coelo
290 5087 345 5124 non
359 5071 426 5132 fieri.
438 5071 504 5141 quia
516 5070 568 5124 sub
582 5080 722 5140 aspectum
735 5075 857 5123 nostrum
896 5068 957 5132 fida,
972 5084 1034 5121 cum
1048 5064 1090 5120 sol
1103 5082 1152 5135 per
1165 5075 1220 5121 tres
1233 5067 1314 5129 vices,
1329 5065 1430 5135 absque
1444 5063 1591 5117 incidentia
1605 5059 1691 5130 eclip-

51 5167 111 5204 non
125 5150 252 5205 veniunt.
294 5150 443 5219 Aspectum
458 5149 531 5203 enim
542 5147 639 5203 irustst
652 5157 679 5204 et
691 5147 744 5202 loci
757 5147 858 5201 distan—
896 5147 941 5211 sis,
955 5154 1001 5200 aut
1014 5145 1216 5214 interpositione
1229 5146 1350 5208 nubium,
1361 5143 1424 5197 alise
1438 5141 1541 5212 liquido
1556 5149 1584 5194 et
1594 5156 1691 5195 sereno

52 5231 101 5294 tis,
118 5237 149 5284 et
161 5228 234 5283 lucis
247 5229 305 5283 sive
321 5245 451 5283 excessus
472 5229 529 5281 sive
544 5228 674 5293 deiectus,
688 5234 718 5281 et
736 5226 858 5297 corporis
896 5226 998 5296 prodiit
1011 5223 1084 5279 vultu
1098 5232 1202 5279 mutato
1221 5242 1271 5296 per
1292 5222 1389 5277 multos
1409 5221 1476 5286 dies,
1490 5237 1578 5292 neque
1600 5228 1692 5274 tamen

50 5309 195 5364 subtilitas
209 5317 256 5362 sut
269 5309 406 5379 parvitasr
428 5309 600 5379 nequeenim
613 5307 751 5364 scilicetsi
766 5305 858 5360 oculus
896 5303 1022 5359 similiter
1046 5302 1167 5368 affectus,
1191 5304 1277 5358 semel
1300 5302 1360 5356 luce
1384 5300 1461 5364 exili,
1484 5299 1528 5353 bis
1555 5298 1692 5354 subfusca.

51 5390 82 5444 in
103 5387 213 5443 circulo
232 5388 315 5443 lunte,
325 5389 431 5458 positus
445 5394 524 5450 esset,
538 5386 585 5440 hic
605 5405 666 5458 quae
680 5386 752 5456 apud
766 5402 816 5440 nos
829 5385 858 5438 in
897 5383 1063 5438 Talia'enim
1076 5392 1226 5438 evenerunt
1238 5399 1310 5437 anno
1322 5393 1423 5444 nccare,
1434 5394 1484 5448 per
1498 5379 1693 5449 septemdecim

50 5469 203 5540 superficie
216 5473 295 5523 terras
305 5467 373 5524 fiunt
385 5467 558 5598 matzationes,
567 5466 651 5521 veluti
662 5466 859 5557 inundationes,
896 5463 963 5568 dies,
978 5471 1006 5518 et
1023 5462 1191 5533 temporibus
1202 5459 1350 5516 Jusriniani
1363 5475 1528 5529 perannum
1542 5458 1692 5523 dimidium,

94 5561 163 5603 ror„
187 5561 222 5601 ιι.
472 5560 493 5599 u

942 5765 956 5798 φ
