3800 5875
640 329 806 386 IMPETUS
827 327 1113 387 Putuosorutct.
1629 331 1690 393 667

53 495 116 543 m
130 486 264 552 aiterum
285 494 368 561 atque
382 487 519 544 affirmant
536 460 752 544 anteversionem
772 498 799 544 et
818 507 862 544 re·
896 490 984 544 educi
1024 486 1169 542 Affirmant
1189 487 1379 542 necessitatem
1392 487 1420 541 iu
1435 487 1553 558 planetis
1566 489 1691 544 volvendi

53 567 213 622 dictionem.
255 568 369 639 Negant
382 567 522 638 obliquum
536 567 667 623 circulum
681 576 711 622 et
728 570 861 623 diversem
895 568 1012 623 celerius
1026 576 1052 621 et
1066 567 1176 631 tardius,
1190 577 1270 638 prout
1284 566 1405 621 locantur
1418 567 1445 620 in
1460 567 1530 643 coelo
1549 567 1693 624 sublimius

54 646 205 718 politatem
226 647 304 716 einer
333 655 360 701 et
377 647 513 702 affirmant
536 648 632 718 spiras
671 649 786 720 Negant
806 650 863 718 pri·
896 655 944 702 sut
957 646 1095 710 humilius,
1110 646 1191 717 idque
1205 665 1242 700 ex
1261 663 1393 700 consensu
1415 647 1540 701 universi.
1582 647 1637 701 Sed
1654 649 1692 702 si-

55 744 137 781 mum
161 725 263 780 mobile
285 734 438 795 separatum
462 734 491 781 et
512 733 640 796 raptum
676 734 703 781 et
728 728 863 782 affirmant
897 728 954 782 mul
968 727 1103 780 affirmant
1116 727 1225 780 tedium
1240 725 1467 795 praeternaturalia
1485 726 1649 780 incitationis
1663 728 1692 780 in

54 823 227 861 consensum
247 806 396 859 cosmicum
417 815 547 877 tauquam
565 822 707 861 commune
725 805 862 860 vincrrlum
897 806 1025 877 planetis,
1044 815 1070 859 et
1090 806 1202 874 majoris
1222 818 1249 859 et
1270 804 1383 858 minoris
1403 804 1507 858 circuli.
1549 805 1693 860 Affirmant

54 886 229 954 systematis.
264 884 409 939 Affinnant
423 893 526 939 motum
540 884 665 939 diurnum
675 885 793 939 inveniri
807 902 862 939 non
896 885 1072 956 solisequiunr
1087 902 1123 939 ex
1136 895 1232 938 natura
1246 884 1390 953 inopinosa
1407 883 1436 936 in
1451 884 1561 955 ignibus
1581 885 1693 939 infirmi-

52 967 85 1020 in
108 964 191 1028 eoelo,
205 964 253 1018 sed
271 972 299 1018 et
317 964 346 1017 in
360 968 431 1026 aare,
446 964 532 1034 aquis,
548 963 632 1018 etiarn
646 965 758 1019 extimis
775 971 861 1030 terrra,
896 965 989 1019 oribus
1003 962 1118 1018 Veneris
1130 971 1159 1017 et
1173 963 1318 1027 Mercurii;
1340 963 1495 1017 curretiam
1508 963 1624 1019 inventas
1638 966 1693 1019 sint

55 1045 151 1115 quoad
163 1044 352 1098 verticitstem.
393 1043 536 1097 Affirmant
545 1043 761 1098 consecutionem
775 1051 803 1097 et
815 1059 862 1097 vo·
896 1043 1042 1098 aGslilteo
1056 1043 1171 1097 stellulae
1185 1053 1306 1096 errantes
1320 1041 1397 1095 Jovis
1411 1041 1531 1097 asseclas.
1574 1044 1629 1096 Ista
1645 1062 1692 1098 su·

54 1123 228 1177 labilitatem
242 1121 318 1176 illam
333 1123 479 1176 cosmicsm
493 1123 521 1176 in
535 1122 626 1176 fluidis
646 1139 705 1177 esse
726 1123 862 1176 verticita-
896 1132 952 1177 tem
972 1139 1022 1176 nos
1042 1131 1171 1193 tanquam
1190 1122 1220 1175 in
1244 1122 1338 1176 limine
1364 1119 1487 1175 historias
1510 1122 1641 1176 naturalis
1665 1132 1693 1176 et

56 1210 116 1256 tem
132 1210 162 1256 et
175 1203 350 1256 directionem
368 1202 397 1255 in
416 1201 632 1264 consistentibus,
649 1218 791 1273 usquequo
804 1218 862 1271 per·
896 1201 1078 1273 philosophis
1101 1210 1203 1255 stantes
1223 1201 1409 1272 prospicimus,
1426 1217 1492 1270 ⁴quae
1515 1211 1616 1271 quanto
1630 1203 1692 1272 quis

54 1283 188 1335 veniatur
203 1282 237 1335 ad
249 1281 388 1335 immobile
402 1282 545 1336 sincerum.
586 1281 698 1351 Negant
711 1280 804 1336 stellas
814 1282 862 1352 figi
896 1282 985 1352 magis
999 1299 1029 1335 se
1047 1281 1211 1335 immerserit
1230 1282 1259 1334 in
1278 1279 1421 1334 historiam
1443 1279 1692 1344 scandentium

55 1370 193 1432 tanquam
207 1361 292 1414 nodos
305 1361 333 1414 in
346 1359 445 1414 tabula
486 1360 599 1431 Negant
612 1361 783 1424 ercentricos,
806 1362 862 1431 epi·
897 1361 1009 1415 fortasse
1028 1361 1152 1430 probabit
1171 1360 1268 1431 magis
1309 1360 1438 1413 Attamen
1453 1366 1581 1413 testamur
1594 1360 1691 1416 iterum

55 1441 163 1508 cyclos,
174 1449 202 1494 et
215 1439 370 1508 hujusmodi
385 1439 502 1494 fabricas
517 1455 575 1494 esse
586 1438 683 1493 reales.
719 1439 861 1494 Affirmant
895 1457 945 1494 nos
959 1441 1004 1495 hic
1019 1439 1106 1493 teneri
1119 1438 1201 1494 nolle.
1244 1440 1276 1493 In
1295 1438 1341 1493 his
1355 1439 1436 1501 enim,
1450 1437 1523 1493 utin
1537 1437 1607 1502 aliis,
1622 1439 1691 1493 certi

54 1527 168 1574 motum
190 1519 376 1590 magneticum
394 1520 452 1574 sive
475 1519 698 1589 congregativum
718 1521 811 1590 vigere
832 1519 860 1572 in
896 1519 947 1575 virs
967 1527 1066 1573 nostrae
1087 1537 1187 1584 sumus,
1209 1520 1276 1573 certi
1298 1518 1370 1572 sedis
1393 1525 1492 1571 nostras
1515 1534 1569 1570 non
1589 1534 1689 1573 sumus.

55 1600 150 1662 astris,
167 1616 203 1652 ex
217 1615 271 1669 quo
284 1599 358 1668 ignis
371 1600 463 1669 ignem
477 1606 572 1653 evocat
585 1606 613 1652 et
627 1598 737 1653 attollit.
779 1598 861 1652 Affir-
897 1599 965 1654 Haec
979 1616 1043 1653 vero
1056 1598 1177 1652 interisti
1192 1614 1292 1663 sumus,
1307 1614 1341 1650 ne
1356 1595 1418 1668 quis
1432 1595 1571 1650 existimet
1584 1613 1633 1650 nos
1646 1614 1691 1651 va-

55 1686 136 1731 mant
152 1679 180 1731 in
195 1677 274 1732 coelis
288 1677 466 1747 planetarum,
480 1694 594 1747 corpora
608 1676 776 1748 planetarum
791 1677 861 1731 velo-
895 1678 1033 1732 cillatione
1054 1677 1160 1746 judieii,
1184 1685 1232 1732 aut
1255 1677 1349 1746 inopia
1372 1675 1524 1729 affirmandi
1549 1677 1690 1746 negativas

56 1759 120 1811 cius
140 1757 245 1811 moseri
261 1765 287 1809 et
303 1764 398 1821 rotare,
413 1773 494 1828 quam
512 1757 648 1828 reliquum
667 1757 740 1823 coeli,
758 1757 786 1810 in
808 1774 861 1828 quo
896 1758 1058 1828 quaestiones
1079 1756 1169 1812 malle.
1212 1757 1307 1828 ltaque
1330 1756 1489 1818 tenebimus,
1515 1756 1689 1826 quemadmo-

56 1836 107 1890 siti
121 1844 194 1898 sunt,
210 1836 282 1908 quod
295 1836 389 1908 ntique
403 1843 483 1901 rotat,
497 1836 545 1889 sed
566 1836 677 1891 tardius.
718 1835 862 1890 Affirmant
895 1837 959 1891 dnm
979 1836 1101 1891 coelestis
1122 1836 1217 1902 solent,
1232 1835 1353 1912 (qnando
1373 1835 1406 1888 de
1419 1833 1453 1888 iis
1468 1834 1625 1906 sermosit,)
1639 1853 1690 1890 no·

56 1933 95 1970 ex
110 1932 145 1969 ea
158 1914 344 1986 inaequalitate
359 1916 464 1981 fluctus,
483 1923 511 1969 et
533 1914 627 1978 undas,
642 1923 669 1969 et
687 1914 861 1985 reciprocati·
894 1916 979 1971 bilem
992 1917 1178 1971 constantiam.

57 2011 127 2050 ones
141 1993 255 2050 estheris
268 1994 447 2066 planetarum,
461 2001 541 2066 atque
562 2012 598 2050 ex
612 1994 647 2050 iis
667 1994 756 2049 varios
771 2001 861 2049 motus

477 2556 636 2624 PARTIS
659 2557 1038 2625 INSTAURATIONIS
1058 2557 1290 2623 SECUNDAE

267 2769 739 2853 DELINEA'I'IO
794 2771 878 2854 ET
928 2768 1482 2853 ARGUMENTUM.

100 3005 277 3064 Masonss'
300 3015 391 3062 autem
410 3006 527 3062 instituti
546 3007 640 3072 nostri,
655 3008 746 3063 omnia
758 3010 861 3080 perspi·
894 3026 944 3065 nes
957 3010 1068 3082 primas.
1083 3016 1164 3080 atque
1178 3009 1253 3079 ipsas
1267 3007 1471 3063 informationes
1488 3023 1591 3071 sensns,
1606 3013 1633 3060 et
1646 3024 1690 3061 or·

58 3106 109 3143 soe
120 3103 316 3158 proponemus,
332 3095 414 3159 atquc
428 3087 521 3140 ordine
534 3104 588 3141 non
602 3089 765 3157 perturbato.
807 3088 861 3143 Pa·
895 3090 988 3145 dinem
1002 3089 1201 3144 demonstrandi
1218 3089 1299 3159 piane
1321 3088 1436 3152 invertit,
1451 3087 1647 3159 propositiones
1664 3094 1692 3140 et

59 3176 116 3222 teat
144 3168 240 3238 itaque
265 3166 348 3234 hujus
371 3167 458 3236 partis
481 3166 626 3221 destinatio
648 3175 677 3221 et
699 3167 860 3223 distributio.
896 3170 1037 3225 axiomata
1051 3169 1086 3223 ab
1099 3168 1214 3223 historia
1228 3174 1256 3221 et
1271 3167 1477 3237 particularibus
1490 3167 1524 3219 ad
1542 3166 1690 3236 generalis,

58 3247 224 3302 Destinatur
236 3245 302 3300 huic
316 3246 387 3316 parti
400 3245 522 3300 doctrina
536 3246 569 3301 de
584 3247 695 3301 meliore
710 3264 742 3300 ac
755 3248 861 3318 perfec·
895 3267 944 3321 per
957 3250 1060 3304 scalam
1073 3248 1281 3310 adscensoriam,
1297 3248 1467 3301 continenter
1481 3245 1654 3300 subvehendo
1664 3253 1691 3300 et

58 3327 128 3380 tiore
152 3343 206 3381 usu
227 3325 351 3388 rationis,
374 3342 456 3395 qnam
474 3325 528 3379 huc
548 3343 635 3396 usque
654 3326 812 3382 hominibus
825 3327 861 3381 sit
895 3329 1048 3393 excitando,
1062 3345 1116 3382 non
1130 3328 1253 3398 protinus
1267 3327 1301 3380 ad
1315 3327 1458 3398 principia,
1471 3326 1596 3396 etmagis
1610 3342 1691 3395 gene·

58 3407 188 3475 cognitus
203 3411 252 3458 aut
264 3411 437 3468 monstratus,
451 3421 485 3459 eo
498 3405 619 3470 consilio,
634 3412 665 3459 ut
677 3422 727 3476 per
747 3407 801 3461 hoc
821 3406 861 3460 in·
894 3407 964 3462 ralia
978 3408 1134 3471 advolando,
1149 3417 1230 3479 atque
1245 3407 1280 3461 ab
1298 3406 1354 3460 illis
1372 3407 1474 3460 medias
1494 3406 1692 3476 propositiones

60 3484 188 3538 tellectus
213 3484 351 3538 humanus
375 3486 518 3554 (qnantum
545 3484 664 3539 conditio
689 3485 861 3540 mortalitatis
895 3487 1051 3542 deducendo
1060 3496 1086 3541 et
1096 3486 1250 3541 derivando.
1291 3485 1368 3540 Finis
1376 3494 1464 3540 sutem
1475 3484 1558 3552 hujus
1569 3485 1690 3539 scientia

59 3565 171 3633 recipit)
187 3562 331 3626 exaltetur,
341 3571 369 3616 et
383 3563 510 3617 facultate
522 3563 701 3633 amplificetur
711 3564 745 3618 ad
758 3572 862 3620 naturis
895 3576 944 3631 est,
960 3575 989 3621 ut
1002 3584 1046 3621 res
1060 3574 1088 3620 et
1101 3583 1192 3637 opera,
1206 3582 1260 3618 non
1275 3574 1434 3636 argumenta
1448 3571 1476 3617 et
1495 3565 1612 3618 rationes
1627 3581 1689 3634 pro·

57 3644 256 3697 obscuritatem
269 3642 437 3706 vincendam,
452 3650 480 3696 et
498 3643 734 3712 interpretandam.
773 3644 861 3699 Nam·
895 3646 1007 3708 habiles,
1021 3647 1194 3700 inveniantur
1207 3654 1235 3698 et
1245 3645 1407 3712 judicentur.
1438 3644 1526 3705 Quare
1536 3643 1690 3697 institutum

58 3723 174 3793 queipsi
183 3723 403 3791 interpretationi
415 3728 520 3776 naturoe
530 3723 712 3777 attribuuntur
722 3722 785 3777 libri
792 3731 859 3788 tren
895 3726 980 3794 hujus
994 3725 1056 3779 libri
1077 3725 1187 3779 secundi
1208 3724 1365 3793 hujusmodi
1379 3730 1430 3779 est.
1471 3724 1553 3777 Nunc
1567 3722 1691 3775 distribu-

59 3804 165 3863 tertius,
181 3810 301 3872 quartus,
315 3810 342 3856 et
356 3808 465 3866 sextum
486 3801 620 3873 siquidem
635 3803 753 3873 quintus,
769 3803 816 3874 qui
827 3821 862 3858 ex
896 3805 996 3859 tionem
1010 3805 1131 3873 eiusdem
1145 3803 1269 3858 similiter
1283 3819 1471 3873 proponemus.
1512 3801 1691 3863 Quemadmo

59 3881 601 3953 anbcipstionibusestsecnndnmusum
615 3882 728 3937 rationis
741 3899 861 3937 commu·
896 3884 961 3938 dum
982 3884 1011 3938 in
1032 3884 1206 3955 generations
1229 3882 1341 3938 luminis
1363 3883 1516 3953 requiritur,
1541 3890 1570 3934 ut
1592 3898 1692 3950 corpus

58 3960 308 4030 nem,sdte1npus
327 3968 431 4015 tautum
452 3961 575 4024 sumitur,
597 3968 625 4014 et
641 3962 768 4032 deinceps
787 3969 861 4031 post·
896 3963 986 4018 lumen
1001 3971 1171 4034 recepturum
1188 3961 1312 4032 poliatur,
1331 3969 1413 4033 atque
1433 3961 1529 4015 deinde
1549 3959 1577 4014 in
1598 3961 1693 4014 debito

59 4057 146 4111 quam
165 4040 215 4110 figi
236 4040 357 4110 caperit,
378 4046 460 4112 atque
480 4057 516 4094 ex
537 4056 588 4094 usu
606 4041 718 4094 rationis
738 4040 862 4111 legitimo
896 4043 930 4097 ad
944 4043 1032 4097 lucem
1053 4044 1106 4096 situ
1127 4043 1185 4096 sire
1205 4042 1379 4095 conversione
1401 4048 1523 4110 ponatur,
1543 4046 1691 4111 antequam

58 4120 208 4183 verificari,
229 4126 259 4173 et
279 4119 446 4185 transfertur,
469 4127 497 4174 et
516 4120 676 4190 commigrat
694 4121 723 4173 in
745 4128 860 4175 sextum.
896 4122 965 4176 lucis
978 4120 1280 4193 ipsiustiatimmissio;
1302 4120 1689 4191 prorsnsitaestoperandum.

61 4199 138 4253 Huic
148 4215 216 4253 vero
228 4198 299 4252 libro
310 4199 428 4253 secundo
438 4200 616 4254 committitur
625 4198 779 4254 intellectus
792 4199 860 4270 ipse,
896 4201 989 4255 Primo
1003 4202 1075 4255 enim
1089 4201 1189 4254 mentis
1209 4217 1273 4254 area
1292 4200 1435 4270 mquandn,
1449 4207 1476 4253 et
1495 4199 1634 4254 liberanda
1654 4200 1691 4252 ab

60 4278 176 4349 ejusque
192 4295 258 4333 curs
270 4285 299 4332 et
312 4279 441 4349 regimen,
456 4279 599 4349 omnisque
612 4288 766 4348 apparatus,
781 4287 861 4350 atque
897 4281 945 4345 eis,
972 4298 1033 4352 qum
1060 4280 1191 4334 hactenus
1219 4289 1333 4349 recepta·
1354 4286 1431 4344 sunt3
1467 4285 1523 4333 tum
1551 4280 1691 4332 conversio

60 4358 209 4412 instructio
222 4357 257 4411 ad
271 4374 365 4412 veram
384 4358 497 4412 rationis
517 4358 778 4412 administrationem
798 4374 861 4412 con·
896 4361 995 4414 ruentis
1009 4361 1080 4413 bona
1093 4368 1121 4413 et
1134 4376 1253 4429 congrua
1268 4358 1391 4413 facienda
1405 4367 1446 4413 est
1459 4358 1494 4411 ad
1513 4375 1554 4420 ea,
1568 4377 1629 4430 qum
1648 4359 1689 4412 af·

60 4437 174 4501 ducens,
189 4436 360 4492 describitur.
402 4438 492 4509 Atque
504 4436 570 4491 licet
583 4454 682 4491 nomen
695 4437 784 4506 ipsum
793 4437 861 4508 logi-
896 4440 1031 4504 feruntnr;
1052 4447 1190 4510 postremo
1203 4438 1286 4492 menti
1302 4448 1460 4509 praeparatae
1474 4438 1629 4492 informatio
1641 4456 1689 4492 ex-

61 4532 111 4580 ors,
126 4517 185 4570 sive
200 4516 358 4582 dialectica,
371 4527 483 4588 propter
495 4518 707 4588 depravationes,
722 4517 794 4587 apud
812 4532 862 4571 nos
896 4518 1023 4573 hibenda
1064 4520 1153 4588 Atque
1170 4534 1233 4588 pars
1250 4518 1390 4572 destruens
1408 4517 1509 4588 triplex
1526 4526 1573 4581 est,
1593 4534 1689 4573 secun·

61 4597 201 4667 ingratum
214 4596 270 4651 fers
284 4604 369 4661 sonet,
384 4604 476 4651 tamen
489 4604 520 4651 ut
532 4595 658 4650 homines
672 4611 721 4665 per
734 4604 862 4650 consueta
896 4599 959 4653 dum
974 4597 1107 4669 triplicem
1121 4605 1245 4651 naturam
1256 4596 1396 4661 idolorum,
1411 4615 1472 4668 qum
1485 4604 1605 4652 mentem
1620 4597 1690 4650 obsi·

59 4684 195 4747 tanquam
208 4676 443 4739 manuducsmus,
458 4684 499 4729 est
518 4683 590 4730 certe
605 4692 649 4729 ars
663 4691 703 4739 ea,
718 4693 798 4746 qnam
813 4676 860 4730 ad·
896 4678 970 4732 dent.
1014 4676 1065 4731 llls
1079 4678 1151 4731 enim
1164 4686 1211 4731 aut
1225 4676 1361 4731 adscititia
1380 4686 1450 4741 sunt,
1470 4677 1552 4747 idque
1572 4675 1688 4746 duplici·

60 4756 194 4817 donimus,
214 4770 250 4809 ex
270 4772 371 4826 genere
390 4755 496 4826 logices,
519 4772 580 4826 qum
600 4762 627 4808 et
647 4754 708 4824 ipsa
729 4754 862 4827 (vulgaris
896 4765 953 4821 ter;
973 4757 1099 4811 nimimm
1115 4774 1175 4827 quis
1188 4757 1378 4825 immigrarunt
1390 4757 1419 4810 in
1437 4764 1554 4810 mentem
1573 4772 1688 4825 eamque

60 4836 189 4905 inquam)
200 4834 305 4888 auxilia
319 4843 347 4890 et
361 4834 488 4905 prasidio
500 4834 640 4889 intellectu
654 4841 732 4903 parat
745 4842 773 4888 et
786 4833 862 4888 moli·
897 4845 1070 4906 occuparunt,
1095 4835 1138 4889 vel
1163 4853 1199 4890 ex
1225 4835 1449 4905 philosophorum
1471 4834 1580 4905 placitis
1607 4842 1688 4902 atque

60 4920 114 4968 tur.
155 4913 256 4967 Differt
278 4922 368 4969 autem
390 4921 482 4968 nostra
505 4931 522 4967 a
548 4913 638 4984 logica
660 4912 775 4984 vulgari,
803 4920 860 4968 tum
897 4918 994 4980 sectis;
1015 4914 1059 4969 vel
1073 4932 1164 4969 rursus
1178 4931 1213 4969 ex
1227 4916 1359 4985 perversis
1372 4913 1480 4986 legibus
1500 4922 1527 4967 et
1539 4912 1689 4967 rationibus

59 4992 126 5047 aliis
148 4993 237 5055 rebus,
261 5000 318 5048 tum
339 4995 474 5064 praecipue
497 4994 600 5055 tribus3
625 4991 753 5046 videlicet
774 4993 860 5047 initiis
895 4996 1170 5057 demonstrationum
1201 5001 1249 5048 aut
1269 5012 1383 5066 eaquae
1402 4994 1487 5048 menti
1507 4992 1561 5063 ipsi
1582 4998 1609 5045 et
1629 4992 1690 5045 sub

59 5072 227 5142 inquirendi,
242 5073 336 5127 ordine
350 5073 559 5137 demonstrandi,
570 5080 651 5144 atque
662 5072 715 5125 fine
725 5083 752 5125 et
762 5073 858 5126 officio.
895 5076 1004 5129 stantiae
1027 5075 1085 5142 ejus
1105 5073 1268 5128 inhaerentia
1287 5082 1349 5128 sunt
1370 5081 1450 5145 atque
1470 5074 1572 5126 inuata
1613 5071 1690 5127 Sicut

59 5152 137 5206 Nam
150 5158 180 5204 et
193 5151 375 5222 inquisitionis
388 5152 498 5206 initium
518 5151 599 5206 altius
619 5152 708 5216 sumit,
722 5168 755 5205 ea
774 5152 860 5218 subji·
895 5155 969 5209 enim
983 5153 1122 5224 speculum
1136 5152 1270 5224 inaquale
1283 5169 1362 5207 veros
1374 5170 1462 5206 rernm
1476 5151 1566 5204 radios
1580 5167 1616 5205 ex
1629 5168 1689 5205 sec·

59 5230 160 5285 ciendo
178 5231 309 5295 examini,
328 5248 389 5303 quta
405 5230 496 5302 logica
509 5230 629 5301 vulgaris
648 5230 732 5284 veluti
752 5248 788 5285 ex
806 5230 859 5284 tide
896 5234 969 5288 tione
983 5233 1093 5302 propria
1106 5233 1244 5287 immutat:
1265 5234 1304 5286 ira
1318 5239 1345 5285 et
1358 5247 1442 5295 mens,
1457 5230 1565 5301 qnando
1578 5247 1595 5281 a
1608 5230 1689 5285 rebus

59 5310 159 5375 diens
173 5318 204 5364 et
217 5312 376 5365 auctoritate
389 5327 463 5365 caca
480 5310 590 5380 recipit;
612 5310 753 5381 principia,
772 5309 859 5363 notio·
895 5331 945 5384 per
969 5329 1077 5367 sensum
1098 5313 1207 5383 patitur,
1231 5313 1260 5367 in
1285 5310 1403 5366 motibus
1426 5311 1483 5363 suis
1504 5310 1688 5381 expediendis,

90 5432 105 5458 ⁶
122 5430 153 5477 ln
171 5431 244 5492 priori
255 5431 357 5480 editions
367 5434 558 5482 Deliseotioaem
571 5432 633 5479 hanc
648 5439 672 5480 et
685 5434 722 5479 Ar
739 5438 860 5480 amentum
895 5433 958 5479 none
969 5430 1081 5487 Natura,
1091 5445 1169 5490 quem,
1176 5445 1234 5498 ¹cnm
1245 5429 1323 5496 pullus
1332 5427 1392 5473 alins
1401 5426 1431 5474 sit
1441 5441 1513 5487 qnam
1523 5428 1584 5475 Noni
1596 5427 1691 5489 Orpcsi

59 5496 216 5551 merserat
223 5491 391 5549 trasmuqsui
399 5490 488 5549 titulus,
499 5491 594 5539 Indicio
604 5504 661 5538 ocra
673 5492 702 5538 rte
724 5496 860 5549 uterpretc-
891 5490 1019 5550 psalmia,
1032 5488 1148 5536 noluimus
1156 5488 1197 5534 hic
1207 5488 1254 5534 loci
1265 5492 1378 5547 repetere.
