3800 5875
218 329 277 383 534
823 325 1008 382 HISTORIA
1028 325 1256 383 VENTORUM.

257 490 306 544 ur.
328 487 357 543 st
378 488 405 541 in
421 497 483 543 orn
501 488 550 543 nio
568 486 720 543 susicana
737 486 828 552 ruent,
842 493 939 541 ventos
958 504 1022 558 por.
1098 486 1146 541 40.
1168 485 1319 542 cumcun
1333 503 1430 542 senno
1442 485 1633 559 tugmnrtt,
1646 503 1704 541 nou
1717 486 1801 560 range
1814 473 1873 558 uti

217 569 318 633 tendit,
350 568 552 640 sirubiginosa
570 577 618 622 aut
637 568 739 632 obatra,
759 567 883 638 pluviss3
912 568 962 622 sed
980 567 1021 621 nil
1057 567 1207 621 suntventi
1221 567 1453 622 etimbrcsabca
1466 574 1552 639 parte,
1567 584 1623 640 qna
1636 566 1775 638 iulgurst3
1790 572 1873 640 quon

217 650 316 704 horum
329 648 465 719 significat
480 649 551 703 ultra
566 647 760 718 plenilunium.
1058 648 1082 701 si
1096 664 1132 701 ex
1150 646 1265 701 diversis
1283 648 1409 717 partibus
1427 647 1489 703 coeli
1511 647 1700 719 fulgurarerit,
1713 660 1856 722 sequentur
1872 643 1873 732 i

257 729 305 783 22.
327 729 415 783 Recta
428 728 494 783 luna
505 745 614 798 semper
629 729 686 783 iere
707 728 802 782 minax
815 734 898 781 estet
910 726 1019 793 infesta,
1058 735 1165 780 atroces
1178 734 1206 780 et
1215 726 1335 782 horridas
1349 734 1534 799 tempestatas.

216 809 387 878 potissimum
402 818 493 863 autem
506 809 652 864 denunciat
666 815 779 873 ventos3
801 815 830 861 at
847 807 1021 878 siappareat
1097 808 1146 861 41.
1169 806 1200 861 si
1221 806 1399 877 fulguraverit
1423 824 1441 862 a
1466 808 1558 880 plagis
1580 805 1646 861 ciali
1672 808 1873 879 gelidioribua,

217 889 346 958 cornibus
360 889 465 943 obtusis
479 896 507 942 et
519 889 640 953 curtatis,
654 889 756 944 imbres
770 888 871 958 potius.
1058 887 1242 956 septentrione
1257 895 1285 942 et
1298 888 1435 960 aquilone,
1450 895 1600 961 sequantur
1613 889 1780 959 grandinem
1801 891 1824 943 si
1842 907 1855 942 a
1872 901 1873 942 t

257 969 306 1024 23.
329 968 358 1023 Si
381 969 496 1023 alterum
521 985 606 1024 comu
626 968 699 1023 luuae
722 968 812 1038 magis
834 969 1020 1023 acuminatum
1057 967 1245 1038 tepidioribus,
1266 977 1359 1023 anano
1380 975 1408 1022 ct
1427 969 1557 1040 zephyro,
1579 968 1685 1022 imbres
1707 985 1771 1023 curn
1791 963 1873 1028 coeloi

217 1049 301 1102 suerit
314 1055 342 1102 et
355 1048 481 1120 rigidum,
496 1049 584 1104 altero
597 1049 686 1120 magia
700 1049 804 1114 obtuso,
819 1055 913 1102 sentos
926 1049 1019 1119 potius
1057 1054 1183 1103 aestuoso.

216 1129 368 1201 significan
390 1129 581 1201 siutrumque,
595 1128 728 1200 pluviam.
1097 1129 1145 1182 42.
1166 1127 1264 1199 Magni
1280 1129 1400 1183 terrores
1413 1134 1477 1199 post
1490 1126 1640 1183 solstitium
1654 1127 1779 1182 mtirale
1792 1128 1856 1182 desi-

256 1209 303 1262 24.
325 1208 355 1263 Si
376 1208 493 1263 circulus
511 1217 558 1264 aut
579 1208 646 1264 balo
669 1209 743 1263 circa
762 1209 857 1264 lunam
878 1215 1017 1278 appareat,
1056 1214 1126 1262 nunt
1139 1208 1301 1279 plerumque
1314 1208 1343 1261 in
1357 1208 1460 1263 tonitru
1478 1217 1506 1263 et
1525 1207 1656 1279 iblgura3
1681 1225 1744 1278 quaa
1764 1208 1789 1262 si
1806 1225 1855 1262 nou

215 1288 337 1358 pluviam
347 1289 437 1359 potius
449 1289 586 1360 significat
594 1307 675 1361 quam
684 1297 796 1355 ventos;
817 1288 871 1343 nisi
881 1296 1018 1344 stetrecta
1056 1296 1216 1359 sequantur,
1232 1287 1359 1342 desinunt
1373 1289 1403 1342 in
1415 1295 1510 1343 ventos
1531 1294 1560 1343 et
1580 1288 1694 1359 pluvias
1707 1304 1758 1358 per
1770 1287 1854 1358 planes

214 1368 280 1423 luna
293 1369 365 1423 intra
379 1386 443 1424 eum
457 1369 596 1434 circulum,
611 1379 668 1424 tum
682 1387 747 1424 vero
760 1376 918 1442 utrumque.
1056 1367 1125 1423 dies.

255 1447 302 1502 25.
325 1448 428 1504 Circuli
446 1449 520 1504 circa
538 1450 632 1505 lunam
646 1458 741 1505 ventos
759 1467 868 1521 semper
886 1450 1018 1504 denotant
1096 1448 1146 1504 43.
1167 1447 1271 1503 Globus
1294 1448 1421 1514 flamma,
1447 1465 1529 1519 quem
1557 1446 1703 1502 Castorem
1728 1447 1854 1502 vocabant

214 1546 250 1583 ex
263 1536 339 1598 parte
355 1545 409 1599 qua
422 1531 561 1600 ruperint3
583 1530 668 1584 etiam
687 1530 816 1600 splendor
833 1530 947 1586 illustris
966 1529 1017 1584 cir·
1055 1527 1169 1600 antiqui,
1184 1528 1232 1600 qui
1246 1529 1366 1583 cernitur
1378 1528 1572 1598 navigantibus
1590 1528 1620 1582 in
1638 1527 1758 1591 mari,si
1780 1527 1854 1582 fucrit

213 1608 267 1663 culi
283 1610 313 1663 in
327 1608 419 1679 aliqua
432 1618 517 1678 parte,
530 1618 625 1665 ventos
637 1627 673 1665 ex
687 1627 720 1665 ea
730 1619 807 1681 parte
816 1628 871 1682 qua
879 1609 1015 1680 splendet.
1055 1609 1161 1675 unicus,
1185 1615 1305 1663 atrocem
1329 1614 1523 1679 tempestatem
1541 1608 1724 1677 proenunciat,
1751 1605 1853 1675 (Castor

252 1687 300 1744 26.
322 1689 426 1744 Circuli
449 1691 522 1744 circa
539 1690 641 1755 lunam,
656 1691 681 1744 si
702 1690 804 1746 fuerint
823 1690 947 1761 duplices
969 1699 1017 1744 aut
1055 1688 1161 1743 scilicet
1179 1696 1222 1743 est
1243 1688 1328 1743 frater
1346 1689 1563 1755 intermortuus,)
1581 1694 1612 1741 at
1624 1685 1714 1741 multo
1727 1688 1851 1759 magiasi

213 1768 343 1838 triplices,
357 1778 567 1839 praernonstrant
579 1770 706 1825 horridas
724 1778 751 1824 et
772 1787 884 1841 asperas
898 1779 1016 1840 tempes·
1054 1785 1110 1823 non
1130 1768 1242 1822 haeserit
1261 1768 1344 1835 malo,
1359 1769 1408 1823 sed
1422 1767 1547 1822 volvatur
1560 1773 1608 1821 aut
1621 1766 1725 1833 saltet3
1747 1767 1815 1838 qnod
1831 1769 1850 1822 si

213 1857 301 1913 tates;
323 1856 353 1902 at
373 1848 460 1904 multo
483 1851 581 1922 magis,
603 1852 627 1905 si
652 1851 694 1905 illi
719 1850 814 1905 circuli
835 1866 892 1906 non
913 1850 1016 1906 fuerint
1053 1848 1156 1904 fuerint
1164 1848 1275 1920 gemini,
1285 1850 1433 1919 (praesente
1447 1847 1552 1903 scilicet
1560 1846 1676 1902 Polluce
1686 1847 1770 1901 tratre
1778 1850 1849 1916 vira)

212 1928 320 1999 integri,
335 1928 383 1983 sed
393 1930 526 1984 maculosi
540 1939 568 1984 et
580 1931 753 1984 interstincti.
862 1945 865 1958 ·
1054 1928 1137 2001 idque
1151 1937 1314 2000 tempestate
1333 1928 1434 1991 adulta,
1453 1929 1573 1986 salutare
1593 1927 1709 1999 signnm
1728 1927 1849 1982 habetur:

252 2007 301 2069 27.
322 2007 486 2074 Plenilunia,
501 2011 590 2081 quoad
606 2010 711 2066 colores
732 2019 760 2065 et
780 2009 902 2075 balonea,
918 2012 1015 2066 eadem
1054 2010 1098 2063 siu
1111 2010 1213 2063 fucriut
1226 2016 1282 2063 tres
1295 2009 1519 2080 (superveniente
1533 2006 1770 2072 scilicetHelena,
1784 2017 1849 2078 peste

213 2088 282 2141 sorte
295 2088 433 2152 denotant,
449 2106 510 2159 quae
524 2099 598 2145 ortus
619 2098 749 2160 quartus,
771 2092 820 2145 sed
840 2092 929 2162 magis
946 2109 1015 2163 pra·
1054 2089 1159 2160 rerum)
1173 2090 1262 2160 magis
1272 2089 1334 2143 dira
1341 2089 1483 2144 incumbet
1495 2096 1664 2158 tempestas:
1679 2088 1849 2143 videtursana

212 2167 307 2232 sentia,
320 2184 371 2221 nec
387 2176 442 2223 tam
456 2170 660 2239 procrastinata.
1054 2170 1159 2235 unicus,
1188 2168 1300 2224 crudam
1324 2169 1481 2241 sigrtificare
1504 2169 1653 2222 materiam
1674 2169 1849 2239 temperatim

252 2246 299 2301 28.
321 2246 478 2302 Plenilunia
504 2249 593 2305 solent
615 2267 675 2305 esse
696 2251 786 2320 magis
810 2267 907 2306 serena
931 2268 1015 2324 quam
1054 2249 1164 2320 duplex,
1179 2250 1259 2321 quasi
1272 2257 1376 2304 coctam
1391 2258 1420 2304 et
1432 2255 1585 2316 maturam3
1600 2248 1761 2319 triplexve!
1773 2249 1850 2304 multi

212 2335 319 2381 caterae
337 2336 430 2382 aetates
443 2328 533 2394 lunae3
555 2330 604 2385 sed
618 2330 723 2396 eadem,
737 2330 837 2397 hieme,
853 2331 1014 2403 quaudoque
1053 2329 1128 2400 plex,
1140 2330 1250 2400 copiam
1264 2346 1338 2402 tagre
1349 2329 1546 2402 dissipabilem.

211 2406 360 2461 intensiora
373 2407 439 2462 daut
449 2408 560 2480 frigora.
1094 2411 1142 2466 44.
1164 2410 1194 2465 Si
1217 2410 1422 2480 conspiciantur
1441 2410 1529 2465 nubes
1550 2409 1618 2464 ferri
1637 2408 1781 2464 incitatius
1792 2407 1850 2462 eoelo

253 2484 300 2541 29.
321 2485 401 2542 Luna
422 2489 474 2543 sub
494 2506 621 2544 occasum
639 2490 705 2544 solis
718 2490 858 2561 ampliata,
874 2502 903 2547 et
922 2501 1014 2547 tamen
1054 2497 1346 2559 sereuqexpectentur
1356 2491 1431 2545 venti
1446 2491 1482 2544 ab
1495 2506 1529 2544 ea
1543 2495 1629 2559 parte,
1642 2505 1661 2542 a
1672 2506 1729 2560 qua
1743 2489 1850 2544 feruntur

210 2564 354 2633 luminosa,
368 2584 419 2623 nec
434 2569 570 2635 subfusca,
584 2572 760 2625 serenitatem
774 2581 865 2641 portat
878 2574 907 2627 in
921 2572 1015 2644 plures
1053 2570 1148 2625 nubes.
1189 2570 1267 2631 Quod
1280 2570 1304 2624 ai
1318 2570 1502 2641 globabuntur
1515 2577 1544 2624 et
1556 2569 1754 2641 glomerabunt
1772 2568 1848 2632 amul,

211 2645 278 2700 dits·
1053 2667 1117 2705 cum
1136 2650 1179 2705 sol
1200 2651 1463 2722 appropinquaverit
1482 2650 1519 2705 ad
1539 2667 1603 2704 eam
1623 2657 1743 2721 partem,
1762 2650 1790 2703 in
1805 2664 1850 2720 qua

251 2726 298 2781 30.
319 2727 445 2798 Eclipses
458 2729 530 2783 lunoe
542 2733 620 2801 quasi
630 2748 738 2801 semper
748 2730 913 2786 comitantur
922 2732 1012 2800 rann,
1053 2730 1207 2801 globantur,
1231 2730 1365 2800 incipient
1388 2730 1504 2796 discuti;
1533 2730 1608 2802 quod
1631 2731 1658 2785 si
1686 2729 1848 2784 discutientur

210 2805 286 2870 solis,
301 2811 449 2876 serenitas;
471 2809 572 2880 pluvia
586 2827 649 2865 raro
662 2811 831 2865 alterutrum
1053 2812 1142 2882 magis
1162 2827 1257 2865 versus
1275 2810 1396 2875 boream,
1416 2811 1555 2883 significat
1572 2817 1707 2876 rentiam
1727 2810 1752 2864 si
1768 2824 1847 2864 sersus

250 2885 297 2943 31.
320 2888 344 2943 A
359 2890 597 2959 conjunctionibus
607 2890 722 2964 reliquis
735 2892 907 2963 planetarum
916 2900 1015 2963 prater
1054 2899 1184 2956 austrum,
1196 2890 1314 2962 pluvias.

209 2966 296 3023 solem
310 2971 471 3041 expectabis
480 2979 584 3036 ventos,
600 2982 628 3026 et
642 2981 705 3027 ante
719 2981 747 3027 et
757 2980 833 3043 post;
856 2976 1014 3044 aconjunc-
1094 2971 1143 3027 45.
1166 2971 1196 3026 Si
1224 2972 1365 3026 occidente
1388 2971 1447 3027 sole
1468 2973 1557 3028 nubes
1578 2972 1705 3027 orientur
1723 2979 1786 3025 stra
1807 2976 1847 3023 sut

209 3048 329 3103 tionibus
344 3067 406 3104 cum
421 3050 487 3117 sole,
502 3052 690 3107 serenitatem.
1053 3052 1147 3117 luscae,
1169 3052 1287 3107 imbrem
1314 3052 1486 3123 significant:
1508 3055 1532 3107 si
1558 3052 1694 3108 adsersus
1717 3048 1846 3114 solemio

250 3127 297 3183 32.
320 3129 353 3184 In
381 3139 479 3188 exortu
505 3130 644 3203 pleiadum
667 3140 695 3186 et
720 3132 842 3203 hyadum
863 3141 1015 3206 sequuntur
1054 3133 1159 3187 oriente
1174 3132 1289 3198 scilicet,
1304 3133 1401 3188 eadem
1413 3140 1512 3198 nocte;
1534 3134 1559 3187 si
1570 3134 1653 3202 juxta
1667 3130 1754 3186 solem
1767 3130 1845 3184 aboc-

209 3207 312 3264 imbres
326 3219 354 3264 et
375 3211 484 3280 pluvia,
498 3212 547 3266 sed
564 3211 735 3284 tranquillam
756 3213 787 3267 in
802 3222 898 3268 exonu
911 3215 1014 3270 orionis
1053 3213 1169 3277 uidente,
1180 3212 1210 3266 in
1223 3222 1362 3283 posterum
1375 3212 1456 3275 diem,
1471 3230 1535 3267 oum
1549 3213 1652 3269 ventis.

209 3295 237 3342 et
250 3290 359 3353 arcturi,
374 3300 559 3360 tempestates.
1094 3292 1142 3347 46.
1163 3292 1330 3364 Liquidatio,
1345 3292 1403 3346 sive
1424 3293 1606 3348 disserenutio
1626 3291 1693 3349 coeli
1713 3291 1800 3351 nubili.
1812 3290 1846 3344 in

251 3367 299 3423 33.
322 3366 417 3443 Stellae
426 3375 469 3437 (ut
481 3371 633 3443 loquimur)
648 3373 829 3428 discurrentes
842 3382 869 3428 et
884 3376 1014 3446 sagittan-
1053 3372 1160 3443 cipieus
1183 3373 1213 3427 in
1235 3373 1401 3427 contrarium
1422 3373 1505 3437 venti,
1529 3374 1576 3445 qui
1600 3374 1660 3440 flat,
1683 3372 1845 3428 serenitatem

209 3455 251 3502 tes
265 3444 389 3519 protinus
399 3460 494 3506 ventos
504 3453 627 3507 indicant
638 3471 674 3508 ex
684 3471 717 3507 ea
731 3461 817 3523 parte,
825 3454 897 3509 unde
906 3455 1014 3510 vibran-
1053 3453 1205 3525 signiticat;
1231 3454 1280 3508 sed
1307 3471 1324 3507 a
1351 3460 1430 3524 parte
1457 3454 1542 3519 renti,
1568 3454 1643 3510 nihil
1674 3453 1781 3516 indicat,
1804 3452 1845 3505 sed

209 3536 263 3584 tur.
305 3529 420 3590 Quodsi
435 3548 471 3586 ex
480 3532 564 3587 variis
578 3541 624 3587 aut
639 3534 722 3588 etiam
732 3534 875 3589 contrariis
890 3536 1014 3606 partibus
1052 3531 1158 3588 incerta
1171 3550 1216 3588 res
1230 3540 1281 3588 est.

208 3609 330 3674 volitent,
340 3627 454 3681 magnas
462 3619 640 3682 tempestates
650 3621 678 3668 et
686 3622 828 3669 centonum
837 3622 867 3669 et
875 3615 1012 3671 imbrium.
1093 3610 1141 3674 47.
1163 3613 1378 3684 Conspiciuntur
1402 3613 1566 3685 quandoque
1587 3613 1692 3685 plures,
1712 3611 1791 3667 veluti
1807 3627 1844 3663 ca·

249 3689 299 3744 34.
322 3690 392 3745 Cum
418 3708 474 3746 non
501 3693 704 3763 conspiciantur
730 3693 817 3748 stella
845 3695 1013 3761 minusculus,
1053 3710 1136 3747 merra
1144 3701 1193 3746 aut
1202 3693 1420 3764 contignationes
1430 3694 1551 3758 nubium,
1563 3694 1742 3764 alterasupra
1751 3691 1844 3752 alteras,

209 3769 305 3839 quales
319 3780 383 3825 sunt
397 3788 465 3842 quas
477 3783 575 3827 vocant
586 3773 694 3839 asellos,
709 3774 791 3846 idque
806 3776 837 3828 iit
850 3775 950 3846 ubique
965 3793 1014 3846 per
1055 3776 1099 3841 (ut
1118 3772 1266 3845 aliqnando
1285 3774 1405 3844 quinque
1424 3772 1506 3828 simul
1526 3790 1556 3828 se
1571 3773 1689 3838 videsse,
1704 3782 1732 3827 et
1747 3781 1844 3826 notasse

209 3856 296 3903 totum
317 3851 426 3917 coelum,
440 3869 555 3923 magnas
577 3860 769 3924 praemonstrat
789 3860 965 3925 tempestates
986 3864 1014 3910 et
1053 3855 1169 3908 affirmet
1183 3852 1344 3924 Gilbertus,)
1358 3862 1385 3907 et
1404 3871 1514 3925 semper
1534 3856 1651 3909 atrioras
1670 3863 1734 3909 sunt
1749 3851 1843 3913 infima,

209 3928 311 3983 imbres
336 3931 409 3986 intra
430 3931 534 4004 aliquot
557 3933 632 3988 dies:
659 3934 731 4005 quod
755 3934 780 3988 si
802 3933 902 3991 alicubi
927 3936 1014 3991 stellae
1052 3933 1117 3988 licet
1145 3935 1308 4007 quandoque
1332 3950 1412 3988 secus
1433 3942 1574 4005 appareat,
1597 3935 1665 4007 quia
1691 3933 1843 3989 candidium

208 4009 321 4064 minutas
336 4011 520 4080 obscurentur,
540 4013 641 4068 alicubi
660 4015 715 4069 sint
733 4014 823 4080 clarae,
839 4024 936 4071 ventos
956 4024 1014 4070 tan·
1052 4014 1142 4068 visum
1156 4014 1245 4085 magis
1264 4014 1411 4069 lacessunt
1452 4013 1567 4086 Duplex
1584 4015 1759 4086 contignatio,
1773 4013 1795 4066 si
1812 4012 1842 4063 sit

210 4094 275 4152 turn,
289 4089 337 4144 sed
350 4092 440 4146 citius.
1053 4095 1175 4164 spissior,
1198 4094 1307 4165 pluvias
1332 4094 1446 4148 denotat
1473 4095 1612 4150 instantes
1642 4091 1840 4167 (prasertimai

250 4167 297 4222 35.
319 4168 427 4226 Coelnm
441 4173 585 4243 aqualiter
599 4172 746 4242 splendens
761 4175 789 4228 in
802 4175 958 4238 noviluniis,
967 4183 1015 4229 aut
1052 4175 1139 4228 nubes
1153 4174 1267 4229 inferior
1286 4182 1413 4229 cernatur
1426 4175 1504 4246 quasi
1525 4175 1672 4247 gravida);
1687 4174 1775 4246 plures
1790 4186 1841 4224 con

210 4256 269 4302 ortu
281 4258 385 4320 quarto,
395 4254 571 4307 serenitatem
580 4254 655 4307 dabit
669 4271 719 4324 per
733 4254 908 4325 pluresdies;
924 4272 1014 4327 aequa-
1054 4255 1221 4326 tignationes
1236 4254 1418 4327 perendinant
1431 4254 1547 4326 pluvias.

209 4327 273 4381 liter
293 4329 445 4395 obscurum,
464 4333 582 4398 imbres;
604 4334 786 4404 inaequaliter,
800 4345 904 4399 ventos,
924 4336 960 4389 ab
980 4353 1015 4389 ea
1093 4336 1141 4389 48.
1162 4334 1268 4399 Nubes,
1291 4334 1315 4388 si
1336 4344 1367 4390 ut
1383 4333 1487 4389 vellera
1506 4334 1579 4390 laute
1599 4343 1768 4409 spargantur,
1787 4330 1841 4386 ltine
1872 4326 1873 4385 l

208 4417 288 4478 parte
309 4426 365 4480 qua
383 4411 502 4466 cernitar
523 4413 690 4469 obscuratio.
731 4414 808 4476 Quod
824 4417 848 4470 si
861 4416 953 4470 subito
966 4417 1015 4470 fiat
1052 4413 1116 4469 inde
1140 4422 1318 4486 tempestates
1339 4415 1467 4469 denotant
1474 4438 1482 4482 ς
1504 4417 1580 4487 quod
1600 4417 1633 4481 si,
1647 4417 1734 4471 instar
1750 4429 1840 4486 squam-
1872 4424 1873 4485 Ῑ

209 4488 366 4545 obscuratio
389 4490 450 4546 sins
473 4492 546 4548 nube
567 4502 615 4549 aut
638 4493 766 4565 caligine,
790 4514 853 4566 quae
877 4496 1014 4567 fulgorem
1053 4511 1160 4549 marum
1174 4502 1375 4559 auttestarnm,
1390 4495 1479 4550 altera
1492 4495 1571 4551 alteri
1590 4496 1738 4560 incumbat,
1752 4491 1841 4549 siecia·
1872 4512 1873 4537 l

210 4568 352 4624 stellarum
366 4571 540 4643 perstringat,
552 4591 651 4646 graves
665 4582 693 4628 et
712 4591 816 4646 usperae
830 4576 933 4630 instant
948 4583 1014 4631 tem·
1054 4582 1110 4629 tem
1119 4583 1146 4629 et
1161 4577 1347 4630 serenitatem.
1872 4634 1873 4645 ,

209 4656 341 4719 pestates.
1093 4653 1141 4710 49.
1163 4656 1260 4711 Nubes
1276 4656 1404 4726 plumatae
1424 4664 1453 4710 et
1466 4654 1571 4711 similes
1584 4656 1672 4711 ramis
1691 4656 1791 4728 palma,
1803 4658 1839 4705 snt
1872 4664 1873 4733 q

250 4728 297 4784 36.
319 4730 350 4785 Si
377 4730 551 4801 planetarum
573 4742 621 4790 aut
646 4734 787 4790 stellarum
809 4737 944 4806 majorum
966 4736 1015 4790 ali·
1054 4736 1167 4790 floribus
1181 4736 1267 4803 iridis,
1282 4736 1384 4792 imbres
1402 4737 1534 4807 protinus,
1548 4753 1605 4792 non
1626 4736 1666 4792 ita
1683 4736 1767 4793 multo
1782 4741 1837 4805 post
1872 4742 1873 4745 ’

210 4827 294 4880 qnam
303 4809 446 4866 incluserit
459 4812 578 4869 circulus
592 4815 707 4887 integer,
721 4816 824 4871 imbres
834 4816 974 4888 praedicit,
990 4816 1013 4871 si
1053 4815 1226 4871 denunciant.

209 4890 321 4957 fractus,
333 4899 430 4947 ventos
445 4892 542 4947 adeas
556 4904 655 4965 partes,
670 4895 717 4951 ubi
732 4896 850 4951 circulus
864 4897 964 4951 deficit.
1094 4896 1142 4952 50.
1164 4896 1236 4951 Cum
1259 4904 1366 4953 montes
1393 4905 1422 4951 et
1441 4895 1527 4953 colles
1549 4898 1751 4968 conspiciantur
1768 4890 1836 4948 veluti

250 4968 297 5031 37.
319 4971 390 5027 Cum
399 4979 476 5026 tonat
485 4973 674 5029 vehementius
689 4993 772 5048 quam
783 4976 911 5048 fulgurat,
919 4984 1015 5033 ventos
1053 4976 1158 5047 pileati,
1172 4977 1393 5032 incumbentibus
1407 4978 1438 5031 in
1455 4977 1518 5032 illos
1538 4978 1668 5043 nubibus,
1684 4992 1779 5048 eosque
1798 4971 1836 5025 cit·

210 5050 286 5105 dabit
305 5069 435 5125 magnos;
457 5053 500 5107 sin
521 5055 617 5110 crebro
637 5055 709 5110 iuter
731 5056 881 5113 tonandum
898 5056 1014 5124 fulserit,
1054 5056 1353 5127 cumamplectentibus,
1378 5067 1554 5128 tempestates
1575 5064 1779 5129 praemonstrant
1798 5053 1837 5106 in

186 5130 312 5193 ,imbres
326 5132 461 5188 confertos
470 5142 497 5187 et
510 5135 659 5205 grandibus
671 5137 765 5206 guttis.
1053 5137 1196 5192 minentea
1872 5138 1873 5141 ’

250 5209 298 5264 38.
320 5211 455 5268 Tonitrua
472 5214 608 5269 matutina
621 5226 717 5270 ventos
737 5217 911 5288 significant3
935 5219 1015 5273 meri·
1095 5219 1142 5273 51.
1163 5218 1261 5272 Nubes
1275 5217 1413 5273 electrina
1424 5227 1453 5272 et
1466 5234 1556 5274 aurea
1570 5228 1634 5272 ante
1644 5233 1764 5273 oceasum
1774 5210 1836 5268 solla

210 5290 293 5343 diana
307 5291 417 5347 imbres.
1054 5305 1083 5353 et
1103 5307 1233 5369 tanquam
1261 5316 1323 5353 cum
1344 5298 1459 5352 fimbriis
1483 5298 1629 5365 deauratis,
1652 5305 1788 5370 postquam
1804 5286 1838 5345 ⁸0¹
1872 5308 1873 5369 i

251 5367 454 5426 39.'1'onitrua
478 5374 638 5446 mugientia,
667 5383 696 5430 et
721 5375 805 5430 veluti
838 5379 1015 5442 transeuntia,
1054 5378 1145 5449 magis
1158 5379 1238 5432 condi
1247 5378 1368 5449 eruperit,
1383 5378 1545 5434 serenitates
1558 5382 1770 5449 praemonstrant.

211 5455 308 5501 ventos
319 5451 490 5521 significant;
507 5462 535 5507 at
545 5472 606 5525 quae
616 5454 768 5527 inaequales
777 5456 880 5511 habent
890 5458 1016 5529 fragores
1095 5458 1144 5512 52.
1167 5458 1266 5513 Nubes
1276 5458 1365 5523 luteae,
1380 5466 1407 5512 et
1421 5464 1551 5530 tauquam
1561 5476 1689 5525 coenoaa,
1701 5453 1837 5529 signifitwl
1872 5444 1873 5519 i

213 5534 239 5578 ct
253 5533 354 5593 acutos,
369 5532 513 5599 procellas,
524 5540 579 5588 tam
594 5544 736 5590 ventorum
752 5552 834 5607 quarn
848 5536 985 5592 imbrium.
1055 5538 1171 5593 imbrem
1184 5555 1247 5594 oum
1260 5546 1342 5595 vento
1354 5538 1465 5595 instare.
