3800 5875
227 278 286 334 tot

284 435 395 500 ritrioli,
406 451 487 506 quam
497 432 608 496 calidus,
619 430 711 503 qualia
724 436 787 484 sunt
798 428 888 484 oleum
901 429 1015 500 origani,

285 524 314 570 et
327 515 436 570 similia.
477 514 572 584 Itaque
585 511 710 565 similiter
723 518 751 563 et
763 510 793 562 in
806 507 934 562 animatis
944 508 1016 561 cient

285 594 413 658 dolorem,
427 598 456 646 et
469 592 498 645 in
517 607 572 645 non
591 589 718 642 animatis
737 586 867 642 divellunt
884 594 975 657 partes
989 594 1016 640 et

285 680 453 728 consumunt.
493 671 590 740 Neque
612 667 675 721 huic
694 667 827 720 instantiae
847 665 1016 736 subjungitur

285 753 421 823 negativa.
461 749 550 819 Atque
574 748 602 801 ιιι
625 744 748 801 animatis
768 744 859 801 nullus
881 746 1015 815 reperitur

286 830 369 894 dolor,
382 829 435 883 nisi
449 845 511 882 cnm
527 825 643 898 quodam
658 842 739 880 sensu
752 824 857 878 caloris.

227 951 397 993 Adimam
421 906 468 960 32.
490 908 723 961 Communesaunt
736 902 886 973 complures
895 901 1014 955 actiones

227 1004 288 1042 aram
306 1001 397 1043 amma·
479 993 506 1039 et
519 984 599 1038 calidi
613 990 639 1036 et
653 983 753 1053 frigidi,
767 982 830 1035 licet
847 982 954 1035 diversa
967 980 1013 1033 ad·

227 1059 286 1092 vm
477 1063 586 1118 modum
600 1062 712 1116 ratione.
752 1061 826 1115 Nam
836 1067 863 1113 et
875 1060 952 1113 nives
963 1076 1013 1128 pu·

286 1160 392 1199 erorum
405 1160 502 1197 manus
515 1143 639 1196 videntur
652 1140 733 1211 paulo
741 1148 803 1210 post
811 1155 905 1202 urere;
925 1147 954 1192 et
965 1138 1013 1191 fri·

285 1239 352 1292 gora
365 1230 472 1277 tuentur
489 1238 584 1275 cernes
599 1219 832 1289 aputrefactione,
852 1234 906 1270 non
923 1216 1016 1279 minus¹

285 1318 367 1371 quarn
384 1301 472 1372 igniac
498 1308 525 1354 et
548 1299 652 1353 calores
673 1298 832 1352 contrahunt
851 1312 965 1366 corpora
985 1296 1013 1348 in

284 1381 382 1443 miuus,
400 1379 471 1449 quod
486 1378 588 1434 faciunt
602 1385 630 1432 et
645 1376 754 1447 frigida.
795 1373 900 1429 Verum
914 1375 974 1429 haec
988 1382 1015 1427 et

284 1459 386 1513 similia
403 1458 581 1529 opportunius
593 1463 635 1512 est
651 1456 751 1511 referre
765 1455 801 1509 ad
812 1453 1014 1525 inquisitionem

283 1536 318 1592 de
331 1537 440 1609 frigido.

595 1677 657 1716 xtra.

264 1770 357 1826 Tertio
366 1771 489 1827 facienda
499 1777 542 1827 est
556 1771 735 1842 emperantia
748 1768 784 1821 ud
797 1768 960 1822 intellectam
970 1765 1013 1819 in·

226 1851 393 1915 stantiarum,
406 1852 436 1904 in
454 1850 552 1921 quibus
574 1859 677 1914 natura,
690 1850 724 1904 de
744 1864 798 1918 qua
818 1847 848 1901 fit
865 1845 1012 1917 inquisitio,

225 1929 298 1985 inest
315 1930 460 1984 secundum
474 1929 562 1999 magis
576 1936 603 1983 et
616 1929 720 1990 minum
742 1927 798 1981 sire
813 1926 884 1980 facta
902 1941 1012 1993 eompa-

226 2008 330 2062 ratione
343 2007 502 2062 incrementi
515 2016 543 2061 ct
556 2007 718 2061 decrementi
735 2005 763 2058 in
777 2005 872 2060 eodem
885 2004 1013 2071 subiecto,

226 2087 283 2141 sire
304 2086 375 2141 facta
387 2086 589 2156 comparatione
603 2086 637 2139 ad
657 2085 773 2139 invicem
792 2085 819 2138 iu
835 2083 962 2150 subjectis
976 2083 1014 2135 di·

226 2165 320 2220 versia
361 2164 432 2220 Cum
446 2165 519 2219 enim
533 2165 619 2219 forma
629 2165 669 2219 rei
683 2165 718 2218 sit
730 2163 869 2233 ipsissima
882 2179 943 2226 res;
964 2178 1013 2215 ne·

226 2261 279 2315 que
292 2243 399 2298 differat
412 2260 456 2298 res
469 2260 486 2297 a
500 2244 586 2298 forma
598 2243 685 2308 aliter,
695 2259 776 2314 quarn
789 2242 915 2297 differunt
928 2258 1013 2311 appa-

225 2338 289 2378 rens
296 2330 322 2375 et
335 2322 462 2388 existens,
472 2329 520 2377 sut
530 2323 647 2378 exterius
654 2330 681 2378 et
694 2322 814 2385 interius,
825 2329 871 2376 aut
881 2321 909 2374 in
920 2320 1012 2374 ordine

226 2400 261 2455 ad
274 2401 413 2456 hominem
426 2408 453 2455 et
466 2401 495 2455 in
509 2402 601 2456 ordine
615 2402 649 2456 ad
662 2402 830 2466 universum
852 2400 961 2455 omnino
974 2416 1014 2454 se·

227 2480 326 2551 quitur,
340 2487 438 2535 utnon
451 2481 596 2551 recipiatur
609 2479 702 2552 aliqua
711 2487 808 2534 natura
820 2496 870 2550 pro
879 2496 944 2533 vera
959 2479 1013 2532 for·

226 2575 279 2623 ma,
293 2559 347 2613 nisi
361 2567 491 2631 perpetuo
504 2560 648 2624 decrescat,
663 2560 770 2630 quando
780 2567 877 2614 natura
890 2559 952 2629 ipsa
966 2558 1013 2612 de·

226 2646 336 2701 crescet,
347 2647 375 2692 et
385 2639 510 2693 similiter
520 2647 649 2710 perpetuo
658 2647 795 2710 augeatur,
803 2639 911 2708 quando
918 2645 1014 2692 natura

226 2716 287 2786 ipsa
301 2725 422 2788 augetur.
463 2718 543 2772 Hane
556 2719 648 2790 itaque
662 2717 788 2782 tabulam,
806 2716 935 2771 Tabulam
946 2736 1013 2788 gra·

226 2796 307 2849 duum
325 2798 381 2852 sire
401 2796 529 2852 Tabulam
542 2799 729 2872 comparativa
744 2797 881 2869 appellere
900 2812 1013 2852 consue-

226 2892 324 2932 rimus.

234 3063 344 3104 TABULA
363 3065 512 3115 ΟΜΝΗ,
533 3066 596 3106 ΒΜ
615 3065 820 3106 convenerim
842 3066 873 3106 IN
893 3065 1003 3106 carno.

266 3188 360 3244 Primo
372 3189 462 3261 itaque
477 3190 597 3244 dicemus
612 3189 645 3244 de
658 3189 702 3255 iis,
716 3207 776 3262 quoe
788 3189 892 3244 nullum
905 3204 1014 3259 prorsus

228 3268 342 3336 gradum
355 3268 452 3324 caloris
468 3269 571 3326 habent
584 3269 618 3323 ad
632 3276 747 3333 tactum
768 3269 816 3324 sed
829 3269 954 3322 videntur
968 3267 1014 3321 ha-

227 3345 291 3399 bere
305 3347 479 3417 potentialem
493 3356 596 3403 tantum
607 3349 742 3419 quendam
756 3348 881 3412 calorem,
891 3347 948 3402 sire
963 3347 1015 3400 dis·

227 3426 389 3496 positionem
409 3436 436 3481 et
456 3428 679 3497 praeparationem
697 3427 731 3481 ad
751 3426 876 3482 calidum.
917 3424 1016 3480 Postea

228 3504 337 3560 demum
358 3505 550 3561 descendemus
563 3506 597 3560 ad
612 3523 653 3569 ea,
667 3523 728 3577 quae
749 3514 813 3560 sunt
831 3514 892 3560 actu
910 3506 966 3559 sire
981 3504 1015 3557 ad

228 3591 329 3639 tactum
342 3585 437 3648 calida,
452 3601 598 3657 eorumque
612 3585 783 3640 fortitudines
797 3593 825 3639 et
834 3584 942 3656 medus.

252 3739 276 3796 l.
300 3741 333 3795 In
346 3742 504 3813 corporibus
518 3742 611 3797 solidis
621 3749 648 3797 et
658 3741 833 3813 tangibilibns
845 3758 900 3796 non
913 3741 1015 3795 inveni-

288 3827 331 3875 tur
351 3821 453 3892 aliquid
472 3821 543 3892 quod
563 3822 592 3875 in
605 3828 701 3875 natura
717 3838 766 3875 sua
783 3820 899 3875 calidum
912 3821 949 3875 sit
962 3820 1016 3874 ori·

288 3899 425 3969 ginaliter.
460 3898 1016 3971 Nonenimlapisnliquis,nonmetallum,

287 3994 342 4032 non
352 3978 473 4049 sulphur,
482 3997 536 4034 non
547 3979 638 4034 fossile
652 3979 768 4049 aliquod,
777 3995 831 4033 non
840 3979 1016 4050 lignum,non

288 4072 366 4126 aqua,
380 4074 435 4111 non
455 4058 569 4112 cadaver
585 4058 718 4121 animalis,
735 4058 907 4112 inveniuntur
919 4055 1015 4111 calida.

288 4135 375 4206 Aquae
389 4143 479 4190 eutem
493 4137 588 4192 calidae
600 4137 630 4191 in
643 4136 747 4190 balneis
760 4136 885 4191 ridentur
898 4136 1016 4190 calefieri

287 4230 337 4284 per
350 4216 483 4281 accidens,
501 4217 557 4271 sire
572 4233 620 4287 per
634 4217 771 4271 flammam
785 4222 831 4270 ant
851 4215 944 4287 ignem
957 4215 1017 4269 sub

288 4301 449 4358 lemausum,
460 4295 547 4366 qualis
562 4312 597 4349 ex
604 4296 684 4349 AEtns
693 4301 720 4348 et
729 4294 864 4348 montibus
877 4294 1017 4348 aliiscom·

288 4371 411 4440 pluribus
429 4375 577 4438 evomitum
598 4375 655 4428 sire
674 4390 709 4427 ex
723 4373 847 4427 conflictu
867 4390 1017 4443 corporum,

290 4451 514 4520 quemadmodum
531 4452 604 4507 calor
616 4453 647 4506 fit
660 4453 689 4506 in
702 4452 766 4506 ferri
780 4459 808 4505 et
824 4452 914 4506 stanni
934 4453 1017 4505 disso-

288 4527 445 4583 lutionibus.
488 4532 582 4602 ltaque
596 4531 687 4602 gradis
701 4530 799 4584 caloris
812 4531 840 4583 in
853 4530 1017 4595 inanimatis,

290 4616 419 4679 quatenus
432 4609 467 4663 ad
486 4617 586 4664 tactum
607 4610 763 4673 humanum,
781 4608 871 4663 nullus
891 4616 950 4674 est;
971 4625 1018 4662 ve·

289 4695 431 4742 runtamen
444 4688 492 4743 illa
501 4689 586 4760 gradu
597 4689 705 4760 frigoris
713 4689 856 4743 differunt:
876 4705 932 4742 non
945 4689 1018 4741 enim

289 4784 367 4837 teque
388 4767 516 4837 frigidum
538 4774 579 4823 est
599 4768 705 4839 lignum
724 4784 756 4821 ac
776 4765 923 4821 metallum.
965 4766 1018 4821 Sed

289 4845 341 4900 hoc
356 4847 473 4916 pertinet
483 4847 518 4901 ad
531 4846 651 4902 tabidam
665 4847 795 4916 graduum
806 4846 835 4899 in
848 4846 957 4916 frigido.

251 4924 279 4980 2.
300 4924 428 4980 Attamen
448 4926 536 4997 quoad
549 4926 710 4995 potentiales
722 4924 825 4979 calores
836 4932 864 4978 et
882 4941 1018 4994 praepara·

290 5004 379 5058 tiones
392 5004 426 5059 ad
440 5005 586 5070 flammam,
594 5004 735 5075 complura
747 5003 921 5058 inveniuntur
932 5003 1018 5057 inani·

290 5090 365 5137 mata
387 5083 529 5138 admodum
542 5084 681 5155 disposita,
700 5092 731 5137 ut
751 5082 873 5153 sulphur,
888 5081 1018 5152 naphtha,

290 5162 447 5231 petroleum.

252 5240 281 5297 3.
303 5241 368 5301 Qum
381 5249 461 5294 antea
472 5239 647 5304 incaluerunt,
658 5247 690 5294 ιιι
702 5242 781 5295 timus
791 5239 906 5311 equinus
916 5257 952 5294 ex
962 5239 1019 5293 ani-

855 270 997 327 Novata
1017 268 1217 326 OBGANUM.

1722 265 1784 322 Lis.
1799 267 1837 321 11.

1111 428 1235 482 retinent
1276 425 1373 497 Itaque
1392 424 1462 478 fiunt
1477 423 1601 494 quadam
1613 421 1800 478 distillationes
1813 434 1839 478 et

1111 506 1296 578 separationes
1315 520 1466 574 corporum,
1487 519 1537 572 per
1554 501 1717 572 sepulturam
1730 503 1758 556 in
1776 505 1841 556 fimo

1111 585 1226 655 equino;
1247 590 1328 655 atque
1339 584 1473 637 excitatur
1482 582 1556 635 calor
1568 582 1596 634 ia
1605 579 1679 634 calce
1688 598 1738 650 per
1750 599 1841 652 asper·

1112 664 1217 717 monem
1231 679 1326 733 aquae
1346 668 1376 714 ut
1386 661 1445 728 jam
1457 661 1619 714 dictumest

1072 744 1100 797 4.
1123 742 1197 796 Inter
1215 740 1379 813 vegetabilis
1400 757 1454 793 non
1478 739 1613 792 invenitur
1634 735 1727 808 aliqua
1747 738 1840 809 planta

1112 822 1168 874 sire
1187 838 1250 891 pars
1272 820 1371 889 plantae
1385 817 1484 894 (veluti
1504 817 1627 889 lacryma
1644 826 1691 870 aut
1708 816 1839 890 medulla)

1112 917 1173 970 quae
1186 902 1221 953 sit
1234 898 1378 953 adlectum
1391 897 1539 951 humanum
1549 895 1645 949 calida.
1686 896 1740 951 Sed
1753 905 1839 950 tamen

1112 976 1158 1052 (ut
1170 978 1294 1047 superius
1307 977 1408 1031 dictum
1423 974 1480 1047 est)
1491 975 1584 1029 herbae
1596 975 1698 1030 virides
1711 976 1840 1031 conclusa

1111 1056 1249 1111 calescunt
1260 1079 1267 1119 ;
1288 1064 1370 1126 atque
1382 1054 1417 1107 ad
1429 1055 1585 1108 interiorem
1596 1062 1705 1119 tactum,
1715 1055 1797 1109 veluti
1807 1057 1838 1108 sd

1112 1134 1239 1204 palatum,
1254 1136 1350 1189 autad
1367 1134 1544 1198 stomachum,
1558 1141 1607 1187 sut
1623 1133 1709 1187 etiam
1722 1134 1756 1186 ad
1769 1144 1839 1189 exte·

1111 1214 1197 1268 riores
1210 1222 1301 1285 partes
1310 1221 1370 1283 post
1382 1213 1501 1283 aliquam
1511 1229 1614 1265 moram
1626 1210 1673 1285 (ut
1686 1214 1716 1265 in
1728 1214 1838 1283 emplas

1112 1293 1161 1348 tris
1180 1302 1207 1346 et
1227 1287 1389 1367 unguentis)
1408 1291 1462 1345 alia
1484 1290 1651 1361 vegetabilis
1672 1291 1838 1347 inveniuntur

1110 1372 1207 1437 calida,
1221 1372 1276 1426 alia
1290 1371 1399 1442 frigida.

1072 1451 1099 1505 5.
1120 1450 1186 1505 Non
1200 1451 1334 1504 invenitur
1347 1451 1376 1504 in
1389 1448 1512 1520 partibus
1524 1448 1837 1521 animaliumpostquam

1110 1528 1210 1584 fuerint
1222 1537 1336 1584 morture
1349 1537 1395 1583 aut
1406 1535 1544 1597 separata,
1558 1528 1665 1599 aliquid
1678 1527 1793 1584 calidum
1806 1531 1838 1583 ad

1110 1614 1212 1662 tactum
1232 1608 1389 1663 humanum.
1429 1608 1504 1662 Nam
1523 1624 1612 1679 neque
1634 1607 1714 1662 timus
1729 1609 1837 1680 equinas

1110 1686 1178 1756 ipse,
1198 1688 1251 1741 nisi
1269 1688 1351 1741 brerit
1367 1685 1510 1740 conclusus
1523 1694 1553 1740 et
1570 1686 1704 1757 sepultus,
1725 1687 1836 1741 morem

1109 1767 1214 1820 retinet
1255 1765 1309 1819 Sed
1322 1774 1414 1820 tamen
1427 1765 1515 1819 omnis
1528 1766 1609 1820 fimus
1622 1765 1726 1821 habere
1739 1767 1836 1822 ridetur

1110 1845 1226 1899 calorem
1247 1843 1429 1914 potentialem,
1447 1852 1478 1899 ut
1494 1844 1523 1898 in
1539 1861 1669 1916 agrorum
1687 1845 1835 1916 impingar-

1109 1924 1193 1978 tione.
1234 1924 1271 1977 Et
1283 1924 1414 1987 similiter,
1429 1923 1561 1978 cadavera
1575 1923 1736 1979 animalium
1749 1924 1836 1994 bajus·

1109 2002 1183 2057 modi
1204 2001 1306 2057 habent
1325 2001 1454 2057 latentem
1468 2012 1497 2056 et
1516 2002 1696 2071 potentialem
1710 2003 1834 2069 calorem

1110 2081 1179 2136 adeo
1192 2090 1222 2136 ut
1238 2082 1267 2135 in
1285 2082 1455 2145 coemeteriis,
1469 2081 1516 2134 nbi
1536 2081 1657 2152 quotidie
1674 2084 1742 2136 fiunt
1753 2082 1836 2153 sepul·

1110 2169 1185 2225 turre,
1199 2169 1270 2216 terra
1284 2162 1402 2215 calorem
1420 2159 1555 2231 quendam
1575 2160 1712 2216 oecultum
1725 2161 1836 2233 colligat,

1110 2241 1157 2310 qui
1170 2240 1285 2294 cadaver
1301 2239 1411 2311 aliquod
1430 2247 1551 2295 recenter
1570 2240 1731 2311 impositum
1750 2258 1837 2295 eoam

1110 2320 1161 2373 mit
1174 2319 1255 2390 longe
1269 2320 1356 2383 citius,
1370 2336 1452 2390 quam
1465 2327 1538 2372 terra
1548 2335 1626 2389 pura.
1668 2319 1758 2392 Atque
1772 2320 1838 2391 epod

1110 2398 1254 2453 orientales
1263 2398 1376 2454 traditur
1383 2397 1497 2452 inveniri
1512 2398 1608 2452 textile
1618 2399 1754 2470 quoddam
1765 2407 1837 2453 tenue

1110 2485 1137 2531 et
1150 2478 1240 2542 molle,
1262 2479 1362 2532 factum
1376 2494 1412 2531 ex
1429 2477 1520 2532 avium
1538 2477 1709 2548 plumagine,
1729 2479 1837 2549 quodsi

1109 2557 1204 2611 innata
1226 2556 1352 2627 butyrum
1374 2556 1464 2611 solvat
1486 2564 1514 2610 et
1533 2555 1703 2629 liquefaciat,
1729 2558 1759 2612 in
1784 2558 1838 2629 ipso

1110 2634 1207 2690 leviter
1219 2635 1377 2691 involutum.

1072 2715 1098 2769 6.
1120 2715 1186 2776 Qum
1199 2716 1371 2787 impinguant
1390 2731 1479 2787 agros,
1494 2720 1524 2770 ut
1544 2714 1603 2768 fimi
1617 2716 1709 2770 omnis
1728 2714 1836 2785 mna

1110 2803 1192 2858 creta,
1207 2811 1290 2848 arena
1305 2795 1395 2860 maris,
1410 2794 1458 2859 sal,
1472 2802 1500 2848 et
1514 2792 1625 2859 similia,
1639 2795 1836 2866 dispositionem

1111 2875 1268 2929 nonnullam
1281 2874 1383 2928 babent
1395 2874 1429 2927 sd
1439 2872 1566 2928 calidum.

1072 2951 1099 3015 7.
1120 2954 1215 3008 Omnis
1234 2955 1394 3025 putrefactio
1407 2954 1436 3008 in
1450 2971 1479 3007 se
1493 2953 1646 3008 rudimenta
1658 2953 1783 3025 quaedarn
1794 2970 1836 3008 cx·

1111 3033 1157 3087 ilis
1170 3033 1269 3088 caloris
1286 3033 1378 3098 habet,
1392 3033 1457 3087 licet
1469 3049 1523 3086 non
1537 3032 1687 3104 hucusque,
1701 3041 1733 3088 ut
1744 3033 1781 3087 ad
1791 3042 1837 3087 tae·

1110 3121 1166 3166 tum
1180 3113 1353 3183 percipiatur.
1393 3112 1468 3167 Nam
1485 3128 1536 3165 nec
1549 3126 1584 3165 ea
1596 3112 1667 3182 ipsa,
1683 3131 1745 3184 qua
1759 3121 1838 3182 puae

1111 3191 1183 3246 facta
1196 3191 1335 3246 solvuntur
1347 3191 1376 3245 in
1390 3189 1559 3255 animalcula,
1570 3198 1599 3245 ut
1613 3207 1687 3255 caro,
1696 3208 1800 3256 macas,
1809 3190 1840 3244 sd

1111 3277 1212 3326 tactum
1226 3271 1411 3340 percipiuntur
1422 3269 1522 3331 calida;
1543 3286 1633 3341 neque
1643 3269 1750 3341 lignum
1760 3279 1838 3340 putre,

1111 3350 1182 3420 quod
1205 3359 1285 3404 noctu
1307 3349 1436 3419 splendet,
1457 3349 1672 3419 deprehenditur
1690 3350 1725 3403 ad
1744 3357 1837 3403 tactam

1111 3428 1236 3483 calidum
1277 3428 1360 3483 Calor
1370 3437 1461 3483 sutem
1475 3429 1504 3481 in
1517 3428 1634 3498 putridis
1648 3429 1838 3500 qnandoquese

1111 3508 1201 3577 prodit
1216 3523 1264 3577 per
1277 3507 1373 3562 odores
1388 3516 1471 3562 tetros
1484 3515 1512 3560 et
1526 3506 1617 3560 fortes

1072 3585 1100 3642 8.
1120 3586 1228 3640 Primus
1241 3587 1332 3658 itaque
1346 3585 1444 3641 caloris
1458 3585 1558 3657 gradus
1570 3602 1608 3640 ex
1621 3585 1666 3650 iis,
1675 3604 1737 3657 qum
1746 3587 1839 3641 atltae·

1111 3673 1168 3719 tum
1180 3665 1329 3719 humanum
1351 3666 1537 3735 percipiuntur
1554 3663 1653 3728 calida,
1667 3666 1775 3721 videtur
1786 3680 1839 3719 ene

1111 3743 1185 3798 calor
1203 3743 1369 3808 animalium,
1383 3745 1429 3815 qui
1448 3744 1517 3797 bene
1534 3759 1667 3813 magnam
1687 3744 1772 3798 habet
1787 3760 1840 3815 gre

1111 3822 1193 3877 duum
1214 3822 1401 3887 latitudinem
1422 3839 1485 3876 nam
1503 3822 1613 3876 infimus
1633 3824 1734 3892 gradus
1754 3823 1839 3892 (utin

1111 3902 1233 3969 insectis)
1254 3902 1303 3955 rix
1326 3901 1360 3955 ad
1382 3909 1482 3956 tactum
1503 3901 1698 3971 deprenditur;
1727 3917 1840 3957 summas

1112 3989 1203 4035 sutem
1216 3980 1316 4051 gradem
1329 3981 1376 4035 rix
1391 3980 1500 4051 attingit
1513 3980 1548 4034 sd
1562 3979 1678 4051 gradum
1692 3980 1790 4035 caloris
1802 3996 1840 4033 ra·

1112 4060 1217 4114 diorum
1231 4058 1296 4114 solis
1302 4060 1331 4113 in
1346 4059 1502 4131 regionibus
1510 4067 1537 4113 et
1545 4060 1714 4129 temporibus
1727 4060 1839 4115 maxime

1113 4138 1295 4203 terrarubea
1319 4154 1407 4209 neque
1429 4138 1468 4191 its
1485 4138 1556 4192 acris
1575 4146 1624 4201 est,
1647 4140 1714 4209 quin
1738 4139 1840 4193 tolerari

1112 4218 1226 4288 possita
1239 4233 1329 4271 manu.
1369 4217 1406 4271 Et
1421 4224 1512 4270 tamen
1530 4216 1652 4271 referunt
1664 4217 1698 4270 de
1713 4218 1840 4272 Constan-

1112 4296 1158 4360 tio,
1179 4295 1294 4366 aliisque
1312 4295 1456 4360 nonnullis,
1477 4296 1524 4366 qui
1543 4297 1745 4350 constitutionis
1758 4305 1786 4351 et
1797 4297 1840 4349 ba-

1112 4374 1184 4429 bitus
1197 4374 1317 4443 corporis
1331 4373 1474 4428 admodum
1488 4374 1554 4429 sicci
1568 4374 1684 4438 fuerunt,
1700 4376 1774 4446 quod
1786 4392 1840 4429 aen·

1113 4454 1225 4508 tissimis
1242 4452 1362 4507 febribus
1376 4454 1492 4523 correpti
1508 4454 1546 4506 ita
1559 4453 1733 4518 incaluerint,
1747 4463 1778 4509 ut
1788 4469 1840 4509 ms·

1113 4549 1177 4587 num
1192 4532 1327 4586 admotam
1340 4531 1536 4603 aliquantulum
1551 4549 1628 4586 urere
1639 4533 1692 4587 sisi
1708 4533 1771 4589 sint.

1075 4604 1104 4666 9.
1126 4610 1270 4675 Animalia,
1284 4627 1320 4665 ex
1338 4620 1414 4664 motu
1434 4618 1461 4664 et
1474 4611 1676 4676 exercitatione,
1691 4629 1730 4666 ex
1741 4611 1803 4667 rino
1819 4615 1841 4662 et

1115 4690 1211 4759 epulis,
1225 4706 1261 4744 ex
1274 4706 1379 4754 venere,
1391 4706 1427 4743 ex
1445 4689 1567 4744 febribus
1583 4689 1752 4756 ardentibus,
1766 4699 1794 4745 et
1810 4704 1841 4743 ex

1115 4768 1214 4833 dolore,
1228 4776 1359 4840 augentur
1372 4767 1472 4823 calore.

1060 4845 1104 4902 10.
1125 4846 1261 4901 Animalia
1272 4848 1301 4901 in
1311 4846 1464 4902 accessibus
1478 4847 1593 4902 febrium
1607 4847 1840 4903 intermittendam.

1115 4926 1286 4996 aprincipio,
1301 4926 1400 4997 frigore
1414 4936 1441 4980 et
1453 4926 1565 4980 horrore
1578 4926 1780 4997 corripiuntur;
1799 4923 1840 4979 sed

1115 5004 1265 5075 paulopost
1277 5005 1408 5071 majorem
1417 5005 1445 5058 in
1459 5003 1568 5059 modurn
1577 5005 1758 5070 incalescunt;
1777 5001 1840 5075 quod

1115 5084 1199 5138 etiam
1213 5083 1315 5137 faciunt
1328 5100 1345 5136 s
1358 5084 1494 5154 principio
1507 5084 1536 5138 in
1547 5084 1721 5150 sermonibus,
1728 5093 1756 5139 et
1768 5081 1841 5137 febri·

1116 5162 1166 5216 bus
1180 5161 1413 5233 pestilentialibus.

1059 5241 1103 5296 lt.
1126 5240 1281 5311 inquiratur
1299 5240 1412 5295 ulterius
1432 5240 1465 5294 de
1479 5238 1569 5295 calore
1589 5248 1748 5311 comparato
1763 5241 1789 5294 in
1802 5238 1839 5290 di·

292 5319 365 5385 mali,
386 5330 432 5374 aut
453 5320 523 5385 calx,
538 5328 585 5376 aut
604 5320 717 5375 fortasse
730 5319 806 5382 cinis,
820 5325 867 5372 sut
884 5318 970 5388 fuligo
983 5334 1019 5373 ex
1115 5321 1200 5374 versis
1210 5319 1381 5382 animalibus,
1389 5318 1472 5373 veluti
1484 5319 1612 5388 piscibus,
1621 5318 1838 5391 quadrupedibus

292 5398 364 5469 igne,
377 5397 505 5471 reliquias
523 5400 637 5456 latentes
653 5397 782 5470 quasdam
800 5396 897 5451 caloris
920 5396 1019 5469 prioris
1116 5398 1295 5471 serpentibus,
1304 5399 1414 5463 avibus3
1435 5406 1517 5468 atque
1531 5398 1614 5453 etism
1628 5398 1773 5455 secundnm
1786 5411 1839 5466 spe
