3800 5875
58 298 136 357 Car.
154 300 203 358 111
595 298 648 355 DE
668 296 895 356 AUGMENTIS
916 300 1193 359 scientiaeaut.
1652 304 1710 363 ³61

58 457 109 514 illa
125 468 181 526 est,
198 478 262 534 qna
275 460 305 515 in
318 458 465 515 dialeefics
481 458 628 531 diligenter
640 464 670 513 et
687 460 793 515 abunde
807 465 874 515 trac·
913 461 1006 516 vitatis
1026 470 1091 517 sunt
1111 460 1315 533 susceptibiliac
1337 458 1437 532 qualia,
1448 476 1511 531 quas
1530 459 1663 531 levitatia3
1684 474 1713 522 et

59 550 118 594 tata
130 550 189 605 est;
212 548 244 596 ut
257 541 288 596 in
297 542 359 610 ejus
368 539 552 610 explicatione
564 540 664 593 morari
678 554 733 593 non
747 541 783 593 sit
797 556 873 611 opus.
913 541 937 594 si
954 559 1015 612 quas
1029 540 1082 595 sint
1095 541 1201 607 medias,
1216 540 1273 595 sive
1286 539 1445 610 anaphora
1457 542 1584 597 naturae?

61 618 139 674 lllud
154 628 252 675 tamen
264 621 352 675 obiter
362 618 528 674 monendum
536 618 652 683 videtur,
663 618 780 688 topicam
791 620 874 674 istam
953 622 982 675 s.
1003 620 1071 675 Post
1079 621 1287 693 inquisitionem
1297 619 1330 673 de
1340 620 1474 690 gravitate
1485 628 1515 674 et
1523 621 1635 678 levitate
1648 623 1712 679 sim·

59 716 116 754 non
141 709 254 755 tantum
282 701 312 754 iu
335 698 628 771 argumentationibus,
651 697 699 752 nbi
726 715 789 753 curn
812 698 874 754 aliis
912 700 1020 770 plicem,
1040 701 1203 770 procedatur
1223 700 1259 754 ad
1279 700 1485 771 inquisitionem
1507 709 1709 770 comparatam

59 795 179 835 manum
207 779 392 845 conserimus;
413 795 508 833 vemm
534 785 563 832 et
587 777 616 831 in
640 778 871 843 meditationibus,
913 797 974 850 qum
983 780 1112 834 nimirum
1123 779 1292 851 exgravibus
1302 778 1371 850 plus,
1379 795 1440 850 quae
1450 779 1540 834 minus
1551 781 1709 851 ponderent,

59 874 124 914 cum
150 860 221 931 qnid
243 860 387 913 nobiscum
409 859 473 929 ipsi.
485 865 700 912 commentamur
721 865 768 912 aut
787 858 874 911 revol·
911 858 940 912 in
955 859 1050 913 eodem
1062 860 1207 914 dimenso?
1236 859 1337 922 litiani,
1352 875 1462 929 quaes
1475 857 1580 915 levibus
1593 860 1709 917 celerius

59 939 162 1003 vimus,
178 939 285 993 valere.
317 939 385 1004 lmo,
396 955 486 1009 neque
500 937 672 992 solummodo
686 938 715 990 in
728 936 781 991 hoc
791 937 871 991 sitam
911 939 1074 993 feranturin
1089 940 1182 1002 altum,
1198 956 1259 1009 qum
1273 938 1399 992 tardius?

61 1035 129 1081 esse,
155 1029 190 1074 ut
220 1019 285 1073 inde
310 1018 359 1072 fiat
385 1018 525 1089 suggestio
552 1024 600 1071 aut
624 1017 781 1082 admonitio,
806 1018 872 1088 qnid
951 1019 979 1072 3.
1003 1018 1159 1090 lnquiratur
1169 1019 1203 1072 de
1217 1035 1258 1083 eo,
1267 1018 1334 1090 quid
1346 1017 1432 1087 possit
1442 1026 1470 1072 et
1479 1026 1605 1089 operetur
1619 1037 1708 1092 quan-

60 1099 428 1163 affirmare,autasserere;
446 1096 639 1151 verumetiam
654 1096 871 1168 quidinquirere
911 1104 968 1152 tum
982 1100 1102 1167 corporis
1116 1099 1150 1152 ad
1163 1105 1267 1152 motum
1281 1098 1444 1169 grunitum?
1479 1098 1563 1170 Atqui
1584 1100 1709 1156 videatur

60 1188 105 1232 ant
119 1179 300 1249 interrogare
313 1177 470 1232 debeamus.
504 1175 541 1230 At
554 1177 673 1246 prudens
687 1177 871 1247 interrogatio,
910 1176 963 1230 hoc
972 1178 1061 1247 primo
1070 1186 1182 1248 aspectu
1192 1178 1269 1249 quasi
1280 1194 1492 1247 supervacuum
1512 1179 1578 1250 quia
1588 1180 1707 1236 rationes

60 1258 141 1329 quasi
169 1259 319 1312 dimidium
343 1257 473 1312 scientim.
516 1255 603 1310 Recte
626 1255 761 1327 siquidem
784 1255 870 1321 Plato,
910 1257 1213 1327 monrsdebeantsequi
1227 1257 1345 1312 rationes
1359 1258 1461 1327 quanti.
1502 1257 1557 1312 Sed
1569 1275 1614 1313 res
1628 1259 1708 1314 aliter

60 1344 75 1368 ⁸
88 1337 146 1399 Qui
167 1337 280 1410 aliquid
300 1338 404 1408 quaerit,
419 1336 448 1389 id
466 1336 565 1406 ipsum,
581 1336 653 1406 quod
672 1336 775 1406 querit,
790 1353 871 1407 gene·
910 1353 940 1389 se
950 1336 1052 1390 habet:
1073 1337 1250 1391 uamlicetin
1260 1336 1383 1390 lancibus
1394 1336 1534 1405 quantitas
1544 1340 1706 1408 gravitatem

58 1416 108 1471 sali
125 1417 252 1488 quadarn
267 1416 378 1470 notione
391 1416 619 1486 comprehendit:
642 1415 728 1480 aliter,
744 1416 791 1485 qui
810 1416 870 1471 fieri
910 1417 1031 1487 corporis
1043 1416 1131 1487 ipsius
1144 1424 1301 1485 compenset
1316 1416 1432 1485 (viribus
1450 1419 1572 1487 corporis
1585 1418 1705 1490 undique

58 1505 160 1567 potest,
186 1506 221 1552 ut
244 1496 320 1560 illud,
340 1514 402 1551 cum
425 1496 506 1550 fuerit
527 1496 676 1560 inventum,
702 1498 868 1565 amoeeatr’
909 1494 1071 1550 coeuntibus
1099 1512 1148 1566 per
1174 1496 1415 1565 repercussionem,
1439 1496 1496 1550 sive
1523 1497 1704 1553 resistentiam

60 1576 173 1631 idcirco
198 1593 256 1649 quo
283 1575 402 1646 amplior
423 1569 579 1629 et'certior
604 1574 688 1629 inerit
712 1574 871 1645 anticipatio
909 1574 1028 1630 lancium
1042 1575 1085 1630 vel
1100 1576 1195 1642 trabis)
1209 1583 1298 1628 tamen
1310 1575 1356 1629 ubi
1367 1591 1451 1645 parva
1460 1576 1540 1631 datur
1548 1577 1705 1633 resistentia

59 1666 164 1723 nostra,
181 1674 219 1712 eo
239 1656 330 1727 magia
343 1656 446 1709 directa
460 1662 487 1708 et
501 1655 694 1725 compendiosa
709 1656 761 1709 erit
782 1655 870 1711 inves-
910 1651 1011 1730 (veluti
1034 1655 1063 1710 in
1088 1655 1187 1709 decasu
1209 1670 1352 1725 corporum
1373 1670 1423 1723 per
1444 1653 1554 1729 a'e'rem)
1573 1664 1704 1727 quantum

61 1736 171 1807 tigntio.
218 1736 307 1791 Iidem
334 1736 418 1808 igitur
440 1734 481 1788 illi
507 1732 569 1798 loci,
592 1735 639 1804 qni
663 1734 698 1788 ad
717 1733 870 1791 intellectus
908 1735 1028 1805 corporis
1051 1751 1147 1805 parum
1171 1734 1301 1788 valetud
1324 1733 1511 1788 incitationem
1539 1737 1703 1802 descensusr

59 1818 148 1871 nostri
164 1818 244 1870 sinos
257 1818 330 1870 intra
343 1832 393 1869 nos
404 1814 588 1879 excutiendos,
599 1822 626 1867 et
640 1822 798 1885 congestam
812 1814 869 1870 illic
908 1831 970 1867 cum
991 1815 1088 1884 viginti
1109 1814 1201 1884 pondo
1219 1813 1323 1884 plumbi
1337 1821 1363 1868 et
1376 1811 1522 1880 libranna,
1538 1813 1633 1870 eodem
1645 1816 1703 1872 iere

60 1896 213 1951 scientiam
228 1895 449 1966 depromendam,
464 1894 622 1957 conducent,
637 1895 721 1948 etiarn
736 1893 769 1947 ad
784 1895 870 1949 scien·
907 1895 996 1964 spatio
1009 1893 1117 1948 cadant.

60 1976 128 2029 tiam
147 1977 324 2031 extrinsecus
347 1973 525 2028 hauriendam
547 1973 702 2042 juvabunt:
731 1974 769 2028 ita
793 1983 824 2028 ut
845 1975 868 2029 si
947 1974 976 2027 4.
1001 1974 1156 2044 lnquiratur
1173 1980 1265 2028 utrum
1280 1979 1409 2042 quantum
1423 1973 1542 2043 corporis
1556 1974 1594 2028 ita
1607 1976 1703 2046 augeri

61 2064 163 2124 presto
178 2056 266 2110 fuerit
280 2056 342 2126 quia
356 2055 395 2108 rei
410 2070 511 2125 gnanus
524 2062 553 2107 et
565 2052 677 2122 peritus,
685 2054 827 2109 commode
841 2063 869 2108 et
907 2054 1001 2122 possit,
1016 2060 1046 2108 nt
1058 2061 1147 2107 motus
1161 2052 1304 2123 gravitatis
1317 2068 1427 2121 prorsus
1440 2052 1605 2123 deponatur3
1626 2063 1657 2108 ιιι
1671 2056 1703 2109 fit

62 2135 215 2204 prudenter
227 2134 263 2190 de
277 2151 311 2188 ea
324 2133 485 2204 interrogari
500 2132 608 2188 anobis
622 2133 723 2202 possit3
738 2140 765 2186 et
774 2134 870 2189 simili·
907 2133 936 2187 in
951 2133 1033 2204 globo
1047 2140 1135 2198 terrra,
1151 2134 1197 2204 qui
1210 2132 1323 2201 pensilis
1337 2138 1387 2195 est,
1401 2148 1457 2186 non
1467 2132 1563 2186 cadit?
1603 2133 1703 2189 Utrum

62 2223 103 2269 trs
116 2222 256 2279 auctores,
272 2222 301 2267 et
313 2213 384 2278 libri,
399 2220 427 2266 et
442 2220 534 2283 partes
554 2211 694 2276 librorum,
709 2213 755 2283 qui
770 2229 821 2267 nos
835 2214 869 2269 de
906 2212 993 2282 igitur
1004 2213 1108 2282 possint
1118 2229 1177 2266 esse
1186 2212 1249 2266 alise
1255 2218 1416 2266 inassatam
1425 2212 1624 2282 grandeautse
1634 2211 1703 2285 ipsas

63 2294 105 2357 iis,
128 2313 194 2365 quoe
220 2294 378 2365 quaerimus,
393 2293 523 2347 edoceant
543 2300 572 2346 et
592 2291 750 2358 informent,
767 2292 870 2348 utiliter
906 2294 1079 2347 sustentent?
1105 2293 1180 2346 Nam
1193 2291 1260 2345 latio
1273 2292 1309 2345 ad
1321 2298 1444 2344 centrum
1457 2298 1536 2345 terrm
1548 2309 1593 2347 res
1606 2293 1703 2348 fictitia

63 2372 146 2445 deligi
162 2380 192 2427 et
207 2373 308 2428 evolvi.
907 2379 960 2434 est,
975 2380 1057 2442 atque
1068 2372 1156 2425 omnis
1162 2387 1254 2425 massa
1260 2370 1371 2441 mandis
1378 2377 1482 2424 motum
1490 2370 1601 2426 lationis
1610 2389 1703 2443 qnem-

102 2455 138 2507 At
153 2454 250 2524 topica
263 2451 435 2524 particularis
456 2453 491 2507 ad
511 2469 552 2518 ca,
567 2469 628 2523 quae
648 2451 773 2516 dicimus,
786 2451 868 2524 longe
907 2466 1014 2523 cunque
1023 2450 1220 2516 exhorret,nisi
1228 2449 1453 2519 abalioappetitu
1460 2450 1562 2505 fortiori
1570 2452 1701 2507 vincatur.

64 2533 168 2587 confert
181 2533 283 2605 magis,
298 2540 326 2586 et
340 2549 391 2603 pro
404 2549 434 2586 re
448 2532 665 2587 fructuosissima
677 2531 804 2585 habenda
817 2542 866 2588 est.
946 2529 974 2584 t.
998 2530 1152 2602 lnquiratur
1171 2530 1205 2584 de
1226 2546 1267 2593 eo,
1281 2529 1346 2600 quid
1368 2529 1453 2598 possit
1473 2537 1502 2584 et
1522 2539 1648 2601 operetur
1662 2549 1703 2588 re·

66 2611 142 2667 Illius
165 2621 243 2667 certe
269 2613 372 2667 mentio
394 2610 463 2667 levis
487 2629 505 2665 a
526 2611 665 2666 nonnullis
692 2612 868 2682 scriptoribus
907 2610 1030 2663 sistentia
1044 2609 1164 2679 corporis
1177 2609 1268 2672 medii,
1283 2607 1328 2663 vel
1342 2609 1515 2673 occurrentia,
1530 2610 1702 2682 adregimen

65 2692 136 2745 iacta
151 2701 211 2759 est;
233 2690 284 2746 aed
297 2693 405 2763 integre
427 2698 454 2746 et
473 2708 526 2762 pro
546 2692 585 2745 rei
607 2692 742 2763 dignitate
755 2692 868 2747 minime
906 2698 996 2743 motas
1020 2689 1185 2759 gravitatis?
1234 2688 1341 2759 Corpus
1364 2703 1430 2742 vero
1459 2688 1625 2744 descendeus
1653 2697 1702 2747 aut

66 2780 188 2826 tractata
231 2772 337 2826 Verum
358 2772 471 2825 missum
492 2771 624 2826 facientes
645 2771 740 2824 vitirun
758 2769 869 2826 illudet
907 2776 1032 2839 penetrat
1046 2777 1073 2823 et
1086 2777 1162 2823 secat
1171 2784 1270 2839 corpus
1280 2783 1431 2829 occurrens,
1443 2776 1490 2822 aut
1499 2768 1536 2822 ab
1545 2786 1579 2823 eo
1589 2769 1700 2825 sistitur.

67 2850 172 2916 famum
186 2869 250 2923 quae
262 2851 379 2906 nimium
393 2850 439 2905 diu
452 2857 602 2921 regnarunt
615 2850 644 2904 in
655 2849 775 2915 scholis;
797 2851 869 2906 vide-
907 2847 936 2902 Si
951 2855 1083 2919 penetret,
1097 2849 1128 2902 fit
1142 2847 1309 2918 penetratio;
1331 2854 1377 2901 aut
1386 2864 1448 2900 cum
1462 2846 1516 2901 levi
1536 2849 1700 2914 resistentia,

67 2926 135 2997 licet,
149 2939 183 2986 ut
203 2950 266 3003 qum
287 2938 386 3002 presto
408 2930 469 2996 sint,
483 2931 591 2986 infinita
611 2930 758 2985 subtilitate
780 2948 868 3001 perse·
906 2937 936 2983 ut
949 2928 978 2982 in
993 2928 1075 2995 ιὲιι,
1097 2935 1145 2983 aut
1158 2945 1220 2983 cum
1235 2925 1346 2991 tortian,
1356 2934 1387 2982 nt
1402 2923 1429 2981 iu
1440 2944 1519 2998 aqna.
1541 2927 1571 2983 si
1582 2928 1700 2995 sistatur,

68 3020 199 3081 quantun
216 3030 280 3083 quae
290 3011 375 3082 paulo
385 3011 537 3075 remotiora,
548 3028 583 3065 ne
594 3012 731 3083 attingant
742 3012 867 3082 quidem:
907 3009 1010 3063 sistitur
1030 3017 1078 3063 aut
1098 3008 1253 3063 resistentia
1266 3008 1377 3078 dispari,
1391 3006 1438 3061 ubi
1459 3009 1491 3062 fit
1511 3009 1700 3079 pragmatio,

68 3106 114 3143 nos
122 3107 189 3144 mne
199 3091 321 3162 topicam
330 3090 527 3160 particularem,
539 3098 667 3162 tanquam
678 3108 734 3144 rem
746 3092 868 3160 apprime
906 3096 937 3142 nt
949 3089 973 3143 si
984 3089 1089 3160 lignum
1103 3094 1301 3159 superponatur
1313 3104 1398 3152 cerm3
1420 3094 1467 3141 aut
1477 3104 1563 3159 aequa,
1579 3086 1661 3142 velnti
1676 3090 1700 3143 si

69 3169 170 3233 utilem,
185 3169 396 3241 amplectimur3
418 3170 471 3225 hoc
485 3177 534 3234 est,
547 3169 622 3224 locos
644 3171 828 3241 inquisitionis
841 3180 869 3226 et
906 3184 978 3239 aqua
988 3178 1185 3239 superponatur
1193 3184 1279 3238 aqnae,
1290 3175 1337 3222 ant
1346 3166 1451 3238 lignum
1461 3166 1581 3234 ejusdem
1592 3168 1700 3238 generis

70 3249 235 3305 inventionis
256 3248 466 3320 particularibus
485 3249 616 3318 subjectis
637 3256 664 3304 et
686 3249 808 3304 scientiis
822 3265 868 3321 ap
905 3247 998 3319 lign03
1019 3249 1047 3302 id
1062 3249 1132 3319 quod
1146 3247 1267 3318 appellat
1280 3247 1375 3302 schola
1389 3243 1622 3321 (apprehensione
1636 3265 1701 3318 qus·

71 3330 230 3399 propriatoa
275 3328 319 3383 llli
341 3337 433 3383 autem
454 3330 581 3384 mixturae
604 3330 727 3400 quaedam
749 3338 813 3384 sunt
832 3348 869 3386 ex
906 3328 969 3381 dam
981 3321 1073 3402 inani)
1088 3328 1179 3382 “Non
1192 3328 1340 3398 ponderare
1350 3343 1448 3397 corpus
1458 3327 1511 3381 nisi
1522 3334 1601 3382 extra
1610 3327 1701 3383 locum

70 3407 154 3479 logica
161 3416 190 3464 et
197 3409 317 3463 materia
324 3409 386 3479 ipsa
394 3409 504 3479 propria
511 3408 677 3480 singrrlarum
685 3410 867 3466 scientiarum
906 3409 1010 3462 sunm.”
1033 3407 1122 3479 Atque
1131 3407 1190 3462 hmo
1201 3407 1293 3461 omnis
1306 3414 1409 3461 motum
1423 3407 1565 3477 gravitatis
1576 3408 1701 3463 variants

71 3487 186 3543 Futilem
212 3489 287 3543 enim
311 3505 372 3543 esse
400 3496 512 3553 constat,
537 3498 565 3543 et
588 3490 698 3558 angusti
725 3490 868 3557 cujusdam
906 3486 988 3542 aliter
1007 3489 1079 3542 enirn
1099 3494 1242 3541 moventur
1259 3487 1355 3557 gravia
1374 3486 1403 3540 in
1423 3484 1556 3553 lancibus,
1570 3487 1650 3542 aliter
1670 3488 1699 3542 in

71 3568 161 3633 animi,
178 3569 226 3640 qni
242 3569 382 3622 existimet
395 3575 482 3623 artem
501 3568 535 3623 de
555 3569 675 3622 scientiis
688 3569 867 3636 inveniendis,
906 3566 1024 3622 decusa:
1046 3568 1129 3622 etiam
1143 3566 1222 3620 aliter
1236 3566 1321 3638 (quod
1335 3567 1434 3620 mirum
1448 3566 1532 3620 videri
1554 3568 1655 3637 possit)
1669 3567 1699 3622 in

72 3648 217 3716 persenam
236 3648 295 3716 jam
318 3664 336 3702 a
360 3648 503 3719 principio,
526 3648 675 3719 excogitari
701 3655 729 3703 et
752 3650 867 3720 proponi
905 3645 1029 3701 lancibus
1042 3647 1221 3718 pendentibus
1234 3646 1263 3700 in
1278 3644 1349 3711 aare,
1363 3645 1443 3700 aliter
1461 3646 1491 3700 in
1507 3645 1631 3701 lancibus
1649 3647 1700 3701 im·

72 3741 163 3795 mser
186 3728 358 3799 eandemque
372 3735 469 3799 postea
481 3728 511 3782 in
524 3744 606 3798 opere
620 3727 686 3798 poni
700 3735 728 3781 et
747 3729 868 3784 exerceri
906 3727 1003 3781 mersis
1015 3727 1045 3781 in
1059 3743 1147 3798 aqna;
1169 3726 1247 3780 aliter
1259 3725 1288 3780 in
1300 3725 1399 3779 decasu
1420 3742 1468 3794 per
1482 3742 1598 3797 aqnam3
1619 3726 1701 3781 aliter

73 3805 173 3862 debere.
217 3806 255 3861 At
268 3816 342 3861 certo
360 3807 449 3862 sciant
467 3807 604 3872 homines,
618 3815 690 3862 artes
711 3808 868 3863 inveniendi
906 3806 1102 3861 innatantibus
1115 3806 1171 3861 sive
1184 3805 1269 3860 vectis
1283 3821 1483 3876 superaquam.

73 3884 167 3940 solidas
191 3893 320 3941 etseras
343 3887 498 3942 adolescere
522 3895 549 3941 et
570 3887 739 3942 incrementa
760 3905 867 3943 sumere
946 3885 974 3940 6.
997 3886 1153 3957 lnquiratur
1166 3887 1200 3940 de
1213 3901 1254 3949 eo,
1265 3885 1329 3956 quid
1339 3886 1426 3955 possit
1435 3891 1462 3938 ct
1472 3889 1598 3954 operetur
1612 3886 1700 3956 figura

73 3981 128 4019 cnm
149 3966 220 4036 ipsis
240 3966 374 4021 inventis:
403 3967 472 4021 adeo
490 3975 522 4021 nt
540 3983 602 4021 cnm
617 3968 678 4039 quis
697 3967 815 4037 primum
833 3969 868 4023 ad
906 3963 1422 4035 corporisdescendentisadregendum
1431 3971 1535 4019 motum
1544 3965 1698 4036 gravitatis3

73 4045 315 4112 perscrutationem
336 4045 457 4101 scientim
478 4046 593 4116 alicujus
616 4047 767 4112 acceamrit,
781 4049 869 4117 possit
907 4045 991 4099 veluti
1013 4046 1101 4117 figura
1122 4044 1179 4098 lata
1199 4061 1260 4098 cum
1283 4044 1422 4108 tenuitate,
1445 4044 1548 4109 cubica,
1571 4045 1699 4117 oblonga,

73 4121 170 4179 habere
194 4133 336 4196 precepta
357 4126 504 4180 inventiam
527 4125 658 4180 nonnulla
679 4125 774 4181 utilis:
795 4137 868 4197 post·
905 4125 1029 4190 rotunda,
1042 4123 1236 4195 pyramidalia;
1257 4122 1405 4195 etquando
1418 4140 1448 4178 se
1460 4131 1565 4178 vertant
1578 4142 1699 4195 corpora,

74 4219 150 4272 quam
164 4211 257 4259 autem
277 4204 423 4276 ampliores
440 4205 469 4259 in
490 4206 551 4277 ipsa
572 4206 688 4260 scientia
707 4222 868 4277 progressus
907 4203 1700 4275 quandoeadem,quadimittnntur,positurapermaneanti

74 4281 171 4348 iecerit,
185 4285 276 4355 possit
289 4285 372 4340 etiam
387 4293 415 4340 ct
428 4286 526 4340 debeat
539 4301 611 4339 nova
623 4284 787 4339 inventionis
801 4304 868 4358 prae-
947 4283 975 4344 7.
999 4285 1152 4354 lnquiratur
1164 4283 1198 4338 de
1212 4300 1252 4348 eo,
1268 4284 1332 4354 quid
1346 4283 1433 4353 possit
1451 4291 1479 4337 et
1497 4292 1622 4353 operetur
1635 4302 1700 4339 con·

73 4371 150 4431 cepta
172 4365 342 4436 excogitare,
367 4382 427 4436 qnae
451 4365 485 4420 ad
512 4363 641 4419 ulteriora
669 4381 732 4419 cum
761 4365 868 4421 felicius
906 4363 1024 4418 donatio
1038 4371 1065 4418 et
1076 4363 1231 4434 progressio
1244 4364 1331 4434 ipsius
1345 4379 1424 4417 casus
1438 4364 1495 4417 sive
1507 4363 1652 4419 descensus
1665 4365 1700 4419 ad

75 4439 212 4500 deducant.
254 4443 359 4499 Similis
374 4451 416 4499 est
438 4461 502 4499 sane
523 4444 583 4499 haec
607 4461 651 4499 res
670 4445 722 4499 viae
742 4445 818 4499 initae
836 4446 867 4500 in
907 4443 967 4507 hoc,
978 4451 1008 4497 ut
1021 4443 1118 4513 majori
1131 4443 1288 4497 incitatione
1303 4449 1332 4497 et
1345 4443 1450 4513 impetu
1464 4443 1582 4509 ieratnr3
1604 4453 1701 4517 etqua

74 4520 201 4590 planitie:
221 4532 367 4596 postquam
381 4525 454 4579 enim
468 4525 519 4579 viae
533 4532 638 4595 partem
654 4524 773 4594 aliquam
789 4525 869 4581 incri-
907 4523 1081 4594 proportione
1103 4531 1132 4577 et
1153 4538 1291 4595 quousque
1310 4522 1460 4577 invalescat
1481 4523 1530 4577 illa
1551 4524 1700 4578 incitatiol

76 4617 132 4656 mus
145 4604 258 4668 emensi,
272 4621 327 4658 non
350 4610 453 4659 tantum
472 4604 526 4658 hoc
547 4603 646 4658 lucrati
667 4620 768 4670 sumus,
782 4612 813 4659 ut
834 4606 869 4659 ad
908 4602 936 4656 Si
951 4602 1061 4673 quidem
1075 4609 1181 4657 veteres
1202 4602 1256 4657 levi
1278 4602 1506 4674 contemplatione
1520 4605 1624 4675 opinati
1639 4612 1701 4659 sunt

77 4681 176 4736 exitum
189 4682 299 4737 itineris
314 4684 427 4755 propius
447 4685 656 4748 accesserimus;
678 4700 772 4738 vemm
786 4686 868 4740 etiam
908 4679 986 4756 (cum
999 4692 1089 4737 motus
1102 4682 1233 4737 naturalis
1247 4683 1284 4737 sit
1296 4677 1366 4758 iste)
1381 4700 1444 4738 enm
1457 4692 1590 4755 perpetuo
1605 4685 1700 4756 angeri

77 4768 112 4822 nt,
132 4761 202 4832 quod
225 4771 312 4817 restat
335 4763 395 4829 vice,
416 4762 515 4818 clarius
536 4763 752 4834 prospiciamus:
773 4765 869 4819 eodem
907 4770 934 4815 et
947 4762 1060 4818 intendi.

80 4838 160 4904 modo,
172 4842 200 4895 in
221 4842 354 4906 scientiis,
370 4843 470 4913 gradus
490 4843 596 4897 itineris
615 4843 738 4914 quisque,
753 4861 792 4909 ea,
808 4862 869 4916 qum
948 4840 977 4896 8.
1000 4842 1155 4913 lnquiratur
1168 4842 1202 4896 de
1217 4859 1258 4908 eo,
1274 4842 1338 4914 quid
1358 4843 1446 4913 possit
1460 4851 1487 4897 et
1500 4852 1628 4915 operetur
1648 4844 1700 4898 dis·

81 4933 96 4968 a
108 4927 179 4991 tergo
192 4922 313 4993 reliquit,
327 4930 525 4992 praetervectus,
540 4924 621 4979 etiam
634 4921 690 4986 illa,
703 4941 764 4993 qum
778 4940 869 4994 super·
908 4922 994 4976 tantia
1007 4930 1053 4976 aut
1066 4922 1228 4993 proximitas
1247 4923 1367 4993 corporis
1389 4923 1576 4977 descendentis
1590 4941 1607 4977 a
1620 4931 1699 4987 terra,

82 5005 143 5060 sant,
166 5001 279 5072 propius
304 5001 351 5055 dat
373 5002 402 5056 in
427 5010 611 5073 conspectum.
660 5002 753 5071 Hujus
777 5014 869 5059 autem
907 5001 942 5082 pd
956 5000 1017 5067 hoc,
1031 5007 1063 5056 ut
1076 5000 1192 5056 celerius
1205 5002 1291 5067 cadat,
1306 5009 1354 5056 aut
1367 5003 1476 5068 tardius,
1492 5003 1633 5057 autetiam
1645 5019 1701 5057 non

82 5079 170 5147 topica
183 5080 349 5150 exemplum,
364 5083 491 5152 quoniam
506 5099 566 5136 eam
579 5082 652 5136 inter
664 5081 817 5138 desiderata
829 5101 870 5138 re-
908 5081 1017 5135 omnino
1028 5082 1065 5150 (si
1078 5082 1159 5134 modo
1172 5081 1255 5136 tuerit
1268 5090 1346 5136 extra
1360 5082 1452 5137 orbem
1467 5082 1613 5136 activitatis
1626 5080 1701 5151 globi

82 5158 208 5225 ponimns,
223 5160 390 5231 subjungere
403 5161 492 5216 visum
505 5168 554 5216 est.
908 5168 1005 5226 terraer
1027 5179 1088 5231 qum
1102 5159 1216 5215 Gilberti
1230 5162 1323 5232 opinio
1342 5161 1407 5233 init)
1421 5170 1501 5233 atque
1516 5160 1598 5214 simul
1612 5162 1645 5216 de
1659 5178 1700 5227 eo,

909 5240 973 5311 quid
986 5248 1111 5311 operetur
1125 5240 1264 5296 immersio
1277 5242 1399 5313 corporis
1412 5240 1702 5312 descendentismagia

907 5320 937 5373 in
951 5320 1115 5391 profundum
1128 5327 1214 5386 terrm,
1229 5329 1275 5376 ant
1296 5321 1439 5376 collocatio
1457 5319 1578 5388 ejusdem
1591 5321 1702 5391 propius

908 5400 942 5454 ad
957 5401 1127 5470 superficiem
1141 5402 1245 5456 terrei
1265 5401 1375 5455 Etenim
1385 5399 1445 5454 haec
1454 5415 1499 5454 res
1510 5399 1592 5454 etiam
1600 5409 1702 5457 motum

119 5473 144 5528 l.
165 5476 332 5549 lnquiratur,
341 5473 434 5548 qualia
444 5477 498 5532 siut
508 5493 629 5548 corpora,
641 5496 701 5550 qum
711 5486 802 5535 motus
812 5494 872 5551 gra-
907 5481 1002 5547 variat,
1016 5488 1047 5536 ut
1058 5481 1233 5552 operantibus
1245 5479 1275 5536 in
1288 5479 1399 5535 mineris
1411 5487 1585 5551 perspectum
1599 5487 1651 5537 est.

81 5295 180 5339 fflPlCA
209 5298 442 5348 truncatam,
468 5299 536 5339 s1va
564 5299 708 5339 sn'rrcutt
739 5300 870 5347 mutual·

255 5378 358 5419 '1¹10le
379 5379 419 5418 DE
438 5379 532 5419 citavi
554 5378 589 5419 rt·
609 5379 688 5420 Lavr.
