3800 5875
626 326 838 388 lNQUlSlTIO
858 326 909 382 DE
930 326 1127 383 MAGNETE.
1633 328 1692 384 613

99 483 223 555 Magnes
236 484 345 539 scobem
357 500 433 539 mam
444 482 535 549 trabit,
542 485 767 555 quemadmodum
777 485 856 540 lima·
932 487 1112 541 Consentiunt
1125 501 1226 550 omues,
1242 492 1404 557 magnetem,
1418 485 1442 541 si
1456 487 1636 552 comburatur,
1653 489 1691 542 ita

59 572 154 617 turam
166 563 251 619 ferri:
273 580 410 635 parvaque
423 564 567 618 admodum
581 566 718 636 magnetis
732 565 855 628 frustula,
894 573 921 620 ut
935 567 1074 620 flammam
1087 567 1220 636 quandam
1234 565 1350 621 luridam
1365 574 1393 620 et
1405 565 1579 637 sulphuream
1596 568 1689 636 jaciat,

58 643 179 698 alterum
195 642 309 698 alterum
323 643 413 708 trahit,
424 651 455 697 ut
467 643 585 713 pensilia
599 644 665 698 fiant
675 653 702 698 et
716 644 854 716 capillata,
893 646 1068 715 prorsusfieri
1077 646 1339 711 virtuteevanidum3
1355 663 1469 717 eamque
1477 663 1615 717 nunquam
1620 656 1689 717 post.

59 723 291 794 quemadmodum
302 740 377 778 acus.
893 742 925 779 ea
939 742 1113 795 recuperare3
1134 724 1200 779 licet
1208 725 1383 796 refrigeretur
1396 728 1423 779 in
1435 727 1557 796 positura
1567 726 1677 780 australi

100 803 177 857 Pone
192 811 347 873 magnetem
361 803 388 856 ia
410 802 457 856 tali
475 802 603 857 distantia
621 818 638 855 a
659 803 737 868 ferro,
752 811 782 858 nt
800 820 855 857 uon
897 813 925 858 et
938 804 1159 875 septentrionali:
1184 803 1213 857 id
1232 805 1303 875 qnod
1325 803 1454 859 lateribus
1471 807 1596 859 viantem
1613 805 1689 867 indit,

58 882 168 937 trahat:
189 883 334 954 interpone
353 883 456 953 pileum
472 883 543 946 ferri,
557 889 663 937 servata
676 881 812 945 distantia,
827 891 855 937 et
892 893 920 939 et
932 884 962 938 in
975 884 1146 955 magnetibus
1156 900 1213 938 non
1221 900 1330 953 prorsus
1338 885 1562 940 combustisvires
1570 892 1689 939 renovat

58 962 166 1028 trahet;
189 963 286 1016 virtute
300 964 435 1033 magnetis
449 978 499 1033 per
517 962 618 1016 ferrum
636 961 733 1016 melius
746 962 853 1026 diffusa,
932 963 1157 1034 Experimentum
1169 963 1330 1026 factumest,
1342 964 1376 1018 de
1387 965 1458 1018 ferro
1467 972 1595 1036 magnete
1607 973 1689 1027 tacto,

59 1058 144 1113 quam
156 1059 206 1112 per
219 1041 339 1097 medium
352 1041 424 1096 adria
438 1041 531 1096 solius
892 1059 923 1096 ae
938 1044 1022 1097 etiam
1036 1044 1069 1097 de
1080 1050 1206 1114 magnete
1216 1043 1286 1112 ipso,
1298 1043 1436 1097 collocatis
1454 1061 1536 1114 super
1548 1044 1688 1115 fastigium

100 1122 222 1192 Magnes
236 1121 452 1176 immissasiutra
466 1138 566 1193 aquam
581 1119 684 1184 fortem,
699 1120 791 1192 ibique
804 1137 854 1192 per
892 1121 986 1194 templi
1002 1122 1031 1177 S.
1046 1120 1125 1177 Pauli
1139 1120 1265 1185 Londini,
1279 1123 1351 1192 qaod
1365 1132 1406 1176 est
1419 1140 1455 1178 ex
1468 1123 1609 1177 altissimis
1623 1132 1689 1177 tem·

58 1200 156 1272 plnres
169 1202 253 1255 horas
267 1217 387 1264 maneus,
400 1201 498 1255 virtute
511 1216 565 1254 non
579 1200 715 1254 minuitur.
891 1202 947 1272 plis
961 1201 1096 1272 Europa,
1117 1217 1206 1255 annon
1224 1201 1409 1256 minuerentur
1423 1203 1519 1257 virtute
1538 1203 1687 1268 attractiva,

99 1280 223 1352 Magnes
237 1280 378 1335 fricatione
399 1290 494 1335 contra
509 1296 628 1351 ριιιιιιιιιι
650 1283 694 1348 (ut
710 1278 812 1333 utimar
825 1279 853 1333 iu
891 1290 1001 1351 propter
1014 1281 1171 1336 distantiam
1185 1297 1202 1334 a
1215 1282 1308 1335 terra?
1329 1282 1376 1336 sed
1389 1282 1460 1336 nihil
1475 1298 1585 1352 prorsus
1597 1282 1686 1336 varia·

57 1358 180 1433 electro)
196 1368 242 1415 aut
255 1369 348 1414 cantra
362 1359 446 1414 alium
464 1368 626 1431 magnetem,
640 1365 688 1413 aut
706 1358 854 1413 calefactus
892 1368 948 1415 tum
963 1368 1011 1414 est
1027 1367 1037 1382 ⁸
1054 1359 1113 1431 [Ec
1127 1358 1265 1432 Reliquias
1280 1360 1470 1428 Bononiensis]

57 1440 95 1493 sd
108 1439 214 1511 ignem,
226 1439 323 1495 virtute
335 1456 390 1494 non
401 1449 525 1510 augetur.
931 1440 960 1495 Si
975 1440 1021 1494 fiat
1035 1440 1183 1495 versarium
1198 1457 1235 1494 ex
1251 1439 1362 1494 metallo
1378 1440 1479 1512 aliquo,
1492 1457 1568 1495 more
1588 1440 1686 1494 indicis

100 1519 222 1591 Magnes
236 1518 306 1574 alius
319 1519 376 1573 alio
386 1527 426 1573 est
436 1519 517 1590 longe
528 1518 689 1572 virtuosior:
705 1516 853 1588 quinetiam
891 1519 1045 1590 magnetici,
1059 1527 1088 1574 et
1101 1521 1148 1574 fini
1163 1520 1242 1574 alteri
1261 1529 1413 1591 apponatur
1431 1521 1576 1585 succinum,
1590 1521 1687 1575 leniter

57 1599 190 1654 vimtem
204 1616 288 1663 suam,
302 1616 353 1670 pro
374 1598 454 1653 modo
476 1599 541 1668 ejus,
557 1598 628 1651 ferro
644 1604 745 1651 tactum
763 1605 851 1651 trans-
892 1600 1024 1664 fricatum,
1039 1600 1187 1654 versarium
1205 1602 1336 1654 convertit
1350 1618 1390 1654 se.

57 1680 159 1734 mittit:
174 1680 310 1742 virtutem,
325 1680 443 1750 inquam,
457 1695 511 1732 non
526 1676 613 1732 solnm
629 1677 852 1741 verticitatissed
932 1680 1077 1733 Sacciuum
1099 1678 1261 1733 calefactum
1283 1680 1318 1732 ab
1339 1680 1410 1751 igne,
1431 1679 1488 1733 sive
1510 1685 1608 1749 tepeat,
1629 1679 1685 1733 sive

58 1758 147 1813 etiam
161 1759 331 1813 attractionis
344 1757 484 1829 simplicis.
525 1756 851 1828 Namsiaccipiasmag·
891 1759 1002 1822 femeat,
1017 1758 1074 1812 sive
1088 1758 1277 1823 inflammetur,
1288 1775 1345 1812 non
1360 1759 1452 1813 trahit.

57 1848 154 1893 netem
177 1839 324 1902 fortiorem,
351 1855 439 1909 eoque
466 1837 567 1891 ferram
594 1837 673 1906 (puta
699 1835 852 1904 cultellum)
929 1836 1065 1892 Bacillum
1086 1838 1202 1892 ferreum
1222 1838 1349 1904 candeas,
1369 1840 1486 1903 damma,
1508 1837 1622 1892 candela
1640 1856 1685 1892 ar·

58 1927 179 1989 tangas3
201 1917 297 1972 deinde
321 1925 448 1988 magnete
470 1916 600 1971 debiliore
623 1914 748 1970 similiter
769 1915 852 1971 alium
890 1919 965 1983 dens,
987 1917 1070 1972 carbo
1089 1916 1198 1989 ignitus,
1224 1917 1332 1972 admota
1352 1918 1462 1973 festucis
1482 1926 1531 1973 aut
1551 1919 1685 1984 tersoriis,

58 1997 213 2063 cultellum,
221 1997 326 2052 videbis
336 1997 476 2051 cultellum
490 1996 598 2050 fortiore
612 2002 737 2067 magnete
752 2002 853 2050 tactam
890 2014 944 2051 non
961 1996 1078 2051 trahunt.

58 2078 152 2146 majus
179 2076 288 2132 trahere
316 2077 422 2147 pondus
446 2077 511 2131 ferri
540 2092 622 2147 quam
647 2075 695 2147 qui
721 2075 852 2130 debiliore
930 2077 1075 2132 Succiuum
1088 2076 1117 2130 in
1133 2076 1235 2145 majore
1250 2075 1330 2141 mole,
1345 2077 1368 2131 si
1387 2077 1468 2132 fuerit
1487 2076 1608 2148 politum,
1623 2075 1685 2129 alli-

59 2164 152 2212 tactus
163 2163 213 2211 est
891 2157 935 2221 cit,
950 2155 1014 2210 licet
1030 2172 1085 2210 nou
1101 2154 1243 2219 fricatum3
1264 2157 1288 2211 si
1305 2156 1333 2210 in
1353 2157 1465 2222 minore,
1479 2166 1525 2211 aut
1545 2157 1685 2227 impurius,

99 2236 221 2308 Magnes
230 2235 265 2290 ad
279 2253 355 2308 mque
368 2236 472 2292 distans
486 2235 587 2290 sermm
602 2233 742 2306 trahitper
752 2233 852 2300 aerem,
891 2236 950 2291 sine
965 2237 1088 2291 frictione
1103 2253 1158 2290 nan
1172 2235 1266 2291 trahit.

58 2332 170 2387 aquam,
185 2317 286 2379 vinum,
301 2316 399 2370 oleum.
931 2314 1089 2385 Crystallina,
1103 2314 1175 2386 lapis
1189 2314 1345 2386 specularis,
1364 2316 1469 2381 vitrum,
1490 2315 1618 2370 electrica
1636 2333 1686 2371 cra·

99 2395 242 2465 Magnete,
257 2401 304 2450 aut
317 2395 504 2466 pulvereejua,
517 2394 546 2448 in
560 2410 631 2464 aqua
641 2393 702 2448 forti
716 2394 852 2460 immerso,
892 2400 958 2461 tera,
974 2397 996 2450 si
1012 2403 1129 2460 urantur,
1143 2402 1190 2449 aut
1204 2402 1362 2460 torreantur,
1376 2413 1430 2450 non
1445 2395 1566 2450 trahunt.

57 2475 130 2529 nihil
156 2475 269 2529 omnino
291 2474 455 2540 dissolvitur,
477 2476 546 2529 sicut
571 2475 600 2527 in
622 2473 694 2528 ferro
716 2474 765 2539 fit,
788 2473 854 2528 licet
931 2474 1002 2530 Pia:
1023 2474 1114 2529 resina
1127 2473 1250 2528 mollior:
1271 2474 1399 2542 benjoin:
1421 2474 1591 2546 asphaltum:
1613 2491 1686 2529 cam·

57 2571 177 2626 magnes
191 2554 314 2609 videatur
327 2571 496 2626 essecorpus
510 2555 582 2609 ferro
595 2552 833 2609 consubstantiale.
892 2554 998 2625 phora:
1032 2553 1195 2626 galbanum:
1226 2555 1443 2609 ammoniacum:
1469 2562 1579 2609 storax:
1606 2571 1685 2608 assa:

98 2633 196 2689 Pulvis
208 2635 344 2706 magnetis
357 2634 457 2689 ferrum
474 2635 605 2689 intactum
625 2650 680 2687 non
699 2633 789 2698 trahit,
804 2651 854 2688 nec
892 2634 952 2690 baec
965 2633 1035 2688 coelo
1053 2633 1182 2688 calidiore
1201 2633 1359 2703 neutiquam
1379 2650 1492 2703 prorsus
1511 2633 1636 2699 trahunt;
1658 2641 1687 2687 at

57 2721 163 2768 tactum
177 2715 276 2770 etiam:
297 2722 417 2768 attamen
428 2713 486 2784 ipse
501 2713 617 2785 pulvisa
631 2713 703 2768 ferro
717 2721 790 2767 tacto
802 2723 855 2768 tra·
892 2722 1014 2784 tempore
1028 2713 1168 2783 frigidiore
1182 2712 1296 2767 obscure
1310 2720 1337 2767 et
1350 2713 1455 2767 infirme
1469 2714 1587 2769 trahunt.

56 2793 145 2859 hitur,
160 2800 188 2847 et
203 2793 339 2859 adhaerete
360 2794 395 2849 ab
408 2794 511 2847 intacto
527 2800 619 2846 antem
636 2793 765 2848 minime:
786 2794 855 2849 adeo
931 2794 1054 2864 Vapidus
1067 2796 1115 2847 adr
1133 2792 1250 2858 succino,
1265 2801 1316 2846 etc.
1331 2791 1445 2857 afflatirs,
1460 2792 1504 2847 vel
1521 2792 1556 2845 ab
1574 2810 1629 2856 ore,
1643 2790 1687 2846 vel

57 2883 90 2928 ut
99 2872 189 2945 pulvis
198 2874 334 2946 magnetis
343 2874 467 2929 videatur
480 2872 615 2944 passivam
625 2873 751 2927 virtatem
762 2872 855 2946 aliquo
893 2874 928 2927 ab
942 2873 1004 2928 aiere
1018 2872 1179 2935 humidiore,
1193 2872 1321 2927 virtutem
1334 2871 1458 2927 trahendi
1472 2872 1592 2927 suffocat.

57 2955 141 3009 mado
154 2954 278 3019 sedasse,
293 2955 410 3010 activam
423 2964 514 3009 autem
528 2970 582 3007 non
596 2954 715 3007 omnino.
933 2954 962 3008 Si
976 2954 1071 3009 charta
1084 2961 1130 3007 aut
1143 2952 1258 3007 linteum
1271 2953 1458 3023 interponatur
1467 2954 1538 3007 inter
1547 2954 1687 3008 succinum

98 3034 174 3089 Acus
188 3051 269 3104 super
279 3033 390 3105 planum
403 3034 499 3104 posita,
514 3051 576 3105 qum
589 3040 715 3104 magnete
728 3050 783 3088 non
799 3040 853 3088 tra·
893 3040 919 3087 et
933 3033 1048 3104 paleam,
1060 3050 1115 3087 non
1128 3032 1159 3085 fit
1172 3040 1262 3087 motus
1276 3040 1324 3086 ant
1337 3033 1467 3087 stractio.

57 3114 134 3169 bitur
155 3124 268 3184 propter
285 3115 406 3184 pondus,
427 3113 523 3168 eadem
541 3112 751 3184 superimposita
771 3114 856 3168 fundo
933 3113 1078 3168 Succisum
1095 3120 1142 3166 aut
1157 3111 1290 3176 electrina,
1305 3111 1437 3166 calefacta
1457 3130 1493 3167 ex
1513 3111 1596 3167 radiis
1612 3110 1686 3177 solis,

57 3194 122 3248 vitri
137 3194 251 3256 elevato,
262 3203 292 3248 ut
301 3194 428 3265 utrinque
438 3192 612 3264 propendeat,
622 3191 761 3255 traheture
783 3193 855 3264 quod
892 3208 947 3247 aon
961 3191 1148 3264 expergefiunt
1161 3191 1195 3245 ad
1210 3192 1379 3258 trahendum,
1392 3191 1462 3246 sicut
1474 3210 1509 3247 ex
1523 3191 1657 3246 frictione.

57 3290 93 3326 eo
106 3273 197 3344 magis
212 3273 299 3327 relatu
312 3274 424 3345 dignum
442 3280 514 3344 puto,
529 3274 593 3344 qaia
606 3271 762 3340 hujusmodi
776 3273 854 3344 quid·
933 3272 1080 3327 Succisum
1093 3272 1227 3337 fricatum,
1242 3280 1270 3327 et
1284 3271 1366 3327 radiis
1380 3270 1444 3325 salis
1455 3273 1619 3343 expositam,
1630 3271 1688 3327 diu·

57 3354 121 3406 dam
136 3352 250 3407 fortasse
264 3354 432 3408 occasionem
447 3352 521 3407 dedit
533 3351 637 3407 frivola
647 3351 687 3405 illi
698 3353 853 3417 narrationi,
893 3352 947 3406 tius
960 3353 1032 3408 vires
1046 3351 1172 3407 trahendi
1185 3352 1289 3417 retinet,
1303 3368 1354 3406 nec
1368 3360 1423 3407 tam
1437 3353 1493 3407 cito
1506 3368 1554 3406 eas
1568 3351 1687 3423 deponit,

56 3433 132 3504 quod
155 3432 265 3487 adamas
286 3433 421 3504 magnetis
443 3432 569 3487 virtutem
590 3432 729 3501 impediat.
779 3431 854 3487 Pone
892 3449 925 3486 ac
939 3432 1005 3487 siin
1018 3432 1115 3487 umbra
1128 3433 1244 3502 positum
1259 3440 1340 3486 esset

55 3514 135 3567 enim
156 3528 236 3567 acum
257 3530 338 3582 super
357 3512 528 3567 adamantem
546 3527 667 3582 parvum,
685 3511 714 3565 in
734 3512 854 3567 tabulam
932 3512 1035 3567 Fervar
1049 3530 1085 3566 ex
1099 3511 1208 3581 speculo
1221 3512 1404 3577 comburente,
1418 3510 1537 3577 succino,
1552 3518 1604 3566 etc.
1626 3528 1687 3566 con-

56 3600 172 3656 sectam,
190 3600 316 3663 magnete
331 3598 465 3663 prasente
485 3592 520 3645 ad
538 3592 641 3648 distans
659 3592 755 3660 majus,
773 3608 855 3663 quam
892 3591 1008 3656 ciliatns,
1023 3608 1077 3646 non
1089 3592 1166 3660 juvat
1177 3591 1211 3644 ad
1226 3591 1395 3647 trahendum.

55 3674 85 3726 in
99 3689 156 3744 qno
171 3670 278 3725 trahere
296 3680 397 3741 posset,
412 3679 502 3725 tamen
520 3671 682 3741 trepidabit:
703 3671 752 3725 illa
764 3681 854 3727 autem
933 3671 1053 3742 Sulphnr
1070 3679 1263 3736 consummet
1279 3689 1342 3727 cera
1360 3673 1428 3726 dura
1445 3671 1619 3735 inflammata,
1633 3688 1689 3725 non

56 3751 214 3822 trepidatio,
228 3766 281 3805 non
297 3750 445 3822 prohibitio
458 3758 548 3805 motus
562 3759 610 3815 est,
622 3751 669 3804 sed
683 3759 771 3806 mauis
784 3752 852 3823 ipse.
892 3750 1010 3806 trahunt.

96 3831 218 3902 Magnes
232 3831 332 3886 ferrum
342 3838 442 3885 tactum
452 3830 533 3902 longe
543 3831 663 3885 vivacius
671 3831 763 3896 trahit,
772 3849 854 3901 quam
932 3831 1084 3895 succinum,
1107 3847 1169 3885 cum
1188 3830 1316 3884 citissime
1334 3846 1351 3883 a
1370 3829 1496 3885 frictione
1516 3828 1626 3885 festuca
1645 3829 1689 3884 vel

55 3911 208 3975 intactam
231 3910 299 3964 adeo
321 3918 351 3966 ut
373 3910 480 3975 ferrum,
501 3911 572 3982 quod
591 3910 722 3965 intactam
742 3912 771 3966 in
792 3911 855 3966 data
892 3911 1012 3965 versoria
1026 3911 1179 3981 apponitur,
1194 3911 1296 3980 optime
1311 3910 1402 3963 trahit

56 3990 187 4044 dimantia
208 4006 262 4044 aon
283 3990 374 4056 trahit,
393 3991 421 4044 id
438 3990 467 4044 in
486 3989 587 4060 triplici
605 3989 735 4045 distantia
753 3997 853 4045 tactum
932 3990 1025 4044 Virtus
1049 3989 1175 4043 electricn
1196 3989 1271 4060 viget
1290 3990 1319 4042 in
1341 3989 1490 4044 retentione
1511 3989 1547 4043 ad
1573 3995 1688 4059 tempus,

56 4070 159 4124 trahat.
892 4086 946 4124 aon
960 4070 1051 4123 minus
1065 4085 1146 4139 quam
1160 4069 1189 4122 in
1202 4071 1363 4122 attractione
1378 4069 1475 4139 prima

96 4148 182 4204 Nihil
200 4148 351 4204 extrahitur
369 4148 433 4203 ferri
451 4155 498 4204 aut
516 4147 659 4203 metallica
678 4149 800 4204 materia
819 4165 854 4204 ea
932 4148 1064 4214 Flamma,
1079 4149 1203 4218 apposito
1216 4149 1326 4203 succino
1339 4149 1412 4202 intra
1425 4149 1519 4204 orbem
1533 4148 1687 4215 activitatis,
1705 4204 1708 4214 Δ

56 4236 187 4300 magnete
202 4229 366 4300 perignem,
380 4235 485 4284 stuata
497 4228 686 4298 separationis.
892 4245 945 4282 non
960 4228 1083 4283 trahitur.

96 4308 219 4379 Magnes
232 4324 287 4362 uon
301 4307 413 4363 solvitur
426 4307 455 4363 in
467 4324 539 4379 aqua
555 4308 629 4379 regis
648 4307 711 4378 plns
728 4325 810 4379 quam
825 4309 854 4363 in
933 4309 1016 4363 Gutta
1029 4325 1115 4379 aqum,
1136 4308 1245 4362 admoto
1265 4307 1383 4371 succino,
1398 4307 1515 4362 trahitur
1534 4307 1563 4361 in
1581 4323 1687 4365 conum.

56 4404 130 4458 aqua
145 4386 219 4441 forti.
892 4387 1035 4453 Electrica,
1050 4388 1075 4442 si
1088 4388 1180 4442 darius
1193 4388 1358 4452 affriceutur,
1373 4388 1521 4459 impeditur
1534 4389 1668 4444 attractio.

96 4466 272 4537 Magnesia
291 4466 428 4522 crucibulo
447 4467 559 4538 positus,
572 4466 640 4521 citra
659 4473 751 4521 tamen
771 4485 852 4539 quam
932 4468 998 4529 Quae
1013 4484 1086 4540 segre
1100 4468 1222 4523 alliciunt
1238 4468 1268 4522 ia
1284 4468 1359 4522 claro
1379 4468 1455 4534 coelo,
1476 4469 1505 4521 in
1524 4486 1615 4523 crasso
1634 4486 1689 4525 non

56 4553 87 4600 nt
106 4547 247 4600 flammam
265 4546 378 4610 emittm,
398 4547 528 4602 minuitur
547 4546 662 4602 multum
680 4546 808 4618 pondere,
827 4558 856 4603 et
892 4556 1008 4603 movent

57 4627 223 4680 immensum
236 4625 344 4690 virtute,
358 4634 388 4680 ut
400 4626 447 4682 vix
460 4627 561 4682 ferrum
575 4625 704 4682 attrahat.
932 4628 1013 4699 Aqua
1025 4628 1154 4699 imposita
1166 4627 1278 4683 succino
1287 4628 1413 4684 virtutem
1427 4628 1551 4683 trahendi
1566 4629 1689 4694 suffocat,
1751 4676 1759 4690 ,

97 4705 218 4775 Magnes
230 4722 303 4776 agre
316 4705 428 4775 liquefit,
443 4706 490 4761 sed
501 4715 592 4761 tamea
603 4705 719 4778 figuram
729 4706 854 4762 nonnihil
892 4705 956 4760 licet
969 4708 1057 4777 ipsam
1072 4724 1172 4780 aquam
1185 4707 1285 4762 trahat.

57 4785 192 4849 immutat,
207 4792 236 4838 et
249 4784 369 4839 rubescit
382 4794 412 4839 ut
428 4786 538 4842 sermm.
933 4787 1024 4851 Sarca,
1038 4788 1076 4841 ita
1089 4788 1201 4842 succino
1213 4787 1407 4853 circundatum,
1422 4794 1451 4842 ut
1471 4794 1573 4857 tangat,
1588 4795 1688 4842 attrac-

97 4864 224 4935 Magnes,
239 4864 395 4920 combustus
408 4865 520 4938 integer,
532 4867 659 4921 virtutem
672 4865 815 4936 passivam,
825 4877 854 4921 ut
892 4867 965 4920 tione
988 4865 1073 4930 tollit3
1103 4866 1151 4920 sed
1172 4867 1362 4938 interpositum
1383 4876 1489 4922 utnon
1510 4875 1612 4939 tangat,
1632 4884 1689 4922 non

58 4961 87 4998 se
101 4943 222 5015 applicet
241 4944 318 4999 alteri
337 4948 467 5016 magneti,
485 4947 597 5011 retinet,
619 4946 736 5000 activam
750 4945 784 4999 ad
803 4945 854 5000 fer·
892 4946 1004 5000 omnino
1017 4945 1098 5000 tollit.

57 5041 118 5078 nrm
132 5023 296 5078 trahendam
309 5023 365 5078 fere
379 5025 475 5095 perdit
933 5025 1038 5089 Oleum,
1053 5025 1162 5079 succino
1178 5025 1340 5097 appositum,
1359 5035 1461 5081 motum
1482 5042 1535 5079 non
1554 5026 1687 5096 impedit3

97 5103 218 5175 Magnes
241 5104 270 5158 ia
290 5104 428 5159 crucibulo
447 5105 599 5161 combustus
623 5104 723 5159 emittit
743 5105 854 5169 fumum,
892 5121 942 5157 nec
957 5105 1104 5169 succinam,
1118 5104 1205 5177 digito
1218 5105 1279 5161 oleo
1297 5106 1449 5161 madefacto
1470 5105 1601 5171 fricatum,
1616 5107 1688 5161 vires

58 5183 106 5238 vix
119 5192 211 5238 nmen
224 5182 368 5249 visibilem,
384 5185 430 5256 qui
444 5184 572 5240 laminam
587 5185 649 5239 aris
664 5185 853 5255 superimposi·
892 5184 1017 5237 trahendi
1031 5185 1129 5255 perdit.

58 5272 113 5318 tam
126 5261 254 5317 nonnihil
268 5262 385 5318 albicare
399 5263 478 5319 facit:
500 5272 529 5320 ut
542 5264 630 5319 solent
644 5265 725 5319 etiam
737 5264 853 5320 metalla.
932 5264 1052 5318 Firmius
1069 5273 1223 5334 provocant,
1238 5273 1267 5320 et
1285 5265 1387 5321 diutins
1405 5264 1520 5318 retinent
1539 5265 1688 5333 succinum,

98 5343 218 5413 Magnes
233 5342 261 5395 in
275 5343 458 5399 comburendo
471 5353 593 5415 penetrat
611 5362 660 5415 per
680 5345 853 5408 crucibulum
893 5352 1014 5415 gagates,
1029 5352 1057 5398 et
1070 5342 1231 5414 hujusmodi,
1246 5345 1329 5399 etiam
1342 5345 1445 5398 minore
1464 5360 1525 5398 cum
1544 5343 1687 5401 factione:

60 5421 139 5493 idque
154 5431 213 5476 tam
228 5431 313 5487 extra,
328 5440 409 5494 quam
429 5425 507 5492 intra,
529 5423 621 5491 fracto,
636 5426 708 5495 quod
728 5443 744 5479 a
763 5425 854 5495 splen·
893 5423 1012 5489 adamas,
1034 5424 1200 5493 crystallum,
1217 5425 1325 5491 vitrum,
1344 5424 1444 5478 diutius
1464 5425 1515 5479 teri
1535 5423 1641 5493 debent,
1659 5432 1690 5482 ut

60 5502 122 5557 dore
136 5500 327 5574 splendescere
341 5502 414 5559 facit.
893 5504 1038 5561 manifesto
1050 5504 1216 5562 incalescant
1229 5512 1374 5576 antequam
1386 5502 1502 5559 trahant.
