3800 5875
64 300 133 355 Cae.
156 301 195 355 ll.
585 300 636 353 DE
660 298 887 355 AUGMEN'PIS
909 300 1187 357 SClEN'l'IARUM.
1642 304 1699 364 347

102 457 287 523 Primumest,
296 456 459 512 intermissio
466 456 615 528 diligentia
624 456 699 512 illius
710 459 866 528 Hippocra·
903 458 1000 523 solent,
1018 476 1080 513 cum
1094 460 1227 513 tamenin
1243 458 1338 528 primis
1351 459 1535 514 necessarium
1550 460 1700 525 sitnotare,

63 539 106 602 tis,
121 537 197 592 utilis
211 537 358 592 admodum
373 545 400 590 et
413 545 553 602 accuratas,
567 538 611 590 cui
625 537 710 591 moris
724 547 790 601 erat,
805 555 866 592 nar·
903 538 998 608 quales
1012 547 1040 592 et
1054 555 1136 609 quam
1150 537 1315 607 multiplices
1333 540 1388 593 sint
1405 538 1551 594 humorum
1571 540 1699 595 differen-

63 617 177 671 rstivam
187 633 354 686 componere
363 632 475 670 casuum
484 616 679 685 circaaegrotos
689 617 864 685 specialium
903 617 971 671 tium
996 618 1104 687 species
1127 614 1198 693 (nou
1222 618 1339 671 nimium
1368 619 1398 672 in
1421 617 1474 670 bec
1500 635 1530 671 re
1556 618 1700 674 tribuendo

64 695 207 751 referendo
221 695 314 766 qualis
335 695 430 750 luisset
447 695 536 750 morbi
555 704 658 758 natura,
673 696 762 764 qualis
782 697 865 749 medi·
902 694 1081 750 divisionibus
1094 713 1189 750 eorum
1201 697 1330 766 receptis)
1345 698 1392 769 qui
1408 695 1437 750 in
1451 713 1564 767 corpore
1578 696 1700 752 humano

65 775 144 838 catio,
160 776 253 846 qualis
267 784 389 829 eventus.
431 775 523 846 Atque
537 772 619 841 hujus
633 774 672 826 rei
686 775 773 828 nactis
786 776 865 829 nobis
902 774 1049 845 aliquando
1068 775 1257 839 insanientum
1278 782 1308 829 et
1325 776 1355 830 in
1374 776 1472 846 quibus
1490 776 1654 830 cavitstibus
1671 783 1699 831 et

62 856 118 923 jam
136 854 306 924 exemplum,
321 863 376 907 tam
394 855 534 924 proprium
555 860 636 923 etque
653 853 770 923 insigne,
784 854 814 907 in
830 871 864 908 eo
901 854 1089 923 receptaculis,
1104 852 1220 925 quilibet
1233 854 1354 923 ipsorum
1372 856 1451 909 sedes
1468 863 1496 908 et
1513 853 1620 909 nidulos
1634 872 1698 911 suos

65 934 167 988 scilicet
183 934 253 998 viro,
269 935 316 1004 qui
334 941 463 1004 tanquam
481 948 581 1002 parens
600 932 666 985 artis
685 931 794 987 babitus
814 941 863 997 est,
901 932 986 1001 figere
1010 933 1182 1002 potissimum
1205 933 1307 997 soleat3
1335 949 1443 1005 quoquc
1467 935 1629 1001 juramento
1650 943 1700 998 aut

65 1014 175 1067 minime
190 1029 261 1083 opus
276 1013 327 1066 erit
340 1011 494 1081 exemplum
515 1011 625 1081 aliquod
645 1010 809 1066 forinsecum
828 1014 864 1067 ab
901 1010 1018 1077 damno;
1039 1021 1121 1083 atque
1135 1011 1301 1066 hissimilia.
1343 1013 1443 1068 Itidem
1457 1014 1582 1083 vestigio,
1597 1022 1626 1067 et
1643 1014 1697 1067 im-

65 1093 159 1145 alienis
174 1092 282 1146 artibus
296 1100 405 1162 petere;
427 1090 510 1145 veluti
531 1107 548 1143 a
569 1090 712 1159 prudentia
728 1091 863 1158 juriscou·
900 1091 1055 1160 pressiones
1069 1091 1233 1155 morborum,
1248 1100 1276 1144 et
1288 1091 1449 1147 interiorum
1468 1094 1584 1162 partium
1605 1094 1641 1147 ab
1660 1094 1697 1147 iis

65 1171 205 1236 uiltorum,
221 1171 326 1242 quibos
346 1170 417 1223 nibil
436 1170 585 1240 antiquius,
600 1186 682 1240 qnam
702 1169 863 1226 illustriores
901 1169 1026 1224 laesiones
1040 1177 1068 1224 et
1081 1170 1288 1235 devastationes,
1299 1170 1328 1223 in
1341 1170 1456 1225 dirersis
1467 1171 1619 1236 anatomiis,
1633 1189 1696 1227 cum

64 1267 148 1314 canas,
168 1260 198 1304 et
219 1267 305 1304 novas
323 1250 480 1314 decisiones,
502 1248 610 1317 scriptis
630 1248 778 1312 mandam
809 1267 863 1320 quo
900 1249 1042 1319 diligentia
1056 1249 1188 1313 notanda;
1208 1265 1306 1317 nempe
1318 1258 1492 1319 apostemata,
1506 1249 1605 1314 ulcera,
1621 1250 1695 1306 solu·

63 1330 161 1383 melios
184 1346 214 1383 se
238 1330 275 1382 ad
298 1329 402 1383 futuros
426 1345 505 1383 casus
527 1328 654 1382 muniant
672 1336 700 1381 ct
720 1329 861 1384 instruant
900 1326 988 1383 dones
1008 1328 1200 1392 continuitatis,
1221 1329 1441 1398 putrefactionem
1461 1329 1612 1394 exesiones,
1629 1346 1694 1383 con·

65 1410 146 1462 letam
163 1409 279 1479 proinde
301 1408 529 1461 continuationem
551 1406 755 1461 medicinalium
772 1423 862 1462 narra-
900 1407 1081 1476 sumptionem
1102 1424 1195 1462 rursus
1214 1408 1418 1473 contractiones,
1432 1407 1615 1472 extensiones,
1628 1425 1693 1463 con·

63 1489 165 1542 tionum
182 1488 331 1541 desiderari
345 1486 439 1550 vide03
461 1486 612 1556 praesertim
625 1486 655 1540 in
668 1503 751 1540 tinum
764 1503 862 1557 corpus
900 1486 1045 1552 vulsiones,
1078 1485 1238 1551 luxationes,
1265 1486 1461 1550 dislocationes,
1488 1487 1693 1552 obstructiones,

63 1586 122 1621 enm
133 1566 283 1637 diligentia
295 1579 323 1620 et
330 1566 433 1634 judicio
446 1566 594 1635 digestam:
609 1582 692 1636 quam
702 1573 792 1620 tamen
806 1584 862 1621 non
899 1565 1069 1636 repletiones,
1079 1575 1204 1631 tumores,
1218 1582 1275 1621 una
1286 1582 1348 1620 cum
1362 1567 1485 1621 omnibus
1494 1566 1616 1620 materiis
1627 1583 1695 1636 prm·

64 1647 188 1718 intelligo
202 1646 243 1699 its
257 1646 316 1700 lieri
330 1645 428 1699 debere
450 1643 577 1714 amplam,
591 1652 621 1698 ut
641 1644 721 1714 plane
743 1645 861 1716 vulgata,
900 1645 1117 1710 tematuralibus,
1131 1663 1192 1717 quia
1210 1645 1239 1698 in
1258 1662 1370 1714 corpore
1389 1646 1509 1701 humano
1521 1645 1694 1700 inveniuntur

63 1735 89 1781 et
98 1744 160 1797 quae
171 1725 294 1797 quotidie
303 1724 458 1788 obveniant,
465 1723 585 1794 excipiat
597 1724 638 1792 (id
648 1725 719 1777 enim
728 1724 862 1779 infinitum
901 1724 996 1796 (veluti
1015 1724 1134 1788 calculis,
1149 1724 1365 1789 camositatibus,
1380 1724 1527 1790 tuberibus,
1547 1725 1692 1789 vermibus,

64 1808 191 1876 quiddam
205 1813 287 1868 esset,
298 1821 385 1875 neque
396 1804 431 1857 ad
440 1798 514 1877 rem)
528 1820 579 1857 nec
593 1820 685 1856 rursus
696 1810 750 1857 tam
764 1820 862 1874 angus-
900 1811 927 1858 et
943 1803 1113 1872 hujusmodi)
1128 1803 1188 1859 hac
1203 1797 1346 1878 (inquam)
1361 1804 1461 1867 omnia,
1475 1810 1503 1856 et
1520 1803 1565 1858 bis
1583 1803 1692 1867 similia,

64 1897 125 1948 tarn,
137 1894 167 1939 ut
180 1884 352 1939 solummodo
364 1882 501 1938 mirabilia
514 1889 542 1936 et
557 1883 688 1951 stupenda
702 1878 747 1954 (id
760 1883 832 1952 qood
845 1900 862 1937 a
899 1899 949 1951 per
962 1899 1031 1946 eam,
1046 1900 1128 1954 quam
1141 1882 1267 1947 diximus,
1282 1882 1447 1937 anatomiam
1460 1892 1650 1952 comparatam,
1665 1892 1693 1937 et

63 1965 202 2018 nonnullis
217 1964 321 2017 iactum
331 1959 388 2036 est)
398 1961 601 2033 complectatur.
642 1961 733 2016 Multa
746 1964 819 2017 enim
833 1965 862 2018 in
899 1961 1043 2017 multorum
1056 1963 1222 2017 medicorum
1242 1961 1428 2031 experimenta
1442 1962 1472 2016 in
1487 1978 1571 2017 unum
1584 1961 1691 2026 collata,

64 2045 141 2097 modo
156 2044 206 2107 rei,
229 2050 258 2096 et
272 2042 483 2096 circumstantiis
496 2044 563 2109 eJ'us,
578 2057 648 2094 nova
661 2047 730 2104 sunt,
752 2058 814 2112 qua
832 2043 861 2098 in
899 2058 1078 2111 magnacum
1097 2058 1162 2096 cara
1179 2041 1301 2112 perquiri
1315 2048 1344 2095 et
1361 2042 1487 2111 componi
1506 2041 1615 2096 debent.
1656 2042 1693 2096 At

65 2140 163 2192 genere
176 2124 242 2192 ipsc
253 2139 326 2176 nova
339 2139 394 2175 non
408 2129 490 2175 sunt:
506 2121 552 2192 qui
566 2127 658 2175 autem
671 2120 706 2174 ad
720 2121 861 2175 observan-
898 2120 1016 2176 varietas
1028 2120 1082 2175 ista
1095 2120 1274 2175 accidentium
1284 2120 1314 2174 iu
1330 2121 1491 2175 anatomicis
1503 2127 1551 2176 aut
1563 2121 1691 2191 perfunc-

64 2203 125 2256 dnm
148 2202 263 2269 adjiciet
277 2202 406 2265 animum,
420 2202 446 2254 ei
460 2201 551 2263 etiarn,
567 2199 598 2253 in
618 2200 707 2264 rebus,
721 2218 782 2271 qua
802 2201 861 2255 vul·
900 2200 968 2254 toria
982 2208 1117 2264 tractatur,
1132 2207 1179 2254 aut
1192 2199 1302 2254 silentio
1314 2200 1475 2270 praeteritur.

64 2281 289 2352 garesridentur,
303 2279 546 2335 multsobservatu
560 2279 643 2348 digna
657 2286 806 2334 occurrent.
938 2278 982 2333 De
1006 2278 1057 2333 illo
1081 2295 1147 2333 vero
1176 2278 1264 2333 altero
1292 2278 1398 2334 defectu
1428 2280 1502 2334 circa
1528 2278 1693 2334 anatomiam

101 2361 173 2414 ltem
189 2361 218 2412 in
232 2359 470 2430 disquisitionibus
482 2359 643 2413 anatomicis
659 2359 718 2413 fieri
735 2359 813 2423 solet,
832 2366 862 2413 ut
900 2360 1011 2429 (nempe
1036 2359 1108 2430 qood
1130 2374 1185 2412 non
1206 2358 1265 2413 lieri
1287 2360 1460 2414 consueverit
1481 2359 1512 2413 in
1534 2359 1693 2429 corporibus

64 2458 121 2510 quae
135 2439 246 2508 corpori
259 2439 380 2493 humano
390 2437 420 2492 in
432 2438 588 2492 universum
601 2445 762 2507 competant,
776 2456 810 2493 ea
822 2439 861 2492 di·
898 2435 984 2511 vivis)
998 2438 1064 2511 quid
1075 2437 1171 2493 attinet
1184 2437 1296 2493 dicerei
1318 2438 1375 2492 lies
1387 2438 1461 2492 euim
1474 2437 1534 2492 hmo
1548 2438 1652 2502 odiosa,
1663 2446 1693 2491 et

64 2519 254 2588 ligentissime,
272 2534 359 2588 nsque
381 2517 416 2570 ad
436 2518 630 2582 curiositatem,
644 2525 673 2571 et
690 2518 720 2571 in
740 2518 861 2573 minimis
898 2517 1021 2581 barbara,
1036 2525 1064 2572 et
1077 2534 1095 2571 a
1113 2516 1195 2571 Celso
1214 2523 1287 2571 recte
1305 2517 1440 2571 damnata.
1479 2517 1579 2588 Neque
1600 2525 1692 2571 tamen

65 2599 225 2669 quibusque,
239 2605 381 2651 notentur:
402 2603 433 2650 at
445 2597 517 2652 circa
530 2597 698 2660 varietatem,
713 2614 773 2667 quas
783 2598 812 2652 in
822 2598 861 2651 di·
898 2595 966 2651 illud
979 2596 1069 2651 minus
1080 2613 1176 2651 rerum
1188 2604 1231 2650 est
1245 2593 1333 2670 (quod
1347 2602 1505 2651 annotatum
1523 2594 1575 2650 fuit
1593 2597 1692 2667 apris·

65 2678 149 2731 versis
162 2675 324 2747 corporibus
337 2677 477 2745 reperitur,
490 2676 658 2730 medicorum
670 2676 812 2746 diligentis
822 2678 861 2731 ia·
898 2670 954 2749 cis)
968 2692 1049 2748 poros
1058 2674 1221 2746 complures,
1232 2681 1261 2729 et
1272 2682 1385 2739 meatus,
1399 2682 1428 2730 et
1440 2674 1616 2744 pernrsicnes,
1631 2693 1692 2746 quas

65 2757 142 2810 tiseit.
176 2757 297 2826 Ideoque
308 2756 472 2810 anatomiam
483 2754 635 2826 simplicem
646 2752 860 2811 luculentissime
898 2763 961 2810 sunt
981 2772 1019 2810 ex
1042 2754 1236 2820 subtilioribus,
1254 2753 1283 2807 in
1303 2754 1463 2809 anatomicis
1483 2754 1692 2809 dissectionibus

66 2836 172 2889 tractari
198 2852 300 2900 assero,
325 2835 489 2890 anatomiam
511 2843 693 2905 comparatam
713 2835 860 2891 desiderari
897 2850 953 2888 non
966 2850 1139 2904 comparem
1161 2834 1262 2906 quippe
1282 2850 1343 2904 qum
1362 2833 1392 2887 in
1409 2833 1586 2887 cadaveribus
1605 2833 1693 2889 occlu-

65 2925 160 2970 nsmo.
207 2915 304 2971 Partes
328 2915 401 2970 enim
424 2913 547 2986 singulas
564 2922 636 2969 recte
658 2922 861 2985 perscrutantur
898 2913 998 2969 duntur
1017 2921 1045 2969 et
1065 2912 1168 2979 latent3
1192 2929 1255 2968 cum
1272 2913 1303 2968 iu
1319 2913 1472 2968 viventibus
1490 2911 1644 2978 dilatentur,
1663 2922 1693 2968 et

66 2996 199 3060 homines,
230 3012 378 3067 earumque
409 2995 606 3059 consistentias,
630 2995 739 3065 figuras,
773 2997 859 3050 situs:
898 2995 1003 3064 possint
1015 3011 1076 3049 esse
1089 2993 1238 3063 conspicui.
1279 2993 1383 3064 ltaque,
1397 3000 1428 3048 ut
1446 3002 1475 3047 et
1493 2993 1555 3047 usui
1569 2992 1691 3046 consuls-

65 3076 236 3129 sedidem
253 3075 374 3146 partium
387 3074 522 3129 diversam
535 3075 565 3128 in
577 3074 692 3129 diversis
705 3073 861 3130 hominibus
898 3082 941 3128 tur
954 3073 1036 3128 simul
1049 3080 1077 3128 et
1094 3072 1265 3138 humanitati,
1278 3088 1334 3126 non
1353 3079 1397 3126 est
1415 3072 1525 3126 omnino
1543 3071 1693 3138 rejicienda

66 3156 181 3225 figuram
205 3163 235 3208 et
257 3154 442 3208 conditionem
466 3154 555 3209 minus
578 3154 730 3208 observant
770 3153 860 3226 Atque
898 3154 1036 3207 anatomia
1049 3153 1178 3217 vivorum,
1192 3168 1280 3223 neque
1293 3151 1329 3206 ad
1342 3151 1691 3222 fortuitaschimrgicovum

65 3234 146 3303 hujus
160 3231 318 3288 omissionis
331 3250 441 3287 cansam
453 3250 508 3288 non
521 3232 605 3287 aliam
618 3249 678 3287 esse
691 3233 860 3299 arbitramur,
898 3232 1082 3302 inspectiones
1102 3228 1191 3305 (quod
1212 3230 1310 3286 Celsus
1326 3227 1408 3304 iecit)
1430 3231 1607 3285 remittenda:
1628 3248 1691 3285 curn

66 3331 147 3384 qoam
180 3312 254 3383 qood
285 3313 320 3366 ad
346 3313 463 3382 primam
493 3313 698 3384 inquisitionem
728 3313 861 3382 inspectio
898 3311 950 3365 hoc
965 3312 1055 3382 ipsum
1068 3312 1136 3366 bene
1145 3310 1268 3382 expediri
1278 3310 1363 3380 possit
1373 3326 1423 3382 per
1432 3310 1620 3364 dissectionem
1630 3311 1692 3365 brn-

65 3394 144 3447 onias
167 3405 215 3447 aut
235 3391 347 3446 alterins
371 3391 515 3446 anatomia
540 3392 664 3447 sufficere
690 3392 791 3461 possim
825 3393 861 3447 ad
898 3399 987 3446 torum
1003 3392 1131 3456 vivorum,
1146 3406 1282 3462 qumncn
1302 3390 1424 3444 obstante
1443 3406 1553 3444 marum
1573 3390 1692 3459 partium

65 3471 246 3541 posteriorem
265 3488 329 3525 vero
354 3468 431 3545 (qum
451 3472 637 3541 comparativa
654 3479 702 3536 est,
720 3479 749 3525 et
768 3487 861 3528 casnm
898 3469 1118 3526 dissimilitudine
1131 3471 1167 3523 ab
1180 3469 1316 3535 humanis,
1329 3469 1394 3525 buic
1413 3468 1596 3540 inquisitioni,
1610 3469 1690 3523 adhi-

65 3548 177 3623 recipit)
203 3566 316 3605 necesse
341 3559 390 3614 est,
413 3557 446 3605 ut
467 3551 645 3621 plurimarum
669 3550 861 3607 dissecticnum
897 3549 955 3604 bito
965 3550 1077 3619 judicio,
1092 3549 1250 3605 satisfacere
1264 3550 1376 3619 possint

65 3640 167 3684 attenta
187 3639 217 3683 et
237 3629 382 3700 perspicax
400 3630 552 3685 observatio
572 3629 741 3685 adhibeatur.
782 3630 861 3686 Prior
939 3629 1052 3687 ltemin
1065 3629 1240 3701 inquisitione
1254 3629 1363 3683 illorum
1376 3628 1410 3682 de
1424 3626 1534 3690 morbis,
1548 3626 1692 3681 inveniunt

65 3712 145 3764 etiam
161 3726 207 3763 rea
222 3718 274 3773 est,
287 3710 317 3763 in
330 3725 384 3780 qua
397 3709 522 3764 homines
541 3709 623 3773 docti,
637 3710 667 3763 in
680 3709 860 3780 pralectioni·
898 3710 1006 3763 morbos
1019 3709 1180 3780 complures,
1191 3724 1260 3779 quos
1273 3707 1439 3761 insanabiles
1453 3706 1608 3770 decernunt,
1622 3706 1692 3760 alios

66 3791 113 3845 bus
126 3790 187 3844 suis
206 3800 235 3842 et
252 3789 282 3842 in
300 3798 372 3842 coetu
391 3790 546 3854 astantium,
559 3805 590 3843 se
607 3789 712 3858 jactare
730 3798 859 3859 possunt:
894 3788 956 3857 jam
972 3789 1036 3843 inde
1057 3806 1075 3844 a
1095 3788 1231 3859 principio
1251 3787 1415 3851 morborum,
1437 3784 1505 3840 alios
1525 3792 1588 3856 post
1610 3785 1692 3840 talem

67 3879 92 3923 st
104 3868 227 3923 secunda
240 3885 276 3922 ea
288 3876 337 3932 est,
351 3885 411 3939 quoe
425 3868 508 3922 tacita
527 3876 555 3922 et
573 3868 679 3923 diutina
693 3870 861 3939 experientia
899 3869 1055 3939 quampiam
1069 3868 1226 3938 periodum:
1247 3867 1285 3920 ita
1297 3874 1330 3920 ut
1347 3866 1379 3919 L
1395 3864 1478 3934 Sylla
1494 3871 1524 3919 et
1541 3865 1692 3919 triumviro

67 3960 170 4004 mamm
184 3947 291 4018 acquiri
307 3955 402 4017 potest.
435 3948 505 4002 lllud
515 3947 620 4003 interes
630 3949 740 4002 minime
750 3949 862 4004 dubium
898 3965 958 4002 rum
971 3948 1180 4018 proscriptiones
1190 3962 1234 4000 res
1247 3945 1329 3999 nihili
1342 3945 1443 4000 fuerint
1456 3961 1513 4015 praa
1526 3945 1692 3999 medicorum

67 4040 114 4092 est,
137 4028 213 4099 quod
235 4028 404 4080 intemarum
427 4029 548 4097 partium
570 4027 656 4098 figura
680 4037 707 4081 et
728 4035 862 4082 structura
898 4027 1145 4096 proscriptionibus,
1160 4042 1209 4095 per
1228 4041 1296 4096 quas
1313 4032 1352 4078 tot
1370 4024 1495 4078 homines
1513 4023 1693 4094 iniquissimis

68 4123 161 4176 parum
181 4106 328 4160 admodum
347 4116 520 4161 externorum
538 4107 720 4161 membrorum
738 4107 861 4162 varietati
899 4106 994 4161 edictis
1007 4107 1088 4160 morti
1102 4105 1216 4168 dedunt;
1238 4121 1352 4175 quorum
1363 4112 1455 4157 tamen
1468 4102 1578 4172 plurimi
1588 4104 1692 4158 minore

68 4198 92 4240 et
108 4187 288 4239 lineamentis
302 4186 395 4249 cedat;
417 4186 542 4256 quodque
560 4186 649 4249 corda,
664 4194 711 4241 aut
728 4187 860 4256 jecinora,
898 4202 962 4240 cum
980 4185 1137 4241 difficultate
1158 4184 1283 4247 evadunt,
1299 4200 1382 4254 quam
1399 4181 1441 4236 illi
1453 4182 1520 4238 olim
1536 4183 1609 4237 inter
1628 4201 1693 4253 pro·

68 4276 111 4319 aot
137 4264 291 4330 ventriculi,
321 4274 377 4317 tam
401 4265 543 4319 dissimilia
563 4266 618 4319 sint
643 4264 673 4318 in
697 4266 861 4331 hominibus,
899 4264 1059 4334 scriptiones
1074 4264 1221 4319 Romanas.
1262 4264 1360 4333 Neque
1377 4262 1462 4333 igitur
1477 4262 1606 4317 dubitabo
1624 4263 1694 4317 inter

69 4362 147 4413 qoam
163 4354 210 4398 aut
225 4345 333 4406 frontes,
346 4345 474 4407 autnasi,
488 4350 536 4398 ant
549 4361 636 4399 aures.
678 4345 862 4415 Atqueinhis
899 4343 1053 4399 desiderata
1075 4359 1206 4413 reponere
1230 4358 1299 4411 opus
1319 4342 1430 4412 aliquod
1452 4341 1486 4395 da
1510 4341 1694 4396 curationibus

67 4424 133 4493 ipsis
162 4423 324 4477 differentiis
348 4424 467 4494 partitun
493 4423 661 4478 internarum
693 4425 862 4494 reperiuntur
899 4424 1063 4488 morborum,
1077 4424 1124 4494 qui
1137 4423 1272 4477 habentur
1288 4438 1339 4492 pro
1355 4420 1567 4486 insanabilibnse
1589 4428 1695 4476 utevo-

68 4504 167 4571 sepius
194 4519 286 4556 mosae
318 4503 487 4557 continentes
518 4503 662 4557 multomm
692 4504 860 4558 morbcnun:
899 4511 996 4558 centur
1008 4511 1036 4557 et
1050 4504 1204 4558 excitentur
1218 4501 1317 4555 medici
1327 4500 1412 4571 aliqui
1426 4501 1531 4572 egregii
1544 4506 1572 4555 et
1584 4516 1695 4571 magna-

69 4583 140 4652 quod
167 4598 222 4635 non
250 4582 419 4636 attendentes
446 4581 554 4647 medici,
576 4581 705 4636 humores
728 4582 863 4637 interdum
899 4582 976 4646 nimi,
987 4582 1105 4652 quihuic
1116 4581 1202 4652 operi,
1213 4589 1344 4650 qnantum
1357 4579 1693 4651 largiturnaturarerum,

67 4662 180 4716 minime
194 4661 386 4731 delinquentes
399 4661 593 4725 criminanturr
614 4661 863 4731 cumipsamecha·
899 4661 1072 4725 incumbant3
1094 4660 1202 4732 quando
1216 4659 1269 4714 boc
1283 4660 1380 4732 ipsum,
1397 4666 1412 4691 ‘⁴
1427 4660 1499 4714 lstos
1512 4659 1621 4714 morbos
1634 4675 1695 4729 pro-

67 4742 129 4793 nics
143 4741 232 4811 partia
246 4739 361 4809 alicujus
375 4740 478 4794 fabrica
491 4741 615 4810 inculpa
628 4741 672 4795 sit.
704 4741 862 4810 lnquorum
900 4741 1028 4794 nunciare
1041 4739 1232 4802 insanabiles,”
1247 4738 1402 4809 neglectum
1423 4738 1694 4793 etincuriamreluti

67 4821 224 4874 morbomm
238 4836 312 4883 cura,
327 4836 410 4888 cpera
421 4819 531 4885 luditur,
546 4820 570 4872 si
589 4818 768 4873 adhibeantur
780 4818 863 4874 medi·
901 4819 962 4889 lege
976 4819 1087 4882 sanciat,
1102 4826 1131 4872 et
1144 4819 1326 4889 ignorantiam
1340 4818 1376 4871 sb
1388 4817 1502 4872 infamia
1515 4819 1627 4873 eximat.

67 4902 136 4954 cium
150 4899 305 4963 alterantes,
321 4896 403 4972 (quia
414 4916 458 4953 res
470 4897 659 4953 alterationem
673 4914 727 4952 non
742 4894 863 4973 recipit)
942 4899 1011 4953 ltem
1026 4908 1054 4952 ut
1068 4897 1148 4967 paulo
1158 4898 1271 4952 ulterius
1284 4898 1424 4951 insistam:
1445 4898 1529 4951 etiam
1542 4896 1623 4966 plane
1633 4913 1694 4949 cen·

68 4980 114 5031 sed
129 4978 302 5033 emendanda
315 4995 359 5032 res
372 4988 421 5041 est,
436 4986 465 5032 et
477 4977 711 5042 accommodanda,
725 4995 774 5032 seu
788 4977 864 5048 palli·
901 4994 949 5032 seo
972 4977 1008 5032 ad
1029 4978 1147 5032 officium
1172 4977 1271 5031 medici
1293 4975 1437 5047 pertinere,
1460 4992 1515 5029 non
1536 4983 1641 5029 tantum
1664 4983 1695 5027 ut

68 5058 146 5121 ands,
164 5075 215 5128 per
235 5058 324 5112 victua
346 5058 469 5128 regimen
492 5065 521 5112 et
539 5057 688 5111 medicinas
706 5056 863 5111 familiares.
902 5057 1047 5110 sanitatem
1056 5056 1195 5121 restituam
1210 5055 1395 5111 verumetiam
1403 5064 1435 5110 ut
1445 5054 1551 5109 dolores
1559 5054 1695 5107 etcrucia-

69 5136 209 5198 Similiter,
223 5136 258 5189 ad
272 5137 438 5190 anatomiam
450 5143 632 5207 comparatam
642 5137 779 5207 pertinent
788 5153 864 5190 ecca·
901 5144 944 5189 tus
958 5135 1113 5188 morborum
1127 5136 1251 5206 mitiget:
1270 5152 1360 5206 neque
1374 5135 1403 5188 id
1413 5135 1503 5204 ipsam
1517 5131 1695 5199 solummodo,

69 5224 135 5269 rata
149 5216 362 5280 observationes,
371 5224 427 5269 tam
436 5216 581 5270 humorum
590 5217 772 5286 omnigenum,
783 5232 864 5285 quam
902 5213 1025 5269 camilla
1040 5214 1174 5283 mitigatio
1191 5214 1300 5279 doloris,
1314 5213 1399 5269 reluti
1417 5211 1605 5281 symptomatis
1621 5214 1694 5281 peri-

71 5296 247 5365 vestigiorum
262 5302 290 5348 et
304 5294 513 5364 impressionum
525 5294 689 5359 morborum,
702 5296 731 5349 in
746 5295 865 5365 corpori·
902 5292 995 5357 culosi,
1009 5293 1044 5346 ad
1058 5292 1302 5347 convalescentiam
1323 5293 1406 5346 iaciat
1425 5300 1453 5344 et
1469 5289 1619 5354 conducat;
1640 5292 1696 5345 imo

71 5374 122 5426 boa
135 5375 218 5428 variis
231 5374 368 5428 dissectis.
408 5374 517 5428 Etenim
531 5373 659 5428 humores
669 5375 697 5428 in
711 5374 863 5436 anatomiis,
902 5388 1041 5427 varocum
1056 5372 1163 5438 abjecta
1177 5389 1286 5441 prorsus
1301 5372 1376 5426 omni
1390 5370 1512 5424 sanitatis
1526 5385 1583 5438 spe,
1599 5388 1694 5425 exces-

72 5462 198 5523 tanquam
220 5459 403 5525 purgamenta
425 5462 453 5507 et
473 5453 589 5516 fastidia,
615 5455 671 5507 iere
693 5453 865 5524 praetermitti
902 5469 963 5507 sum
977 5459 1081 5507 tantum
1096 5451 1308 5521 praebentevita
1318 5449 1405 5520 magis
1414 5449 1502 5502 lenem
1510 5457 1539 5502 et
1549 5450 1695 5519 placidum.
