3800 5875
238 363 295 421 748
826 357 1117 413 MEDITATIONES
1139 356 1279 411 SACRAE.

236 518 391 573 delectetur.
428 516 481 571 Sed
496 517 520 570 si
534 515 641 570 aliunde
649 515 750 570 malurn
765 515 875 587 aliquod
889 515 1028 571 inimicum
1066 514 1096 570 Si
1110 514 1197 583 major
1209 515 1244 569 sit
1257 529 1398 570 successus
1416 529 1473 582 spe,
1485 511 1592 564 ridetur
1606 506 1715 579 aliquid
1732 504 1803 561 lucri
1818 506 1867 559 iac·

236 605 311 652 tuum
325 596 519 666 deprehendat,
529 603 555 648 et
566 603 594 648 tu
604 595 633 648 in
643 594 816 649 interioribus
825 594 931 648 cellulis
941 596 1028 649 cordis
1066 602 1139 657 tumr
1160 612 1253 649 verum
1273 603 1330 647 est:
1352 592 1401 646 sed
1423 607 1513 644 annon
1532 588 1633 643 melius
1649 587 1751 641 inisset
1770 595 1866 638 sortem

236 677 358 747 graveris
376 683 404 728 et
424 674 593 745 angustieris,
612 690 671 738 nec,
692 674 770 744 qnasi
790 674 848 727 dies
869 673 981 727 ultionis
1002 683 1029 728 et
1065 671 1231 727 lucrifecisse
1245 672 1316 728 nihil
1328 671 1469 741 sperando,
1483 686 1565 740 quam
1583 683 1698 722 usuram
1712 665 1799 719 nimis
1812 681 1867 734 spe-

237 756 360 809 vindictrc
375 763 427 808 tum
441 754 602 817 advenisset,
617 752 734 818 laeteris,
754 752 806 806 hoc
821 769 874 824 ego
887 752 1029 824 fastigium
1067 750 1173 806 raudo?
1194 750 1283 824 Atque
1304 753 1333 806 in
1347 750 1428 806 rebus
1448 748 1573 803 secundis
1587 748 1629 800 ita
1641 754 1774 815 operatur
1788 761 1866 813 spes;

237 844 265 889 et
278 834 470 889 exaltationem
485 833 624 887 charitatis
639 848 697 885 esse
711 849 791 903 pono.
1066 831 1095 884 in
1120 830 1200 885 malis
1222 840 1313 887 autem
1334 832 1417 884 robur
1434 845 1528 882 rerum
1551 827 1637 879 animi
1661 824 1756 877 solvit.
1797 824 1866 876 Nam

1066 926 1155 980 neque
1170 926 1278 981 semper
1291 910 1352 981 spei
1365 909 1482 963 materia
1496 907 1625 977 suppetit,
1640 911 1671 957 et
1690 902 1866 957 destitutione

1066 987 1158 1059 aliqua
1171 989 1214 1043 vel
1227 991 1340 1044 minima
1351 990 1410 1059 spei
1425 987 1550 1041 universa
1561 986 1618 1038 iere
1628 982 1773 1037 firmitudo
1786 981 1865 1034 animi

433 1106 448 1132 u
462 1100 567 1155 Sufficit
580 1099 633 1153 diei
648 1097 753 1152 malitia
762 1099 838 1153 mn
1066 1069 1185 1132 corruit3
1206 1076 1234 1122 ει
1254 1071 1386 1123 minorem
1402 1067 1485 1121 efficit
1503 1065 1668 1134 dignitatem
1683 1062 1793 1123 mentis,
1807 1077 1866 1114 cum

812 1140 820 1154 ⁹
1066 1145 1139 1200 mala
1153 1147 1297 1202 toleramus
1307 1147 1472 1202 alienatione
1480 1143 1597 1215 quadam
1608 1148 1638 1196 et
1651 1157 1748 1195 errore
1762 1139 1864 1202 mentis,

274 1224 382 1279 Monns
401 1240 460 1278 esse
484 1224 513 1277 iu
531 1223 603 1278 curis
623 1222 751 1276 humanis
770 1222 858 1288 dehet,
878 1220 981 1293 alioqui
1002 1233 1030 1279 et
1066 1241 1122 1280 non
1135 1225 1289 1282 tortitudine
1304 1234 1331 1281 ει
1346 1226 1458 1293 judicio.
1500 1225 1588 1285 Quare
1603 1223 1674 1276 satis
1687 1219 1788 1274 leviter
1800 1219 1865 1272 finx-

235 1302 345 1357 inutiles
359 1313 427 1368 sunt,
440 1312 469 1357 ιιι
479 1321 539 1373 quae
553 1304 673 1356 animum
687 1302 848 1372 opprimant,
859 1309 886 1354 et
896 1302 1029 1370 judicium
1067 1321 1113 1359 ere
1127 1305 1215 1375 poetae
1235 1323 1312 1375 spem
1333 1305 1485 1359 antidotum
1506 1303 1693 1357 humanorum
1713 1298 1864 1352 morborum

236 1383 413 1445 confundunt3
429 1390 457 1437 ει
470 1382 707 1453 prolanae,utquae
721 1382 828 1451 sapiant
843 1381 970 1445 animum,
983 1383 1028 1452 qui
1066 1399 1135 1448 esse,
1161 1386 1231 1456 qnod
1255 1386 1362 1439 dolores
1382 1402 1477 1438 eorum
1496 1382 1612 1452 mitiget,
1632 1397 1699 1433 cum
1719 1380 1756 1432 sit
1776 1394 1862 1431 revera

236 1462 445 1532 perpetuitatem
474 1461 609 1534 quandam
640 1461 669 1513 in
697 1461 776 1514 rebus
804 1460 947 1515 mundanis
975 1462 1028 1516 sibi
1066 1463 1189 1517 incensio
1202 1464 1301 1534 potius,
1317 1473 1344 1519 et
1357 1462 1539 1534 exasperatio,
1554 1478 1615 1533 quae
1630 1476 1682 1513 eos
1693 1457 1861 1528 multiplicari

236 1542 377 1612 spondeat.
418 1541 552 1594 Hodierni
567 1540 638 1594 enim
653 1539 781 1593 debemus
795 1556 854 1593 esse
869 1540 1029 1594 obbrevita-
1067 1549 1096 1596 ει
1108 1543 1297 1598 recrudescere
1316 1543 1406 1598 iaciat.
1448 1540 1640 1596 Nihilominus
1654 1540 1689 1592 fit
1703 1545 1733 1590 ut
1747 1536 1860 1607 plerique

236 1629 291 1675 tem
305 1622 364 1685 mvi,
380 1630 407 1675 ει
421 1637 477 1673 non
491 1619 609 1683 crastini,
623 1619 679 1682 sed,
693 1628 723 1672 ut
736 1618 784 1672 illa
798 1620 843 1684 ait,
860 1623 1028 1690 “carpentes
1067 1620 1209 1677 hominum
1233 1621 1476 1694 imaginationibus
1499 1621 1559 1690 spei
1580 1627 1609 1672 et
1629 1617 1860 1689 progressionibus

236 1700 316 1761 diem,
331 1708 408 1755 erunt
422 1700 496 1753 enim
510 1700 598 1752 sutura
612 1699 758 1768 prasentia
772 1699 830 1752 vice
844 1714 893 1752 sua
902 1700 928 1762 ;”
944 1716 1028 1770 quare
1066 1700 1126 1755 istis
1140 1703 1237 1756 mentis
1245 1703 1355 1758 omnino
1362 1717 1392 1755 se
1400 1701 1506 1763 dedant,
1516 1697 1675 1770 ingratique
1686 1699 1716 1750 in
1726 1697 1859 1766 prouertu,

236 1780 334 1833 sufficit
347 1779 489 1833 solicitudo
508 1777 693 1849 presentium.
734 1778 832 1848 Neque
847 1785 938 1832 tamen
957 1795 1029 1834 corae
1067 1780 1145 1834 obliti
1172 1782 1229 1836 fere
1262 1783 1446 1851 presentium,
1473 1795 1584 1849 semper
1608 1779 1739 1846 juvenes,
1767 1785 1860 1827 tantum

236 1860 390 1923 moderata,
408 1859 466 1912 sive
486 1858 541 1912 sint
560 1857 740 1921 oeconomicae,
759 1857 816 1910 sive
833 1856 957 1925 publicu,
972 1859 1029 1912 sive
1067 1859 1165 1914 iutun's
1189 1861 1359 1915 immineant.
1410 1859 1505 1913 “Vidi
1527 1858 1673 1912 universos
1698 1854 1860 1909 ambulantes

235 1955 327 1991 rerum
349 1939 544 2001 mandatorum,
558 1944 691 1990 notantur.
733 1935 787 1990 Sed
805 1935 851 1989 hic
872 1935 975 2006 duplex
990 1946 1029 1992 est
1067 1939 1117 1993 sub
1139 1939 1196 1994 sole
1220 1957 1282 1995 cum
1306 1938 1475 1994 adolescente
1498 1935 1627 1999 secundo,
1649 1935 1701 2006 qui
1724 1942 1862 2003 consurget

236 2033 374 2071 excessus.
415 2017 607 2079 Primanorum
628 2031 752 2068 curarum
770 2014 897 2069 nemesin
913 2014 1029 2087 longitu·
1067 2028 1127 2089 post
1150 2036 1228 2083 eum3
1250 2020 1324 2091 qnod
1349 2020 1485 2090 pessimus
1513 2017 1626 2071 morbus
1653 2022 1706 2080 est,
1729 2023 1759 2067 et
1784 2022 1862 2066 statos

236 2095 327 2151 dinem
341 2094 453 2149 nimiam
469 2104 496 2149 et
510 2103 632 2164 tempora
646 2094 791 2148 remotiora
802 2095 983 2159 extendimus,
997 2112 1029 2149 ac
1066 2099 1165 2153 mentis
1187 2099 1401 2154 insanissimus?
1444 2097 1557 2158 Quaeras
1571 2095 1693 2149 fortasse
1707 2108 1798 2146 annon
1811 2109 1862 2145 ιιιε·

236 2176 259 2229 si
287 2174 484 2245 providentiam
512 2173 632 2226 divinam
659 2180 793 2243 apparatu
816 2181 909 2228 nostro
941 2173 1029 2245 ligare
1067 2176 1121 2232 lius
1131 2179 1174 2242 sit,
1190 2195 1252 2233 cum
1266 2196 1311 2233 res
1325 2179 1353 2233 in
1371 2176 1455 2231 dubia
1468 2174 1678 2246 exspectatione
1699 2173 1795 2242 posits
1806 2171 1861 2234 sint,

236 2270 393 2323 porsenam
416 2254 487 2324 quod
514 2269 623 2322 semper
645 2251 728 2306 etiam
746 2252 820 2322 apud
842 2253 967 2307 ethnicos
988 2254 1029 2308 in·
1067 2257 1135 2311 bene
1149 2258 1279 2322 divinare,
1294 2266 1323 2312 ει
1335 2258 1426 2327 potius
1439 2272 1551 2326 sperare
1562 2270 1647 2325 quam
1662 2252 1795 2314 diffidere,
1808 2268 1863 2304 cnm

236 2333 353 2387 inustum
374 2340 401 2386 et
423 2332 542 2386 insolens
565 2332 625 2386 suit.
665 2332 735 2385 Fere
758 2332 831 2385 enim
849 2334 895 2403 qui
914 2333 1030 2389 iortunae
1067 2353 1130 2406 spes
1142 2338 1274 2406 majorem
1289 2337 1514 2409 tranquillitatem
1528 2334 1616 2388 animi
1631 2331 1771 2386 conciliet.
1809 2330 1863 2400 ligo

236 2412 351 2467 multum
361 2411 519 2477 tribuerunt,
533 2418 561 2465 et
577 2412 612 2465 ad
630 2411 785 2465 occasiones
802 2419 951 2480 praesentes
975 2413 1030 2466 als·
1067 2433 1133 2470 sane
1154 2416 1183 2470 in
1205 2419 1279 2471 omni
1298 2434 1375 2471 mora
1394 2424 1422 2469 et
1442 2413 1636 2484 expectatione
1650 2410 1827 2482 tranquillum
1839 2419 1863 2462 er

236 2509 295 2546 cres
316 2500 343 2547 et
364 2499 463 2562 proesto
484 2492 600 2555 inerunt,
618 2489 749 2544 felicitate
771 2507 871 2561 magna
892 2492 934 2546 usi
958 2500 1028 2548 sunt
1067 2512 1121 2550 non
1135 2497 1310 2551 fluctuantem
1320 2496 1406 2550 animi
1417 2503 1524 2556 statum,
1533 2510 1571 2547 ex
1581 2493 1655 2545 bona
1665 2492 1769 2545 mentis
1777 2489 1863 2559 politia

236 2570 288 2632 Qui
307 2580 405 2636 autem,
421 2570 506 2626 ultum
527 2571 671 2640 sapientes,
686 2569 778 2623 omnia
791 2581 885 2625 curata
898 2580 927 2624 et
946 2572 1030 2627 medi·
1067 2584 1094 2629 et
1102 2577 1305 2647 compositione,
1314 2593 1450 2630 summum
1459 2573 1661 2627 humanaevitre
1671 2571 1862 2624 firmamentum

237 2659 291 2704 tata
305 2651 406 2705 habere
429 2652 523 2706 confisi
543 2657 611 2713 sunt,
625 2649 774 2703 infortunia
788 2649 937 2705 subierunt
980 2650 1029 2706 Se·
1064 2655 1173 2722 judico:
1189 2656 1236 2710 sed
1251 2673 1311 2709 eam
1322 2654 1556 2726 tranquillitatem,
1568 2668 1630 2721 quae
1641 2667 1738 2721 exspe
1749 2649 1862 2719 pendeat,

236 2731 339 2785 condus
353 2738 537 2795 excessusest,
548 2747 610 2783 cum
620 2730 648 2782 in
659 2730 730 2783 curis
741 2729 917 2784 immoramur
927 2729 1029 2786 diutius
1067 2742 1097 2788 ut
1110 2733 1199 2788 levem
1211 2743 1240 2790 et
1253 2736 1388 2788 infirmum
1402 2749 1507 2788 recuso.
1548 2732 1695 2800 Nonquia
1709 2745 1767 2784 non
1779 2745 1864 2782 conse

187 2834 189 2838 ¹
237 2827 317 2880 quam
330 2827 397 2880 opus
408 2810 493 2863 estad
504 2811 606 2878 justam
617 2808 839 2863 deliberationem
852 2820 879 2863 et
891 2810 925 2862 ad
939 2810 1029 2865 decre·
1067 2814 1124 2867 uiat
1139 2822 1194 2868 tam
1209 2815 1381 2884 bona,qnam
1394 2813 1475 2876 mala,
1485 2830 1523 2866 ex
1536 2827 1604 2865 sana
1618 2820 1650 2863 et
1661 2809 1757 2863 sobria
1770 2809 1865 2875 conjec-

236 2898 293 2945 tum
307 2889 467 2944 iaciendum.
508 2889 574 2951 Quis
584 2889 657 2944 enim
669 2898 790 2943 nostrum
805 2897 853 2955 est,
866 2890 912 2961 qui
924 2898 1029 2945 tantum
1068 2902 1128 2947 tura
1142 2894 1290 2964 previdere
1304 2902 1330 2949 et
1345 2908 1565 2965 praesupponere,
1578 2897 1610 2945 ut
1624 2889 1863 2959 actionesadpro

236 2979 318 3033 curet,
333 2978 463 3039 quantum
477 2971 574 3024 sufficit
593 2978 623 3023 ut
644 2985 673 3022 se
693 2968 820 3039 explicet,
835 2969 877 3023 vel
899 2987 959 3024 sese
980 2988 1029 3026 ex·
1068 2973 1237 3028 habilitatem
1258 2984 1401 3029 eventuum
1416 2973 1506 3044 magis
1520 2970 1779 3032 accommodemns3
1794 2967 1864 3022 modo

235 3049 338 3121 plicare
353 3066 406 3103 non
420 3066 500 3118 posse
510 3046 621 3122 judicet,
633 3056 660 3101 et
673 3065 727 3101 non
741 3048 916 3119 eademsrepe
930 3057 1030 3104 retrac-
1067 3052 1168 3107 sithoc
1183 3055 1301 3108 officium
1317 3052 1470 3107 intellectus
1488 3068 1520 3105 ao
1535 3050 1636 3128 judicii
1656 3066 1724 3103 curu
1740 3050 1817 3116 justa
1828 3048 1863 3099 in·

236 3137 284 3192 tet,
311 3138 339 3182 et
365 3129 393 3181 in
422 3130 516 3183 codem
544 3127 737 3198 cogitationum
762 3128 874 3184 circuitu
898 3129 1030 3183 inutiliter
1067 3132 1213 3187 clinatione
1228 3134 1348 3188 affectus.
1391 3133 1445 3187 Sed
1460 3149 1542 3204 quem
1561 3131 1601 3183 ita
1618 3145 1687 3199 spes
1701 3128 1865 3191 εοὲιειὶιιιι

236 3208 346 3270 haereat,
360 3219 388 3261 et
401 3208 516 3279 denique
531 3206 697 3261 evanescat?
718 3207 794 3267 Quod
805 3224 890 3278 genus
904 3225 1029 3264 curarum
1067 3230 1137 3277 curn,
1155 3230 1192 3267 ex
1204 3213 1328 3283 vigilanti
1343 3221 1371 3266 et
1390 3213 1467 3265 firmo
1481 3210 1582 3265 mentis
1602 3207 1735 3262 discursu
1755 3207 1864 3266 meliora,

236 3295 264 3341 et
276 3287 374 3342 divinis
389 3296 416 3341 et
427 3287 554 3342 humanis
568 3287 717 3342 rationibus
727 3287 946 3343 adversissimam
959 3296 1009 3344 εει
1067 3303 1096 3345 ιιι
1121 3293 1209 3363 magis
1230 3291 1389 3363 probabilia,
1412 3292 1465 3345 sibi
1490 3288 1661 3361 praedixerit,
1682 3303 1741 3340 non
1762 3288 1791 3339 in
1814 3286 1864 3353 ipss

1068 3371 1131 3424 boni
1145 3372 1341 3441 anticipatione
1354 3373 1513 3425 immoratus
1526 3370 1569 3432 sit,
1584 3377 1611 3421 et
1626 3366 1790 3435 hujusmodi
1803 3366 1865 3433 cogi·

486 3462 524 3500 nn
545 3462 594 3500 sen
614 3460 779 3500 nnsansrnt.
1069 3452 1172 3515 tationi,
1186 3461 1214 3505 ut
1227 3452 1333 3505 somnio
1344 3450 1460 3522 placido,
1474 3445 1637 3503 indulserit?
1661 3448 1756 3516 Atque
1770 3447 1820 3498 hcc
1830 3452 1866 3495 est

276 3557 406 3611 “Melior
429 3563 471 3611 est
493 3555 630 3611 oculorum
654 3557 730 3623 visio,
755 3572 836 3628 quam
861 3556 945 3611 animi
970 3573 1029 3627 pro
1068 3531 1139 3600 ΨΜ
1160 3531 1248 3585 ‘eddi‘
1270 3531 1390 3585 animum
1412 3530 1508 3620 lemn}
1530 3526 1677 3616 ‘mulium'
1701 3524 1867 3614 inaequffkQ

1067 3611 1288 3681 peregrinantem
1300 3632 1307 3674 ς
1330 3626 1413 3680 quare
1427 3625 1518 3662 omncs
1529 3624 1593 3676 spes
1604 3622 1635 3659 in
1650 3606 1775 3659 futuram
1789 3614 1866 3656 vitum

643 3636 648 3647 '
677 3637 694 3663 n

498 3745 504 3758 ,
556 3653 676 3757 ,greum
723 3745 729 3757 ,
894 3746 900 3759 ,
1007 3747 1013 3758 ,
1067 3690 1205 3744 coelestem
1219 3689 1402 3744 consumenda
1410 3697 1460 3742 est.
1488 3687 1543 3740 Hic
1556 3694 1650 3739 autern
1662 3693 1771 3755 quanto
1783 3685 1868 3753 purior

275 3743 385 3801 S⁸N⁸⁰⁸
400 3761 482 3815 pm
496 3762 525 3800 ¹¹¹
540 3743 649 3816 ungula
666 3744 807 3799 mel¹⁰¹⁰m
827 3746 913 3800 “ddst
934 3746 1028 3800 ⁰⁰¹¹d¹'
1067 3768 1103 3821 sit
1125 3770 1300 3838 prasentium
1318 3784 1415 3824 sensus
1429 3768 1532 3837 absque
1546 3765 1700 3819 infectione
1715 3773 1744 3817 et
1758 3766 1866 3816 nurture

236 3825 336 3880 tionem
352 3833 378 3879 et
392 3826 514 3894 politiam
529 3825 637 3891 mentis,
652 3842 733 3896 quam
748 3825 1028 3896 istoeimagiuationes
1067 3848 1282 3919 imaginationis,
1303 3856 1380 3902 tanto
1400 3847 1560 3918 prudentio,
1582 3853 1611 3897 eg
1639 3843 1743 3898 melior
1771 3846 1864 3895 quim,

236 3914 265 3959 et
290 3905 494 3977 progressiones
510 3904 602 3959 animi.
647 3905 754 3959 Natura
773 3905 847 3958 enirn
873 3905 959 3958 animi
979 3904 1029 3959 hu·
1068 3928 1139 3983 vim
1149 3928 1590 3998 summbreviupemnoevem
1603 3922 1866 3993 inchomyongm

235 3987 394 4039 manietiam
408 3985 437 4037 in
456 3985 573 4055 ingeniis
595 3983 764 4055 gransnmis
786 3991 835 4048 est,
857 3992 888 4037 ut
911 4000 928 4036 a
946 4000 1028 4038 sensu

236 4064 404 4135 singulorum
418 4064 510 4118 statim
529 4064 721 4135 progrediatur
741 4071 770 4117 et
789 4063 878 4128 saliat,
893 4070 921 4117 et
935 4064 1028 4117 omnia
1342 4101 1379 4141 Μ
1399 4099 1585 4140 „mcum

236 4152 381 4214 auguretur
395 4144 452 4197 sore
466 4144 540 4206 talia,
551 4142 630 4213 quale
643 4142 711 4196 illud
724 4150 765 4197 est
779 4144 852 4215 quod
866 4155 1028 4212 presentem

236 4239 345 4277 sensum
366 4224 478 4277 incutit:
501 4224 524 4277 si
544 4222 608 4276 boni
632 4231 673 4276 est
693 4238 800 4288 sensus,
817 4221 906 4276 iacilis
928 4231 970 4277 est
994 4223 1029 4276 ad

236 4318 313 4370 spem
326 4302 512 4365 indefinitam
534 4302 558 4355 si
580 4302 646 4355 mali
666 4309 708 4355 εει
730 4318 832 4367 sensus,
854 4301 889 4355 ad
908 4311 1027 4355 metum:
1106 4303 1201 4359 Onnrs
1213 4304 1327 4373 jactatio
1340 4304 1545 4375 hypocritarum
1560 4310 1602 4357 est
1616 4303 1647 4356 in
1666 4304 1797 4373 operibus
1813 4301 1864 4372 pn'-

235 4380 305 4435 unde
320 4381 395 4443 illud,
410 4386 426 4411 ‘⁸
441 4381 556 4435 Fallitur
569 4380 682 4452 augurio
696 4397 759 4451 spes
773 4381 844 4435 bona
858 4398 930 4452 saepe
944 4383 1026 4445 sno;”
1067 4401 1119 4437 mae
1132 4384 1231 4438 tabulae
1242 4384 1319 4455 legis,
1335 4401 1395 4455 qnoe
1409 4392 1451 4439 est
1465 4386 1497 4438 de
1512 4382 1741 4437 venerationibus
1756 4384 1813 4436 Deo
1822 4382 1863 4434 de·

235 4469 263 4513 et
276 4469 369 4514 contra
389 4459 462 4522 illud,
478 4467 493 4491 ‘¹
508 4461 647 4515 Pessimus
667 4461 695 4513 in
716 4460 805 4515 dubiis
819 4461 931 4530 augttr.”
974 4460 1028 4515 Sed
1066 4463 1139 4517 bitis.
1181 4464 1265 4518 Ratio
1278 4463 1381 4534 duplex
1394 4472 1443 4529 est,
1454 4470 1512 4517 tum
1527 4462 1598 4534 quod
1612 4460 1864 4532 hujusmodiopen

237 4548 326 4594 tamen
347 4539 452 4593 timoris
470 4548 511 4594 est
532 4539 630 4611 aliquis
650 4539 772 4605 fructus,
794 4547 931 4611 proeparat
953 4540 1029 4594 enim
1066 4545 1195 4611 majorem
1209 4542 1312 4597 habeut
1326 4559 1454 4613 pompam
1475 4541 1636 4604 sanctitatis,
1651 4550 1711 4595 tum
1733 4542 1805 4614 quod
1822 4559 1864 4593 cu·

235 4620 413 4686 tolerantiam,
424 4627 452 4673 et
465 4620 538 4673 acuit
551 4619 728 4674 industriamr
1067 4622 1225 4691 piditatibus
1234 4640 1328 4676 eorum
1342 4624 1430 4676 minus
1445 4622 1629 4675 adversentur.
1674 4621 1773 4692 ltaque
1784 4622 1863 4675 redar-

608 4740 903 4788 u—Nonunahbomm
1066 4702 1142 4771 gutio
1165 4702 1367 4772 hypocritarum
1396 4709 1444 4766 est,
1473 4710 1505 4755 ut
1532 4700 1567 4754 ab
1589 4699 1722 4768 operibus
1743 4700 1863 4754 sacrificii

322 4800 343 4845 (l
355 4799 427 4867 virgo,
437 4798 538 4846 novami
548 4798 620 4846 facies
631 4799 757 4860 inopinave
768 4800 854 4860 surgit:
905 4777 911 4798 ’
1066 4782 1238 4835 remittantur
1265 4782 1300 4835 ad
1326 4797 1409 4851 opera
1436 4779 1651 4834 misericordia:
1692 4780 1767 4833 unde
1793 4780 1862 4839 illud,

322 4857 410 4905 omnm
420 4857 528 4919 impis
541 4858 696 4917 niumm
706 4871 799 4904 mecum
808 4857 959 4925 ιωἴθιιθῐιξιῑ·
1067 4865 1083 4890 “
1098 4859 1208 4931 Religio
1221 4861 1321 4914 munda
1333 4870 1360 4914 et
1372 4860 1547 4915 immaculata
1566 4858 1640 4929 apud
1660 4856 1755 4913 Deum
1776 4868 1803 4913 et
1821 4876 1863 4928 pa·

743 4913 997 4963 Vfflfflffi'hm
1066 4946 1135 4993 trem
1148 4939 1208 4994 haec
1222 4949 1270 5003 cst,
1284 4940 1393 4995 visitare
1408 4939 1528 5009 pupillos
1542 4945 1569 4992 et
1586 4938 1684 4990 viduas
1708 4938 1739 4992 in
1762 4939 1864 4992 tribula

236 5021 305 5091 Spes
319 5038 383 5076 vero
397 5022 492 5076 inutile
507 5021 634 5091 quiddam
648 5021 761 5075 videtur,
802 5021 935 5082 Quorsum
955 5022 1028 5075 enim
1066 5019 1138 5073 tione
1163 5020 1295 5083 eorum;’'
1320 5028 1348 5073 et
1367 5018 1442 5083 illud,
1465 5018 1548 5078 “Qui
1569 5033 1624 5071 non
1645 5015 1741 5087 diligit
1760 5019 1863 5072 tauers

234 5101 289 5154 istu
316 5101 474 5172 anticipatio
500 5098 583 5155 boni?
603 5100 727 5162 Attende,
755 5100 779 5153 si
803 5102 893 5154 minus
920 5101 1029 5153 eveniat
1066 5115 1152 5163 suum,
1168 5116 1248 5169 quem
1263 5098 1342 5162 vidit,
1364 5098 1461 5160 Deum,
1477 5113 1558 5168 quern
1571 5112 1626 5150 non
1643 5096 1721 5160 vidit,
1737 5098 1864 5167 quomodo

234 5179 336 5235 bonum
357 5198 439 5251 quarn
460 5197 560 5249 speres,
580 5181 680 5232 bonum
701 5178 764 5232 licet
787 5182 829 5243 sit,
850 5188 940 5232 tamen
965 5179 1028 5249 quia
1066 5186 1156 5246 potest
1169 5178 1326 5248 diligerei’”
1354 5177 1470 5237 Quidam
1482 5184 1574 5230 autem
1588 5175 1698 5229 altioris
1712 5186 1741 5228 et
1755 5176 1863 5229 indatio

235 5260 324 5313 minus
337 5261 380 5322 sit,
394 5261 499 5314 videtur
513 5260 640 5314 damnum
662 5258 752 5328 potius
767 5275 847 5327 qnam
866 5258 978 5322 lucrum,
994 5259 1029 5311 ob
1066 5258 1103 5310 ris
1117 5257 1277 5326 hypocrisis,
1288 5257 1392 5326 seipsos
1406 5256 1579 5324 decipientes,
1594 5261 1622 5307 et
1635 5254 1827 5310 existimantes
1838 5272 1861 5307 re

235 5355 375 5392 excessum
390 5340 457 5406 spei.
499 5339 528 5392 Si
543 5355 592 5407 par
609 5345 638 5392 et
652 5347 754 5390 tuntum
768 5338 810 5400 sit,
826 5346 852 5390 et
866 5349 979 5391 eventus
993 5338 1029 5391 sit
1066 5337 1180 5390 arctiore
1194 5354 1256 5389 cum
1265 5335 1326 5389 Deo
1339 5333 1541 5390 couversatione
1556 5334 1663 5403 dignos,
1678 5333 1859 5388 officischari·

236 5417 295 5484 spei
309 5416 429 5487 aequalis,
439 5427 528 5471 tamen
543 5419 593 5470 flos
603 5417 667 5471 boni
683 5433 731 5485 ρει
745 5432 821 5484 spem
831 5416 992 5485 decerpitur,
1001 5425 1030 5470 et
1066 5416 1128 5469 tatis
1142 5415 1170 5468 in
1184 5416 1339 5484 proximum
1354 5423 1385 5468 ut
1398 5415 1503 5469 rninora
1523 5414 1678 5482 negligunt.
1723 5414 1777 5474 Qui
1795 5428 1858 5468 erra

236 5493 341 5547 videtur
355 5494 409 5548 lere
425 5495 583 5560 obsoletum,
599 5506 625 5551 et
647 5494 757 5551 fastidio
771 5495 859 5565 magis
874 5496 1027 5550 finitimum.
1066 5494 1222 5548 monasticen
1237 5495 1299 5548 vitm
1313 5510 1367 5548 non
1382 5494 1543 5564 principium
1566 5493 1677 5563 quidem
1692 5492 1777 5557 dedit,
1792 5496 1860 5561 (nnn

451 974 489 1014 DE
508 974 647 1015 HRNSURA
667 973 814 1013 ΟΠΙΔΙΠΜ.

1145 4201 1161 4226 “
1175 4194 1392 4251 Misericordiam
1402 4194 1472 4259 volo,
1487 4201 1516 4248 et
1528 4210 1585 4248 nou
1598 4191 1797 4247 sacrificium.”
