3800 5875
213 309 272 366 336
733 305 784 360 DE
805 301 1032 359 AUGMBNTIS
1053 297 1330 357 sctsuttsnuat.
1715 296 1777 352 Lta.
1790 296 1855 352 111.

213 467 289 522 modi
312 472 404 521 autem
427 465 572 520 innumera
597 470 670 528 sunt,
693 464 742 518 sed
770 461 1011 534 (quemadmodum
1050 476 1111 530 quaa
1134 459 1212 514 horae
1234 459 1296 527 ejas
1317 457 1480 513 felicitatem
1503 455 1571 509 alias
1597 456 1858 525 praetervolaturam

213 547 347 614 diximus)
361 562 417 599 non
432 552 538 599 tanturn
552 545 735 614 cognitionem
754 542 830 596 illam
845 540 1010 612 generalem,
1049 540 1198 602 detineant,
1209 544 1237 592 et
1253 537 1331 608 quasi
1346 535 1486 590 volatilem
1496 536 1587 605 figant
1616 534 1858 596 Quemadmodum

214 644 276 697 quas
299 627 413 680 sumitur
436 642 473 679 ex
492 624 572 678 astris
594 620 673 698 (qum
692 630 756 676 sunt
774 619 898 692 agentia)
917 636 1011 673 sertam
1049 618 1167 689 gravitm
1179 616 1226 671 ille
1238 616 1419 687 conqueritur,
1430 615 1464 670 de
1477 623 1534 668 tam
1543 613 1629 668 nobili
1639 614 1715 684 apud
1724 614 1858 684 antiquos

214 705 298 758 etiam
311 704 503 774 particularem
523 703 705 771 subjectorum
720 705 871 772 (quaesunt
885 694 1010 772 passiva)
1049 705 1115 763 arte,
1126 696 1291 767 jampridem
1307 694 1426 749 amissa:

214 783 363 855 requirunt.
417 784 517 854 Neque
545 782 693 835 electiones
719 796 830 850 prorsus
857 777 1011 846 rejiciendae
1122 801 1255 849 amul„
1264 800 1342 849 iupa„
1356 814 1404 848 „m
1414 798 1553 847 ,imm
1563 796 1674 858 olympo,

214 870 295 927 aunt,
316 863 364 916 sed
378 862 486 931 parcius
502 860 565 924 illis,
581 877 663 932 quam
685 858 913 930 praedictionibus,
929 856 1011 910 fiden-
1141 859 1282 921 Noamagia
1292 859 1401 920 ingentu
1412 857 1494 925 humili
1505 855 1548 902 sub
1558 855 1649 922 lumine
1659 849 1762 902 Phoebos

214 942 287 996 dum.
328 942 459 995 Videmus
471 941 544 994 enim
563 940 592 993 in
613 938 832 1009 plantationibus,
847 944 875 992 et
895 935 1011 990 semina·
1141 917 1198 965 Μ
1207 931 1307 980 limma
1320 913 1546 964 ⁸⁰W¹⁸⁰d¹l¹¹¹⁸⁸⁸
1558 912 1759 961 ⁰⁸¹d¹¹¹⁰¹⁰¹²⁸¹·”

215 1020 341 1085 tionibus,
356 1028 385 1075 et
403 1019 584 1080 insitionibus,
598 1027 709 1072 aetatum
722 1018 795 1071 lunoe
809 1016 1011 1070 observationes
1049 1014 1131 1070 Certe
1140 1016 1271 1087 reliquias
1280 1021 1443 1080 martorum,
1451 1029 1600 1085 earumque
1610 1013 1734 1076 virtutes,
1744 1014 1858 1083 recepit

214 1116 269 1153 non
288 1116 349 1154 esse
369 1116 413 1153 res
434 1098 546 1154 omnino
566 1096 687 1151 frivolas.
730 1095 798 1150 Sunt
811 1094 937 1149 etmulta
951 1094 1011 1161 ejus
1049 1095 1165 1150 ecclesia
1178 1095 1304 1150 Romana
1317 1097 1419 1164 (neque
1434 1096 1506 1148 enim
1528 1092 1558 1146 in
1578 1092 1680 1146 divinis
1702 1099 1731 1146 et
1753 1093 1857 1146 imma·

215 1179 331 1249 generis.
379 1178 480 1233 Verum
501 1185 530 1231 et
554 1175 701 1231 electiones
723 1175 782 1229 istm
806 1175 889 1228 etiam
912 1174 1010 1244 magis,
1049 1175 1154 1229 teriatis
1167 1175 1256 1229 fluxas
1275 1174 1407 1245 temporis
1427 1174 1517 1241 obest)
1532 1188 1627 1226 verum
1645 1178 1678 1226 ut
1695 1172 1854 1226 condantur

215 1275 297 1329 quam
315 1258 511 1328 praedictiones,
532 1273 581 1326 per
602 1265 707 1310 nostras
725 1253 835 1324 regulas
852 1252 1012 1307 cohibendas
1049 1253 1172 1324 reliquiae
1192 1254 1263 1318 coeli,
1285 1269 1339 1324 qno
1360 1253 1437 1317 hora,
1451 1269 1511 1324 qua
1534 1251 1649 1305 recessit
1670 1258 1699 1304 et
1719 1258 1855 1321 tanquam

215 1345 286 1391 aunt.
339 1336 429 1408 Atque
456 1335 523 1391 illud
545 1352 654 1406 semper
676 1334 884 1397 attendendum
919 1331 1010 1386 valere
1048 1343 1154 1388 mortua
1184 1341 1235 1398 est,
1262 1333 1406 1387 reviviscat
1432 1340 1460 1385 et
1486 1331 1666 1394 continuetur,
1696 1347 1775 1383 mera
1809 1339 1855 1384 est

215 1415 360 1471 electiones
374 1415 472 1470 inillis
492 1422 596 1469 tantum
610 1414 726 1476 casibus,
740 1413 786 1466 ubi
808 1420 836 1466 et
854 1411 939 1466 virtus
958 1428 1011 1465 cos·
1048 1412 1213 1482 superstitio.
1253 1412 1343 1467 Missa
1363 1412 1446 1484 igitur
1466 1411 1527 1465 haec
1548 1410 1692 1472 faciamus,
1705 1410 1760 1463 nisi
1780 1410 1854 1464 forte

214 1494 323 1550 lestium
337 1495 399 1549 talia
413 1495 457 1558 sit,
472 1513 533 1565 qum
546 1511 601 1547 non
621 1494 711 1547 subito
732 1498 869 1546 transeat:
890 1498 918 1544 et
938 1491 1010 1544 actio
1048 1490 1138 1546 Musae
1148 1491 1265 1546 aniculae
1275 1491 1333 1558 jam
1349 1491 1427 1545 factae
1441 1491 1505 1544 sint.
1523 1513 1527 1532 ι

214 1575 372 1630 inferiorum
385 1574 511 1629 similiter
524 1574 667 1644 talisquae
680 1569 1010 1634 nonstatimabsolsature
1089 1570 1237 1640 Physicam
1256 1570 1420 1624 abstractam
1441 1569 1471 1623 in
1491 1568 1559 1623 duas
1580 1575 1674 1639 partes
1697 1567 1854 1622 rectissime

215 1654 441 1725 quemadmodum
455 1653 486 1707 tit
498 1653 527 1707 in
540 1652 597 1707 illia
610 1651 752 1721 exemplis,
767 1667 828 1722 qnae
847 1649 1011 1702 memorari·
1048 1649 1133 1703 dividi
1145 1666 1226 1720 posse
1240 1651 1401 1704 statuimus:
1422 1649 1572 1702 docuinam
1591 1647 1625 1701 de
1645 1647 1853 1702 schematismis

214 1751 288 1789 mus:
309 1751 373 1787 nam
386 1750 436 1787 nec
450 1731 703 1787 incrementulunoe
717 1730 805 1784 subito
820 1729 1010 1798 transiguntur,
1048 1730 1177 1793 materies,
1198 1736 1227 1784 et
1248 1729 1398 1783 doctrinam
1420 1729 1454 1783 de
1477 1727 1643 1797 appetitibus
1667 1736 1698 1780 et
1720 1727 1853 1781 motibus

214 1829 265 1867 nec
280 1813 447 1867 incrementa
459 1810 620 1882 plantarum.
662 1808 848 1864 Punctualitaa
867 1824 932 1861 vero
946 1815 1012 1861 tem·
1048 1808 1184 1881 Utrosque
1198 1808 1298 1863 cursim
1311 1807 1539 1870 enumerabimus,
1552 1807 1625 1860 unde
1640 1822 1714 1860 verse
1725 1805 1853 1876 physices

214 1893 290 1962 poris
312 1892 422 1946 omnino
442 1890 618 1960 repudianda.
669 1888 845 1942 Inveniuntur
867 1895 959 1940 autern
983 1893 1012 1940 et
1048 1888 1082 1942 de
1106 1888 1248 1942 abstractis
1272 1888 1441 1942 adumbratio
1467 1886 1591 1957 quaedam
1619 1885 1720 1939 deduci
1746 1886 1851 1956 possit.

215 1970 280 2025 talia
293 1969 433 2041 complura
448 1966 535 2042 (quod
549 1969 610 2040 quis
624 1968 714 2022 minus
732 1960 826 2039 putet)
841 1968 869 2020 in
884 1965 1011 2019 election·
1049 1967 1243 2022 Schematismi
1261 1967 1381 2021 materiae
1398 1973 1468 2028 sunt,
1488 1966 1610 2030 densum,
1624 1981 1733 2029 rarum,
1755 1981 1852 2035 grase,

215 2050 277 2104 ibus
291 2051 364 2105 circa
377 2048 478 2102 civilia.
520 2048 599 2109 Quod
620 2046 724 2118 siquis
745 2062 795 2100 nos
816 2044 961 2114 compellat
978 2061 1011 2099 eo
1048 2048 1126 2111 leve;
1147 2045 1274 2110 calidum,
1296 2045 1441 2116 frigidum,
1462 2044 1603 2116 tangibile,
1621 2044 1853 2114 pneumaticum

214 2130 332 2193 nomine,
354 2129 426 2200 quod
446 2145 483 2181 ex
504 2126 602 2198 quibus
624 2126 679 2180 ista
701 2124 847 2195 astrologia
867 2124 1011 2178 emendata
1048 2125 1167 2190 volatile,
1181 2128 1283 2190 fixum
1304 2125 1519 2187 determinatum,
1541 2124 1674 2186 fluidum,
1695 2121 1853 2188 humidum,

216 2208 278 2262 elici
293 2208 393 2278 possit,
415 2214 443 2261 et
456 2223 554 2270 rursus,
569 2206 604 2260 ad
624 2222 685 2277 quar
698 2204 802 2258 utiliter
815 2203 947 2266 adhiberi,
962 2198 1011 2257 ali·
1049 2206 1167 2271 siccum,
1197 2205 1309 2276 pingue,
1331 2204 1459 2270 crudam,
1480 2204 1585 2267 durum,
1607 2201 1709 2267 molles
1739 2202 1853 2275 fragile,

216 2287 282 2358 quid
296 2286 518 2349 monstravimum
540 2286 601 2357 quis
621 2300 685 2338 sero
704 2283 742 2338 sit
759 2283 886 2337 eliciendi
906 2282 1010 2348 modus,
1049 2283 1164 2349 tensile3
1185 2300 1321 2355 porosum,
1343 2284 1467 2346 unitum
1489 2282 1680 2352 spirituosum,
1700 2281 1853 2350 jejunum

215 2367 374 2438 neutiquam
389 2365 547 2420 docuimus:
568 2363 614 2418 ille
628 2363 718 2417 minus
739 2379 833 2435 aequus
846 2361 934 2426 fuerit,
948 2379 1011 2416 cum
1049 2364 1174 2434 simplex,
1193 2364 1391 2434 compositum,
1412 2361 1574 2426 absolutum,
1596 2362 1762 2430 imperfecte
1787 2363 1856 2416 mis-

216 2455 303 2500 artem
325 2446 415 2516 ipsam
433 2441 526 2518 (cujas
547 2444 683 2499 debitores
702 2459 758 2496 nou
774 2436 884 2515 summ)
898 2458 915 2493 a
931 2442 1011 2495 nobis
1049 2450 1124 2508 tum;
1146 2444 1281 2507 fibrosum,
1303 2449 1384 2513 atque
1406 2459 1545 2505 venusam,
1560 2440 1696 2511 simplicia
1718 2441 1855 2510 posimrae

215 2526 319 2596 exigat.
361 2525 422 2578 Hoc
437 2532 526 2578 tamen
547 2524 620 2577 circa
643 2521 710 2576 illud
733 2520 831 2592 ipsum,
848 2521 920 2592 quod
933 2521 1010 2590 petit,
1049 2522 1106 2576 sive
1128 2540 1255 2593 aequumr
1286 2521 1415 2587 similare,
1437 2520 1619 2586 dissimilare,
1649 2520 1854 2590 specificatum,

215 2605 398 2666 monebimas;
420 2611 536 2674 quatuor
549 2611 654 2656 tantum
674 2618 734 2655 esse
747 2600 849 2664 modos,
865 2600 963 2672 quibus
977 2600 1011 2653 ad
1048 2618 1103 2655 non
1125 2602 1328 2671 specificatum:
1361 2602 1528 2671 organicum,
1552 2600 1762 2671 iuorganicum;
1796 2602 1857 2654 ani·

216 2684 288 2738 hanc
311 2683 451 2738 scientiam
474 2683 521 2735 via
540 2689 682 2736 sternamr.
723 2681 816 2735 Primo
838 2696 889 2749 per
901 2679 1011 2749 experi-
1049 2690 1161 2745 matum,
1175 2681 1373 2735 inanimatume
1394 2693 1483 2749 neque
1500 2680 1573 2734 ultra
1586 2697 1643 2734 rem
1658 2679 1854 2736 extendimus.

215 2772 307 2817 menta
320 2763 426 2825 futura3
441 2762 504 2816 dein
518 2779 567 2832 per
580 2761 768 2831 experimenta
780 2759 933 2830 praeteritae
954 2776 1011 2812 rur·
1050 2760 1185 2816 Sensibile
1196 2761 1268 2815 enim
1280 2768 1308 2814 et
1318 2760 1484 2824 insensibile,
1496 2759 1628 2814 rationale
1640 2767 1670 2813 et
1681 2758 1856 2824 irrationale,

216 2860 263 2897 sua
283 2859 332 2912 per
352 2841 528 2906 traditionem
550 2840 648 2895 ultimo
668 2856 718 2909 per
739 2839 859 2894 rationes
872 2838 1010 2910 physicas
1050 2840 1084 2893 ad
1106 2840 1259 2900 doctrinam
1280 2840 1313 2894 dc
1335 2839 1445 2893 homine
1469 2839 1617 2906 rejicimus
1667 2837 1856 2908 Appetituurn

215 2921 307 2995 Atque
322 2922 393 2995 quod
407 2921 442 2976 ad
454 2920 642 2992 experimenta
660 2919 755 2985 sutura,
771 2918 837 2991 quid
855 2917 954 2972 attinet
973 2918 1011 2972 di-
1049 2919 1443 2990 veroetmotaumduogenera
1453 2926 1529 2975 sunt:
1544 2917 1696 2973 sunteuim
1706 2917 1753 2973 vel
1760 2925 1856 2974 motus

215 3003 295 3057 cerel
315 3002 435 3057 camilla
448 3000 547 3056 seculis
560 2999 890 3070 compluribusadeomm
903 2998 1011 3068 copiam
1049 2999 1196 3070 simplices,
1209 2999 1238 3054 in
1257 2999 1356 3071 quibus
1375 3000 1457 3054 radix
1471 2998 1594 3053 omnium
1614 2997 1788 3053 naturalium
1810 3015 1857 3053 ac-

215 3082 424 3152 comparandam
434 3081 592 3150 indigeant;
613 3079 687 3134 atde
701 3078 797 3133 iisdem
817 3077 1010 3148 cogitationem
1049 3079 1152 3133 bonum
1166 3078 1326 3144 continetur,
1341 3095 1391 3149 pro
1403 3079 1508 3132 ratione
1527 3084 1620 3132 tamen
1639 3076 1856 3133 schematismo-

215 3160 352 3231 suscipere
367 3161 467 3216 frustra
480 3159 567 3214 fuerit
608 3158 685 3220 Quod
694 3174 760 3212 vero
772 3157 806 3210 ad
821 3156 1012 3226 experimenta
1049 3175 1109 3212 rum
1122 3159 1260 3224 materiae,
1281 3157 1326 3214 vel
1338 3166 1427 3213 motas
1440 3157 1583 3228 compositi
1594 3157 1651 3211 sire
1663 3157 1817 3228 producam
1838 3176 1856 3211 a

215 3241 367 3310 preterita,
389 3258 423 3294 ea
442 3247 514 3293 certe
535 3238 564 3292 iu
585 3255 668 3292 manu
690 3238 831 3292 hominum
844 3245 925 3301 aunt;
946 3236 1011 3291 licet
1049 3237 1147 3308 quibus
1161 3238 1266 3293 ultimis
1279 3245 1389 3308 recepta
1406 3235 1583 3307 philosophia
1597 3239 1674 3307 (quae
1695 3253 1799 3306 parum
1820 3238 1855 3291 de

216 3336 260 3374 res
279 3319 315 3373 sit
334 3318 471 3373 laboriosa
486 3318 605 3372 etmulti
620 3317 676 3370 otii.
717 3316 826 3371 Possint
839 3316 913 3370 enirn
926 3323 1011 3369 astro
1048 3334 1161 3388 corpore
1174 3320 1279 3372 naturae
1293 3317 1413 3388 stringit)
1428 3316 1591 3387 auspicatur.
1633 3315 1747 3371 Debent
1759 3325 1857 3371 autem

214 3397 272 3470 logi
283 3395 323 3475 (si
337 3398 390 3453 sibi
403 3415 458 3452 non
471 3391 576 3470 desint)
588 3412 682 3451 omnes
692 3412 771 3450 casus
781 3396 898 3463 majores
910 3392 1010 3468 (veluti
1048 3396 1145 3451 haberi
1174 3396 1331 3464 hujusmodi
1360 3404 1450 3451 motus
1480 3396 1624 3465 compositi
1648 3395 1764 3467 (quales
1789 3406 1857 3451 sunt

215 3478 411 3542 inundationes,
430 3477 608 3547 pestilentias,
622 3474 727 3546 proelia,
741 3475 894 3536 seditiones,
908 3484 1010 3529 mortes
1048 3476 1194 3547 generatio,
1203 3476 1381 3546 corruptio,et
1389 3475 1501 3546 reliqui)
1509 3492 1559 3547 pro
1570 3474 1664 3544 pensis
1672 3475 1854 3547 quibusdam,

215 3574 319 3629 regum,
333 3558 357 3612 si
371 3556 468 3627 placet,
482 3564 510 3610 et
523 3555 636 3623 similia)
652 3572 688 3608 ex
706 3554 828 3608 historiae
842 3553 894 3608 fide
914 3554 1011 3624 depro-
1049 3562 1097 3609 aut
1116 3556 1229 3610 mmmis
1249 3563 1372 3610 motuum
1393 3554 1565 3626 simplicium,
1580 3553 1673 3624 potius
1694 3571 1779 3625 qaam
1803 3572 1858 3625 pro

215 3653 305 3698 mere:
327 3644 355 3690 et
366 3637 450 3691 situm
463 3634 621 3698 coelestium,
634 3650 689 3689 non
701 3633 848 3688 secundnm
859 3633 1011 3687 thematum
1048 3635 1167 3690 motibus
1190 3635 1344 3705 primitivis.
1385 3634 1478 3689 Motus
1499 3633 1638 3703 simplices
1660 3642 1736 3698 sunt,
1759 3643 1858 3689 motus

216 3715 402 3781 subtilitatem,
426 3715 474 3770 sed
496 3715 579 3783 juxta
602 3713 710 3785 regulas
735 3730 781 3766 eas
803 3712 1009 3777 revolutionum,
1049 3715 1198 3785 antitypiac,
1221 3731 1303 3786 quem
1325 3713 1409 3785 vulgo
1429 3720 1540 3776 motum,
1560 3729 1596 3767 ne
1621 3713 1670 3766 liat
1692 3716 1859 3783 penetratio

216 3795 393 3866 quoeauobis
403 3795 568 3849 adumbratas
580 3800 652 3860 sunt,
662 3792 751 3864 qualis
761 3792 843 3846 faerit
853 3793 903 3846 sub
912 3792 1010 3847 iisdem
1048 3793 1254 3856 dimensionum,
1274 3801 1387 3848 vocant:
1413 3799 1503 3846 motus
1523 3808 1619 3855 nexus,
1639 3809 1725 3863 quem
1745 3801 1859 3849 motam

215 3874 389 3944 temporibus,
404 3874 520 3929 intueri:
543 3881 571 3927 ut
590 3873 636 3927 ubi
659 3871 818 3926 manifestus
838 3871 918 3925 fuerit
932 3888 1011 3926 even·
1049 3890 1085 3927 ex
1099 3873 1165 3943 tirga
1177 3873 1256 3928 vacui
1269 3872 1426 3944 appellante
1446 3880 1537 3926 motus
1556 3870 1700 3936 libertatis,
1714 3888 1752 3925 ne
1771 3873 1859 3929 detur

216 3960 292 4007 tuum
306 3970 453 4009 consensus
467 3960 495 4007 et
507 3952 680 4022 conspiratio,
694 3952 733 4005 ibi
747 3951 930 4022 praedictionis
944 3968 1010 4005 nor·
1048 3953 1215 4023 compressio
1234 3959 1283 4006 aut
1303 3952 1425 4007 extensio
1446 3949 1694 4021 praeternaturalia:
1715 3958 1812 4007 motus
1827 3953 1859 4007 in

215 4048 261 4085 rna
275 4033 423 4102 probabilis
433 4032 616 4088 constituatur.
637 4031 774 4092 Quatenus
785 4031 820 4085 ad
834 4030 1009 4095 traditiones,
1049 4032 1185 4102 aphaeram
1198 4047 1304 4097 novam,
1319 4031 1376 4085 sive
1390 4031 1425 4084 ad
1437 4029 1645 4085 rarefactionem
1659 4039 1687 4083 ct
1701 4031 1861 4085 condensa-

216 4126 264 4164 eas
286 4111 325 4165 ita
347 4111 478 4166 ventilare
502 4118 615 4181 oportet,
637 4119 668 4165 ut
691 4127 751 4180 quae
773 4127 833 4163 cum
859 4110 1011 4164 rationibus
1049 4112 1166 4166 tionem:
1186 4118 1277 4165 motus
1290 4127 1377 4164 nexus
1391 4109 1581 4173 secundisire
1599 4126 1635 4163 ne
1652 4109 1736 4164 detur
1749 4110 1859 4166 solutio

216 4188 339 4259 physicis
350 4192 496 4245 manifesto
510 4197 665 4261 pugnante
679 4189 769 4244 medio
782 4188 929 4253 tollantur;
950 4206 1011 4259 qum
1049 4190 1249 4245 continuitatis:
1270 4198 1360 4244 motus
1374 4189 1593 4260 congregationis
1606 4188 1729 4256 majoris,
1741 4190 1806 4244 siae
1822 4193 1860 4246 ad

215 4285 282 4322 vero
294 4286 357 4322 cum
370 4269 404 4322 iis
418 4270 488 4323 bene
502 4270 680 4333 consentiant,
692 4269 775 4323 etiam
789 4269 947 4323 auctoritate
962 4285 1011 4323 sua
1048 4286 1153 4324 massas
1181 4268 1396 4324 connaturalium
1422 4285 1540 4330 suorum,
1561 4267 1608 4339 qui
1636 4268 1723 4339 vulgo
1751 4269 1861 4326 dicitur

215 4346 332 4401 valeant.
373 4348 508 4409 Quantum
528 4348 644 4419 denique
666 4348 701 4402 ad
721 4345 850 4417 physicas
871 4346 1009 4413 rationese
1049 4356 1138 4403 motus
1165 4347 1313 4402 naturalia:
1349 4356 1439 4403 motus
1472 4347 1694 4418 congregationis
1726 4349 1859 4415 minoris,

215 4426 273 4480 illas
293 4427 412 4481 maxime
431 4427 496 4481 huic
517 4427 687 4498 inquisitioni
708 4426 918 4481 accommodatas
940 4433 1010 4491 sunt,
1050 4427 1096 4500 qui
1110 4428 1194 4499 vulgo
1211 4427 1310 4483 dicitur
1330 4426 1493 4497 sympathia
1511 4434 1538 4481 et
1557 4426 1739 4497 antipathiac:
1760 4439 1860 4485 motus

216 4522 277 4576 qaas
291 4505 324 4559 de
339 4506 479 4562 catholicis
489 4507 610 4561 maaria
620 4506 785 4576 appetitibus
794 4513 821 4560 ct
831 4506 1011 4576 passionibus,
1051 4508 1205 4578 disponens,
1219 4507 1276 4561 sive
1290 4514 1320 4561 ut
1333 4516 1425 4576 partes
1443 4506 1512 4559 bene
1533 4504 1701 4560 collocentur
1722 4507 1756 4561 in
1777 4516 1860 4563 toto:

216 4591 245 4639 et
267 4584 301 4638 de
325 4586 441 4639 motibus
469 4603 613 4655 corporum
641 4585 811 4655 simplicibus
835 4594 861 4639 et
885 4586 1011 4655 genuinis
1050 4595 1138 4642 motus
1148 4585 1353 4640 assimilationis
1364 4587 1421 4639 sire
1431 4584 1666 4654 multiplicationis
1678 4593 1787 4642 naturae
1800 4605 1861 4644 suae

216 4663 364 4734 inquirunt
400 4664 453 4717 His
467 4665 541 4718 enim
554 4664 606 4719 slis
620 4665 653 4718 ad
668 4665 854 4719 coelestiaista
868 4665 1012 4718 materiata
1050 4683 1133 4736 super
1145 4666 1236 4720 aliud:
1256 4674 1345 4719 motus
1358 4664 1537 4727 excitationis,
1550 4665 1597 4718 ubi
1620 4681 1709 4735 agens
1732 4666 1861 4722 nobilius

216 4743 371 4797 ascenditur
398 4743 542 4798 tutissime.
592 4743 679 4815 Atque
708 4744 741 4799 de
768 4742 917 4814 astrologia
945 4760 1014 4798 sana
1050 4753 1153 4799 motum
1165 4745 1194 4800 in
1208 4745 1265 4798 alio
1277 4745 1406 4799 latentem
1427 4751 1456 4797 et
1477 4743 1594 4813 sopitum
1616 4744 1744 4800 excitat:
1764 4757 1861 4802 motus

216 4821 358 4877 hactenus.
1051 4824 1136 4896 sigilli
1148 4823 1205 4879 sive
1214 4823 1408 4894 impressionis,
1415 4824 1536 4892 operatio
1546 4823 1651 4877 scilicet
1662 4824 1772 4895 absque
1782 4844 1861 4881 com·

258 4901 377 4956 insanire
400 4908 491 4954 autem
516 4900 686 4971 astrologicae
712 4906 826 4973 (practer
846 4918 888 4967 ea,
912 4920 972 4973 qum
996 4919 1014 4956 a
1051 4903 1416 4959 manicationesubstantiae:
1438 4911 1527 4956 motus
1537 4902 1637 4972 regius,
1648 4903 1709 4957 sire
1719 4904 1861 4960 cohibitio

216 4981 352 5052 principie
364 4980 525 5044 notavimus,
539 4981 705 5052 commenta)
716 4982 770 5035 alia
785 4982 908 5052 quaedam
923 4981 1014 5052 portio
1053 4983 1221 5055 reliquorum
1242 4989 1365 5036 motuum
1378 4999 1395 5033 a
1408 4990 1485 5035 motu
1505 4981 1743 5051 praedominante:
1764 4992 1859 5039 motus

216 5067 343 5131 superest
360 5077 415 5114 non
429 5060 675 5130 praetermittendae
696 5078 758 5132 quae
771 5069 862 5114 tamen
875 5061 910 5114 ab
924 5070 1012 5115 astro·
1051 5062 1154 5134 absque
1168 5062 1291 5124 termino,
1301 5061 1357 5114 sive
1369 5061 1469 5115 rotatio
1478 5067 1645 5131 spontanea:
1666 5070 1761 5117 motus
1774 5066 1860 5134 trepi-

216 5139 292 5211 logia
315 5139 419 5193 secludi
442 5138 520 5202 solet,
545 5151 572 5191 et
596 5138 625 5191 in
648 5141 776 5210 magiam,
801 5158 883 5211 quarn
907 5147 1013 5204 vocant,
1051 5140 1183 5204 dationis3
1198 5140 1255 5194 sive
1267 5139 1390 5208 systoles,
1399 5149 1427 5193 ct
1435 5137 1572 5201 diastoles,
1583 5156 1732 5210 corporum
1741 5142 1858 5207 scilieet,

216 5219 354 5274 coelestem
362 5218 510 5273 transferri.
531 5217 573 5272 Ea
583 5228 662 5272 nacta
672 5228 713 5271 eat
724 5220 823 5273 mirum
832 5227 1014 5274 commentum
1052 5238 1114 5291 quea
1123 5219 1245 5274 locantur
1252 5219 1322 5274 inter
1329 5219 1470 5273 commoda
1479 5219 1701 5274 etiucommoda:
1716 5230 1859 5291 postremo

216 5298 321 5369 ingenii
335 5298 457 5361 humani,
472 5298 609 5359 nimirum,
625 5306 654 5351 ut
671 5297 819 5352 benevolus
832 5298 933 5369 aliquis
947 5300 1015 5353 situs
1052 5299 1199 5362 decubitus,
1214 5299 1271 5352 sire
1285 5296 1460 5351 exhorrentia
1482 5305 1579 5360 motus,
1594 5315 1658 5368 quas
1672 5300 1758 5355 etism
1771 5298 1859 5371 pluri·

217 5386 351 5432 astrorum
366 5379 396 5431 in
410 5377 510 5448 sigillis
524 5384 570 5430 aut
585 5376 734 5446 signaculis
749 5380 828 5446 (puta
840 5376 953 5441 metalli,
968 5387 1015 5431 ant
1053 5395 1156 5432 marum
1170 5376 1469 5431 remmestcausatisa.
1511 5376 1680 5444 Huiusmodi
1691 5389 1756 5434 sunt
1766 5390 1858 5436 motus

217 5473 334 5526 gemmas
345 5457 462 5526 alicujus
475 5456 509 5510 ad
523 5456 701 5511 intentionem
712 5455 843 5528 proprioe)
854 5457 1015 5527 excipiatur,
1053 5456 1199 5528 simplices,
1211 5456 1257 5527 qui
1268 5472 1303 5510 ex
1317 5455 1501 5526 penetralibus
1510 5462 1614 5510 natura
1624 5474 1689 5512 rere
1702 5458 1856 5529 prodeunt:
