3800 5875
682 298 878 357 contrata,
891 300 942 356 DE
964 299 1059 358 Vrsa.
1625 299 1682 364 637

49 462 264 512 strumentorum
278 462 381 518 mettun
395 454 547 528 pertinere:
567 462 648 528 atque
661 456 692 510 in
704 457 757 511 hac
774 466 850 528 parte
887 465 929 513 tas
941 458 1068 514 subtilius
1081 459 1206 530 explicet,
1216 476 1271 514 non
1282 475 1344 531 quse
1356 476 1456 515 noram
1469 459 1558 516 lucem
1572 459 1681 516 excitet

47 536 190 590 officinam
210 553 272 591 cnm
291 535 461 590 bibliotheca
480 536 547 590 mire
567 552 725 606 congruere,
743 553 805 607 qua
823 547 851 592 et
888 537 937 592 Sin
950 537 1170 594 adhucstudium
1183 538 1334 608 cujuspiam
1348 539 1377 594 in
1391 538 1680 610 tantnmexpandatur,

48 615 113 685 ipsa
125 623 230 670 tantam
243 615 374 669 librorum
395 615 553 669 varietatem
566 622 690 678 ostentet,
704 616 735 668 in
753 616 851 686 quibus
888 625 917 671 ut
930 624 957 671 et
968 633 1067 672 noram
1080 617 1169 673 lucem
1183 617 1300 672 ambiat:
1320 634 1381 673 eam
1395 619 1501 673 scilicet
1517 617 1605 672 lucem
1619 619 1681 671 sda-

50 695 75 748 si
94 694 255 766 diligentius
274 694 454 764 introspicias,
473 693 513 747 nil
531 693 612 756 aliud,
627 710 710 765 quam
728 694 851 762 ejusdem
887 696 981 760 mabit,
996 713 1058 767 quea
1070 714 1108 751 ex
1125 694 1274 768 longinquo
1290 697 1530 768 contemplationes
1543 697 1681 767 speciosas

50 773 90 827 rei
104 773 228 828 infinitas
242 774 425 843 repetitiones,
436 773 565 842 reperias,
580 773 710 827 tractandi
723 773 810 828 modis
824 783 852 828 et
888 781 1012 840 ostentet,
1032 791 1087 830 non
1109 792 1169 847 quse
1190 792 1226 830 ex
1248 777 1400 846 propinquo
1422 794 1505 847 opera
1524 784 1552 830 et
1571 776 1681 830 inventa

49 861 190 907 structura
209 853 327 924 quadam
347 868 438 916 novas,
458 852 615 907 inventione
638 860 849 922 preoccupatae.
887 851 991 907 nobilia
1004 853 1178 909 demonstret.
1218 854 1307 915 Quare
1317 856 1405 910 visum
1416 865 1457 910 est
1469 856 1501 920 ei,
1517 855 1611 909 eodem
1625 872 1680 910 rur-

53 931 153 1003 ltaque
173 932 263 987 visum
284 939 327 987 est
348 933 382 997 ei,
396 931 552 1001 opinionem
569 931 655 1001 copiae
669 932 740 986 inter
753 947 850 986 causas
887 948 933 986 sus
946 932 1050 998 referri,
1064 933 1168 988 scilicet
1180 933 1278 988 mirum
1294 950 1350 989 non
1371 935 1465 1006 utique
1479 950 1546 997 esse,
1561 934 1679 989 curricu-

52 1011 154 1080 inopiae
174 1012 257 1081 poni:
288 1019 318 1066 et
338 1018 396 1065 tum
415 1027 507 1080 opera,
522 1016 579 1065 tum
599 1010 742 1076 doctrinas,
756 1010 791 1064 ed
806 1010 849 1065 in·
887 1010 944 1065 lum
957 1027 1012 1066 non
1025 1012 1128 1077 confici,
1142 1011 1341 1067 cumbomines
1355 1013 1389 1067 ad
1403 1013 1558 1084 hujusmodi
1573 1013 1680 1067 minora

52 1090 153 1145 ιιιίιωιι
165 1107 318 1153 numerosa,
332 1089 367 1144 ad
380 1107 497 1144 examen
510 1106 598 1159 pauca
612 1105 681 1144 csse.
886 1090 1046 1147 deflectant:
1066 1090 1152 1146 multo
1166 1092 1254 1161 magis
1267 1109 1329 1146 cum
1349 1109 1399 1147 nec
1421 1093 1481 1163 ipss
1500 1100 1574 1146 meta
1589 1092 1679 1146 adhuc

92 1168 234 1239 Cogitavit
251 1177 279 1223 et
296 1169 379 1233 illnd;
401 1186 455 1233 eas,
470 1184 539 1239 quas
556 1168 697 1232 habemus,
711 1167 848 1223 doctrinan
886 1168 943 1234 ulli,
958 1169 1030 1240 quod
1044 1170 1119 1234 sciat,
1130 1170 1285 1228 mortalium
1298 1172 1385 1242 posita
1398 1172 1433 1226 ait
1446 1171 1584 1226 etdelixa
1619 1170 1679 1225 Me·

51 1265 86 1302 ea
99 1248 250 1303 ambitione
268 1256 298 1303 et
317 1249 487 1303 affectatione
508 1247 630 1318 proponi,
644 1255 726 1318 atque
743 1247 772 1301 in
785 1264 849 1302 eum
886 1256 942 1302 tam
956 1257 1047 1303 autem
1066 1266 1120 1303 non
1140 1249 1223 1303 aliam
1243 1267 1408 1322 essequam
1426 1260 1457 1304 ot
1477 1267 1563 1322 genus
1584 1250 1678 1304 huma·

51 1328 165 1382 modum
186 1328 341 1383 efformatus
359 1345 393 1381 ac
410 1327 494 1383 veluti
507 1335 665 1398 personatos
677 1328 706 1380 iu
719 1342 848 1396 conspec-
885 1343 950 1381 uum
964 1328 1041 1383 novis
1055 1329 1182 1399 operibus
1195 1337 1222 1383 et
1234 1330 1414 1400 potestatibus
1424 1331 1552 1384 continuo
1565 1330 1676 1384 dotetur.

51 1417 110 1461 tum
123 1408 225 1470 venire,
241 1408 310 1461 acsi
331 1406 446 1478 singula
459 1416 532 1460 artes
546 1406 619 1460 omni
633 1423 669 1461 ex
689 1415 766 1475 parte
788 1422 848 1477 per·
926 1406 1064 1477 Cogitavit
1082 1415 1109 1462 et
1126 1406 1208 1472 illud;
1235 1409 1306 1463 inter
1327 1410 1381 1463 ista
1400 1410 1573 1464 scientiarum
1594 1408 1677 1462 detri-

52 1486 132 1540 fectre
153 1495 252 1548 essem,
271 1494 299 1541 et
318 1487 352 1540 ad
374 1487 478 1540 exitum
499 1486 643 1555 perductae.
684 1484 847 1553 Huiusmodi
884 1494 984 1551 menta,
1002 1487 1132 1541 naturalis
1153 1486 1335 1559 philosophia
1357 1496 1458 1543 sonem
1476 1505 1532 1559 praa
1552 1487 1677 1541 omnibus

51 1565 126 1619 enim
142 1564 285 1629 methodis,
300 1574 328 1619 et
339 1567 375 1619 iis
389 1565 577 1635 partitionibus
591 1563 669 1628 tradi,
681 1581 742 1634 quse
756 1564 848 1619 omnia
885 1566 975 1620 minus
992 1583 1099 1638 aquam
1115 1583 1191 1620 esse:
1211 1574 1241 1620 ut
1261 1585 1322 1638 quea
1341 1585 1359 1620 a
1377 1567 1515 1622 laboribus
1535 1565 1677 1621 hominum

50 1661 171 1714 prorsus,
182 1660 244 1715 quse
257 1645 286 1697 in
300 1644 367 1699 illud
381 1645 531 1712 subjectum
543 1643 640 1698 cadere
650 1651 770 1713 possunt,
781 1653 847 1697 trac·
884 1643 982 1700 leviter
1009 1652 1145 1715 occupata,
1167 1645 1247 1700 facile
1274 1646 1387 1712 deserta,
1414 1663 1465 1701 nec
1489 1646 1620 1715 majorem
1646 1645 1677 1698 in

51 1733 109 1776 tsta
118 1724 261 1794 complecti
275 1732 304 1778 et
316 1723 476 1778 concludere
489 1724 638 1778 videantur.
681 1722 769 1793 Atque
783 1722 849 1777 licet
884 1724 993 1778 modum
1007 1723 1080 1780 culta
1093 1733 1122 1778 et
1139 1725 1250 1779 subacta
1267 1726 1313 1780 sit.
1351 1725 1499 1796 Postquam
1518 1726 1591 1779 enim
1608 1724 1676 1782 fides

51 1803 177 1856 membra
189 1802 239 1857 illa
256 1803 327 1857 male
340 1802 462 1873 impleta,
476 1810 503 1856 et
517 1802 589 1874 quod
608 1801 643 1855 ad
656 1801 776 1858 vividum
796 1800 847 1855 ali·
885 1802 1041 1857 Christiana
1055 1803 1172 1858 adolevit
1191 1813 1219 1858 et
1236 1812 1346 1874 recepta
1364 1813 1413 1869 est,
1428 1803 1510 1875 longe
1527 1804 1677 1858 maximam

50 1899 134 1953 quem
149 1899 240 1936 rerum
250 1900 358 1937 succum
373 1882 475 1946 attinet,
487 1881 616 1936 destituta
629 1881 699 1936 sint:
715 1881 796 1935 totius
809 1888 847 1935 ta·
883 1881 1056 1953 ingeniorum
1082 1889 1187 1953 partem
1214 1882 1249 1937 ad
1274 1883 1441 1955 theologiam
1468 1900 1497 1938 ee
1522 1881 1676 1949 contulisse,

51 1979 117 2015 men
130 1962 272 2029 cujusdam
287 1962 401 2017 formam
415 1970 443 2015 et
456 1962 590 2015 rationem
600 1976 657 2029 pree
671 1975 700 2014 se
715 1959 792 2023 ferre,
803 1969 847 2014 eo·
883 1959 1078 2032 hominumque
1088 1979 1124 2016 ex
1135 1961 1187 2016 hac
1202 1969 1277 2033 parte
1288 1963 1378 2017 studio
1392 1971 1419 2016 et
1428 1963 1595 2033 amplissima
1608 1978 1676 2031 prm-

51 2059 106 2110 que
123 2057 183 2094 rem
205 2041 324 2111 perduci,
339 2048 370 2095 ut
387 2057 474 2111 pauca
496 2040 627 2112 quadam,
640 2055 729 2110 neque
749 2038 798 2092 illa
812 2056 847 2095 ex
883 2041 938 2093 mia
951 2041 1098 2111 proposita,
1113 2049 1141 2095 et
1153 2041 1241 2096 omnis
1261 2041 1369 2113 generis
1382 2042 1537 2110 adjumenta
1549 2040 1677 2110 copiosis·

51 2119 284 2190 optimodeleetu,
299 2127 562 2190 receptaauctorum
583 2120 685 2189 scripta
705 2134 754 2188 pro
773 2118 845 2173 inte·
883 2120 951 2173 sime
976 2120 1179 2174 subministrata
1202 2136 1270 2176 esse.
1311 2122 1382 2183 Quin
1405 2128 1433 2176 et
1455 2137 1514 2176 arvo
1539 2119 1676 2190 asperiore

51 2200 110 2269 gris
128 2201 197 2270 ipsis
217 2207 245 2253 et
262 2199 382 2269 propriis
401 2199 503 2253 artibus
524 2198 681 2252 habeantur.
723 2197 793 2252 Cum
808 2205 846 2251 ta·
882 2199 1039 2268 potissimas
1052 2198 1275 2271 philosophorum
1289 2200 1528 2256 commentationes
1541 2200 1570 2253 in
1579 2197 1676 2254 morali

51 2295 116 2332 men
144 2279 227 2348 primi
254 2287 282 2332 et
306 2278 489 2348 antiquissimi
516 2277 636 2332 veritatis
663 2277 844 2346 inquisitores,
884 2277 1059 2348 philosophia
1071 2281 1144 2349 (qua
1154 2278 1271 2334 ethnicis
1281 2296 1427 2351 magnaeus
1440 2287 1517 2350 parte
1529 2278 1587 2331 vice
1601 2277 1677 2332 theo·

51 2357 164 2411 meliore
191 2359 243 2412 fide
264 2374 295 2411 ac
320 2366 424 2421 eventu,
446 2357 594 2420 scientiam,
611 2372 692 2427 quam
706 2372 742 2409 ex
755 2372 845 2410 rerum
882 2356 965 2427 logia
983 2357 1053 2426 erat)
1072 2365 1245 2429 consumptas
1263 2375 1336 2414 esse:
1357 2360 1479 2430 utrisque
1498 2368 1588 2412 autem
1606 2365 1676 2410 tem-

48 2435 279 2507 contemplatione
293 2436 444 2505 decerpere,
455 2445 483 2490 et
491 2435 519 2489 in
527 2453 606 2490 usum
616 2434 730 2488 condere
745 2442 846 2489 stature·
883 2437 993 2504 poribus
1007 2452 1113 2491 summa
1126 2437 1237 2508 ingenia
1251 2438 1324 2493 haud
1336 2438 1500 2509 infrequenti
1515 2453 1627 2491 numero
1641 2435 1676 2490 ad

50 2516 125 2578 bant,
137 2517 166 2568 in
180 2515 351 2585 aphorismos
362 2516 481 2580 fortasse,
495 2515 551 2569 sive
565 2516 669 2576 breves,
684 2514 845 2584 easdemque
882 2531 926 2569 res
939 2515 1034 2569 civiles
1047 2532 1076 2570 se
1091 2516 1252 2586 applicasse,
1271 2518 1421 2587 praesertim
1440 2517 1552 2571 durante
1572 2517 1677 2586 magni-

51 2611 169 2665 sparsas,
183 2612 233 2648 nec
248 2594 383 2649 methodis
396 2595 536 2658 revinctas,
550 2595 698 2648 sententias
711 2594 845 2663 conjicere
883 2594 974 2647 tudine
989 2594 1120 2659 Romans,
1133 2611 1194 2665 quse
1204 2595 1239 2649 ob
1252 2596 1360 2666 imperii
1371 2595 1576 2665 amplitudinem
1590 2594 1675 2664 pluri·

51 2673 186 2728 solerent:
208 2691 269 2744 quse
291 2691 354 2727 cum
371 2681 400 2727 et
419 2691 509 2728 rerum
530 2675 700 2727 inventarum
720 2673 792 2725 nuda
812 2672 845 2726 si·
882 2689 987 2728 morum
1001 2674 1091 2743 operis
1103 2674 1251 2745 indigebat.
1290 2674 1360 2729 Eam
1375 2675 1465 2745 ipsam
1479 2690 1543 2728 vero
1557 2681 1675 2737 oetatem,

50 2752 202 2816 mulaehra,
216 2762 242 2807 et
262 2770 351 2807 rerum
364 2769 418 2806 non
432 2754 602 2810 inventarum
621 2750 765 2805 manifesta
785 2768 844 2821 spa·
882 2769 936 2822 qua
949 2751 1081 2805 naturalis
1094 2752 1268 2823 philosophia
1282 2754 1353 2824 apud
1368 2753 1478 2808 Grecos
1491 2752 1610 2806 maxime
1625 2752 1675 2805 tlo-

51 2834 92 2889 tia
114 2841 143 2886 et
166 2849 253 2887 vacua
277 2832 436 2895 indicarent,
462 2834 551 2887 minus
577 2829 729 2885 fallebant:
764 2838 844 2900 atque
883 2848 941 2884 rere
955 2832 1014 2885 visa
1027 2839 1077 2895 est,
1087 2831 1170 2886 fuisse
1184 2832 1344 2902 particulam
1357 2832 1486 2902 temporis
1496 2830 1607 2886 minime
1618 2830 1676 2884 diu-

51 2917 191 2971 hominnm
202 2913 314 2987 ingenia
323 2911 543 2970 etmeditationes
553 2912 588 2966 ad
593 2909 766 2980 judicandum
777 2910 845 2964 etad
883 2917 1007 2967 turnam:
1036 2927 1068 2965 ac
1088 2910 1201 2967 subinde
1224 2911 1479 2968 contradictionibus
1497 2927 1528 2965 ac
1545 2925 1676 2965 novorum

50 2996 244 3050 inveniendum
257 2996 338 3050 simul
348 2994 512 3048 excitabant
547 2992 845 3046 Atnuncscientiasiis
882 2991 1042 3062 placitorum
1063 2991 1208 3046 ambitione
1225 3000 1379 3063 corruptam
1397 3001 1425 3046 et
1442 2990 1567 3045 inutilem
1586 2989 1675 3043 reddi·

48 3077 138 3130 modis
148 3075 283 3139 exbiberi,
293 3077 339 3146 qui
347 3074 427 3127 fidem
437 3080 575 3143 usurpent,
584 3089 637 3125 non
641 3069 774 3146 judicium
783 3071 845 3125 soli·
882 3078 946 3126 tam.
986 3071 1031 3125 Ab
1052 3070 1109 3126 illis
1131 3079 1220 3125 autern
1240 3087 1326 3142 usque
1350 3071 1516 3141 temporibus
1538 3069 1675 3124 neminem

49 3155 178 3218 citent,et
186 3154 345 3208 auctoritate
353 3153 499 3208 tristilatis
507 3152 694 3206 inventionum
703 3150 859 3205 conatibus.
882 3167 991 3221 prorsus
1011 3150 1154 3215 nominari,
1176 3151 1222 3222 qni
1243 3151 1393 3205 naturalem
1415 3148 1618 3221 philosophiam
1639 3165 1675 3203 ex

48 3233 232 3287 intercedente
246 3234 316 3287 adeo
325 3243 353 3288 ut
363 3233 453 3287 omnis
460 3232 598 3287 successio
606 3238 633 3285 et
642 3229 779 3284 devolutio
792 3229 845 3284 dis-
882 3230 1005 3300 professo
1018 3230 1098 3293 colat,
1112 3245 1163 3284 nec
1174 3231 1233 3298 ejus
1243 3228 1408 3300 inquisitioni
1418 3230 1596 3291 immoriatur,
1607 3227 1676 3281 adeo

48 3313 223 3383 ciplinarum,
232 3328 362 3383 personas
372 3311 495 3382 magistri
506 3318 534 3365 et
544 3309 674 3365 auditoris
682 3308 844 3380 complecta·
883 3316 912 3363 ut
926 3308 1013 3364 virum
1027 3326 1141 3363 vacuum
1159 3316 1187 3364 et
1205 3309 1340 3380 integrum
1358 3308 1417 3363 hac
1437 3308 1550 3362 scientia
1570 3308 1675 3375 jamdiu

50 3400 101 3456 tur,
117 3407 174 3446 non
187 3392 336 3446 inventoris
349 3398 377 3446 et
390 3391 448 3460 ejus
463 3391 508 3461 qui
522 3389 637 3443 inventis
656 3388 752 3442 addat:
774 3388 844 3443 unde
881 3404 935 3442 non
949 3389 1127 3459 occupaverit,
1141 3388 1194 3442 nisi
1209 3388 1269 3459 quis
1284 3387 1351 3443 forte
1365 3388 1490 3442 monachi
1511 3385 1627 3454 alicujus
1645 3386 1676 3455 in

49 3471 205 3525 meessario
215 3472 370 3534 evenirent
380 3471 499 3525 scientim
513 3470 569 3523 suis
582 3469 703 3523 haereant
713 3467 843 3538 vestigiis,
882 3467 989 3531 cellula,
1003 3478 1051 3523 ant
1065 3468 1164 3521 nobilis
1181 3467 1209 3520 in
1223 3466 1319 3521 villula
1337 3467 1501 3522 lucubrantis
1519 3466 1675 3535 exemplum

49 3568 100 3603 nec
113 3548 296 3604 locoomnino
309 3557 474 3604 moveantur.
505 3548 583 3610 Quod
592 3557 620 3603 et
631 3564 680 3618 per
693 3546 778 3602 multa
785 3547 844 3615 jam
882 3546 1032 3611 adduxerit,
1048 3547 1120 3617 quod
1133 3546 1341 3603 etrarissimum
1355 3547 1512 3617 reperietur.
1555 3544 1608 3598 Sed
1622 3546 1676 3599 fac·

49 3629 144 3684 secula
164 3645 216 3683 usu
239 3631 319 3694 venit,
344 3645 463 3700 eousque
487 3637 594 3682 utnon
619 3628 707 3682 solum
731 3626 845 3679 assertio
883 3636 939 3679 tum
954 3626 1083 3697 deinceps
1097 3627 1184 3680 instar
1197 3626 1325 3681 transitus
1338 3627 1477 3695 cujusdam
1493 3632 1520 3679 et
1533 3624 1675 3694 pontister-

49 3717 161 3763 maneat
174 3709 295 3773 assertio,
310 3708 358 3762 sed
376 3709 458 3762 etiam
477 3707 591 3778 quaetio
610 3714 718 3760 maneat
732 3705 845 3776 quaetio
882 3706 921 3760 nii
935 3705 970 3759 ad
984 3706 1047 3770 alia,
1067 3722 1247 3776 magnamque
1268 3705 1347 3760 istam
1369 3705 1542 3760 scientiarum
1560 3710 1676 3758 matrem

49 3795 78 3841 et
97 3787 196 3841 eodem
220 3787 300 3858 plane
319 3795 391 3842 statu
410 3787 505 3842 alatur.
545 3786 634 3847 Quare
656 3786 742 3838 visum
756 3793 797 3838 est
810 3784 843 3847 ei,
882 3784 909 3837 in
924 3784 1051 3839 ancillam
1065 3792 1196 3839 mutatam
1207 3801 1275 3849 esse,
1287 3803 1348 3857 quea
1356 3785 1498 3839 medicina
1512 3789 1558 3836 aut
1573 3783 1676 3837 mathe-

49 3867 193 3920 colnmnss
210 3883 265 3921 non
288 3867 358 3921 ultra
376 3865 567 3937 progrediendi
591 3880 756 3935 magnopere
775 3863 844 3916 fixas
882 3863 989 3917 malicie
1003 3864 1130 3935 operibus
1143 3864 1284 3929 ministret,
1299 3861 1568 3918 nutadolescentium
1582 3862 1676 3915 imma·

49 3963 111 4000 esse
126 3954 154 3999 et
166 3945 244 4016 quasi
258 3944 362 4008 fatales,
373 3953 400 3999 et
414 3945 512 3999 mirum
525 3944 636 3999 minime
651 3960 709 3997 esse
729 3942 758 3997 id
771 3942 844 3996 haud
883 3952 943 3997 tura
956 3942 1067 4014 ingenia
1080 3943 1153 3997 lavet
1167 3950 1194 3996 et
1205 3943 1316 4007 imbuat,
1330 3943 1415 3997 veluti
1429 3943 1545 3995 tinctura
1559 3941 1675 4011 quedam

50 4026 179 4087 obtineri,
193 4025 271 4092 cujus
285 4024 452 4095 adipiscendi
467 4023 591 4078 homines
608 4039 658 4077 nec
675 4038 724 4093 spe
738 4039 787 4076 nec
801 4022 845 4075 de·
882 4022 980 4092 prima,
996 4034 1024 4075 nt
1036 4022 1119 4076 aliam
1131 4038 1223 4077 rursus
1237 4021 1343 4077 felicius
1357 4029 1384 4076 et
1393 4021 1561 4075 commodius
1575 4021 1677 4089 excipi-

50 4104 154 4158 siderio
168 4112 320 4158 teneantur.
882 4110 936 4155 snt
981 4101 1076 4173 ltaque
1090 4101 1176 4155 vistim
1191 4109 1233 4154 est
1246 4102 1281 4167 ei,
1295 4101 1446 4156 naturalem
1463 4099 1675 4170 philosophiam,

92 4182 232 4254 Cogitavit
246 4190 274 4236 et
283 4182 363 4247 illud;
376 4199 437 4253 qum
447 4181 480 4236 de
491 4179 633 4234 hominurn
648 4188 704 4234 tunr
718 4180 845 4249 despera·
882 4180 1093 4235 incumbentium
1110 4181 1253 4250 paucitate,
1268 4189 1297 4233 et
1310 4180 1489 4241 festinatione,
1504 4186 1531 4231 et
1545 4178 1677 4246 tyrocinio

50 4262 134 4326 tione,
148 4272 206 4316 tum
221 4262 298 4327 fastu,
312 4262 384 4315 dicta
403 4269 473 4323 sunt,
488 4259 558 4331 quod
579 4259 613 4313 ad
633 4261 776 4330 plerosque
795 4258 845 4312 sci·
882 4260 1040 4314 destitutam
1052 4260 1150 4327 jacere.
1191 4259 1252 4313 Nec
1264 4259 1301 4312 ita
1315 4259 1402 4313 multo
1415 4266 1476 4328 post
1485 4259 1573 4311 visum
1586 4266 1627 4311 est
1642 4259 1676 4331 ei,

49 4342 187 4395 entiarum
206 4348 351 4395 sectatores
373 4341 476 4404 attinet,
490 4339 571 4393 nimis
593 4339 646 4392 alte
661 4339 746 4408 petita
767 4353 843 4400 esse;
883 4337 935 4392 hoc
956 4338 991 4392 ad
1012 4340 1166 4393 universum
1184 4338 1363 4393 doctrinarum
1383 4346 1483 4393 statum
1506 4353 1676 4407 summopere

49 4422 158 4474 turbam
179 4419 253 4474 enim
272 4418 352 4490 longe
369 4419 518 4473 maximam
540 4433 650 4487 prorsus
667 4416 741 4471 aliud
755 4433 844 4487 agere.
884 4418 1036 4487 pertinere:
1067 4435 1160 4472 omnes
1182 4417 1255 4471 enim
1276 4425 1347 4472 artes
1369 4425 1397 4471 et
1416 4415 1545 4470 scientias
1566 4416 1601 4469 ab
1624 4416 1676 4470 hac

49 4499 212 4553 Doctrinam
222 4499 356 4570 siqnidem
370 4499 412 4552 vel
426 4497 509 4551 animi
524 4505 551 4550 et
564 4496 750 4555 delectationis
764 4513 846 4550 causa
884 4498 968 4566 stirpe
986 4496 1115 4561 revulsas,
1129 4495 1209 4567 poliri
1224 4495 1346 4550 fortassis
1364 4504 1411 4550 aut
1428 4496 1457 4549 in
1477 4512 1556 4549 nsum
1575 4495 1676 4566 effingi,

49 4587 153 4649 petere,
166 4577 211 4631 vel
224 4578 259 4631 ad
277 4595 354 4632 usum
367 4586 394 4631 et
413 4576 624 4632 emolumentum
640 4575 845 4645 professorium,
883 4576 931 4630 sed
945 4574 985 4629 nil
999 4575 1142 4630 admodum
1156 4592 1285 4629 crescere.

48 4657 94 4711 vel
108 4657 194 4711 etiam
208 4657 441 4717 adornamentum
460 4664 487 4709 et
505 4655 712 4709 existimationis
726 4672 782 4708 suae
801 4654 846 4707 sd·
924 4654 1063 4726 Cogitavit
1086 4662 1114 4708 et
1134 4652 1218 4718 illud,
1246 4670 1327 4724 quam
1341 4652 1483 4707 molestum
1501 4668 1533 4705 ac
1553 4651 1582 4704 in
1603 4651 1678 4704 omni

48 4735 226 4790 miniculum:
247 4753 308 4807 quse
318 4736 342 4789 si
352 4744 382 4789 ut
395 4735 457 4790 finis
470 4734 643 4788 scientiarum
654 4741 845 4803 proponantur,
884 4750 983 4802 genere
998 4733 1135 4787 difficilem
1149 4733 1333 4787 adversarium
1353 4740 1433 4786 nacta
1450 4733 1485 4785 sit
1504 4729 1679 4800 philosophia

49 4824 156 4869 tantum
170 4815 246 4869 abest
260 4824 290 4870 nt
311 4814 436 4877 homines
449 4813 477 4867 id
491 4813 583 4877 velint,
598 4822 629 4867 ut
642 4813 702 4882 ipsa
716 4811 846 4866 doctrina-
884 4812 1023 4876 naturalis,
1033 4812 1250 4882 superstitionem
1258 4811 1393 4875 nimirum,
1404 4820 1431 4865 et
1440 4810 1527 4865 selum
1538 4808 1678 4878 religionis

49 4912 111 4948 rum
132 4909 223 4948 massa
236 4903 411 4964 augmentum
424 4899 520 4957 sumat,
534 4902 564 4946 ιιι
577 4909 613 4946 ex
623 4909 664 4955 ea,
676 4908 736 4963 qum
749 4899 847 4960 praeto
884 4909 985 4961 cacum
1001 4898 1028 4945 et
1042 4891 1256 4947 immoderatum.
1296 4890 1436 4960 Comperit
1447 4890 1519 4943 enim
1531 4905 1566 4941 ex
1577 4886 1679 4942 Grmcis

48 4982 98 5037 est,
114 4989 207 5027 massa
221 4973 261 5027 nil
282 4972 398 5044 amplius
419 4979 548 5042 quaerant,
568 4988 650 5043 qnam
669 4979 798 5041 quantum
812 4972 847 5025 ad
884 4969 1036 5035 nonnullos,
1051 4971 1097 5041 qui
1111 4970 1228 5041 primum
1244 4986 1339 5023 causas
1354 4966 1492 5023 naturales
1509 4965 1630 5020 fulminis
1651 4973 1679 5018 et

48 5070 129 5107 usum
147 5052 313 5106 destinatum
331 5059 436 5105 vertere
457 5058 485 5104 et
497 5050 648 5122 decoquere
662 5051 776 5119 possint.
817 5049 847 5104 Si
884 5055 1074 5118 tempestatum
1087 5050 1202 5103 insuetis
1220 5048 1308 5102 adhuc
1327 5048 1468 5103 hominum
1487 5045 1598 5098 auribus
1617 5061 1679 5114 pro·

49 5133 112 5203 quis
126 5141 218 5186 autem
231 5132 261 5185 in
274 5137 349 5184 tanta
361 5129 533 5184 multitudine
547 5129 686 5183 scientiam
696 5128 794 5182 affectu
808 5129 847 5183 in·
885 5136 1039 5196 posuerunt,
1067 5128 1214 5197 impietatis
1240 5145 1274 5182 co
1300 5129 1409 5183 nominc
1436 5125 1595 5179 damnatos:
1629 5141 1679 5177 nec

49 5228 142 5281 genno
156 5220 185 5264 et
196 5217 306 5280 propter
316 5228 345 5263 sc
360 5216 478 5279 expetat,
491 5209 644 5263 invenietur
657 5218 748 5261 tamen
759 5225 847 5262 rerum
885 5207 969 5261 multo
981 5206 1080 5262 melius
1093 5214 1230 5277 exceptos,
1245 5206 1293 5261 sed
1308 5207 1337 5261 in
1350 5207 1422 5261 idem
1431 5203 1565 5273 judicium
1580 5202 1679 5257 adduc-

49 5292 142 5361 potius
155 5291 325 5353 varietatem,
336 5306 418 5360 quam
432 5288 581 5352 veritatem,
591 5289 728 5357 arrcupari.
770 5286 847 5347 Quod
885 5294 934 5349 tos,
948 5303 1004 5340 non
1021 5287 1119 5357 capitis
1138 5303 1203 5341 sone
1223 5286 1271 5341 sed
1289 5285 1377 5348 fama,
1394 5281 1614 5352 cosmographos,
1634 5282 1681 5352 qui

49 5371 72 5423 si
85 5380 114 5425 et
127 5369 253 5424 veritatis
266 5368 303 5422 sit
322 5368 465 5438 inquisitor
478 5366 605 5430 severim,
619 5366 666 5420 illa
681 5368 742 5436 ipsa
756 5375 847 5419 tamen
885 5382 919 5419 es
930 5366 1087 5420 certissimis
1101 5365 1382 5427 demonstrationibus,
1395 5362 1492 5433 quibus
1502 5377 1584 5414 nemo
1598 5361 1680 5414 bodie

50 5451 148 5507 veritas
162 5448 219 5505 erit
233 5447 395 5517 hujusmodi,
405 5464 469 5518 ³qum
484 5463 527 5503 res
538 5447 597 5514 jam
611 5446 639 5499 in
654 5445 743 5500 lucem
757 5446 848 5516 prodi·
884 5461 968 5499 sanus
985 5445 1187 5511 contradixerit,
1201 5444 1315 5499 formam
1333 5450 1410 5497 terrra
1423 5440 1567 5495 rotundam
1581 5441 1681 5495 tribue·
