3800 5875
871 297 1010 353 NOVUM
1031 296 1232 354 onustant.
1760 298 1822 357 lun.
1834 302 1855 357 l.

589 517 668 556 mm
1071 456 1201 526 producat
1220 454 1433 527 disputationum
1447 461 1475 509 at
1488 454 1693 512 contentionum
1709 457 1821 513 carduos
1832 468 1857 514 et

669 542 676 557 a
1070 535 1171 606 'pinu

280 612 379 682 Neque
394 610 477 666 multo
496 609 609 664 meliora
628 616 691 666 sunt
710 608 796 681 signa,
811 627 871 681 quaa
884 627 920 665 ex
935 617 1032 667 natura

242 692 372 761 temporis
385 691 508 744 etaetatis
518 690 579 759 capi
593 698 713 759 possum,
724 706 805 759 quam
815 707 876 759 qua
886 706 922 743 ex
935 696 1032 744 natura

241 770 295 824 loci
309 778 336 823 et
347 770 472 823 nationis.
513 768 637 838 Angusta
645 769 716 822 enim
727 777 785 822 erat
797 779 823 822 et
833 769 921 823 tennis
934 769 1032 823 notitia
1109 767 1344 838 Capiendaetiam
1357 776 1421 823 sumt
1433 769 1557 838 signacx
1569 768 1744 824 incrementis
1756 778 1784 824 et
1797 787 1854 840 pro-

240 865 291 918 per
301 848 377 903 illam
387 856 502 911 atatem,
512 847 555 901 vel
566 847 702 919 temporis,
710 847 754 901 vel
764 848 850 903 orbis:
869 847 1030 919 quodlonge
1069 846 1679 918 gresaibuapbilosopbiarumctscientiarum.
1709 849 1777 909 Quae
1787 852 1852 903 enin

241 929 388 998 pessimum
402 936 449 990 est,
466 926 615 996 praesertim
628 927 663 980 iis
676 927 723 997 qui
737 927 829 981 omnia
843 927 872 980 in
885 928 1029 996 experien-
1069 927 1098 980 in
1111 933 1208 981 natura
1229 926 1341 980 tundata
1359 934 1429 990 sunt,
1442 935 1566 982 crescunt
1580 935 1609 981 et
1627 935 1777 997 augentur:
1799 948 1853 999 quc

241 1008 282 1060 tia
291 1015 405 1077 ponunt.
443 1007 542 1077 Neque
559 1006 633 1060 enim
647 1005 721 1059 mille
735 1022 864 1060 annorum
878 1005 1029 1071 historiam,
1069 1012 1158 1059 autern
1170 1006 1199 1059 in
1209 1005 1344 1075 opinione,
1352 1006 1496 1069 vomantur,
1506 1022 1560 1060 nou
1574 1015 1719 1077 augentur.
1762 1008 1851 1078 ltaque

242 1103 303 1155 qum
315 1086 398 1156 digna
411 1094 469 1141 erat
488 1086 596 1139 nomine
610 1085 739 1149 historia,
752 1083 904 1149 hamtuna,
926 1086 975 1141 sed
987 1086 1028 1139 ia·
1068 1085 1091 1138 si
1105 1085 1164 1139 istas
1176 1085 1304 1139 doctrinar
1320 1084 1400 1154 plane
1415 1086 1498 1140 instar
1511 1084 1613 1155 plautae
1629 1085 1789 1155 astirpibus
1802 1089 1852 1141 suis

240 1164 318 1219 bulas
332 1174 359 1220 et
370 1182 491 1220 rumores
501 1164 677 1235 antiquitatis.
720 1164 873 1235 Regionum
882 1181 947 1218 vero
960 1174 1029 1219 trac·
1069 1162 1182 1218 revulsa
1198 1180 1252 1218 uon
1275 1173 1371 1227 essent,
1390 1163 1439 1218 sed
1457 1172 1534 1219 utero
1551 1171 1655 1219 natura
1678 1165 1850 1229 adhaererent,

240 1250 369 1315 tuumque
392 1244 484 1300 mundi
505 1245 633 1314 exiguam
660 1250 764 1312 partem
788 1251 940 1307 noverant;
967 1261 1028 1298 eum
1067 1250 1148 1315 atque
1170 1242 1321 1297 abeodem
1344 1242 1487 1307 alerentur,
1509 1244 1537 1297 id
1561 1243 1673 1298 minime
1698 1253 1850 1299 eventurum

1409 674 1516 714 nxx1V.

241 1339 334 1378 omnes
354 1323 545 1393 hyperboreos,
567 1322 701 1391 Scythas3
727 1339 820 1377 omnes
841 1322 1028 1388 occidentales,
1067 1322 1169 1387 luisset,
1183 1322 1255 1393 quod
1268 1338 1318 1391 per
1330 1337 1415 1376 anuos
1427 1323 1470 1376 bia
1483 1322 1558 1376 mille
1569 1323 1628 1390 jam
1643 1323 1703 1377 fieri
1718 1323 1849 1378 ridemus:

241 1401 334 1456 Celtas
356 1403 510 1456 indistincte
531 1400 716 1472 appellarent:
737 1402 777 1455 nil
801 1401 829 1455 in
852 1401 945 1455 Africa
960 1402 1029 1456 ultra
1067 1417 1173 1471 nempe,
1188 1409 1217 1456 ut
1230 1401 1351 1456 mendas
1368 1401 1424 1455 suis
1442 1401 1563 1456 bareant
1576 1402 1709 1472 vestigiis,
1724 1410 1754 1455 et
1766 1403 1796 1455 iu
1810 1420 1849 1456 eo

240 1481 361 1535 citimam
380 1481 527 1552 AEthiopioe
550 1489 663 1551 partem,
684 1480 724 1534 nil
743 1480 771 1535 in
785 1481 853 1534 Asia
870 1480 941 1536 ultra
958 1482 1029 1536 Gan·
1066 1480 1127 1535 dem
1141 1479 1198 1535 tere
1218 1488 1290 1535 statu
1303 1489 1436 1543 maneant,
1450 1496 1537 1551 neque
1555 1490 1734 1551 augmentum
1747 1481 1849 1553 aliquod

240 1577 321 1630 gemr
348 1561 542 1616 multominus
561 1561 623 1613 noni
643 1560 716 1613 orbis
737 1559 895 1629 provincias,
918 1577 955 1614 ne
978 1578 1029 1630 par
1066 1558 1240 1614 memorabile
1248 1560 1422 1629 sumpserinta
1437 1561 1502 1630 quin
1512 1561 1637 1630 potiano
1647 1561 1739 1629 primo
1749 1572 1848 1615 auuorc

240 1639 361 1694 auditum
378 1657 453 1704 sane,
467 1647 514 1695 aut
535 1640 636 1694 tamam
657 1638 777 1710 aliquam
800 1649 902 1694 cenam
919 1648 946 1695 et
962 1657 1027 1694 con-
1066 1636 1183 1694 maxims
1205 1639 1351 1702 floruerint,
1372 1648 1400 1692 et
1422 1639 1550 1708 deinceps
1573 1639 1782 1694 declinaverint.
1821 1641 1848 1694 ln

240 1726 365 1783 stantem,
380 1727 507 1783 nossent3
527 1719 584 1773 imo
598 1727 625 1773 et
645 1718 762 1789 plurima
780 1716 889 1773 climata
902 1726 929 1773 et
943 1735 1026 1784 aona,
1065 1719 1166 1772 artibus
1191 1726 1282 1773 autem
1308 1718 1482 1783 mechanicis,
1504 1735 1564 1789 qum
1584 1720 1614 1771 iu
1641 1728 1742 1773 natura
1763 1730 1791 1773 et
1808 1738 1848 1773 ea·

239 1797 269 1851 in
289 1799 385 1868 quibus
400 1798 492 1869 populi
511 1798 609 1851 infiniti
623 1799 726 1868 spirant
739 1806 767 1851 et
779 1797 886 1868 degunt,
901 1806 1027 1868 tanquam
1065 1797 1203 1866 parientia
1215 1796 1402 1852 lucefundatce
1414 1805 1485 1861 sunt,
1494 1806 1588 1852 contra
1599 1799 1712 1852 euenire
1719 1799 1846 1860 sideman

239 1876 431 1931 inhabitabiles
453 1876 488 1930 ab
510 1876 566 1930 illis
585 1877 762 1945 pronunciata
784 1878 857 1931 sint:
879 1878 1027 1948 quinetiam
1065 1892 1125 1945 quas
1147 1875 1290 1950 (quamdiu
1311 1874 1436 1949 placent)
1451 1875 1536 1930 veluti
1559 1876 1656 1946 spiritu
1679 1879 1799 1948 quodam
1816 1897 1848 1932 re·

239 1956 470 2026 peregrinationes
483 1955 640 2019 Democriti,
649 1954 781 2019 Platonis,
790 1955 961 2027 Pythagoras,
972 1973 1026 2011 non
1064 1955 1154 2024 pletas,
1174 1956 1300 2010 continuo
1312 1963 1439 2027 vegetant
1452 1965 1481 2010 et
1499 1964 1636 2020 crescunt;
1658 1958 1751 2027 primo
1769 1958 1846 2019 rudes

239 2033 393 2106 longinquas
413 2035 541 2105 protecto,
555 2034 602 2088 sed
620 2035 709 2104 potius
723 2034 891 2101 suburbanas,
909 2044 940 2090 ut
953 2053 1026 2106 mag·
1064 2034 1160 2089 deiude
1174 2035 1329 2101 commodas,
1338 2042 1432 2106 postea
1444 2034 1603 2101 excultoe,et
1615 2044 1846 2106 perpetnoaoctsa

238 2130 303 2168 num
318 2114 420 2185 aliquid
439 2114 645 2168 celebrarentur.
686 2114 795 2168 Nostris
814 2123 905 2169 autem
923 2125 1026 2185 tempo·

239 2194 320 2257 ribus,
331 2202 358 2248 et
367 2193 430 2248 novi
443 2193 516 2249 orbis
529 2201 619 2264 partes
632 2192 791 2262 complures,
801 2201 828 2248 et
841 2195 939 2249 veteris
953 2195 1026 2249 orbis

239 2282 361 2326 extrema
373 2273 491 2343 nudique
505 2273 689 2336 innotescuntr
711 2279 739 2326 et
750 2272 779 2325 ia
792 2272 928 2328 infinitum
942 2290 1026 2343 expe-
1103 2266 1193 2321 Ellam
1207 2266 1279 2323 allud
1293 2266 1401 2338 tignum
1414 2266 1575 2336 capiendum
1584 2273 1625 2321 eat
1636 2266 1673 2333 (tl
1688 2268 1773 2321 modo
1785 2269 1848 2337 sigui

239 2350 414 2405 rimentorum
433 2351 557 2407 cumulus
570 2352 696 2406 excrevit
738 2351 863 2411 Quaresi
882 2369 917 2406 ex
931 2353 1026 2406 nativi
1063 2345 1210 2418 appellatio
1229 2347 1293 2401 bule
1306 2354 1458 2416 emptitia
1479 2363 1539 2400 tum
1560 2346 1654 2416 P⁰tl¹1⁸
1670 2348 1846 2402 testimonium

239 2430 301 2483 tatis
309 2438 356 2483 aut
364 2431 495 2501 geniturae
505 2438 624 2500 tempore
634 2427 841 2502 (astrologorum
848 2426 939 2504 more)
947 2432 1027 2502 signa
1064 2426 1106 2491 sit,
1118 2433 1198 2498 atque
1206 2425 1274 2481 adeo
1287 2425 1500 2480 testimoniorum
1510 2426 1630 2479 omnium
1642 2424 1846 2491 validissimum)

238 2508 372 2577 capienda
385 2510 446 2575 sint,
460 2509 501 2564 nil
520 2510 614 2581 magni
628 2510 662 2565 de
676 2510 734 2566 istis
747 2511 930 2581 philosophiis
943 2511 1026 2583 signi·
1063 2505 1115 2559 110⁰
1128 2514 1178 2569 etl.
1198 2505 1306 2575 propri&
1324 2504 1457 2559 confatio
1476 2513 1624 2568 motorum,
1645 2521 1717 2575 (1¹²oe
1730 2505 1847 2560 homintt

238 2588 312 2642 ficari
323 2589 436 2644 videtur.
1063 2600 1134 2639 nunc
1147 2593 1302 2655 aequantur.
1340 2585 1415 2639 Nam
1431 2590 1459 2638 et
1473 2583 1523 2647 illi,
1546 2583 1593 2654 qui
1614 2591 1693 2637 tanta
1709 2584 1846 2639 fiduciade

1064 2664 1144 2719 rebus
1162 2663 1348 2733 pronunciant,
1363 2672 1453 2718 tamen
1471 2680 1522 2733 per
1541 2662 1688 2717 intervalla
1701 2679 1766 2718 cum
1778 2664 1811 2716 ad
1822 2680 1847 2716 sc
1880 2722 1881 2729 ,

1064 2743 1183 2806 redeunt,
1194 2743 1227 2796 ad
1238 2743 1420 2814 querimonias
1433 2742 1577 2796 denatura
1591 2740 1755 2806 subtilitate,
1766 2760 1846 2798 rerum
1880 2768 1881 2775 ¹

279 2820 353 2875 Inter
371 2822 451 2892 signa
465 2820 571 2876 nullum
584 2820 672 2890 magis
691 2825 854 2876 certamaut
872 2820 962 2875 nobile
977 2830 1024 2887 est,
1063 2822 1234 2885 obscuritate,
1245 2821 1355 2876 humani
1364 2822 1467 2892 ingenii
1479 2821 1635 2875 infirmitate
1643 2837 1674 2874 se
1685 2831 1845 2876 convertunt
1880 2842 1881 2893 3

238 2916 318 2972 quam
330 2900 401 2971 quod
414 2917 449 2956 ex
462 2899 599 2955 fructibus.
640 2900 753 2955 Fructus
766 2900 877 2955 enimet
890 2917 973 2972 opera
987 2902 1025 2956 in·
1065 2901 1125 2957 Hoc
1136 2901 1234 2957 verosi
1247 2901 1406 2972 simpliciter
1420 2902 1503 2964 tieret,
1514 2898 1581 2955 alios
1595 2899 1722 2967 fortasse,
1732 2902 1780 2972 qni
1793 2909 1846 2956 sunt

237 2988 324 3042 venta.
347 2981 523 3051 proteritate
544 2980 778 3051 philosophiamm
792 2981 865 3034 velut
882 2997 1025 3051 sponsores
1064 2981 1220 3046 timidiores,
1235 2982 1270 3034 ab
1284 2981 1402 3035 ulteriori
1420 2979 1597 3050 inquisitione
1610 2980 1768 3044 deterrere;
1788 2981 1845 3034 alios

238 3066 265 3113 et
286 3059 457 3128 fidejussores
480 3067 550 3114 arsut.
591 3059 681 3130 Atque
704 3076 739 3114 ex
761 3059 943 3130 philosophiis
966 3061 1025 3115 istis
1063 3078 1133 3124 vero,
1152 3062 1198 3133 qui
1216 3068 1278 3116 sunt
1291 3061 1401 3131 ingenio
1417 3058 1540 3113 alacriori
1554 3066 1582 3112 et
1595 3059 1687 3129 magis
1703 3060 1805 3123 fidenti,
1816 3060 1845 3112 ad

239 3137 394 3193 Gracornm
409 3148 437 3194 et
449 3138 659 3193 derivationibus
676 3156 768 3193 earum
780 3155 830 3209 per
849 3139 1025 3209 particulares
1064 3140 1219 3196 ulteriorem
1246 3155 1418 3210 progressum
1444 3154 1540 3191 acuere
1565 3145 1592 3191 et
1615 3138 1739 3203 incitare,
1762 3139 1845 3210 possit

238 3217 373 3282 scientias,
390 3219 448 3286 jam
468 3234 518 3288 per
539 3225 580 3272 tot
598 3233 729 3273 annorum
754 3219 850 3288 spatia,
873 3218 921 3273 vix
941 3236 1024 3274 unum
1064 3217 1166 3274 Verum
1179 3236 1232 3273 non
1252 3219 1318 3273 satis
1337 3217 1393 3271 illis
1412 3224 1461 3280 est,
1474 3217 1508 3270 de
1521 3232 1551 3270 se
1564 3217 1696 3280 confiteri,
1710 3218 1761 3272 aed
1780 3220 1845 3289 qnie-

238 3298 455 3366 experimentum
469 3297 565 3351 adduci
578 3305 674 3366 potest,
688 3297 759 3368 quod
772 3298 806 3351 ad
819 3297 961 3352 hominum
971 3307 1025 3352 sta·
1063 3300 1128 3370 quid
1140 3299 1192 3353 sibi
1206 3298 1272 3367 ipsis
1286 3304 1333 3350 aut
1347 3296 1482 3367 msghtris
1494 3296 1552 3350 suis
1562 3295 1741 3367 incognitum,
1756 3308 1801 3352 aut
1811 3299 1845 3350 in·

237 3384 295 3430 tum
307 3375 449 3432 levandum
465 3385 492 3430 et
508 3375 657 3445 jurandum
670 3384 783 3446 spectet,
797 3385 825 3431 et
843 3376 1026 3447 philosophiae
1063 3386 1162 3432 tactum
1180 3378 1267 3441 luerit,
1281 3376 1310 3429 id
1324 3384 1404 3430 extra
1421 3376 1550 3429 terminos
1569 3375 1711 3444 possibilis
1732 3387 1844 3447 pouum;

238 3454 464 3525 speculationibus
477 3455 764 3525 acdogmatibusvere
778 3464 918 3526 acceptum
930 3456 1025 3511 referri
1063 3464 1091 3511 et
1109 3467 1237 3528 tanquam
1257 3472 1293 3509 ex
1313 3462 1371 3509 arte
1391 3455 1500 3525 cognitu
1523 3462 1569 3508 aut
1590 3453 1663 3509 factu
1684 3455 1843 3525 impossibile

238 3536 331 3603 possit
374 3535 457 3606 ldqne
469 3535 564 3589 Celsos
577 3534 695 3603 ingenue
709 3551 740 3588 ac
753 3534 898 3605 prudenter
911 3536 1023 3600 fateturr
1063 3536 1255 3605 pronunciant:
1276 3551 1382 3589 summa
1394 3533 1522 3604 superbia
1534 3543 1562 3588 et
1574 3533 1678 3588 invidia
1692 3551 1800 3590 snorum
1812 3536 1845 3588 in

236 3614 372 3678 nimirum,
387 3614 575 3685 experimenta
590 3613 731 3667 medicina
753 3613 841 3682 primo
861 3614 971 3668 inventa
983 3614 1025 3668 tu·
1062 3622 1202 3668 ventorum
1217 3614 1408 3677 infirmitatem,
1421 3614 1450 3666 in
1464 3621 1568 3667 naturas
1585 3613 1674 3683 ipsius
1689 3613 1845 3670 calumniam

236 3692 300 3757 isse,
314 3711 345 3746 ac
359 3703 454 3764 postea
467 3694 592 3748 homines
605 3692 678 3746 circa
691 3709 724 3746 ca
737 3691 943 3763 philosophatos
956 3709 1023 3758 esse,
1062 3701 1090 3747 et
1103 3693 1217 3748 aliorum
1231 3695 1350 3762 omnium
1365 3692 1579 3763 desperationem
1594 3700 1738 3748 vertentes
1781 3694 1846 3747 Hine

236 3780 265 3827 et
282 3788 380 3828 causas
400 3773 542 3843 indagasse
562 3780 590 3825 et
607 3772 779 3842 assignasse:
800 3788 854 3826 non
873 3772 965 3826 ordine
981 3773 1024 3826 in·
1063 3773 1157 3828 schola
1170 3772 1323 3827 Academia
1342 3788 1426 3836 norm,
1448 3788 1508 3841 quas
1528 3773 1721 3842 acutulepsr'car
1739 3789 1777 3828 ex
1795 3790 1846 3842 pro

236 3868 316 3906 verso
329 3853 458 3916 evenisse,
472 3858 503 3905 ut
524 3868 559 3906 ex
574 3850 750 3921 philosophia
763 3859 791 3905 et
803 3867 945 3905 causarum
959 3869 1024 3923 cog·
1063 3852 1134 3907 fesso
1158 3853 1250 3916 tenuit,
1269 3862 1298 3906 et
1321 3851 1445 3906 homines
1469 3850 1504 3904 ad
1525 3850 1707 3921 sempiternas
1729 3853 1846 3906 tenebat

237 3930 346 3995 nitioue,
370 3932 430 4001 ipsa
452 3932 640 4001 experimenta
664 3931 774 3984 inventa
796 3939 845 3985 ant
866 3930 1024 4000 deprompta
1063 3932 1206 3986 damnavit
1248 3931 1321 3986 Hinc
1335 3929 1435 4001 opinio,
1447 3929 1519 4000 quod
1532 3930 1626 3985 torma
1640 3931 1699 3985 sire
1713 3933 1796 3986 rama
1809 3947 1846 3985 re·

238 4017 336 4064 essent.
386 4010 480 4081 ltaque
504 4011 602 4064 mirum
624 4026 677 4063 non
703 4017 768 4073 erat,
791 4010 863 4080 apud
882 4010 1025 4079 AEgyptios
1062 4029 1123 4065 rum
1138 4008 1386 4083 differentioe(qum
1402 4026 1504 4064 reversa
1521 4008 1764 4079 suntlegesactus
1777 4005 1845 4080 parri)

238 4089 299 4158 (qui
313 4106 403 4144 rerum
425 4090 607 4144 inventoribus
621 4089 791 4144 divinitatem
804 4097 831 4143 ct
844 4089 1024 4143 consecratio·
1062 4091 1174 4145 inventu
1190 4088 1373 4159 impossibiles
1387 4089 1450 4153 sint,
1464 4095 1491 4142 et
1506 4088 1575 4142 ultra
1589 4088 1738 4143 bominem.
1781 4091 1845 4142 Hinc

237 4183 300 4222 nem
313 4168 502 4236 attribuerunt)
517 4167 608 4238 plures
621 4168 703 4223 tuisse
717 4169 854 4223 brutorum
867 4166 1024 4222 animalium
1063 4170 1203 4240 opiniones
1215 4168 1272 4224 illm
1284 4168 1413 4222 inactiva
1426 4175 1454 4221 et
1468 4167 1607 4237 operativa
1619 4175 1713 4236 parte;
1734 4166 1845 4220 odorem

237 4246 379 4318 imagines,
389 4266 470 4318 quam
485 4247 640 4301 bominum:
662 4248 726 4318 quia
739 4248 816 4301 bruta
829 4246 965 4311 animalia,
976 4264 1025 4316 per
1063 4248 1128 4303 solis
1142 4256 1170 4302 et
1182 4249 1254 4319 ignis
1267 4255 1324 4302 toto
1338 4264 1437 4318 genere
1456 4247 1580 4309 differre;
1600 4262 1635 4300 nc
1650 4245 1756 4300 scilicet
1768 4246 1846 4300 horni-

236 4324 379 4380 instinctus
396 4326 541 4390 naturales,
555 4326 640 4380 multa
657 4327 765 4380 inventa
779 4335 957 4395 pepererunt;
977 4327 1024 4381 nbi
1063 4344 1111 4382 nes
1133 4336 1228 4397 putent
1244 4343 1281 4390 se,
1301 4343 1350 4395 par
1370 4342 1453 4397 opera
1472 4326 1553 4396 iguis,
1575 4324 1680 4395 aliquid
1699 4326 1790 4381 simile
1807 4325 1845 4382 iis.

237 4399 369 4468 homines,
383 4423 420 4459 ex
432 4406 600 4461 sermonibus
615 4414 643 4459 et
655 4405 871 4460 conclusionibus
886 4405 1024 4459 rationali·
1063 4425 1123 4477 qum
1131 4408 1158 4460 ia
1166 4414 1261 4461 namra
1271 4406 1344 4470 fiunt,
1355 4406 1468 4460 educere
1477 4413 1504 4458 et
1518 4405 1633 4459 formare
1648 4421 1738 4474 posse.
1780 4405 1844 4458 Hinc
1878 4473 1879 4478 ἵ

237 4483 294 4546 bus,
306 4500 393 4553 pauca
406 4495 454 4539 aut
466 4486 542 4539 nulla
555 4484 736 4538 exhibuerint
1062 4486 1146 4540 illud:
1167 4486 1389 4555 compositionem
1407 4491 1512 4538 tantum
1529 4500 1597 4553 opus
1610 4483 1739 4546 hominia,
1754 4484 1846 4538 mistio
1878 4491 1879 4496 ’

276 4562 314 4616 At
334 4563 516 4618 chemicorum
535 4563 666 4617 industria
686 4564 816 4618 nonnulla
836 4562 956 4633 peperit3
977 4562 1024 4616 scd
1061 4580 1125 4619 nem
1138 4582 1203 4619 vero
1223 4580 1290 4633 opus
1311 4564 1396 4618 solius
1415 4571 1518 4617 naturae
1532 4580 1608 4626 esse;
1629 4579 1664 4616 ne
1681 4563 1788 4617 scilicet
1804 4562 1845 4616 bo

236 4649 364 4712 tanquam
377 4642 488 4697 fortuito
500 4651 528 4698 et
541 4643 634 4706 obiter,
649 4650 695 4697 sut
716 4659 765 4712 per
779 4642 1022 4712 experimentorum
1062 4644 1148 4698 mines
1159 4651 1267 4713 sperent
1280 4644 1400 4714 aliquam
1413 4659 1449 4696 ex
1462 4650 1519 4696 arte
1531 4657 1674 4711 corporum
1687 4641 1844 4696 naturalium

237 4721 371 4791 quandam
399 4722 575 4776 rnmauonem
599 4723 643 4792 (ut
669 4721 820 4776 mechanici
848 4721 948 4790 solent)
970 4739 1024 4775 non
1062 4725 1271 4793 generationem,
1297 4731 1345 4776 aut
1370 4721 1644 4775 transformationem.
1702 4721 1795 4792 ltaque
1815 4735 1845 4773 cr

236 4809 341 4855 exarte
355 4808 403 4854 ant
416 4802 520 4856 theoria
533 4800 638 4871 aliqua3
659 4817 723 4854 nam
737 4818 777 4865 aa,
792 4817 873 4873 quam
887 4801 1024 4855 confinxe-
1062 4802 1114 4856 hoc
1127 4804 1206 4872 signo
1218 4801 1343 4856 homines
1361 4801 1413 4855 sibi
1437 4799 1593 4869 persuaderi
1613 4797 1693 4854 facile
1708 4801 1844 4871 patientur.

236 4888 306 4943 runt,
321 4880 506 4950 experimenta
517 4882 604 4950 magis
612 4882 757 4949 perturbat,
769 4881 941 4950 quamjtirst.
972 4879 1024 4932 Eo
1062 4897 1096 4935 ne
1110 4898 1172 4935 cum
1186 4879 1354 4951 dogmatibus
1367 4895 1421 4933 non
1435 4878 1523 4933 solum
1533 4878 1695 4949 desperatis,
1710 4878 1844 4933 cedmon

237 4976 297 5014 rum
318 4961 408 5023 etism,
429 4962 476 5032 qui
499 4961 529 5014 in
549 4961 640 5028 magia
665 4963 759 5030 (quam
777 4959 887 5027 vocant)
907 4958 1024 5013 naturali
1062 4959 1244 5030 desperationi
1263 4958 1375 5024 devotis,
1389 4958 1511 5013 fortunas
1531 4975 1595 5014 suaa
1614 4965 1644 5012 ct
1662 4958 1771 5013 labores
1788 4956 1845 5012 mis

236 5040 333 5092 versati
345 5046 414 5103 sunt,
424 5056 511 5110 pauca
524 5038 693 5108 reperiuntur
703 5039 827 5103 incents;
849 5055 933 5109 eaque
943 5037 1023 5102 levia,
1061 5046 1147 5094 ceant.

237 5126 264 5170 et
277 5118 577 5189 imposturmpropiorn.
618 5117 1024 5188 Quocirca,quemsdmodumin

236 5196 368 5267 religione
390 5207 506 5258 caretur,
520 5204 550 5249 ut
564 5195 630 5249 fides
649 5213 685 5249 ex
703 5197 830 5265 operibus
847 5203 1023 5260 monstratum

236 5275 308 5329 idem
327 5277 463 5329 etiamad
484 5274 686 5345 philosophiam
707 5275 809 5344 optime
827 5275 980 5340 traducitur,
995 5282 1026 5329 ut
1101 5274 1200 5344 Neque
1218 5271 1287 5325 illud
1310 5271 1417 5340 signum
1437 5270 1698 5341 pratermittendum
1715 5277 1761 5332 est,
1779 5265 1843 5338 qnod

237 5370 273 5408 ex
288 5354 419 5408 fructibus
432 5356 572 5416 indicetur,
586 5361 613 5406 et
624 5369 693 5406 sana
706 5352 839 5407 habeatnr
852 5371 912 5424 quae
925 5353 1025 5408 sterilis
1063 5359 1138 5406 tanta
1151 5351 1312 5407 fueritintcr
1325 5349 1503 5420 philosophos
1513 5350 1580 5404 olim
1588 5350 1728 5414 dissensio,
1736 5356 1763 5402 et
1770 5346 1843 5401 scho-

237 5433 289 5486 sit:
310 5432 391 5502 idque
406 5451 439 5488 co
451 5433 547 5505 magis,
561 5432 585 5485 si
602 5431 662 5486 loco
677 5432 809 5486 fructuum
824 5449 883 5489 uva
897 5439 925 5488 et
938 5432 1024 5500 oliva,
1062 5430 1148 5486 larum
1162 5432 1281 5501 ipsarum
1295 5430 1427 5485 sanctas:
1449 5430 1522 5500 quod
1535 5429 1602 5485 satia
1616 5430 1738 5496 ostendit,
1748 5427 1843 5481 riam

1414 2174 1503 2214 LxxV.

586 2727 688 2767 axxnt

1408 5176 1513 5216 LXXVL
