3800 5875
70 251 133 307 Cur.
150 252 173 307 Ι.
574 249 625 305 DE
646 248 872 306 AUGMENTIS
894 251 1169 308 SCIBNTIARUM.
1630 253 1688 308 343

69 418 247 475 sustentantur,
261 415 289 464 et
305 408 496 466 testificantur.
537 408 583 462 Sic
604 406 730 462 ridemus
745 407 852 463 Cicero-
891 408 929 463 rit
941 410 1069 465 virtutum
1090 410 1233 464 moralium
1253 409 1352 479 palmae
1372 424 1427 463 non
1448 409 1537 464 minus
1557 412 1686 478 celebres,

69 507 124 543 nem
135 497 273 553 oratorem,
288 489 321 542 de
336 488 448 543 Socrate
462 496 490 542 et
504 487 564 555 ejus
578 487 674 543 schola
687 503 852 558 conqueren·
892 506 974 559 quam
988 489 1225 544 intellectualium.
1268 489 1402 550 Quantam
1425 506 1483 542 rem
1506 491 1536 542 in
1557 493 1687 546 exercitio

69 579 123 632 tem,
137 569 204 639 quod
217 569 263 622 hic
277 569 380 638 primus
397 567 603 637 philosophiam
618 583 635 620 a
648 567 786 621 rhetorica
798 569 852 622 dis·
890 569 1031 637 patientia
1041 569 1154 623 exhibet
1163 568 1279 623 historia
1289 567 1338 621 illa
1348 568 1458 639 vulgata
1468 569 1502 621 de
1512 569 1685 636 Anaxarcho,

66 649 182 715 junxerit,
192 649 263 702 unde
275 649 346 701 sacta
355 648 392 701 sit
404 648 542 702 rhetorica
551 663 596 700 ars
608 645 711 716 loquax
719 647 849 702 etinsnis.
891 649 937 718 qui
949 649 1093 718 quaestioni
1105 658 1132 702 et
1142 649 1283 702 tormentis
1293 648 1437 715 subjectus,
1447 646 1570 719 linguam
1579 649 1685 717 (indicii

70 729 170 782 Constat
188 727 312 781 similiter
326 727 487 780 sententiam
501 725 645 797 Copemici
666 726 850 780 denotatione
889 731 979 795 spem)
995 728 1120 781 dentibus
1141 728 1286 797 praescidit,
1301 735 1329 782 et
1341 728 1370 780 in
1385 744 1415 780 os
1426 728 1534 796 tyranni
1549 729 1683 799 exspuit?

70 809 215 877 terra(quae
227 824 300 861 nunc
314 823 422 876 qnoque
435 806 565 873 invaluit)
580 804 849 875 quiaphaenomcnis
889 806 988 876 Neque
1010 806 1153 861 tolerantia
1175 808 1247 861 cedit
1266 807 1344 876 (licet
1366 806 1498 877 dignitate
1523 806 1683 878 plurimum)

70 894 260 957 noumpugnat,
275 886 311 939 ab
324 885 511 939 astronomicis
530 885 672 954 principiis
692 900 748 938 non
767 901 849 954 posse
889 887 961 955 quod
984 886 1077 940 seculo
1100 894 1193 940 nostro
1215 886 1314 941 accidit
1336 887 1364 939 in
1387 887 1536 957 Burgundo
1557 888 1683 957 quodam,

71 965 169 1028 miron
189 983 205 1019 a
225 965 360 1019 naturalis
381 972 470 1019 tamen
492 963 676 1034 philosophia
697 963 847 1034 principiis,
889 964 1019 1034 principis
1033 965 1243 1020 Arausionensis
1253 965 1423 1020 interfectore
1431 988 1443 1030 ς,
1453 966 1479 1019 is
1490 968 1575 1037 virgis
1587 967 1683 1022 ferreis

70 1045 329 1116 nrtepositisposse.
350 1045 444 1098 Artem
453 1044 569 1115 deniqne
577 1043 710 1097 medicam
719 1042 848 1108 videmus,
887 1043 1052 1115 flagellatus,
1073 1052 1101 1098 et
1124 1046 1271 1115 forcipibus
1294 1046 1388 1115 ignitis
1412 1044 1554 1111 laceratus,
1576 1047 1682 1101 nubum

70 1124 117 1178 sis
133 1125 245 1179 naturali
267 1123 443 1195 philosophia
465 1124 634 1185 destituatur,
656 1122 847 1192 empiricorum
886 1140 996 1193 prorsus
1006 1124 1139 1194 gemitum
1147 1126 1244 1180 edidit:
1260 1125 1408 1195 quinetiam
1418 1126 1555 1179 cumiortc
1567 1126 1682 1181 tractum

71 1204 133 1272 praxi
154 1203 225 1258 haud
246 1204 365 1258 multum
385 1211 523 1273 praestare.
564 1202 626 1256 Hoc
647 1201 731 1273 igitur
750 1204 847 1272 posito,
886 1202 990 1273 aliquid
999 1203 1116 1273 desuper
1125 1205 1155 1258 in
1165 1214 1245 1275 caput
1255 1204 1370 1258 astantis
1380 1206 1533 1276 cujuspiam
1542 1205 1680 1271 incideret,

71 1282 210 1337 accedamus
232 1284 267 1338 ad
288 1283 440 1337 doctrinam
462 1283 496 1337 ds
517 1282 636 1336 homine.
678 1280 720 1334 ua
746 1281 848 1351 duplex
885 1283 1018 1338 ustulatus
1035 1284 1094 1352 jam
1108 1283 1216 1350 nebulo,
1232 1291 1261 1338 et
1275 1284 1305 1337 in
1323 1284 1420 1339 mediis
1443 1285 1589 1348 tormentis,
1604 1285 1679 1352 risit;

70 1374 116 1417 cst:
132 1372 176 1417 aut
189 1363 261 1418 enim
280 1362 481 1432 contemplatur
501 1362 639 1417 hominem
662 1370 846 1431 segregatum,
886 1362 933 1432 qui
953 1371 1043 1417 tamen
1063 1363 1144 1433 paulo
1166 1371 1310 1428 antaeum
1324 1363 1441 1418 cincinni
1463 1363 1597 1434 capillitii,
1612 1383 1680 1437 quos

70 1442 581 1514 cutcougregatumatqueinsocietate.
617 1440 846 1497 Alteramharum
885 1442 1017 1512 gestabat,
1033 1444 1214 1508 tonderentur,
1228 1444 1348 1498 fleverat.
1388 1442 1480 1497 Animi
1491 1461 1597 1515 quoque
1609 1446 1680 1499 mira

70 1521 251 1594 philosophiam
262 1522 455 1587 humanitatis;
470 1522 585 1576 alteram
592 1520 701 1576 civilem
707 1536 844 1575 vocamus.
885 1523 1017 1576 serenitas
1030 1531 1058 1577 ct
1071 1523 1209 1586 securitas,
1224 1523 1274 1578 sub
1292 1523 1384 1592 ipsum
1405 1530 1512 1593 tempus
1534 1525 1636 1588 mortis,
1650 1526 1680 1579 in

70 1600 228 1673 Philosophia
246 1602 428 1657 humanitatis
447 1601 504 1656 sire
526 1601 647 1656 humans
668 1617 704 1653 ex
724 1601 846 1671 partibus
884 1599 1006 1670 pluribus
1019 1602 1125 1657 enituit.
1166 1602 1260 1663 Qualis
1277 1600 1330 1656 suit
1349 1600 1399 1655 illa
1418 1602 1585 1658 centurionis
1606 1605 1679 1673 apud

70 1680 254 1747 similibasillis,
263 1682 411 1753 exquibus
420 1681 577 1752 homoipse,
586 1679 726 1735 consistit:
746 1696 845 1750 nempe
885 1680 1029 1736 Tacitum:
1057 1682 1082 1736 is
1101 1699 1163 1736 curn
1182 1699 1199 1736 a
1217 1682 1311 1746 milite,
1334 1683 1381 1752 qui
1402 1699 1464 1735 eum
1487 1699 1523 1736 ex
1544 1683 1678 1753 imperato

70 1778 97 1814 er
108 1762 224 1827 scientiis,
238 1780 303 1833 qum
321 1762 396 1816 circa
409 1778 524 1832 corpus;
546 1768 624 1815 etex
637 1758 768 1824 scientiis,
784 1778 845 1830 quea
884 1760 1022 1815 occisurus
1035 1769 1115 1824 esset,
1127 1762 1274 1828 juberetur,
1289 1771 1319 1816 ιιι
1329 1762 1448 1816 cervices
1462 1761 1613 1832 porrigeret
1627 1764 1678 1817 ior-

70 1841 127 1892 circs
137 1842 250 1895 animam
263 1850 418 1896 versantur.
883 1840 955 1902 titer,
970 1847 987 1872 “
998 1841 1135 1906 Utinam,'’
1150 1842 1240 1913 inquit
1251 1840 1306 1906 ille,
1322 1847 1338 1873 “
1349 1849 1378 1895 ta
1389 1848 1443 1895 tam
1453 1842 1558 1895 fortiter
1568 1842 1676 1896 lerisa’'

100 1919 187 1975 Verum
200 1922 364 1992 priusquam
381 1920 583 1975 distributionis
597 1918 773 1989 particulares
786 1936 845 1989 per·
883 1919 921 1973 At
934 1919 1055 1975 ioannes
1070 1921 1125 1976 dux
1139 1922 1274 1984 Saxonis,
1285 1938 1348 1974 cum
1360 1921 1431 1975 inter
1444 1919 1537 1975 ludam
1552 1921 1677 1976 scaccho-

70 2015 197 2069 mqusmur,
210 2002 413 2055 constituamus
424 1999 569 2054 scientiam
581 2016 665 2054 unam
679 1998 844 2070 generalem,
883 2017 943 2054 rum
958 1999 1086 2072 diploma,
1101 2018 1155 2071 quo
1168 2018 1223 2055 nea
1237 2001 1296 2069 ejus
1309 2001 1339 2054 in
1352 2009 1490 2070 posterum
1509 2000 1582 2053 diem
1603 2018 1678 2054 man·

70 2077 190 2134 hunum
206 2088 234 2134 et
250 2087 327 2135 statu
349 2080 487 2135 hominis:
509 2079 593 2149 digna
615 2078 690 2133 enim
707 2086 780 2132 certe
801 2096 845 2133 res
883 2079 1006 2144 dabatur,
1032 2080 1145 2134 allatum
1172 2087 1250 2143 esset,
1273 2087 1408 2134 astantem
1431 2080 1567 2151 quendam
1589 2081 1625 2133 ad
1647 2097 1677 2135 sc

71 2168 107 2220 est,
124 2168 150 2213 ut
168 2161 358 2230 emancipetur
379 2160 437 2216 hac
462 2159 584 2222 scientia,
607 2159 682 2212 etin
704 2160 844 2213 scientiam
883 2161 996 2224 vocavit,
1011 2168 1039 2213 et
1051 2160 1211 2214 subridens:
1234 2159 1384 2230 “Specta”
1398 2159 1493 2230 inquit,
1510 2166 1601 2213 “num
1622 2177 1677 2215 non

70 2240 331 2311 sonumredigstur.
373 2239 523 2295 Conficitur
541 2247 631 2293 autern
645 2238 694 2291 illa
707 2254 743 2292 ex
756 2239 790 2292 iis
804 2255 845 2293 re-
883 2239 1002 2308 potiores
1016 2247 1107 2308 partes
1119 2239 1176 2293 ludi
1190 2239 1271 2308 hujus
1286 2248 1402 2293 teneam.
1446 2239 1500 2294 Iste
1514 2240 1613 2293 eaim”
1629 2240 1677 2308 (ad

70 2315 114 2381 bus,
126 2336 181 2389 qua
193 2327 254 2374 sunt
266 2327 328 2374 tam
341 2320 448 2391 corpori
466 2335 549 2389 quam
564 2318 663 2372 animae
677 2334 843 2373 communes
882 2318 1045 2373 collusorem
1055 2319 1184 2390 innuens)
1198 2325 1214 2350 ‘⁴
1222 2336 1267 2374 me
1281 2327 1395 2382 mortuo,
1403 2318 1525 2387 jactabit,
1536 2336 1599 2373 suas
1610 2320 1677 2390 poti-

71 2395 226 2462 Runmhnc
240 2400 362 2454 scientia
374 2400 515 2454 denatura
528 2406 555 2452 et
568 2406 639 2453 statu
652 2397 844 2463 hominisdis-
883 2415 944 2452 ores
967 2407 1058 2469 partes
1081 2398 1193 2453 iuisse.”
1234 2399 1335 2453 Noster
1358 2415 1422 2453 vero
1444 2398 1547 2462 Morus,
1569 2398 1677 2469 Anglioe

71 2476 134 2531 trilni
145 2486 228 2548 potest
239 2479 350 2533 induas
363 2487 469 2549 partes3
491 2478 662 2532 attribuendo
675 2476 754 2531 alteri
769 2487 845 2533 natu·
883 2478 1069 2543 cancellarius,
1082 2495 1146 2534 cum
1164 2478 1251 2548 pridie
1265 2495 1320 2550 quo
1333 2479 1478 2532 moriturus
1491 2485 1572 2543 esset,
1586 2487 1677 2533 tonsor

71 2556 229 2613 nahominis
238 2559 398 2624 indivisam,
406 2558 483 2613 alteri
495 2556 636 2612 maculam
645 2558 736 2628 ipsum
747 2558 844 2612 animae
882 2557 917 2612 sd
940 2575 1004 2612 cum
1027 2558 1132 2612 veniret
1154 2559 1268 2628 (missus
1291 2555 1395 2613 scilicet
1415 2557 1450 2611 ad
1474 2558 1533 2621 hoc,
1547 2575 1582 2611 ne
1606 2558 1676 2612 forte

71 2638 221 2706 sarpam:
241 2655 363 2709 quarum
379 2638 496 2709 primam
512 2637 664 2692 doctrinam
678 2637 711 2690 de
725 2654 845 2708 persona
882 2637 1016 2707 capillitio
1028 2638 1163 2708 promisso
1172 2645 1245 2692 esset
1254 2638 1327 2708 apud
1340 2636 1470 2711 populum
1480 2638 1510 2691 in
1521 2638 1677 2707 spectaculo

71 2712 173 2780 hominis,
186 2719 337 2773 secundam
351 2718 500 2773 doctrinam
513 2717 546 2772 de
564 2716 843 2773 l'oedere'sooabimus
882 2717 1076 2787 miserabilior)
1091 2735 1205 2790 eumque
1225 2720 1409 2789 interrogaret,
1423 2733 1488 2771 aum
1502 2717 1605 2770 tonderi
1619 2717 1677 2787 pla·

71 2791 843 2865 liquetsutemhmcomniacumsinteommuniaetmixta,
881 2804 973 2863 aeret,
994 2798 1090 2863 renuit,
1104 2805 1186 2869 atque
1205 2797 1240 2851 sd
1262 2805 1396 2851 tonsorem
1418 2813 1529 2851 versus:
1551 2796 1674 2861 “Mihi''

71 2873 845 2947 punnillidivisionisoientiarumeircscorpus,etscienti·
881 2877 982 2949 inquit,
997 2883 1083 2931 “cum
1097 2895 1161 2950 rege
1174 2878 1208 2932 de
1228 2876 1317 2947 capite
1339 2893 1402 2931 meo
1421 2876 1602 2930 controversia
1615 2884 1674 2941 est;

71 2956 842 3029 ammcircaanimamversautium,assignarinonpotuisse.
883 2967 1029 3029 antequam
1040 2975 1105 3012 vero
1117 2957 1166 3012 ills
1176 2958 1321 3013 terminata
1331 2956 1419 3021 luerit,
1429 2964 1552 3026 sumptus
1564 2957 1594 3009 in
1607 2955 1676 3012 illud

100 3033 214 3091 Doctrina
226 3039 260 3092 de
275 3055 398 3111 pemona
416 3038 535 3093 hominis
551 3037 620 3092 duas
640 3053 685 3092 res
707 3038 844 3108 proecipoe
882 3053 935 3091 non
949 3037 1075 3092 iaciam”
1111 3037 1183 3099 Quin
1197 3037 1320 3102 etidem,
1334 3038 1385 3091 sub
1398 3037 1488 3107 ipsum
1502 3035 1597 3090 mortis
1611 3037 1675 3091 arti-

71 3115 248 3184 mmplectitur3
277 3118 527 3188 contemplationes
547 3116 652 3172 scilicet
673 3117 707 3171 de
727 3117 844 3172 miseriis
882 3117 981 3183 culum,
1004 3127 1150 3188 postquam
1175 3116 1235 3192 jam
1258 3123 1341 3187 caput
1363 3116 1392 3170 in
1416 3125 1539 3170 huncum
1563 3116 1675 3172 fatalem

72 3190 161 3250 humaui
178 3198 301 3267 generis3
327 3207 354 3252 et
374 3198 408 3252 de
429 3199 551 3266 ejusdem
573 3196 764 3268 prerogativis
786 3198 843 3252 sive
881 3195 1046 3261 reclinasset,
1060 3213 1154 3252 rursus
1167 3213 1197 3250 sc
1211 3196 1350 3267 paululum
1364 3195 1460 3259 erexit,
1472 3202 1501 3250 et
1510 3194 1602 3259 barba,
1614 3213 1675 3267 quaa

29 3324 30 3341 ,
71 3274 220 3332 amantis
260 3278 357 3349 Atque
376 3278 527 3348 deploratio
545 3277 725 3332 humanarum
746 3294 843 3332 arum·
882 3277 980 3331 eierat
998 3277 1163 3348 promissior,
1177 3277 1276 3331 leniter
1297 3283 1395 3339 amota,
1411 3273 1472 3328 “At
1491 3282 1565 3329 certe
1588 3274 1674 3340 haec,”

29 3382 30 3391 ι
70 3355 294 3428 nnuelegmter
309 3359 462 3428 etcopiose
476 3375 494 3411 a
514 3357 700 3427 compluribus
714 3356 844 3410 adamata
881 3356 977 3427 inquit,
992 3363 1072 3411 “non
1087 3356 1198 3411 offendit
1216 3357 1335 3427 regern.'’
1377 3355 1486 3419 Verum,
1501 3372 1535 3409 ne
1549 3354 1601 3407 hoc
1615 3354 1676 3409 loco

29 3496 30 3515 χ
71 3439 108 3494 ‘tl
118 3440 167 3490 um
178 3437 206 3490 ia
218 3437 334 3507 scriptis
346 3436 552 3508 philosophicis,
566 3453 649 3507 quam
663 3434 842 3508 theologicis:
882 3434 1019 3507 longiores
1039 3437 1131 3501 simus,
1146 3436 1214 3491 satis
1228 3444 1302 3506 patet
1316 3435 1382 3507 quid
1394 3435 1516 3498 velimus,
1530 3451 1629 3504 nempe
1645 3443 1676 3489 ut

29 3562 30 3569 ,
70 3520 144 3583 taque
155 3532 197 3570 res
209 3526 239 3571 et
251 3517 344 3572 dulcis
357 3517 440 3572 simul
453 3524 482 3571 et
495 3515 620 3571 salubris.
881 3516 1013 3570 miracula
1025 3526 1130 3571 naturae
1144 3516 1276 3581 humana,
1291 3516 1416 3586 viresque
1430 3515 1490 3582 ejus
1510 3521 1540 3568 et
1560 3514 1675 3568 virtutes

29 3584 31 3605 '
99 3591 179 3648 stau
187 3596 275 3651 altera
285 3597 324 3651 (le
333 3597 529 3668 praerogativis,
541 3596 624 3667 digna
632 3595 692 3648 sisa
703 3610 745 3648 res
755 3595 843 3660 nobis,
881 3595 983 3650 rrltimae
998 3604 1053 3650 tam
1064 3596 1148 3650 animi
1160 3613 1241 3667 quam
1251 3595 1380 3666 corporis,
1391 3593 1554 3649 incolumen
1564 3592 1676 3664 aliquod

71 3685 116 3738 ιω
137 3673 201 3729 inter
225 3677 384 3733 desiderata
409 3683 585 3747 proponatur.
633 3674 843 3743 Elegantissime
881 3675 1060 3745 colligantur;
1082 3675 1246 3746 quodiuerit
1259 3676 1344 3730 instar
1357 3676 1486 3729 fastomm
1500 3673 1534 3727 de
1548 3673 1675 3728 humanis

71 3759 125 3804 cene
136 3753 263 3825 Pindarus
278 3760 327 3824 (ut
339 3756 489 3827 plerunque
502 3754 583 3821 solet)
598 3754 671 3808 inter
679 3751 843 3809 laudandum
881 3754 1036 3825 triumphis.
1076 3755 1136 3816 Qua
1156 3757 1184 3809 in
1206 3772 1235 3809 re
1255 3756 1411 3810 institutum
1431 3753 1534 3807 Valerii
1556 3753 1674 3807 Maximi

72 3825 194 3887 [sinonem
202 3836 248 3900 ait,
264 3842 281 3868 “
289 3836 365 3890 Eum
374 3837 519 3906 decerpere
533 3832 703 3888 summitates
714 3850 750 3888 ex
759 3835 843 3888 omui·
881 3842 909 3888 et
918 3835 950 3888 C.
963 3834 1046 3888 Plinii
1057 3835 1212 3905 probamus,
1221 3835 1391 3906 diligentiam
1402 3841 1429 3888 et
1436 3834 1570 3903 judicium
1581 3849 1675 3888 eorum

71 3902 279 3970 bunmabussst
324 3914 461 3986 Equidem
482 3914 629 3985 plurimum
649 3913 685 3967 ad
705 3914 843 3983 magnani-
881 3914 1053 3985 requirimus.

73 3986 170 4045 nitatem
182 4002 209 4046 et
221 3994 377 4049 humanum
387 3996 470 4049 decus
480 3993 603 4047 conferre
618 4009 697 4063 posse
711 4000 842 4062 putarem,
920 3991 1056 4055 Quantum
1069 3993 1105 4047 ad
1117 3993 1268 4047 doctrinam
1290 3992 1324 4046 de
1343 3991 1452 4058 loedere,
1468 3992 1525 4048 sire
1547 3993 1581 4048 de
1603 4009 1675 4048 com-

73 4065 242 4128 siultimitates
257 4076 303 4145 (ut
317 4072 463 4144 loquuntur
484 4072 654 4139 scholastici)
668 4073 726 4125 sive
739 4074 844 4125 summi·
881 4073 957 4126 muni
976 4071 1084 4127 vinculo
1102 4074 1201 4127 animae
1213 4079 1243 4127 et
1255 4072 1392 4142 corporis;
1413 4089 1447 4126 ea
1459 4073 1490 4126 in
1502 4074 1569 4128 duas
1583 4080 1675 4143 partes

73 4150 174 4215 ‘meiat
193 4150 342 4221 Pindarus)
357 4153 484 4208 humanis
505 4159 611 4207 natura
631 4151 842 4222 colligerenture
881 4152 962 4205 tribui
977 4152 1071 4221 possit.
1112 4151 1344 4212 Quemadmodum
1358 4152 1430 4206 euim
1445 4154 1516 4207 inter
1530 4153 1675 4207 laceratos

74 4228 184 4297 Μάριε
198 4249 233 4287 ex
246 4233 370 4287 historias
383 4234 444 4288 fide.
489 4230 560 4287 lllud
573 4238 614 4286 est
632 4231 698 4301 quid
717 4230 843 4285 ultimum
880 4230 1056 4295 intercedunt,
1070 4238 1306 4286 etmutuarerum
1328 4249 1438 4286 suarum
1458 4233 1674 4297 communicatio,

73 4310 94 4352 ²⁸
103 4322 242 4376 maturum
253 4311 346 4376 inerit,
358 4329 413 4382 quo
426 4328 545 4383 unquam
559 4310 679 4365 humana
688 4318 785 4363 natura
795 4327 845 4380 per
881 4319 909 4364 et
922 4319 1015 4366 mutua
1028 4310 1134 4376 officia3
1156 4311 1196 4366 sic
1210 4311 1296 4366 ioedus
1309 4311 1384 4365 istud
1396 4312 1496 4367 animas
1510 4321 1538 4368 et
1555 4312 1675 4382 corporis

74 4394 95 4432 tt
106 4389 289 4456 ascendentia
301 4391 418 4462 singulis
428 4398 457 4444 et
466 4391 587 4460 corporis
596 4399 625 4444 et
633 4390 718 4444 animi
728 4390 842 4444 dotibus.
880 4391 986 4446 duabus
1000 4391 1126 4446 similiter
1139 4392 1220 4446 rebus
1238 4391 1406 4447 continetur:
1427 4393 1558 4447 nimimm
1578 4401 1607 4446 ut
1628 4391 1676 4446 de-

74 4457 157 4519 bana
175 4485 225 4532 res,
240 4486 304 4541 qum
323 4471 359 4524 de
380 4469 490 4525 casare
503 4477 635 4534 narratur,
649 4469 722 4540 quod
734 4485 844 4523 amana·
882 4471 1158 4540 scribaturquomodo
1167 4470 1227 4525 hacc
1238 4472 1292 4526 duo
1301 4471 1404 4540 (anima
1413 4472 1518 4527 scilicet
1527 4480 1554 4525 ct
1565 4469 1674 4541 corpus)

73 4541 162 4598 tutibus
179 4548 298 4620 quiaque
320 4549 402 4605 simul
423 4551 524 4603 dictare
537 4548 697 4603 suffecerit?
731 4548 802 4609 Quin
816 4555 845 4603 et
881 4567 911 4605 sa
925 4550 955 4603 in
969 4551 1056 4604 ricem
1080 4550 1226 4621 detegant;
1248 4559 1275 4605 et
1296 4551 1432 4622 quomodo
1453 4552 1571 4606 invicem
1593 4552 1622 4604 in
1645 4567 1675 4604 se

74 4623 254 4681 emandans·
264 4629 323 4683 illae
336 4629 508 4701 antiquorum
520 4628 667 4691 rhetorum,
678 4628 843 4699 Protagorae,
881 4637 983 4701 agant,
1003 4630 1101 4683 notitia
1114 4629 1171 4684 sire
1182 4630 1357 4698 indicatione,
1369 4640 1399 4685 et
1410 4631 1597 4702 impressione.
1620 4629 1676 4683 Ha-

75 4694 182 4769 Gtugiac
201 4707 285 4762 ctiam
310 4706 544 4779 philosophorum,
567 4707 753 4772 Callisthenis,
768 4708 845 4762 Posi·
881 4727 941 4764 mm
963 4708 1037 4779 prior
1058 4708 1216 4781 (descriptio
1237 4711 1351 4778 scilicet,
1365 4711 1453 4783 qualis
1474 4712 1560 4782 posint
1580 4708 1676 4764 haberi

73 4772 138 4844 isaii,
150 4781 302 4851 Carneadis,
316 4794 347 4841 ut
359 4788 393 4842 de
407 4788 502 4859 quovis
515 4786 636 4841 themate
654 4786 685 4840 ia
702 4794 844 4859 utramque
881 4789 979 4844 notitia
993 4788 1026 4841 dc
1040 4789 1131 4842 anima
1142 4806 1177 4848 ex
1188 4790 1285 4846 habitu
1294 4792 1433 4862 corporis;
1454 4798 1501 4845 aut
1514 4791 1548 4844 dc
1562 4805 1675 4858 corpore

73 4865 845 4946 tahemextemporedisserereclegsnteretcopiosepotu·
882 4886 919 4923 ex
941 4867 1124 4922 accidentibus
1148 4869 1247 4938 animi)
1269 4870 1336 4925 duas
1359 4870 1438 4924 nobis
1465 4869 1573 4940 peperit
1595 4875 1675 4932 artes,

73 4946 145 5003 enat3
163 4942 263 5013 ingenii
279 4945 394 5000 humani
408 4948 478 5000 vires
492 4945 566 5000 haud
579 4962 676 5016 parum
691 4945 843 5000 nobilitant.
882 4955 1024 5018 utramque
1035 4946 1235 5017 pradictionis3
1250 4949 1471 5021 inquisitionibus
1481 4948 1593 5003 alteram
1602 4945 1677 5000 Aris·

75 5009 119 5068 Res
128 5026 211 5076 autem
220 5040 271 5078 usu
282 5024 379 5089 minor,
390 5032 418 5079 at
426 5026 605 5080 ostentatione
616 5034 643 5079 et
653 5025 781 5080 facultate
793 5026 845 5079 for·
882 5027 983 5093 totelis,
998 5026 1113 5081 alteram
1127 5028 1305 5099 Hippocratis
1315 5029 1477 5082 decoratam.
1515 5027 1676 5096 Quanquam

74 5098 130 5181 “stc
143 5101 231 5168 major,
244 5121 328 5174 quam
342 5105 375 5159 de
389 5104 491 5159 Archia
503 5105 636 5175 magistro
649 5120 698 5159 suo
712 5112 846 5159 memorat
882 5115 974 5161 autem
988 5114 1112 5177 tempora
1126 5109 1277 5163 recentiora
1290 5109 1342 5162 has
1353 5115 1426 5162 artes
1439 5105 1636 5177 superstitiosis
1648 5113 1678 5159 et

74 5166 166 5265 Quo:
180 5184 845 5254 “nunmagnumuumemmoptimommsersuum
882 5186 1063 5256 phantasticis
1080 5187 1207 5241 mixturis
1227 5187 1390 5258 polluerint;
1410 5192 1563 5256 repurgata
1576 5192 1676 5249 tamen,

74 5247 100 5302 δ’
112 5254 236 5321 atrebas,
250 5279 313 5333 quaa
324 5271 382 5317 tum
395 5263 560 5335 aggerentia,
571 5264 689 5333 potuisse
704 5264 794 5318 dicere
809 5281 845 5318 ex
882 5283 914 5320 ac
928 5266 957 5320 in
971 5266 1108 5336 integrum
1122 5266 1261 5331 restitutae,
1276 5275 1304 5321 et
1316 5267 1518 5320 fundamentum
1533 5264 1635 5318 habent
1647 5263 1677 5317 in

74 5332 201 5418 “anwed
221 5339 272 5393 'l'ot
280 5341 547 5398 millibushominum
558 5344 790 5398 nominareddere
800 5361 845 5414 po
883 5353 981 5400 natura
994 5346 1121 5410 solidum,
1136 5354 1164 5399 et
1177 5346 1293 5400 fructum
1307 5346 1390 5399 edunt
1410 5343 1444 5395 ad
1457 5344 1542 5397 vitam
1555 5360 1678 5398 commu·

75 5413 844 5493 luuseCymmsutScipionem,magnummemoriesdecus.
881 5442 945 5479 nem
969 5425 1074 5481 utilem.
1123 5424 1217 5479 Prima
1240 5439 1281 5480 est
1303 5423 1522 5495 physiognomia,
1544 5442 1605 5494 qua
1628 5441 1678 5495 per
