<?xml version="1.0" encoding="UTF-8"?>
<!DOCTYPE html PUBLIC "-//W3C//DTD XHTML 1.0 Transitional//EN"
    "http://www.w3.org/TR/xhtml1/DTD/xhtml1-transitional.dtd">
<html xmlns="http://www.w3.org/1999/xhtml" xml:lang="en" lang="en">
 <head>
  <title>
</title>
<meta http-equiv="Content-Type" content="text/html;charset=utf-8" />
  <meta name='ocr-system' content='tesseract 3.04.00' />
  <meta name='ocr-capabilities' content='ocr_page ocr_carea ocr_par ocr_line ocrx_word'/>
</head>
<body>
  <div class='ocr_page' id='page_1' title='image "./workslordbaconw00bacogoog_0718.png"; bbox 0 0 3800 5875; ppageno 0'>
   <div class='ocr_carea' id='block_1_1' title="bbox 224 312 1546 380">
    <p class='ocr_par' dir='ltr' id='par_1_1' title="bbox 224 312 1546 380">
     <span class='ocr_line' id='line_1_1' title="bbox 224 312 1546 380; baseline 0.002 -12"><span class='ocrx_word' id='word_1_1' title='bbox 224 313 282 369; x_wconf 72' lang='lat'><strong>692</strong></span> <span class='ocrx_word' id='word_1_2' title='bbox 521 312 770 380; x_wconf 75' lang='lat' dir='ltr'><strong>etunntttms,</strong></span> <span class='ocrx_word' id='word_1_3' title='bbox 792 312 949 380; x_wconf 73' lang='lat' dir='ltr'><strong>tanasii,</strong></span> <span class='ocrx_word' id='word_1_4' title='bbox 971 314 1019 368; x_wconf 81' lang='grc' dir='ltr'><strong>ΕΤ</strong></span> <span class='ocrx_word' id='word_1_5' title='bbox 1040 313 1253 371; x_wconf 77' lang='lat' dir='ltr'><strong>DEMOCRl&#39;l&#39;l</strong></span> <span class='ocrx_word' id='word_1_6' title='bbox 1276 314 1546 372; x_wconf 77' lang='lat' dir='ltr'><strong>Pntuosoetttt.</strong></span> 
     </span>
    </p>
   </div>
   <div class='ocr_carea' id='block_1_2' title="bbox 178 471 1851 5221">
    <p class='ocr_par' dir='ltr' id='par_1_2' title="bbox 178 471 1851 5221">
     <span class='ocr_line' id='line_1_2' title="bbox 224 471 1850 546; baseline 0 -19"><span class='ocrx_word' id='word_1_7' title='bbox 224 475 252 527; x_wconf 90' lang='lat' dir='ltr'><strong>in</strong></span> <span class='ocrx_word' id='word_1_8' title='bbox 266 472 364 527; x_wconf 88' lang='lat' dir='ltr'><strong>citimis</strong></span> <span class='ocrx_word' id='word_1_9' title='bbox 383 472 498 542; x_wconf 79' lang='lat' dir='ltr'><strong>sphaeris</strong></span> <span class='ocrx_word' id='word_1_10' title='bbox 511 473 625 546; x_wconf 76' lang='lat' dir='ltr'><strong>singula</strong></span> <span class='ocrx_word' id='word_1_11' title='bbox 645 471 852 544; x_wconf 88' lang='lat' dir='ltr'><strong>conspiciantur,</strong></span> <span class='ocrx_word' id='word_1_12' title='bbox 866 472 895 525; x_wconf 89' lang='lat' dir='ltr'><strong>iu</strong></span> <span class='ocrx_word' id='word_1_13' title='bbox 916 471 1012 526; x_wconf 89' lang='lat' dir='ltr'><strong>ultima</strong></span> <span class='ocrx_word' id='word_1_14' title='bbox 1050 472 1206 539; x_wconf 82' lang='lat' dir='ltr'><strong>cerebrum,</strong></span> <span class='ocrx_word' id='word_1_15' title='bbox 1227 473 1370 529; x_wconf 88' lang='lat' dir='ltr'><strong>humorem</strong></span> <span class='ocrx_word' id='word_1_16' title='bbox 1383 474 1578 545; x_wconf 82' lang='lat' dir='ltr'><strong>crystallinum,</strong></span> <span class='ocrx_word' id='word_1_17' title='bbox 1593 471 1757 545; x_wconf 73' lang='lat' dir='ltr'><strong>albuginem</strong></span> <span class='ocrx_word' id='word_1_18' title='bbox 1771 473 1850 538; x_wconf 86' lang='lat' dir='ltr'><strong>oeali,</strong></span> 
     </span>
     <span class='ocr_line' id='line_1_3' title="bbox 222 552 1851 624; baseline 0.001 -19"><span class='ocrx_word' id='word_1_19' title='bbox 222 552 286 607; x_wconf 90' lang='lat' dir='ltr'><strong>licet</strong></span> <span class='ocrx_word' id='word_1_20' title='bbox 309 553 404 622; x_wconf 89' lang='lat' dir='ltr'><strong>ingens</strong></span> <span class='ocrx_word' id='word_1_21' title='bbox 418 569 509 607; x_wconf 82' lang='lat' dir='ltr'><strong>aarum</strong></span> <span class='ocrx_word' id='word_1_22' title='bbox 533 568 659 607; x_wconf 87' lang='lat' dir='ltr'><strong>numerus</strong></span> <span class='ocrx_word' id='word_1_23' title='bbox 673 552 715 615; x_wconf 89' lang='lat' dir='ltr'><strong>ait,</strong></span> <span class='ocrx_word' id='word_1_24' title='bbox 731 559 820 605; x_wconf 87' lang='lat' dir='ltr'><strong>tamen</strong></span> <span class='ocrx_word' id='word_1_25' title='bbox 838 568 895 622; x_wconf 89' lang='lat' dir='ltr'><strong>pne</strong></span> <span class='ocrx_word' id='word_1_26' title='bbox 916 553 1012 621; x_wconf 84' lang='lat' dir='ltr'><strong>spatiis</strong></span> <span class='ocrx_word' id='word_1_27' title='bbox 1050 569 1087 616; x_wconf 88' lang='lat' dir='ltr'><strong>os,</strong></span> <span class='ocrx_word' id='word_1_28' title='bbox 1101 554 1295 617; x_wconf 88' lang='lat' dir='ltr'><strong>membranam,</strong></span> <span class='ocrx_word' id='word_1_29' title='bbox 1310 554 1506 624; x_wconf 75' lang='lat' dir='ltr'><strong>cartilaginem,</strong></span> <span class='ocrx_word' id='word_1_30' title='bbox 1521 571 1644 617; x_wconf 79' lang='lat' dir='ltr'><strong>nervum,</strong></span> <span class='ocrx_word' id='word_1_31' title='bbox 1659 569 1771 617; x_wconf 86' lang='lat' dir='ltr'><strong>renam,</strong></span> <span class='ocrx_word' id='word_1_32' title='bbox 1791 570 1851 607; x_wconf 85' lang='lat' dir='ltr'><strong>ear·</strong></span> 
     </span>
     <span class='ocr_line' id='line_1_4' title="bbox 224 630 1850 704; baseline 0 -19"><span class='ocrx_word' id='word_1_33' title='bbox 224 631 453 697; x_wconf 88' lang='lat' dir='ltr'><strong>interstellaribus,</strong></span> <span class='ocrx_word' id='word_1_34' title='bbox 481 631 609 704; x_wconf 74' lang='lat' dir='ltr'><strong>exigerem</strong></span> <span class='ocrx_word' id='word_1_35' title='bbox 632 630 759 700; x_wconf 75' lang='lat' dir='ltr'><strong>quiddam</strong></span> <span class='ocrx_word' id='word_1_36' title='bbox 786 631 866 700; x_wconf 88' lang='lat' dir='ltr'><strong>spatii</strong></span> <span class='ocrx_word' id='word_1_37' title='bbox 893 630 1012 686; x_wconf 87' lang='lat' dir='ltr'><strong>siderum</strong></span> <span class='ocrx_word' id='word_1_38' title='bbox 1049 649 1120 695; x_wconf 88' lang='lat' dir='ltr'><strong>nem,</strong></span> <span class='ocrx_word' id='word_1_39' title='bbox 1141 633 1343 704; x_wconf 68' lang='lat' dir='ltr'><strong>pinguedinem</strong></span> <span class='ocrx_word' id='word_1_40' title='bbox 1363 633 1518 695; x_wconf 76' lang='lat' dir='ltr'><strong>medullam,</strong></span> <span class='ocrx_word' id='word_1_41' title='bbox 1539 635 1713 703; x_wconf 87' lang='lat' dir='ltr'><strong>sanguinem,</strong></span> <span class='ocrx_word' id='word_1_42' title='bbox 1734 648 1850 702; x_wconf 66' lang='lat' dir='ltr'><strong>marma,</strong></span> 
     </span>
     <span class='ocr_line' id='line_1_5' title="bbox 223 708 1851 783; baseline 0 -19"><span class='ocrx_word' id='word_1_43' title='bbox 223 720 366 781; x_wconf 65' lang='lat' dir='ltr'><strong>appaream</strong></span> <span class='ocrx_word' id='word_1_44' title='bbox 397 718 428 765; x_wconf 89' lang='lat' dir='ltr'><strong>ut</strong></span> <span class='ocrx_word' id='word_1_45' title='bbox 448 712 538 765; x_wconf 88' lang='lat' dir='ltr'><strong>omnia</strong></span> <span class='ocrx_word' id='word_1_46' title='bbox 561 718 688 781; x_wconf 89' lang='lat' dir='ltr'><strong>tanquam</strong></span> <span class='ocrx_word' id='word_1_47' title='bbox 713 710 741 763; x_wconf 90' lang='lat' dir='ltr'><strong>in</strong></span> <span class='ocrx_word' id='word_1_48' title='bbox 765 708 919 763; x_wconf 70' lang='lat' dir='ltr'><strong>emussima</strong></span> <span class='ocrx_word' id='word_1_49' title='bbox 939 709 1012 766; x_wconf 68' lang='lat' dir='ltr'><strong>aeris</strong></span> <span class='ocrx_word' id='word_1_50' title='bbox 1049 712 1183 780; x_wconf 88' lang='lat' dir='ltr'><strong>spiritum,</strong></span> <span class='ocrx_word' id='word_1_51' title='bbox 1197 710 1316 781; x_wconf 81' lang='lat' dir='ltr'><strong>chylum,</strong></span> <span class='ocrx_word' id='word_1_52' title='bbox 1331 712 1457 783; x_wconf 74' lang='lat' dir='ltr'><strong>reliqua?</strong></span> <span class='ocrx_word' id='word_1_53' title='bbox 1498 712 1590 766; x_wconf 83' lang='lat' dir='ltr'><strong>Etiam</strong></span> <span class='ocrx_word' id='word_1_54' title='bbox 1610 713 1684 765; x_wconf 88' lang='lat' dir='ltr'><strong>inter</strong></span> <span class='ocrx_word' id='word_1_55' title='bbox 1698 721 1793 781; x_wconf 87' lang='lat' dir='ltr'><strong>partes</strong></span> <span class='ocrx_word' id='word_1_56' title='bbox 1806 729 1851 765; x_wconf 89' lang='lat' dir='ltr'><strong>re-</strong></span> 
     </span>
     <span class='ocr_line' id='line_1_6' title="bbox 223 790 1851 861; baseline 0.001 -17"><span class='ocrx_word' id='word_1_57' title='bbox 223 790 322 861; x_wconf 90' lang='lat' dir='ltr'><strong>pelago</strong></span> <span class='ocrx_word' id='word_1_58' title='bbox 335 797 428 844; x_wconf 89' lang='lat' dir='ltr'><strong>natare</strong></span> <span class='ocrx_word' id='word_1_59' title='bbox 443 790 591 844; x_wconf 88' lang='lat' dir='ltr'><strong>videantur.</strong></span> <span class='ocrx_word' id='word_1_60' title='bbox 632 790 730 860; x_wconf 80' lang='lat' dir='ltr'>Neque</span> <span class='ocrx_word' id='word_1_61' title='bbox 748 804 832 858; x_wconf 89' lang='lat' dir='ltr'><strong>parva</strong></span> <span class='ocrx_word' id='word_1_62' title='bbox 845 795 888 842; x_wconf 91' lang='lat' dir='ltr'><strong>est</strong></span> <span class='ocrx_word' id='word_1_63' title='bbox 902 803 935 841; x_wconf 88' lang='lat' dir='ltr'><strong>ea</strong></span> <span class='ocrx_word' id='word_1_64' title='bbox 949 806 1011 859; x_wconf 91' lang='lat' dir='ltr'><strong>por·</strong></span> <span class='ocrx_word' id='word_1_65' title='bbox 1050 790 1216 859; x_wconf 80' lang='lat' dir='ltr'><strong>gelabilium,</strong></span> <span class='ocrx_word' id='word_1_66' title='bbox 1223 791 1349 856; x_wconf 87' lang='lat' dir='ltr'><strong>radicem,</strong></span> <span class='ocrx_word' id='word_1_67' title='bbox 1360 793 1496 852; x_wconf 82' lang='lat' dir='ltr'><strong>corticem,</strong></span> <span class='ocrx_word' id='word_1_68' title='bbox 1506 791 1622 854; x_wconf 87' lang='lat' dir='ltr'><strong>caulem,</strong></span> <span class='ocrx_word' id='word_1_69' title='bbox 1630 790 1738 854; x_wconf 70' lang='lat' dir='ltr'><strong>iulium</strong></span> <span class='ocrx_word' id='word_1_70' title='bbox 1750 791 1851 854; x_wconf 74' lang='lat' dir='ltr'><strong>limem,</strong></span> 
     </span>
     <span class='ocr_line' id='line_1_7' title="bbox 223 866 1851 941; baseline 0.001 -19"><span class='ocrx_word' id='word_1_71' title='bbox 223 868 347 924; x_wconf 71' lang='lat' dir='ltr'><strong>tioaeris</strong></span> <span class='ocrx_word' id='word_1_72' title='bbox 360 876 387 922; x_wconf 87' lang='lat' dir='ltr'><strong>at</strong></span> <span class='ocrx_word' id='word_1_73' title='bbox 400 869 628 940; x_wconf 69' lang='lat' dir='ltr'><strong>spiritusquaain</strong></span> <span class='ocrx_word' id='word_1_74' title='bbox 641 867 719 939; x_wconf 89' lang='lat' dir='ltr'><strong>aquis</strong></span> <span class='ocrx_word' id='word_1_75' title='bbox 733 867 931 922; x_wconf 79' lang='lat' dir='ltr'><strong>etcavistsrrn</strong></span> <span class='ocrx_word' id='word_1_76' title='bbox 944 866 1012 922; x_wconf 88' lang='lat' dir='ltr'><strong>locis</strong></span> <span class='ocrx_word' id='word_1_77' title='bbox 1050 885 1150 932; x_wconf 77' lang='lat' dir='ltr'><strong>semen</strong></span> <span class='ocrx_word' id='word_1_78' title='bbox 1170 879 1198 924; x_wconf 90' lang='lat' dir='ltr'><strong>et</strong></span> <span class='ocrx_word' id='word_1_79' title='bbox 1218 869 1338 924; x_wconf 76' lang='lat' dir='ltr'><strong>similia?</strong></span> <span class='ocrx_word' id='word_1_80' title='bbox 1378 869 1414 924; x_wconf 80' lang='lat' dir='ltr'><strong>At</strong></span> <span class='ocrx_word' id='word_1_81' title='bbox 1434 870 1539 924; x_wconf 80' lang='lat' dir='ltr'><strong>fossilis</strong></span> <span class='ocrx_word' id='word_1_82' title='bbox 1557 870 1693 941; x_wconf 88' lang='lat' dir='ltr'><strong>organica</strong></span> <span class='ocrx_word' id='word_1_83' title='bbox 1714 885 1771 923; x_wconf 88' lang='lat' dir='ltr'><strong>non</strong></span> <span class='ocrx_word' id='word_1_84' title='bbox 1791 879 1851 924; x_wconf 85' lang='lat' dir='ltr'><strong>sum</strong></span> 
     </span>
     <span class='ocr_line' id='line_1_8' title="bbox 223 946 1850 1019; baseline 0.001 -17"><span class='ocrx_word' id='word_1_85' title='bbox 223 949 315 1002; x_wconf 90' lang='lat' dir='ltr'><strong>sedern</strong></span> <span class='ocrx_word' id='word_1_86' title='bbox 328 955 355 1002; x_wconf 94' lang='lat' dir='ltr'><strong>et</strong></span> <span class='ocrx_word' id='word_1_87' title='bbox 368 965 471 1002; x_wconf 88' lang='lat' dir='ltr'><strong>moram</strong></span> <span class='ocrx_word' id='word_1_88' title='bbox 484 948 581 1010; x_wconf 76' lang='lat' dir='ltr'><strong>habet3</strong></span> <span class='ocrx_word' id='word_1_89' title='bbox 613 946 684 1002; x_wconf 85' lang='lat' dir='ltr'><strong>unde</strong></span> <span class='ocrx_word' id='word_1_90' title='bbox 701 964 780 1017; x_wconf 76' lang='lat' dir='ltr'><strong>aqum</strong></span> <span class='ocrx_word' id='word_1_91' title='bbox 802 947 913 1000; x_wconf 85' lang='lat' dir='ltr'><strong>fluorem</strong></span> <span class='ocrx_word' id='word_1_92' title='bbox 933 963 1011 1002; x_wconf 89' lang='lat' dir='ltr'><strong>suum</strong></span> <span class='ocrx_word' id='word_1_93' title='bbox 1049 957 1130 1012; x_wconf 85' lang='lat' dir='ltr'><strong>certe,</strong></span> <span class='ocrx_word' id='word_1_94' title='bbox 1152 949 1200 1003; x_wconf 88' lang='lat' dir='ltr'><strong>sed</strong></span> <span class='ocrx_word' id='word_1_95' title='bbox 1221 957 1311 1003; x_wconf 89' lang='lat' dir='ltr'><strong>tamen</strong></span> <span class='ocrx_word' id='word_1_96' title='bbox 1330 955 1359 1003; x_wconf 92' lang='lat' dir='ltr'><strong>et</strong></span> <span class='ocrx_word' id='word_1_97' title='bbox 1378 950 1407 1003; x_wconf 93' lang='lat' dir='ltr'><strong>in</strong></span> <span class='ocrx_word' id='word_1_98' title='bbox 1424 966 1477 1003; x_wconf 88' lang='lat' dir='ltr'><strong>una</strong></span> <span class='ocrx_word' id='word_1_99' title='bbox 1494 949 1586 1019; x_wconf 84' lang='lat' dir='ltr'><strong>specie</strong></span> <span class='ocrx_word' id='word_1_100' title='bbox 1608 950 1686 1002; x_wconf 86' lang='lat' dir='ltr'><strong>varie</strong></span> <span class='ocrx_word' id='word_1_101' title='bbox 1708 951 1850 1004; x_wconf 62' lang='lat' dir='ltr'><strong>mmmm</strong></span> 
     </span>
     <span class='ocr_line' id='line_1_9' title="bbox 222 1024 1849 1099; baseline 0.001 -17"><span class='ocrx_word' id='word_1_102' title='bbox 222 1027 364 1099; x_wconf 87' lang='lat' dir='ltr'><strong>recipiunt.</strong></span> <span class='ocrx_word' id='word_1_103' title='bbox 414 1026 484 1089; x_wconf 86' lang='lat' dir='ltr'><strong>Quin</strong></span> <span class='ocrx_word' id='word_1_104' title='bbox 495 1035 523 1081; x_wconf 92' lang='lat' dir='ltr'><strong>et</strong></span> <span class='ocrx_word' id='word_1_105' title='bbox 536 1026 713 1082; x_wconf 87' lang='lat' dir='ltr'><strong>extenduntur</strong></span> <span class='ocrx_word' id='word_1_106' title='bbox 725 1024 885 1096; x_wconf 86' lang='lat' dir='ltr'><strong>quandoque</strong></span> <span class='ocrx_word' id='word_1_107' title='bbox 898 1032 926 1079; x_wconf 94' lang='lat' dir='ltr'><strong>et</strong></span> <span class='ocrx_word' id='word_1_108' title='bbox 938 1026 1011 1081; x_wconf 88' lang='lat' dir='ltr'><strong>intu-</strong></span> <span class='ocrx_word' id='word_1_109' title='bbox 1049 1034 1119 1090; x_wconf 77' lang='lat' dir='ltr'><strong>stant,</strong></span> <span class='ocrx_word' id='word_1_110' title='bbox 1133 1035 1162 1081; x_wconf 90' lang='lat' dir='ltr'><strong>et</strong></span> <span class='ocrx_word' id='word_1_111' title='bbox 1176 1029 1210 1081; x_wconf 85' lang='lat' dir='ltr'><strong>ad</strong></span> <span class='ocrx_word' id='word_1_112' title='bbox 1229 1029 1346 1082; x_wconf 87' lang='lat' dir='ltr'><strong>invicem</strong></span> <span class='ocrx_word' id='word_1_113' title='bbox 1365 1028 1510 1084; x_wconf 63' lang='lat' dir='ltr'><strong>mnodum</strong></span> <span class='ocrx_word' id='word_1_114' title='bbox 1529 1029 1670 1097; x_wconf 87' lang='lat' dir='ltr'><strong>copiosam</strong></span> <span class='ocrx_word' id='word_1_115' title='bbox 1692 1030 1849 1084; x_wconf 66' lang='lat' dir='ltr'><strong>varinaten</strong></span> 
     </span>
     <span class='ocr_line' id='line_1_10' title="bbox 223 1103 1848 1174; baseline 0.001 -14"><span class='ocrx_word' id='word_1_116' title='bbox 223 1115 360 1171; x_wconf 77' lang='lat' dir='ltr'><strong>mescunt3</strong></span> <span class='ocrx_word' id='word_1_117' title='bbox 390 1113 469 1161; x_wconf 83' lang='lat' dir='ltr'><strong>terne</strong></span> <span class='ocrx_word' id='word_1_118' title='bbox 482 1113 572 1162; x_wconf 86' lang='lat' dir='ltr'><strong>sutem</strong></span> <span class='ocrx_word' id='word_1_119' title='bbox 585 1103 740 1160; x_wconf 85' lang='lat' dir='ltr'><strong>nouaclum</strong></span> <span class='ocrx_word' id='word_1_120' title='bbox 757 1105 889 1174; x_wconf 89' lang='lat' dir='ltr'><strong>porositaa</strong></span> <span class='ocrx_word' id='word_1_121' title='bbox 902 1122 954 1158; x_wconf 88' lang='lat' dir='ltr'><strong>aua</strong></span> <span class='ocrx_word' id='word_1_122' title='bbox 966 1122 1011 1159; x_wconf 88' lang='lat' dir='ltr'><strong>ac·</strong></span> <span class='ocrx_word' id='word_1_123' title='bbox 1049 1106 1200 1162; x_wconf 88' lang='lat' dir='ltr'><strong>ostendunt.</strong></span> <span class='ocrx_word' id='word_1_124' title='bbox 1242 1108 1421 1169; x_wconf 74' lang='lat' dir='ltr'><strong>Quamobrem</strong></span> <span class='ocrx_word' id='word_1_125' title='bbox 1441 1108 1515 1162; x_wconf 88' lang='lat' dir='ltr'><strong>basis</strong></span> <span class='ocrx_word' id='word_1_126' title='bbox 1536 1107 1583 1162; x_wconf 88' lang='lat' dir='ltr'><strong>illa</strong></span> <span class='ocrx_word' id='word_1_127' title='bbox 1597 1106 1769 1162; x_wconf 71' lang='lat' dir='ltr'><strong>diversitatis</strong></span> <span class='ocrx_word' id='word_1_128' title='bbox 1782 1109 1848 1162; x_wconf 75' lang='lat' dir='ltr'><strong>essu·</strong></span> 
     </span>
     <span class='ocr_line' id='line_1_11' title="bbox 223 1184 1846 1258; baseline 0.001 -19"><span class='ocrx_word' id='word_1_129' title='bbox 223 1185 297 1250; x_wconf 90' lang='lat' dir='ltr'><strong>cidit,</strong></span> <span class='ocrx_word' id='word_1_130' title='bbox 312 1185 455 1240; x_wconf 86' lang='lat' dir='ltr'><strong>sedetiam</strong></span> <span class='ocrx_word' id='word_1_131' title='bbox 469 1194 599 1240; x_wconf 74' lang='lat' dir='ltr'><strong>tremmm</strong></span> <span class='ocrx_word' id='word_1_132' title='bbox 613 1193 640 1239; x_wconf 88' lang='lat' dir='ltr'><strong>at</strong></span> <span class='ocrx_word' id='word_1_133' title='bbox 660 1184 857 1248; x_wconf 71' lang='lat' dir='ltr'><strong>concussiones,</strong></span> <span class='ocrx_word' id='word_1_134' title='bbox 876 1184 1012 1239; x_wconf 88' lang='lat' dir='ltr'><strong>evidentia</strong></span> <span class='ocrx_word' id='word_1_135' title='bbox 1049 1202 1103 1249; x_wconf 90' lang='lat' dir='ltr'><strong>nm,</strong></span> <span class='ocrx_word' id='word_1_136' title='bbox 1117 1186 1217 1257; x_wconf 90' lang='lat' dir='ltr'><strong>ampla,</strong></span> <span class='ocrx_word' id='word_1_137' title='bbox 1231 1186 1295 1251; x_wconf 84' lang='lat' dir='ltr'><strong>lata,</strong></span> <span class='ocrx_word' id='word_1_138' title='bbox 1310 1194 1337 1240; x_wconf 88' lang='lat' dir='ltr'><strong>et</strong></span> <span class='ocrx_word' id='word_1_139' title='bbox 1351 1194 1517 1258; x_wconf 85' lang='lat' dir='ltr'><strong>exporrecta,</strong></span> <span class='ocrx_word' id='word_1_140' title='bbox 1530 1187 1559 1240; x_wconf 90' lang='lat' dir='ltr'><strong>io</strong></span> <span class='ocrx_word' id='word_1_141' title='bbox 1574 1203 1630 1258; x_wconf 88' lang='lat' dir='ltr'><strong>qus</strong></span> <span class='ocrx_word' id='word_1_142' title='bbox 1645 1194 1741 1241; x_wconf 87' lang='lat' dir='ltr'><strong>tantus</strong></span> <span class='ocrx_word' id='word_1_143' title='bbox 1761 1204 1846 1242; x_wconf 81' lang='lat' dir='ltr'><strong>rerum</strong></span> 
     </span>
     <span class='ocr_line' id='line_1_12' title="bbox 223 1262 1847 1336; baseline 0.002 -18"><span class='ocrx_word' id='word_1_144' title='bbox 223 1264 302 1336; x_wconf 88' lang='lat' dir='ltr'><strong>sigua</strong></span> <span class='ocrx_word' id='word_1_145' title='bbox 313 1265 385 1318; x_wconf 88' lang='lat' dir='ltr'><strong>venti</strong></span> <span class='ocrx_word' id='word_1_146' title='bbox 399 1273 427 1318; x_wconf 88' lang='lat' dir='ltr'><strong>et</strong></span> <span class='ocrx_word' id='word_1_147' title='bbox 437 1265 509 1321; x_wconf 79' lang='lat' dir='ltr'><strong>aiiria</strong></span> <span class='ocrx_word' id='word_1_148' title='bbox 518 1265 625 1319; x_wconf 86' lang='lat' dir='ltr'><strong>inclusi.</strong></span> <span class='ocrx_word' id='word_1_149' title='bbox 667 1263 775 1325; x_wconf 84' lang='lat' dir='ltr'><strong>Quodsi</strong></span> <span class='ocrx_word' id='word_1_150' title='bbox 788 1262 1011 1334; x_wconf 80' lang='lat' dir='ltr'><strong>mediaqusedam</strong></span> <span class='ocrx_word' id='word_1_151' title='bbox 1049 1274 1195 1334; x_wconf 90' lang='lat' dir='ltr'><strong>apparatus</strong></span> <span class='ocrx_word' id='word_1_152' title='bbox 1215 1265 1344 1320; x_wconf 89' lang='lat' dir='ltr'><strong>elucescit</strong></span> <span class='ocrx_word' id='word_1_153' title='bbox 1363 1274 1391 1320; x_wconf 92' lang='lat' dir='ltr'><strong>et</strong></span> <span class='ocrx_word' id='word_1_154' title='bbox 1410 1266 1578 1331; x_wconf 85' lang='lat' dir='ltr'><strong>obversatur,</strong></span> <span class='ocrx_word' id='word_1_155' title='bbox 1592 1266 1726 1320; x_wconf 67' lang='lat' dir='ltr'><strong>mutui</strong></span> <span class='ocrx_word' id='word_1_156' title='bbox 1747 1267 1847 1321; x_wconf 79' lang='lat' dir='ltr'><strong>videtur</strong></span> 
     </span>
     <span class='ocr_line' id='line_1_13' title="bbox 222 1343 1845 1417; baseline 0.001 -19"><span class='ocrx_word' id='word_1_157' title='bbox 222 1350 320 1399; x_wconf 89' lang='lat' dir='ltr'><strong>natura</strong></span> <span class='ocrx_word' id='word_1_158' title='bbox 333 1343 367 1397; x_wconf 90' lang='lat' dir='ltr'><strong>sit</strong></span> <span class='ocrx_word' id='word_1_159' title='bbox 388 1345 497 1415; x_wconf 90' lang='lat' dir='ltr'><strong>propria</strong></span> <span class='ocrx_word' id='word_1_160' title='bbox 509 1343 711 1416; x_wconf 88' lang='lat' dir='ltr'><strong>principiorum,</strong></span> <span class='ocrx_word' id='word_1_161' title='bbox 724 1349 755 1397; x_wconf 90' lang='lat' dir='ltr'><strong>ut</strong></span> <span class='ocrx_word' id='word_1_162' title='bbox 772 1350 854 1396; x_wconf 85' lang='lat' dir='ltr'><strong>tanta</strong></span> <span class='ocrx_word' id='word_1_163' title='bbox 873 1343 1011 1398; x_wconf 74' lang='lat' dir='ltr'><strong>sanctatis</strong></span> <span class='ocrx_word' id='word_1_164' title='bbox 1049 1344 1078 1396; x_wconf 93' lang='lat' dir='ltr'><strong>in</strong></span> <span class='ocrx_word' id='word_1_165' title='bbox 1090 1352 1189 1398; x_wconf 87' lang='lat' dir='ltr'><strong>natura</strong></span> <span class='ocrx_word' id='word_1_166' title='bbox 1202 1344 1288 1399; x_wconf 88' lang='lat' dir='ltr'><strong>solida</strong></span> <span class='ocrx_word' id='word_1_167' title='bbox 1301 1352 1331 1398; x_wconf 90' lang='lat' dir='ltr'><strong>et</strong></span> <span class='ocrx_word' id='word_1_168' title='bbox 1343 1345 1512 1399; x_wconf 67' lang='lat' dir='ltr'><strong>consistenti.</strong></span> <span class='ocrx_word' id='word_1_169' title='bbox 1542 1344 1669 1415; x_wconf 80' lang='lat' dir='ltr'><strong>Corpora</strong></span> <span class='ocrx_word' id='word_1_170' title='bbox 1685 1362 1753 1399; x_wconf 82' lang='lat' dir='ltr'><strong>reru</strong></span> <span class='ocrx_word' id='word_1_171' title='bbox 1763 1345 1845 1417; x_wconf 80' lang='lat' dir='ltr'><strong>liquo</strong></span> 
     </span>
     <span class='ocr_line' id='line_1_14' title="bbox 222 1420 1845 1495; baseline 0 -17"><span class='ocrx_word' id='word_1_172' title='bbox 222 1423 307 1493; x_wconf 84' lang='lat' dir='ltr'><strong>possit</strong></span> <span class='ocrx_word' id='word_1_173' title='bbox 321 1439 380 1477; x_wconf 90' lang='lat' dir='ltr'><strong>esse</strong></span> <span class='ocrx_word' id='word_1_174' title='bbox 398 1425 564 1493; x_wconf 66' lang='lat' dir='ltr'><strong>susceptivac</strong></span> <span class='ocrx_word' id='word_1_175' title='bbox 594 1438 750 1493; x_wconf 80' lang='lat' dir='ltr'><strong>enprorsus</strong></span> <span class='ocrx_word' id='word_1_176' title='bbox 768 1422 797 1475; x_wconf 92' lang='lat' dir='ltr'><strong>in</strong></span> <span class='ocrx_word' id='word_1_177' title='bbox 814 1420 877 1476; x_wconf 72' lang='lat' dir='ltr'><strong>adra</strong></span> <span class='ocrx_word' id='word_1_178' title='bbox 898 1423 1010 1492; x_wconf 87' lang='lat' dir='ltr'><strong>reperiri</strong></span> <span class='ocrx_word' id='word_1_179' title='bbox 1050 1439 1116 1488; x_wconf 88' lang='lat' dir='ltr'><strong>rum,</strong></span> <span class='ocrx_word' id='word_1_180' title='bbox 1131 1423 1172 1477; x_wconf 91' lang='lat' dir='ltr'><strong>vis</strong></span> <span class='ocrx_word' id='word_1_181' title='bbox 1186 1423 1372 1479; x_wconf 89' lang='lat' dir='ltr'><strong>schematismi</strong></span> <span class='ocrx_word' id='word_1_182' title='bbox 1393 1424 1516 1494; x_wconf 74' lang='lat' dir='ltr'><strong>organici</strong></span> <span class='ocrx_word' id='word_1_183' title='bbox 1536 1423 1618 1495; x_wconf 84' lang='lat' dir='ltr'><strong>plane</strong></span> <span class='ocrx_word' id='word_1_184' title='bbox 1639 1424 1754 1478; x_wconf 78' lang='lat' dir='ltr'><strong>deserit</strong></span> <span class='ocrx_word' id='word_1_185' title='bbox 1793 1426 1845 1480; x_wconf 84' lang='lat' dir='ltr'><strong>Ne·</strong></span> 
     </span>
     <span class='ocr_line' id='line_1_15' title="bbox 222 1501 1843 1574; baseline 0.001 -18"><span class='ocrx_word' id='word_1_186' title='bbox 222 1502 338 1558; x_wconf 89' lang='lat' dir='ltr'><strong>videtur.</strong></span> <span class='ocrx_word' id='word_1_187' title='bbox 378 1502 429 1558; x_wconf 83' lang='lat' dir='ltr'><strong>Est</strong></span> <span class='ocrx_word' id='word_1_188' title='bbox 448 1503 520 1558; x_wconf 86' lang='lat' dir='ltr'><strong>enim</strong></span> <span class='ocrx_word' id='word_1_189' title='bbox 542 1501 591 1559; x_wconf 68' lang='lat' dir='ltr'><strong>adr</strong></span> <span class='ocrx_word' id='word_1_190' title='bbox 614 1510 742 1572; x_wconf 86' lang='lat' dir='ltr'><strong>tanquam</strong></span> <span class='ocrx_word' id='word_1_191' title='bbox 761 1517 902 1555; x_wconf 89' lang='lat' dir='ltr'><strong>commune</strong></span> <span class='ocrx_word' id='word_1_192' title='bbox 921 1518 1010 1556; x_wconf 89' lang='lat' dir='ltr'><strong>rerum</strong></span> <span class='ocrx_word' id='word_1_193' title='bbox 1050 1518 1102 1571; x_wconf 88' lang='lat' dir='ltr'><strong>que</strong></span> <span class='ocrx_word' id='word_1_194' title='bbox 1116 1503 1188 1556; x_wconf 90' lang='lat' dir='ltr'><strong>enirn</strong></span> <span class='ocrx_word' id='word_1_195' title='bbox 1202 1503 1335 1574; x_wconf 89' lang='lat' dir='ltr'><strong>reperitur</strong></span> <span class='ocrx_word' id='word_1_196' title='bbox 1347 1511 1494 1574; x_wconf 83' lang='lat' dir='ltr'><strong>perlatam</strong></span> <span class='ocrx_word' id='word_1_197' title='bbox 1515 1504 1594 1557; x_wconf 86' lang='lat' dir='ltr'><strong>istam</strong></span> <span class='ocrx_word' id='word_1_198' title='bbox 1615 1511 1747 1558; x_wconf 78' lang='lat' dir='ltr'><strong>natumm</strong></span> <span class='ocrx_word' id='word_1_199' title='bbox 1759 1505 1843 1558; x_wconf 80' lang='lat' dir='ltr'><strong>vinb&#39;a</strong></span> 
     </span>
     <span class='ocr_line' id='line_1_16' title="bbox 223 1579 1842 1654; baseline 0.003 -19"><span class='ocrx_word' id='word_1_200' title='bbox 223 1581 368 1646; x_wconf 69' lang='lat' dir='ltr'><strong>mucidum,</strong></span> <span class='ocrx_word' id='word_1_201' title='bbox 387 1598 440 1636; x_wconf 87' lang='lat' dir='ltr'><strong>non</strong></span> <span class='ocrx_word' id='word_1_202' title='bbox 462 1591 563 1637; x_wconf 89' lang='lat' dir='ltr'><strong>tantum</strong></span> <span class='ocrx_word' id='word_1_203' title='bbox 586 1582 650 1652; x_wconf 91' lang='lat' dir='ltr'><strong>quia</strong></span> <span class='ocrx_word' id='word_1_204' title='bbox 672 1581 771 1651; x_wconf 89' lang='lat' dir='ltr'><strong>ubique</strong></span> <span class='ocrx_word' id='word_1_205' title='bbox 797 1591 896 1651; x_wconf 82' lang='lat' dir='ltr'><strong>praesto</strong></span> <span class='ocrx_word' id='word_1_206' title='bbox 914 1588 963 1644; x_wconf 75' lang='lat' dir='ltr'><strong>est</strong></span> <span class='ocrx_word' id='word_1_207' title='bbox 985 1590 1013 1635; x_wconf 93' lang='lat' dir='ltr'><strong>et</strong></span> <span class='ocrx_word' id='word_1_208' title='bbox 1049 1579 1111 1644; x_wconf 90' lang='lat' dir='ltr'><strong>lem,</strong></span> <span class='ocrx_word' id='word_1_209' title='bbox 1125 1590 1172 1635; x_wconf 91' lang='lat' dir='ltr'><strong>aut</strong></span> <span class='ocrx_word' id='word_1_210' title='bbox 1185 1582 1294 1646; x_wconf 89' lang='lat' dir='ltr'><strong>animal,</strong></span> <span class='ocrx_word' id='word_1_211' title='bbox 1308 1591 1355 1637; x_wconf 90' lang='lat' dir='ltr'><strong>aut</strong></span> <span class='ocrx_word' id='word_1_212' title='bbox 1369 1581 1470 1654; x_wconf 81' lang='lat' dir='ltr'><strong>planta,</strong></span> <span class='ocrx_word' id='word_1_213' title='bbox 1485 1583 1513 1637; x_wconf 92' lang='lat' dir='ltr'><strong>in</strong></span> <span class='ocrx_word' id='word_1_214' title='bbox 1531 1599 1645 1653; x_wconf 91' lang='lat' dir='ltr'><strong>corpore</strong></span> <span class='ocrx_word' id='word_1_215' title='bbox 1667 1601 1745 1638; x_wconf 88' lang='lat' dir='ltr'><strong>mere</strong></span> <span class='ocrx_word' id='word_1_216' title='bbox 1759 1585 1842 1640; x_wconf 79' lang='lat' dir='ltr'><strong>fluido</strong></span> 
     </span>
     <span class='ocr_line' id='line_1_17' title="bbox 223 1658 1841 1735; baseline 0.001 -20"><span class='ocrx_word' id='word_1_217' title='bbox 223 1661 351 1725; x_wconf 80' lang='lat' dir='ltr'><strong>succedit,</strong></span> <span class='ocrx_word' id='word_1_218' title='bbox 364 1666 391 1716; x_wconf 88' lang='lat' dir='ltr'><strong>et</strong></span> <span class='ocrx_word' id='word_1_219' title='bbox 406 1678 492 1716; x_wconf 90' lang='lat' dir='ltr'><strong>vacua</strong></span> <span class='ocrx_word' id='word_1_220' title='bbox 506 1660 633 1732; x_wconf 83' lang='lat' dir='ltr'><strong>possidet,</strong></span> <span class='ocrx_word' id='word_1_221' title='bbox 654 1660 701 1714; x_wconf 86' lang='lat' dir='ltr'><strong>sed</strong></span> <span class='ocrx_word' id='word_1_222' title='bbox 721 1658 917 1730; x_wconf 88' lang='lat' dir='ltr'><strong>multomagis</strong></span> <span class='ocrx_word' id='word_1_223' title='bbox 940 1660 1011 1730; x_wconf 90' lang='lat' dir='ltr'><strong>quod</strong></span> <span class='ocrx_word' id='word_1_224' title='bbox 1049 1660 1124 1730; x_wconf 81' lang='lat' dir='ltr'><strong>Ergo</strong></span> <span class='ocrx_word' id='word_1_225' title='bbox 1142 1661 1362 1717; x_wconf 88' lang='lat' dir='ltr'><strong>numerosissima</strong></span> <span class='ocrx_word' id='word_1_226' title='bbox 1383 1661 1433 1716; x_wconf 91' lang='lat' dir='ltr'><strong>illa</strong></span> <span class='ocrx_word' id='word_1_227' title='bbox 1454 1664 1571 1716; x_wconf 87' lang='lat' dir='ltr'><strong>varietas</strong></span> <span class='ocrx_word' id='word_1_228' title='bbox 1592 1679 1610 1714; x_wconf 88' lang='lat' dir='ltr'><strong>a</strong></span> <span class='ocrx_word' id='word_1_229' title='bbox 1630 1671 1734 1717; x_wconf 88' lang='lat' dir='ltr'><strong>natura</strong></span> <span class='ocrx_word' id='word_1_230' title='bbox 1747 1663 1841 1735; x_wconf 79' lang='lat' dir='ltr'><strong>liquida</strong></span> 
     </span>
     <span class='ocr_line' id='line_1_18' title="bbox 223 1738 1841 1810; baseline 0.001 -16"><span class='ocrx_word' id='word_1_231' title='bbox 223 1740 400 1795; x_wconf 90' lang='lat' dir='ltr'><strong>videturesse</strong></span> <span class='ocrx_word' id='word_1_232' title='bbox 415 1747 518 1796; x_wconf 80' lang='lat' dir='ltr'><strong>naturae</strong></span> <span class='ocrx_word' id='word_1_233' title='bbox 531 1741 671 1810; x_wconf 84' lang='lat' dir='ltr'><strong>cujusdam</strong></span> <span class='ocrx_word' id='word_1_234' title='bbox 685 1738 782 1794; x_wconf 78' lang='lat' dir='ltr'><strong>medice</strong></span> <span class='ocrx_word' id='word_1_235' title='bbox 798 1745 826 1793; x_wconf 90' lang='lat' dir='ltr'><strong>et</strong></span> <span class='ocrx_word' id='word_1_236' title='bbox 844 1738 1009 1809; x_wconf 79' lang='lat' dir='ltr'><strong>adiaphorae.</strong></span> <span class='ocrx_word' id='word_1_237' title='bbox 1049 1738 1215 1795; x_wconf 84' lang='lat' dir='ltr'><strong>abscinditur</strong></span> <span class='ocrx_word' id='word_1_238' title='bbox 1235 1748 1262 1794; x_wconf 88' lang='lat' dir='ltr'><strong>et</strong></span> <span class='ocrx_word' id='word_1_239' title='bbox 1279 1741 1440 1796; x_wconf 85' lang='lat' dir='ltr'><strong>subducitur.</strong></span> <span class='ocrx_word' id='word_1_240' title='bbox 1485 1742 1581 1796; x_wconf 85' lang='lat' dir='ltr'><strong>Manet</strong></span> <span class='ocrx_word' id='word_1_241' title='bbox 1601 1741 1785 1798; x_wconf 85' lang='lat' dir='ltr'><strong>nibilominus</strong></span> <span class='ocrx_word' id='word_1_242' title='bbox 1803 1760 1841 1796; x_wconf 75' lang='lat' dir='ltr'><strong>ra</strong></span> 
     </span>
     <span class='ocr_line' id='line_1_19' title="bbox 225 1817 1842 1892; baseline 0.002 -20"><span class='ocrx_word' id='word_1_243' title='bbox 225 1819 285 1874; x_wconf 91' lang='lat' dir='ltr'><strong>Hoc</strong></span> <span class='ocrx_word' id='word_1_244' title='bbox 299 1820 371 1875; x_wconf 89' lang='lat' dir='ltr'><strong>enim</strong></span> <span class='ocrx_word' id='word_1_245' title='bbox 385 1836 482 1892; x_wconf 89' lang='lat' dir='ltr'><strong>corpus</strong></span> <span class='ocrx_word' id='word_1_246' title='bbox 496 1820 564 1875; x_wconf 89' lang='lat' dir='ltr'><strong>illud</strong></span> <span class='ocrx_word' id='word_1_247' title='bbox 582 1828 631 1884; x_wconf 88' lang='lat' dir='ltr'><strong>est,</strong></span> <span class='ocrx_word' id='word_1_248' title='bbox 647 1819 718 1889; x_wconf 91' lang='lat' dir='ltr'><strong>quod</strong></span> <span class='ocrx_word' id='word_1_249' title='bbox 730 1817 826 1883; x_wconf 90' lang='lat' dir='ltr'><strong>lucem,</strong></span> <span class='ocrx_word' id='word_1_250' title='bbox 841 1819 1010 1888; x_wconf 90' lang='lat' dir='ltr'><strong>opacitatem,</strong></span> <span class='ocrx_word' id='word_1_251' title='bbox 1049 1819 1132 1873; x_wconf 84' lang='lat' dir='ltr'><strong>rietes</strong></span> <span class='ocrx_word' id='word_1_252' title='bbox 1152 1835 1205 1873; x_wconf 91' lang='lat' dir='ltr'><strong>non</strong></span> <span class='ocrx_word' id='word_1_253' title='bbox 1228 1836 1320 1890; x_wconf 88' lang='lat' dir='ltr'><strong>parva,</strong></span> <span class='ocrx_word' id='word_1_254' title='bbox 1341 1829 1371 1874; x_wconf 91' lang='grc' dir='ltr'><strong>ιιι</strong></span> <span class='ocrx_word' id='word_1_255' title='bbox 1391 1821 1420 1873; x_wconf 91' lang='lat' dir='ltr'><strong>in</strong></span> <span class='ocrx_word' id='word_1_256' title='bbox 1441 1829 1515 1874; x_wconf 89' lang='lat' dir='ltr'><strong>tanta</strong></span> <span class='ocrx_word' id='word_1_257' title='bbox 1535 1821 1696 1876; x_wconf 82' lang='lat' dir='ltr'><strong>diversitate</strong></span> <span class='ocrx_word' id='word_1_258' title='bbox 1721 1823 1842 1886; x_wconf 68' lang='lat' dir='ltr'><strong>hubam,</strong></span> 
     </span>
     <span class='ocr_line' id='line_1_20' title="bbox 223 1893 1842 1971; baseline 0.003 -19"><span class='ocrx_word' id='word_1_259' title='bbox 223 1899 395 1970; x_wconf 89' lang='lat' dir='ltr'><strong>omniumque</strong></span> <span class='ocrx_word' id='word_1_260' title='bbox 407 1900 524 1953; x_wconf 90' lang='lat' dir='ltr'><strong>colorum</strong></span> <span class='ocrx_word' id='word_1_261' title='bbox 539 1900 676 1960; x_wconf 89' lang='lat' dir='ltr'><strong>tincturas,</strong></span> <span class='ocrx_word' id='word_1_262' title='bbox 687 1906 715 1951; x_wconf 90' lang='lat' dir='ltr'><strong>et</strong></span> <span class='ocrx_word' id='word_1_263' title='bbox 727 1898 882 1952; x_wconf 88' lang='lat' dir='ltr'><strong>umbrarum</strong></span> <span class='ocrx_word' id='word_1_264' title='bbox 892 1897 1011 1967; x_wconf 67' lang='lat' dir='ltr'><strong>¹eclipses</strong></span> <span class='ocrx_word' id='word_1_265' title='bbox 1049 1915 1196 1963; x_wconf 90' lang='lat' dir='ltr'><strong>succorum,</strong></span> <span class='ocrx_word' id='word_1_266' title='bbox 1220 1893 1418 1962; x_wconf 68' lang='lat' dir='ltr'><strong>distillantem,</strong></span> <span class='ocrx_word' id='word_1_267' title='bbox 1437 1909 1464 1952; x_wconf 89' lang='lat' dir='ltr'><strong>et</strong></span> <span class='ocrx_word' id='word_1_268' title='bbox 1482 1900 1649 1968; x_wconf 86' lang='lat' dir='ltr'><strong>hujusmodi,</strong></span> <span class='ocrx_word' id='word_1_269' title='bbox 1673 1901 1842 1971; x_wconf 78' lang='lat' dir='ltr'><strong>manilestun</strong></span> 
     </span>
     <span class='ocr_line' id='line_1_21' title="bbox 223 1975 1844 2051; baseline 0.002 -18"><span class='ocrx_word' id='word_1_270' title='bbox 223 1979 324 2048; x_wconf 83' lang='lat' dir='ltr'><strong>excipit</strong></span> <span class='ocrx_word' id='word_1_271' title='bbox 335 1986 363 2032; x_wconf 93' lang='lat' dir='ltr'><strong>et</strong></span> <span class='ocrx_word' id='word_1_272' title='bbox 372 1978 459 2044; x_wconf 67' lang='lat' dir='ltr'><strong>vehit,</strong></span> <span class='ocrx_word' id='word_1_273' title='bbox 475 1978 545 2051; x_wconf 91' lang='lat' dir='ltr'><strong>quod</strong></span> <span class='ocrx_word' id='word_1_274' title='bbox 556 1994 683 2032; x_wconf 77' lang='lat' dir='ltr'><strong>annonam</strong></span> <span class='ocrx_word' id='word_1_275' title='bbox 693 1977 774 2031; x_wconf 87' lang='lat' dir='ltr'><strong>etiam</strong></span> <span class='ocrx_word' id='word_1_276' title='bbox 784 1975 1010 2041; x_wconf 82' lang='lat' dir='ltr'><strong>harmonicorum,</strong></span> <span class='ocrx_word' id='word_1_277' title='bbox 1050 1985 1098 2031; x_wconf 80' lang='lat' dir='ltr'><strong>est</strong></span> <span class='ocrx_word' id='word_1_278' title='bbox 1139 1979 1176 2041; x_wconf 78' lang='lat' dir='ltr'><strong>At</strong></span> <span class='ocrx_word' id='word_1_279' title='bbox 1188 1978 1217 2032; x_wconf 92' lang='lat' dir='ltr'><strong>in</strong></span> <span class='ocrx_word' id='word_1_280' title='bbox 1231 1977 1313 2033; x_wconf 69' lang='lat' dir='ltr'><strong>aeriis</strong></span> <span class='ocrx_word' id='word_1_281' title='bbox 1327 1987 1354 2031; x_wconf 93' lang='lat' dir='ltr'><strong>et</strong></span> <span class='ocrx_word' id='word_1_282' title='bbox 1367 1980 1546 2049; x_wconf 82' lang='lat' dir='ltr'><strong>pneumaticis</strong></span> <span class='ocrx_word' id='word_1_283' title='bbox 1556 1980 1720 2051; x_wconf 89' lang='lat' dir='ltr'><strong>corporibus</strong></span> <span class='ocrx_word' id='word_1_284' title='bbox 1733 1989 1844 2036; x_wconf 71' lang='lat' dir='ltr'><strong>arentin</strong></span> 
     </span>
     <span class='ocr_line' id='line_1_22' title="bbox 223 2053 1843 2133; baseline 0.002 -22"><span class='ocrx_word' id='word_1_285' title='bbox 223 2064 251 2111; x_wconf 90' lang='lat' dir='ltr'><strong>et</strong></span> <span class='ocrx_word' id='word_1_286' title='bbox 259 2056 346 2132; x_wconf 89' lang='lat' dir='ltr'><strong>(quod</strong></span> <span class='ocrx_word' id='word_1_287' title='bbox 356 2056 441 2112; x_wconf 89' lang='lat' dir='ltr'><strong>multo</strong></span> <span class='ocrx_word' id='word_1_288' title='bbox 449 2053 600 2131; x_wconf 86' lang='lat' dir='ltr'><strong>majuseat)</strong></span> <span class='ocrx_word' id='word_1_289' title='bbox 611 2056 811 2111; x_wconf 89' lang='lat' dir='ltr'><strong>articulatorum</strong></span> <span class='ocrx_word' id='word_1_290' title='bbox 820 2055 1012 2125; x_wconf 86' lang='lat' dir='ltr'><strong>impressiones</strong></span> <span class='ocrx_word' id='word_1_291' title='bbox 1050 2057 1135 2110; x_wconf 90' lang='lat' dir='ltr'><strong>multo</strong></span> <span class='ocrx_word' id='word_1_292' title='bbox 1148 2058 1235 2128; x_wconf 89' lang='lat' dir='ltr'><strong>magis</strong></span> <span class='ocrx_word' id='word_1_293' title='bbox 1248 2058 1372 2120; x_wconf 85' lang='lat' dir='ltr'><strong>varietas,</strong></span> <span class='ocrx_word' id='word_1_294' title='bbox 1385 2067 1412 2112; x_wconf 91' lang='lat' dir='ltr'><strong>et</strong></span> <span class='ocrx_word' id='word_1_295' title='bbox 1431 2058 1575 2113; x_wconf 90' lang='lat' dir='ltr'><strong>obducitur</strong></span> <span class='ocrx_word' id='word_1_296' title='bbox 1597 2061 1759 2130; x_wconf 83' lang='lat' dir='ltr'><strong>promiscua</strong></span> <span class='ocrx_word' id='word_1_297' title='bbox 1777 2079 1843 2133; x_wconf 77' lang='lat' dir='ltr'><strong>que·</strong></span> 
     </span>
     <span class='ocr_line' id='line_1_23' title="bbox 223 2135 1845 2207; baseline 0.002 -16"><span class='ocrx_word' id='word_1_298' title='bbox 223 2144 252 2191; x_wconf 92' lang='lat' dir='ltr'><strong>et</strong></span> <span class='ocrx_word' id='word_1_299' title='bbox 265 2137 418 2207; x_wconf 88' lang='lat' dir='ltr'><strong>signaturas</strong></span> <span class='ocrx_word' id='word_1_300' title='bbox 431 2143 506 2191; x_wconf 89' lang='lat' dir='ltr'><strong>motu</strong></span> <span class='ocrx_word' id='word_1_301' title='bbox 519 2136 720 2191; x_wconf 86' lang='lat' dir='ltr'><strong>accuratissimo</strong></span> <span class='ocrx_word' id='word_1_302' title='bbox 732 2135 917 2198; x_wconf 72' lang='lat' dir='ltr'><strong>discriminat,</strong></span> <span class='ocrx_word' id='word_1_303' title='bbox 939 2135 1012 2206; x_wconf 92' lang='lat' dir='ltr'><strong>quod</strong></span> <span class='ocrx_word' id='word_1_304' title='bbox 1050 2135 1111 2190; x_wconf 89' lang='lat' dir='ltr'><strong>dam</strong></span> <span class='ocrx_word' id='word_1_305' title='bbox 1136 2151 1225 2191; x_wconf 88' lang='lat' dir='ltr'><strong>rerum</strong></span> <span class='ocrx_word' id='word_1_306' title='bbox 1248 2137 1404 2191; x_wconf 85' lang='lat' dir='ltr'><strong>similitudo.</strong></span> <span class='ocrx_word' id='word_1_307' title='bbox 1445 2137 1527 2192; x_wconf 88' lang='lat' dir='ltr'><strong>Certe</strong></span> <span class='ocrx_word' id='word_1_308' title='bbox 1547 2139 1589 2192; x_wconf 88' lang='lat' dir='ltr'><strong>vis</strong></span> <span class='ocrx_word' id='word_1_309' title='bbox 1609 2138 1659 2192; x_wconf 90' lang='lat' dir='ltr'><strong>illa</strong></span> <span class='ocrx_word' id='word_1_310' title='bbox 1680 2140 1802 2195; x_wconf 87' lang='lat' dir='ltr'><strong>colorum</strong></span> <span class='ocrx_word' id='word_1_311' title='bbox 1820 2149 1845 2194; x_wconf 86' lang='lat' dir='ltr'><strong>st</strong></span> 
     </span>
     <span class='ocr_line' id='line_1_24' title="bbox 224 2213 1842 2290; baseline 0.004 -23"><span class='ocrx_word' id='word_1_312' title='bbox 224 2214 335 2270; x_wconf 89' lang='lat' dir='ltr'><strong>odorum</strong></span> <span class='ocrx_word' id='word_1_313' title='bbox 348 2214 520 2280; x_wconf 76' lang='lat' dir='ltr'><strong>didemnnas,</strong></span> <span class='ocrx_word' id='word_1_314' title='bbox 533 2232 588 2270; x_wconf 90' lang='lat' dir='ltr'><strong>non</strong></span> <span class='ocrx_word' id='word_1_315' title='bbox 603 2222 707 2270; x_wconf 87' lang='lat' dir='ltr'><strong>tantum</strong></span> <span class='ocrx_word' id='word_1_316' title='bbox 721 2214 862 2285; x_wconf 76' lang='lat' dir='ltr'><strong>generales</strong></span> <span class='ocrx_word' id='word_1_317' title='bbox 876 2213 938 2268; x_wconf 91' lang='lat' dir='ltr'><strong>illas</strong></span> <span class='ocrx_word' id='word_1_318' title='bbox 952 2231 1012 2269; x_wconf 88' lang='lat' dir='ltr'><strong>sua·</strong></span> <span class='ocrx_word' id='word_1_319' title='bbox 1050 2231 1182 2285; x_wconf 85' lang='lat' dir='ltr'><strong>saporum,</strong></span> <span class='ocrx_word' id='word_1_320' title='bbox 1197 2216 1295 2286; x_wconf 90' lang='lat' dir='ltr'><strong>quibus</strong></span> <span class='ocrx_word' id='word_1_321' title='bbox 1314 2215 1433 2287; x_wconf 88' lang='lat' dir='ltr'><strong>liquores</strong></span> <span class='ocrx_word' id='word_1_322' title='bbox 1453 2218 1618 2289; x_wconf 82' lang='lat' dir='ltr'><strong>quandoque</strong></span> <span class='ocrx_word' id='word_1_323' title='bbox 1631 2218 1842 2290; x_wconf 83' lang='lat' dir='ltr'><strong>distinguuntur,</strong></span> 
     </span>
     <span class='ocr_line' id='line_1_25' title="bbox 223 2292 1843 2369; baseline 0.003 -21"><span class='ocrx_word' id='word_1_324' title='bbox 223 2294 265 2348; x_wconf 85' lang='lat' dir='ltr'><strong>ria</strong></span> <span class='ocrx_word' id='word_1_325' title='bbox 277 2302 305 2348; x_wconf 89' lang='lat' dir='ltr'><strong>et</strong></span> <span class='ocrx_word' id='word_1_326' title='bbox 317 2294 411 2358; x_wconf 77' lang='lat' dir='ltr'><strong>scuti,</strong></span> <span class='ocrx_word' id='word_1_327' title='bbox 426 2295 524 2366; x_wconf 87' lang='lat' dir='ltr'><strong>gravis,</strong></span> <span class='ocrx_word' id='word_1_328' title='bbox 538 2295 618 2358; x_wconf 88' lang='lat' dir='ltr'><strong>acuti,</strong></span> <span class='ocrx_word' id='word_1_329' title='bbox 632 2301 661 2349; x_wconf 91' lang='lat' dir='ltr'><strong>et</strong></span> <span class='ocrx_word' id='word_1_330' title='bbox 673 2292 811 2355; x_wconf 87' lang='lat' dir='ltr'><strong>similium,</strong></span> <span class='ocrx_word' id='word_1_331' title='bbox 825 2292 874 2347; x_wconf 89' lang='lat' dir='ltr'><strong>sed</strong></span> <span class='ocrx_word' id='word_1_332' title='bbox 887 2294 1012 2364; x_wconf 89' lang='lat' dir='ltr'><strong>proprias</strong></span> <span class='ocrx_word' id='word_1_333' title='bbox 1050 2295 1274 2360; x_wconf 75' lang='lat' dir='ltr'><strong>omninocessat3</strong></span> <span class='ocrx_word' id='word_1_334' title='bbox 1296 2297 1407 2350; x_wconf 90' lang='lat' dir='ltr'><strong>odorum</strong></span> <span class='ocrx_word' id='word_1_335' title='bbox 1428 2313 1493 2350; x_wconf 91' lang='lat' dir='ltr'><strong>vero</strong></span> <span class='ocrx_word' id='word_1_336' title='bbox 1513 2307 1715 2369; x_wconf 69' lang='lat' dir='ltr'><strong>maneantque</strong></span> <span class='ocrx_word' id='word_1_337' title='bbox 1735 2298 1843 2354; x_wconf 69' lang='lat' dir='ltr'><strong>mam</strong></span> 
     </span>
     <span class='ocr_line' id='line_1_26' title="bbox 224 2372 1842 2444; baseline 0.003 -16"><span class='ocrx_word' id='word_1_338' title='bbox 224 2381 253 2428; x_wconf 88' lang='lat' dir='ltr'><strong>et</strong></span> <span class='ocrx_word' id='word_1_339' title='bbox 275 2374 450 2444; x_wconf 81' lang='lat' dir='ltr'><strong>specificatus,</strong></span> <span class='ocrx_word' id='word_1_340' title='bbox 474 2391 550 2440; x_wconf 78' lang='lat' dir='ltr'><strong>rossa,</strong></span> <span class='ocrx_word' id='word_1_341' title='bbox 574 2373 661 2438; x_wconf 72' lang='lat' dir='ltr'><strong>nolas,</strong></span> <span class='ocrx_word' id='word_1_342' title='bbox 685 2373 757 2428; x_wconf 88' lang='lat' dir='ltr'><strong>subit</strong></span> <span class='ocrx_word' id='word_1_343' title='bbox 778 2389 828 2427; x_wconf 89' lang='lat' dir='ltr'><strong>nec</strong></span> <span class='ocrx_word' id='word_1_344' title='bbox 851 2372 1010 2438; x_wconf 76' lang='lat' dir='ltr'><strong>conmndit;</strong></span> <span class='ocrx_word' id='word_1_345' title='bbox 1050 2373 1247 2438; x_wconf 86' lang='lat' dir='ltr'><strong>nonnullarum,</strong></span> <span class='ocrx_word' id='word_1_346' title='bbox 1261 2375 1301 2428; x_wconf 87' lang='lat' dir='ltr'><strong>ita</strong></span> <span class='ocrx_word' id='word_1_347' title='bbox 1321 2383 1413 2429; x_wconf 87' lang='lat' dir='ltr'><strong>tamen</strong></span> <span class='ocrx_word' id='word_1_348' title='bbox 1426 2382 1456 2429; x_wconf 91' lang='lat' dir='ltr'><strong>ut</strong></span> <span class='ocrx_word' id='word_1_349' title='bbox 1477 2383 1624 2440; x_wconf 87' lang='lat' dir='ltr'><strong>transeant,</strong></span> <span class='ocrx_word' id='word_1_350' title='bbox 1639 2378 1842 2441; x_wconf 79' lang='lat' dir='ltr'><strong>confundantur,</strong></span> 
     </span>
     <span class='ocr_line' id='line_1_27' title="bbox 224 2451 1844 2528; baseline 0.004 -23"><span class='ocrx_word' id='word_1_351' title='bbox 224 2453 295 2524; x_wconf 92' lang='lat' dir='ltr'><strong>quod</strong></span> <span class='ocrx_word' id='word_1_352' title='bbox 317 2452 351 2506; x_wconf 89' lang='lat' dir='ltr'><strong>ad</strong></span> <span class='ocrx_word' id='word_1_353' title='bbox 372 2451 492 2508; x_wconf 85' lang='lat' dir='ltr'><strong>celebres</strong></span> <span class='ocrx_word' id='word_1_354' title='bbox 512 2462 541 2508; x_wconf 92' lang='lat' dir='ltr'><strong>et</strong></span> <span class='ocrx_word' id='word_1_355' title='bbox 562 2452 762 2524; x_wconf 90' lang='lat' dir='ltr'><strong>potentissimas</strong></span> <span class='ocrx_word' id='word_1_356' title='bbox 783 2451 845 2506; x_wconf 86' lang='lat' dir='ltr'><strong>illas</strong></span> <span class='ocrx_word' id='word_1_357' title='bbox 867 2451 1012 2522; x_wconf 89' lang='lat' dir='ltr'><strong>qualitates</strong></span> <span class='ocrx_word' id='word_1_358' title='bbox 1050 2461 1077 2507; x_wconf 89' lang='lat' dir='ltr'><strong>et</strong></span> <span class='ocrx_word' id='word_1_359' title='bbox 1091 2453 1181 2507; x_wconf 89' lang='lat' dir='ltr'><strong>minas</strong></span> <span class='ocrx_word' id='word_1_360' title='bbox 1194 2453 1332 2520; x_wconf 69' lang='lat' dir='ltr'><strong>humant,</strong></span> <span class='ocrx_word' id='word_1_361' title='bbox 1353 2454 1464 2508; x_wconf 88' lang='lat' dir='ltr'><strong>adeout</strong></span> <span class='ocrx_word' id='word_1_362' title='bbox 1478 2456 1506 2508; x_wconf 91' lang='lat' dir='ltr'><strong>in</strong></span> <span class='ocrx_word' id='word_1_363' title='bbox 1519 2457 1680 2510; x_wconf 85' lang='lat' dir='ltr'><strong>universnm</strong></span> <span class='ocrx_word' id='word_1_364' title='bbox 1694 2459 1844 2528; x_wconf 85' lang='lat' dir='ltr'><strong>quorasgis</strong></span> 
     </span>
     <span class='ocr_line' id='line_1_28' title="bbox 224 2531 1844 2606; baseline 0.004 -22"><span class='ocrx_word' id='word_1_365' title='bbox 224 2531 312 2593; x_wconf 87' lang='lat' dir='ltr'><strong>calidi,</strong></span> <span class='ocrx_word' id='word_1_366' title='bbox 340 2531 441 2604; x_wconf 80' lang='lat' dir='ltr'><strong>frigidi,</strong></span> <span class='ocrx_word' id='word_1_367' title='bbox 469 2533 550 2588; x_wconf 89' lang='lat' dir='ltr'><strong>etiarn</strong></span> <span class='ocrx_word' id='word_1_368' title='bbox 573 2532 686 2596; x_wconf 90' lang='lat' dir='ltr'><strong>humidi,</strong></span> <span class='ocrx_word' id='word_1_369' title='bbox 713 2531 786 2594; x_wconf 88' lang='lat' dir='ltr'><strong>sicci,</strong></span> <span class='ocrx_word' id='word_1_370' title='bbox 814 2531 1012 2603; x_wconf 87' lang='lat' dir='ltr'><strong>quodammodo</strong></span> <span class='ocrx_word' id='word_1_371' title='bbox 1051 2532 1086 2585; x_wconf 89' lang='lat' dir='ltr'><strong>ad</strong></span> <span class='ocrx_word' id='word_1_372' title='bbox 1107 2533 1179 2604; x_wconf 90' lang='lat' dir='ltr'><strong>ignis</strong></span> <span class='ocrx_word' id='word_1_373' title='bbox 1202 2543 1325 2588; x_wconf 89' lang='lat' dir='ltr'><strong>naturam</strong></span> <span class='ocrx_word' id='word_1_374' title='bbox 1349 2533 1396 2588; x_wconf 83' lang='lat' dir='ltr'><strong>fiat</strong></span> <span class='ocrx_word' id='word_1_375' title='bbox 1418 2535 1658 2606; x_wconf 82' lang='lat' dir='ltr'><strong>appropinquatio,</strong></span> <span class='ocrx_word' id='word_1_376' title='bbox 1684 2545 1790 2591; x_wconf 88' lang='lat' dir='ltr'><strong>tantum</strong></span> <span class='ocrx_word' id='word_1_377' title='bbox 1813 2537 1844 2590; x_wconf 88' lang='lat' dir='ltr'><strong>dr</strong></span> 
     </span>
     <span class='ocr_line' id='line_1_29' title="bbox 224 2610 1844 2685; baseline 0.003 -20"><span class='ocrx_word' id='word_1_378' title='bbox 224 2627 331 2682; x_wconf 79' lang='lat' dir='ltr'><strong>aequum</strong></span> <span class='ocrx_word' id='word_1_379' title='bbox 353 2627 382 2665; x_wconf 88' lang='lat' dir='ltr'><strong>se</strong></span> <span class='ocrx_word' id='word_1_380' title='bbox 403 2612 513 2682; x_wconf 76' lang='lat' dir='ltr'><strong>praebet,</strong></span> <span class='ocrx_word' id='word_1_381' title='bbox 535 2613 564 2666; x_wconf 90' lang='lat' dir='ltr'><strong>in</strong></span> <span class='ocrx_word' id='word_1_382' title='bbox 587 2629 642 2685; x_wconf 91' lang='lat' dir='ltr'><strong>quo</strong></span> <span class='ocrx_word' id='word_1_383' title='bbox 663 2627 777 2681; x_wconf 85' lang='lat' dir='ltr'><strong>vapores</strong></span> <span class='ocrx_word' id='word_1_384' title='bbox 800 2611 888 2682; x_wconf 86' lang='lat' dir='ltr'><strong>aquei,</strong></span> <span class='ocrx_word' id='word_1_385' title='bbox 910 2610 1012 2665; x_wconf 90' lang='lat' dir='ltr'><strong>halitus</strong></span> <span class='ocrx_word' id='word_1_386' title='bbox 1050 2612 1178 2666; x_wconf 87' lang='lat' dir='ltr'><strong>varietate</strong></span> <span class='ocrx_word' id='word_1_387' title='bbox 1192 2612 1327 2682; x_wconf 77' lang='lat' dir='ltr'><strong>depereat</strong></span> <span class='ocrx_word' id='word_1_388' title='bbox 1368 2614 1405 2667; x_wconf 78' lang='lat' dir='ltr'><strong>At</strong></span> <span class='ocrx_word' id='word_1_389' title='bbox 1418 2621 1560 2685; x_wconf 88' lang='lat' dir='ltr'><strong>postquam</strong></span> <span class='ocrx_word' id='word_1_390' title='bbox 1582 2615 1618 2667; x_wconf 91' lang='lat' dir='ltr'><strong>ad</strong></span> <span class='ocrx_word' id='word_1_391' title='bbox 1639 2616 1715 2685; x_wconf 87' lang='lat' dir='ltr'><strong>ignia</strong></span> <span class='ocrx_word' id='word_1_392' title='bbox 1728 2625 1844 2670; x_wconf 79' lang='lat' dir='ltr'><strong>usturam</strong></span> 
     </span>
     <span class='ocr_line' id='line_1_30' title="bbox 224 2690 1845 2763; baseline 0.002 -19"><span class='ocrx_word' id='word_1_393' title='bbox 224 2690 347 2762; x_wconf 77' lang='lat' dir='ltr'><strong>pingues,</strong></span> <span class='ocrx_word' id='word_1_394' title='bbox 362 2691 471 2761; x_wconf 88' lang='lat' dir='ltr'><strong>spiritus</strong></span> <span class='ocrx_word' id='word_1_395' title='bbox 485 2691 589 2755; x_wconf 87' lang='lat' dir='ltr'><strong>salium,</strong></span> <span class='ocrx_word' id='word_1_396' title='bbox 604 2690 775 2746; x_wconf 87' lang='lat' dir='ltr'><strong>metallorum</strong></span> <span class='ocrx_word' id='word_1_397' title='bbox 792 2690 867 2754; x_wconf 88' lang='lat' dir='ltr'><strong>iumi,</strong></span> <span class='ocrx_word' id='word_1_398' title='bbox 881 2707 1014 2759; x_wconf 87' lang='lat' dir='ltr'><strong>suspensa</strong></span> <span class='ocrx_word' id='word_1_399' title='bbox 1050 2699 1157 2745; x_wconf 81' lang='lat' dir='ltr'><strong>reamur</strong></span> <span class='ocrx_word' id='word_1_400' title='bbox 1172 2700 1221 2756; x_wconf 87' lang='lat' dir='ltr'><strong>eat,</strong></span> <span class='ocrx_word' id='word_1_401' title='bbox 1236 2692 1347 2763; x_wconf 71' lang='lat' dir='ltr'><strong>eiusque</strong></span> <span class='ocrx_word' id='word_1_402' title='bbox 1369 2693 1509 2747; x_wconf 82' lang='lat' dir='ltr'><strong>sacrificati</strong></span> <span class='ocrx_word' id='word_1_403' title='bbox 1524 2700 1553 2746; x_wconf 90' lang='lat' dir='ltr'><strong>et</strong></span> <span class='ocrx_word' id='word_1_404' title='bbox 1567 2694 1700 2762; x_wconf 90' lang='lat' dir='ltr'><strong>purioris,</strong></span> <span class='ocrx_word' id='word_1_405' title='bbox 1716 2712 1795 2748; x_wconf 87' lang='lat' dir='ltr'><strong>omne</strong></span> <span class='ocrx_word' id='word_1_406' title='bbox 1808 2712 1845 2748; x_wconf 91' lang='lat' dir='ltr'><strong>or·</strong></span> 
     </span>
     <span class='ocr_line' id='line_1_31' title="bbox 178 2768 1844 2843; baseline 0.004 -21"><span class='ocrx_word' id='word_1_407' title='bbox 178 2829 179 2833; x_wconf 6' lang='grc' dir='ltr'>ἵ</span> <span class='ocrx_word' id='word_1_408' title='bbox 224 2768 325 2825; x_wconf 83' lang='lat' dir='ltr'><strong>volant.</strong></span> <span class='ocrx_word' id='word_1_409' title='bbox 366 2769 491 2841; x_wconf 86' lang='lat' dir='ltr'><strong>Denique</strong></span> <span class='ocrx_word' id='word_1_410' title='bbox 504 2771 534 2824; x_wconf 90' lang='lat' dir='ltr'><strong>in</strong></span> <span class='ocrx_word' id='word_1_411' title='bbox 549 2788 602 2842; x_wconf 90' lang='lat' dir='ltr'><strong>quo</strong></span> <span class='ocrx_word' id='word_1_412' title='bbox 614 2770 684 2825; x_wconf 90' lang='lat' dir='ltr'><strong>radii</strong></span> <span class='ocrx_word' id='word_1_413' title='bbox 698 2770 828 2833; x_wconf 81' lang='lat' dir='ltr'><strong>coelestes,</strong></span> <span class='ocrx_word' id='word_1_414' title='bbox 843 2778 870 2822; x_wconf 91' lang='lat' dir='ltr'><strong>et</strong></span> <span class='ocrx_word' id='word_1_415' title='bbox 884 2770 1013 2824; x_wconf 82' lang='lat' dir='ltr'><strong>arctiores</strong></span> <span class='ocrx_word' id='word_1_416' title='bbox 1051 2787 1160 2841; x_wconf 89' lang='lat' dir='ltr'><strong>ganum,</strong></span> <span class='ocrx_word' id='word_1_417' title='bbox 1183 2771 1323 2843; x_wconf 88' lang='lat' dir='ltr'><strong>omnisque</strong></span> <span class='ocrx_word' id='word_1_418' title='bbox 1347 2772 1505 2842; x_wconf 87' lang='lat' dir='ltr'><strong>proprietas,</strong></span> <span class='ocrx_word' id='word_1_419' title='bbox 1528 2773 1619 2827; x_wconf 72' lang='lat' dir='ltr'><strong>omma</strong></span> <span class='ocrx_word' id='word_1_420' title='bbox 1646 2773 1844 2828; x_wconf 71' lang='lat' dir='ltr'><strong>disnmilaritas</strong></span> 
     </span>
     <span class='ocr_line' id='line_1_32' title="bbox 224 2850 1844 2923; baseline 0.003 -21"><span class='ocrx_word' id='word_1_421' title='bbox 224 2865 313 2905; x_wconf 87' lang='lat' dir='ltr'><strong>rernm</strong></span> <span class='ocrx_word' id='word_1_422' title='bbox 326 2866 472 2904; x_wconf 87' lang='lat' dir='ltr'><strong>consensus</strong></span> <span class='ocrx_word' id='word_1_423' title='bbox 487 2856 515 2904; x_wconf 90' lang='lat' dir='ltr'><strong>et</strong></span> <span class='ocrx_word' id='word_1_424' title='bbox 528 2850 676 2915; x_wconf 76' lang='lat' dir='ltr'><strong>discordia,</strong></span> <span class='ocrx_word' id='word_1_425' title='bbox 692 2857 796 2905; x_wconf 74' lang='lat' dir='ltr'><strong>acceto</strong></span> <span class='ocrx_word' id='word_1_426' title='bbox 809 2856 968 2912; x_wconf 88' lang='lat' dir='ltr'><strong>commeant,</strong></span> <span class='ocrx_word' id='word_1_427' title='bbox 982 2857 1011 2902; x_wconf 92' lang='lat' dir='ltr'><strong>et</strong></span> <span class='ocrx_word' id='word_1_428' title='bbox 1051 2851 1165 2914; x_wconf 84' lang='lat' dir='ltr'><strong>exuitur,</strong></span> <span class='ocrx_word' id='word_1_429' title='bbox 1177 2858 1259 2922; x_wconf 89' lang='lat' dir='ltr'><strong>atque</strong></span> <span class='ocrx_word' id='word_1_430' title='bbox 1273 2860 1371 2906; x_wconf 87' lang='lat' dir='ltr'><strong>natura</strong></span> <span class='ocrx_word' id='word_1_431' title='bbox 1384 2861 1513 2920; x_wconf 88' lang='lat' dir='ltr'><strong>tanquam</strong></span> <span class='ocrx_word' id='word_1_432' title='bbox 1526 2852 1555 2905; x_wconf 90' lang='lat' dir='ltr'><strong>in</strong></span> <span class='ocrx_word' id='word_1_433' title='bbox 1569 2853 1674 2906; x_wconf 83' lang='lat' dir='ltr'><strong>vertice</strong></span> <span class='ocrx_word' id='word_1_434' title='bbox 1688 2853 1844 2923; x_wconf 87' lang='lat' dir='ltr'><strong>pyramidsli</strong></span> 
     </span>
     <span class='ocr_line' id='line_1_33' title="bbox 224 2928 1846 3003; baseline 0.002 -19"><span class='ocrx_word' id='word_1_435' title='bbox 224 2928 432 2995; x_wconf 85' lang='lat' dir='ltr'><strong>obmurmurant,</strong></span> <span class='ocrx_word' id='word_1_436' title='bbox 446 2937 475 2985; x_wconf 90' lang='lat' dir='ltr'><strong>ut</strong></span> <span class='ocrx_word' id='word_1_437' title='bbox 488 2930 523 2985; x_wconf 91' lang='lat' dir='ltr'><strong>ait</strong></span> <span class='ocrx_word' id='word_1_438' title='bbox 543 2928 591 2986; x_wconf 70' lang='lat' dir='ltr'><strong>adr</strong></span> <span class='ocrx_word' id='word_1_439' title='bbox 609 2929 692 2986; x_wconf 91' lang='lat' dir='ltr'><strong>veluti</strong></span> <span class='ocrx_word' id='word_1_440' title='bbox 712 2928 803 2984; x_wconf 88' lang='lat' dir='ltr'><strong>Chaos</strong></span> <span class='ocrx_word' id='word_1_441' title='bbox 816 2928 970 2994; x_wconf 87' lang='lat' dir='ltr'><strong>secundum,</strong></span> <span class='ocrx_word' id='word_1_442' title='bbox 984 2929 1013 2983; x_wconf 90' lang='lat' dir='ltr'><strong>in</strong></span> <span class='ocrx_word' id='word_1_443' title='bbox 1051 2930 1080 2984; x_wconf 92' lang='lat' dir='ltr'><strong>iu</strong></span> <span class='ocrx_word' id='word_1_444' title='bbox 1103 2947 1185 2985; x_wconf 87' lang='lat' dir='ltr'><strong>unum</strong></span> <span class='ocrx_word' id='word_1_445' title='bbox 1206 2932 1279 2986; x_wconf 91' lang='lat' dir='ltr'><strong>coire</strong></span> <span class='ocrx_word' id='word_1_446' title='bbox 1292 2931 1404 2995; x_wconf 75' lang='lat' dir='ltr'><strong>videtin,</strong></span> <span class='ocrx_word' id='word_1_447' title='bbox 1418 2939 1499 3003; x_wconf 89' lang='lat' dir='ltr'><strong>atque</strong></span> <span class='ocrx_word' id='word_1_448' title='bbox 1519 2931 1554 2986; x_wconf 90' lang='lat' dir='ltr'><strong>ad</strong></span> <span class='ocrx_word' id='word_1_449' title='bbox 1575 2932 1726 2987; x_wconf 86' lang='lat' dir='ltr'><strong>terminum</strong></span> <span class='ocrx_word' id='word_1_450' title='bbox 1741 2933 1846 2987; x_wconf 80' lang='lat' dir='ltr'><strong>actiosus</strong></span> 
     </span>
     <span class='ocr_line' id='line_1_34' title="bbox 225 3010 1845 3083; baseline 0.001 -20"><span class='ocrx_word' id='word_1_451' title='bbox 225 3025 279 3079; x_wconf 91' lang='lat' dir='ltr'><strong>quo</strong></span> <span class='ocrx_word' id='word_1_452' title='bbox 295 3017 334 3064; x_wconf 92' lang='lat' dir='ltr'><strong>tot</strong></span> <span class='ocrx_word' id='word_1_453' title='bbox 354 3025 445 3064; x_wconf 89' lang='lat' dir='ltr'><strong>rerum</strong></span> <span class='ocrx_word' id='word_1_454' title='bbox 466 3011 570 3065; x_wconf 79' lang='lat' dir='ltr'><strong>semim</strong></span> <span class='ocrx_word' id='word_1_455' title='bbox 590 3016 681 3082; x_wconf 86' lang='lat' dir='ltr'><strong>agant,</strong></span> <span class='ocrx_word' id='word_1_456' title='bbox 696 3018 793 3074; x_wconf 82' lang='lat' dir='ltr'><strong>errent,</strong></span> <span class='ocrx_word' id='word_1_457' title='bbox 807 3014 916 3073; x_wconf 88' lang='lat' dir='ltr'><strong>tentent,</strong></span> <span class='ocrx_word' id='word_1_458' title='bbox 930 3016 1012 3080; x_wconf 86' lang='lat' dir='ltr'><strong>atque</strong></span> <span class='ocrx_word' id='word_1_459' title='bbox 1052 3026 1107 3064; x_wconf 82' lang='lat' dir='ltr'><strong>suae</strong></span> <span class='ocrx_word' id='word_1_460' title='bbox 1123 3010 1238 3080; x_wconf 79' lang='lat' dir='ltr'><strong>propria</strong></span> <span class='ocrx_word' id='word_1_461' title='bbox 1260 3011 1424 3082; x_wconf 79' lang='lat' dir='ltr'><strong>pervenisse.</strong></span> <span class='ocrx_word' id='word_1_462' title='bbox 1468 3011 1565 3083; x_wconf 89' lang='lat' dir='ltr'><strong>Itaque</strong></span> <span class='ocrx_word' id='word_1_463' title='bbox 1582 3012 1775 3067; x_wconf 88' lang='lat' dir='ltr'><strong>incensionem</strong></span> <span class='ocrx_word' id='word_1_464' title='bbox 1794 3014 1845 3066; x_wconf 86' lang='lat' dir='ltr'><strong>sire</strong></span> 
     </span>
     <span class='ocr_line' id='line_1_35' title="bbox 225 3087 1844 3161; baseline 0.002 -19"><span class='ocrx_word' id='word_1_465' title='bbox 225 3089 406 3160; x_wconf 83' lang='lat' dir='ltr'><strong>experiantur.</strong></span> <span class='ocrx_word' id='word_1_466' title='bbox 447 3088 595 3155; x_wconf 88' lang='lat' dir='ltr'><strong>Postremo,</strong></span> <span class='ocrx_word' id='word_1_467' title='bbox 613 3090 637 3145; x_wconf 89' lang='lat' dir='ltr'><strong>si</strong></span> <span class='ocrx_word' id='word_1_468' title='bbox 656 3089 709 3143; x_wconf 85' lang='lat' dir='ltr'><strong>viru</strong></span> <span class='ocrx_word' id='word_1_469' title='bbox 730 3087 864 3158; x_wconf 84' lang='lat' dir='ltr'><strong>genialem</strong></span> <span class='ocrx_word' id='word_1_470' title='bbox 885 3097 913 3141; x_wconf 88' lang='lat' dir='ltr'><strong>et</strong></span> <span class='ocrx_word' id='word_1_471' title='bbox 928 3088 1013 3141; x_wconf 83' lang='lat' dir='ltr'><strong>viriti-</strong></span> <span class='ocrx_word' id='word_1_472' title='bbox 1051 3089 1246 3159; x_wconf 79' lang='lat' dir='ltr'><strong>ignescentium</strong></span> <span class='ocrx_word' id='word_1_473' title='bbox 1260 3089 1358 3145; x_wconf 85' lang='lat' dir='ltr'><strong>Pacem</strong></span> <span class='ocrx_word' id='word_1_474' title='bbox 1372 3090 1528 3153; x_wconf 90' lang='lat' dir='ltr'><strong>nominavit,</strong></span> <span class='ocrx_word' id='word_1_475' title='bbox 1544 3091 1610 3161; x_wconf 91' lang='lat' dir='ltr'><strong>quia</strong></span> <span class='ocrx_word' id='word_1_476' title='bbox 1628 3100 1758 3146; x_wconf 82' lang='lat' dir='ltr'><strong>natrrram</strong></span> <span class='ocrx_word' id='word_1_477' title='bbox 1775 3109 1844 3145; x_wconf 83' lang='lat' dir='ltr'><strong>coar·</strong></span> 
     </span>
     <span class='ocr_line' id='line_1_36' title="bbox 224 3167 1845 3242; baseline 0.003 -22"><span class='ocrx_word' id='word_1_478' title='bbox 224 3174 330 3223; x_wconf 88' lang='lat' dir='ltr'><strong>cantem</strong></span> <span class='ocrx_word' id='word_1_479' title='bbox 350 3168 379 3222; x_wconf 89' lang='lat' dir='ltr'><strong>in</strong></span> <span class='ocrx_word' id='word_1_480' title='bbox 398 3167 479 3223; x_wconf 89' lang='lat' dir='ltr'><strong>rebus</strong></span> <span class='ocrx_word' id='word_1_481' title='bbox 498 3168 705 3240; x_wconf 70' lang='lat' dir='ltr'><strong>consulesque</strong></span> <span class='ocrx_word' id='word_1_482' title='bbox 725 3168 861 3222; x_wconf 88' lang='lat' dir='ltr'><strong>adrerum</strong></span> <span class='ocrx_word' id='word_1_483' title='bbox 877 3167 1013 3237; x_wconf 89' lang='lat' dir='ltr'><strong>principia</strong></span> <span class='ocrx_word' id='word_1_484' title='bbox 1052 3175 1177 3238; x_wconf 72' lang='lat' dir='ltr'><strong>poneretr</strong></span> <span class='ocrx_word' id='word_1_485' title='bbox 1199 3171 1403 3240; x_wconf 64' lang='lat' dir='ltr'><strong>genemmnem</strong></span> <span class='ocrx_word' id='word_1_486' title='bbox 1415 3177 1505 3224; x_wconf 88' lang='lat' dir='ltr'><strong>autem</strong></span> <span class='ocrx_word' id='word_1_487' title='bbox 1520 3169 1638 3234; x_wconf 90' lang='lat' dir='ltr'><strong>Bellum,</strong></span> <span class='ocrx_word' id='word_1_488' title='bbox 1653 3172 1723 3242; x_wconf 87' lang='lat' dir='ltr'><strong>quia</strong></span> <span class='ocrx_word' id='word_1_489' title='bbox 1736 3171 1771 3225; x_wconf 80' lang='lat' dir='ltr'><strong>ad</strong></span> <span class='ocrx_word' id='word_1_490' title='bbox 1783 3171 1845 3225; x_wconf 77' lang='lat' dir='ltr'><strong>mul</strong></span> 
     </span>
     <span class='ocr_line' id='line_1_37' title="bbox 224 3246 1845 3321; baseline 0.001 -20"><span class='ocrx_word' id='word_1_491' title='bbox 224 3247 387 3302; x_wconf 86' lang='lat' dir='ltr'><strong>manuducat</strong></span> <span class='ocrx_word' id='word_1_492' title='bbox 406 3263 492 3318; x_wconf 90' lang='lat' dir='ltr'><strong>eaque</strong></span> <span class='ocrx_word' id='word_1_493' title='bbox 512 3248 674 3311; x_wconf 77' lang='lat' dir='ltr'><strong>manifestet,</strong></span> <span class='ocrx_word' id='word_1_494' title='bbox 699 3248 782 3301; x_wconf 89' lang='lat' dir='ltr'><strong>etiam</strong></span> <span class='ocrx_word' id='word_1_495' title='bbox 801 3247 873 3301; x_wconf 68' lang='lat' dir='ltr'><strong>airis</strong></span> <span class='ocrx_word' id='word_1_496' title='bbox 892 3247 1013 3316; x_wconf 88' lang='lat' dir='ltr'><strong>potiores</strong></span> <span class='ocrx_word' id='word_1_497' title='bbox 1052 3246 1139 3318; x_wconf 89' lang='lat' dir='ltr'><strong>tiplex</strong></span> <span class='ocrx_word' id='word_1_498' title='bbox 1158 3248 1311 3303; x_wconf 90' lang='lat' dir='ltr'><strong>deduceret.</strong></span> <span class='ocrx_word' id='word_1_499' title='bbox 1354 3249 1442 3320; x_wconf 80' lang='lat' dir='ltr'><strong>Atque</strong></span> <span class='ocrx_word' id='word_1_500' title='bbox 1463 3255 1493 3304; x_wconf 90' lang='lat' dir='ltr'><strong>ut</strong></span> <span class='ocrx_word' id='word_1_501' title='bbox 1515 3249 1570 3302; x_wconf 87' lang='lat' dir='ltr'><strong>ista</strong></span> <span class='ocrx_word' id='word_1_502' title='bbox 1591 3251 1664 3304; x_wconf 88' lang='lat' dir='ltr'><strong>ratio</strong></span> <span class='ocrx_word' id='word_1_503' title='bbox 1686 3253 1755 3321; x_wconf 84' lang='lat' dir='ltr'><strong>(qna</strong></span> <span class='ocrx_word' id='word_1_504' title='bbox 1773 3267 1845 3305; x_wconf 81' lang='lat' dir='ltr'><strong>reas</strong></span> 
     </span>
     <span class='ocr_line' id='line_1_38' title="bbox 225 3325 1844 3396; baseline 0.003 -16"><span class='ocrx_word' id='word_1_505' title='bbox 225 3333 317 3396; x_wconf 89' lang='lat' dir='ltr'><strong>partas</strong></span> <span class='ocrx_word' id='word_1_506' title='bbox 337 3343 397 3381; x_wconf 90' lang='lat' dir='ltr'><strong>ease</strong></span> <span class='ocrx_word' id='word_1_507' title='bbox 419 3327 558 3392; x_wconf 62' lang='lat' dir='ltr'><strong>videntum</strong></span> <span class='ocrx_word' id='word_1_508' title='bbox 579 3327 647 3382; x_wconf 91' lang='lat' dir='ltr'><strong>adeo</strong></span> <span class='ocrx_word' id='word_1_509' title='bbox 668 3334 700 3381; x_wconf 89' lang='lat' dir='ltr'><strong>ut</strong></span> <span class='ocrx_word' id='word_1_510' title='bbox 715 3325 785 3381; x_wconf 68' lang='lat' dir='ltr'><strong>aeris</strong></span> <span class='ocrx_word' id='word_1_511' title='bbox 808 3333 836 3381; x_wconf 87' lang='lat' dir='ltr'><strong>et</strong></span> <span class='ocrx_word' id='word_1_512' title='bbox 855 3327 965 3396; x_wconf 88' lang='lat' dir='ltr'><strong>spiritua</strong></span> <span class='ocrx_word' id='word_1_513' title='bbox 987 3333 1014 3378; x_wconf 92' lang='lat' dir='ltr'><strong>et</strong></span> <span class='ocrx_word' id='word_1_514' title='bbox 1051 3327 1180 3381; x_wconf 82' lang='lat' dir='ltr'><strong>varietate</strong></span> <span class='ocrx_word' id='word_1_515' title='bbox 1194 3328 1229 3381; x_wconf 90' lang='lat' dir='ltr'><strong>ad</strong></span> <span class='ocrx_word' id='word_1_516' title='bbox 1248 3344 1339 3393; x_wconf 87' lang='lat' dir='ltr'><strong>unum,</strong></span> <span class='ocrx_word' id='word_1_517' title='bbox 1353 3335 1381 3382; x_wconf 90' lang='lat' dir='ltr'><strong>et</strong></span> <span class='ocrx_word' id='word_1_518' title='bbox 1398 3328 1434 3382; x_wconf 88' lang='lat' dir='ltr'><strong>ab</strong></span> <span class='ocrx_word' id='word_1_519' title='bbox 1451 3327 1554 3382; x_wconf 89' lang='lat' dir='ltr'><strong>unitate</strong></span> <span class='ocrx_word' id='word_1_520' title='bbox 1574 3328 1611 3382; x_wconf 90' lang='lat' dir='ltr'><strong>ad</strong></span> <span class='ocrx_word' id='word_1_521' title='bbox 1630 3330 1749 3394; x_wconf 86' lang='lat' dir='ltr'><strong>varium,</strong></span> <span class='ocrx_word' id='word_1_522' title='bbox 1763 3329 1844 3384; x_wconf 80' lang='lat' dir='ltr'><strong>flumi-</strong></span> 
     </span>
     <span class='ocr_line' id='line_1_39' title="bbox 225 3404 1844 3479; baseline 0.001 -19"><span class='ocrx_word' id='word_1_523' title='bbox 225 3405 937 3478; x_wconf 82' lang='lat' dir='ltr'><strong>animnvocabulausunonuunquamconiundantur.</strong></span> <span class='ocrx_word' id='word_1_524' title='bbox 969 3404 1014 3459; x_wconf 90' lang='lat' dir='ltr'><strong>ld·</strong></span> <span class='ocrx_word' id='word_1_525' title='bbox 1052 3407 1094 3461; x_wconf 91' lang='lat' dir='ltr'><strong>nis</strong></span> <span class='ocrx_word' id='word_1_526' title='bbox 1108 3407 1200 3472; x_wconf 87' lang='lat' dir='ltr'><strong>instar,</strong></span> <span class='ocrx_word' id='word_1_527' title='bbox 1215 3407 1329 3462; x_wconf 85' lang='lat' dir='ltr'><strong>fluerent</strong></span> <span class='ocrx_word' id='word_1_528' title='bbox 1343 3415 1370 3461; x_wconf 92' lang='lat' dir='ltr'><strong>et</strong></span> <span class='ocrx_word' id='word_1_529' title='bbox 1383 3406 1539 3473; x_wconf 73' lang='lat' dir='ltr'><strong>renonent)</strong></span> <span class='ocrx_word' id='word_1_530' title='bbox 1553 3406 1648 3479; x_wconf 89' lang='lat' dir='ltr'><strong>aliquo</strong></span> <span class='ocrx_word' id='word_1_531' title='bbox 1667 3409 1752 3463; x_wconf 88' lang='lat' dir='ltr'><strong>modo</strong></span> <span class='ocrx_word' id='word_1_532' title='bbox 1765 3409 1844 3479; x_wconf 84' lang='lat' dir='ltr'><strong>expli-</strong></span> 
     </span>
     <span class='ocr_line' id='line_1_40' title="bbox 226 3482 1843 3558; baseline 0 -19"><span class='ocrx_word' id='word_1_533' title='bbox 226 3500 277 3554; x_wconf 87' lang='lat' dir='ltr'><strong>que</strong></span> <span class='ocrx_word' id='word_1_534' title='bbox 292 3485 389 3539; x_wconf 88' lang='lat' dir='ltr'><strong>merito</strong></span> <span class='ocrx_word' id='word_1_535' title='bbox 402 3502 464 3540; x_wconf 91' lang='lat' dir='ltr'><strong>cum</strong></span> <span class='ocrx_word' id='word_1_536' title='bbox 477 3485 539 3540; x_wconf 81' lang='lat' dir='ltr'><strong>vitre</strong></span> <span class='ocrx_word' id='word_1_537' title='bbox 553 3485 635 3558; x_wconf 89' lang='lat' dir='ltr'><strong>paulo</strong></span> <span class='ocrx_word' id='word_1_538' title='bbox 654 3484 794 3539; x_wconf 85' lang='lat' dir='ltr'><strong>adultioris</strong></span> <span class='ocrx_word' id='word_1_539' title='bbox 808 3482 946 3558; x_wconf 88' lang='lat' dir='ltr'><strong>(exceptis</strong></span> <span class='ocrx_word' id='word_1_540' title='bbox 960 3485 1014 3538; x_wconf 90' lang='lat' dir='ltr'><strong>sci·</strong></span> <span class='ocrx_word' id='word_1_541' title='bbox 1052 3486 1108 3540; x_wconf 90' lang='lat' dir='ltr'><strong>cari</strong></span> <span class='ocrx_word' id='word_1_542' title='bbox 1123 3493 1226 3555; x_wconf 81' lang='lat' dir='ltr'><strong>posset:</strong></span> <span class='ocrx_word' id='word_1_543' title='bbox 1247 3485 1339 3557; x_wconf 89' lang='lat' dir='ltr'><strong>ignem</strong></span> <span class='ocrx_word' id='word_1_544' title='bbox 1356 3486 1382 3539; x_wconf 90' lang='lat' dir='ltr'><strong>ei</strong></span> <span class='ocrx_word' id='word_1_545' title='bbox 1403 3486 1510 3541; x_wconf 89' lang='lat' dir='ltr'><strong>densari</strong></span> <span class='ocrx_word' id='word_1_546' title='bbox 1530 3494 1559 3540; x_wconf 89' lang='lat' dir='ltr'><strong>et</strong></span> <span class='ocrx_word' id='word_1_547' title='bbox 1577 3504 1719 3542; x_wconf 79' lang='lat' dir='ltr'><strong>mrsacere</strong></span> <span class='ocrx_word' id='word_1_548' title='bbox 1740 3487 1843 3558; x_wconf 59' lang='lat' dir='ltr'><strong>micuit,</strong></span> 
     </span>
     <span class='ocr_line' id='line_1_41' title="bbox 225 3562 1843 3637; baseline 0.002 -20"><span class='ocrx_word' id='word_1_549' title='bbox 225 3562 289 3619; x_wconf 86' lang='lat' dir='ltr'><strong>licet</strong></span> <span class='ocrx_word' id='word_1_550' title='bbox 307 3564 467 3620; x_wconf 86' lang='lat' dir='ltr'><strong>rudimentis</strong></span> <span class='ocrx_word' id='word_1_551' title='bbox 486 3564 541 3619; x_wconf 88' lang='lat' dir='ltr'><strong>illia</strong></span> <span class='ocrx_word' id='word_1_552' title='bbox 560 3567 622 3620; x_wconf 81' lang='lat' dir='ltr'><strong>vitra</strong></span> <span class='ocrx_word' id='word_1_553' title='bbox 642 3565 670 3619; x_wconf 90' lang='lat' dir='ltr'><strong>in</strong></span> <span class='ocrx_word' id='word_1_554' title='bbox 684 3564 875 3633; x_wconf 88' lang='lat' dir='ltr'><strong>embryonibus</strong></span> <span class='ocrx_word' id='word_1_555' title='bbox 889 3573 916 3617; x_wconf 91' lang='lat' dir='ltr'><strong>et</strong></span> <span class='ocrx_word' id='word_1_556' title='bbox 935 3562 1010 3635; x_wconf 83' lang='lat' dir='ltr'><strong>ovis)</strong></span> <span class='ocrx_word' id='word_1_557' title='bbox 1053 3565 1091 3618; x_wconf 91' lang='lat' dir='ltr'><strong>ita</strong></span> <span class='ocrx_word' id='word_1_558' title='bbox 1104 3572 1196 3619; x_wconf 88' lang='lat' dir='ltr'><strong>tamen</strong></span> <span class='ocrx_word' id='word_1_559' title='bbox 1209 3573 1239 3619; x_wconf 91' lang='lat' dir='ltr'><strong>ut</strong></span> <span class='ocrx_word' id='word_1_560' title='bbox 1252 3565 1418 3619; x_wconf 84' lang='lat' dir='ltr'><strong>rarescentis</strong></span> <span class='ocrx_word' id='word_1_561' title='bbox 1431 3564 1478 3618; x_wconf 90' lang='lat' dir='ltr'><strong>illa</strong></span> <span class='ocrx_word' id='word_1_562' title='bbox 1492 3581 1584 3619; x_wconf 86' lang='lat' dir='ltr'><strong>versus</strong></span> <span class='ocrx_word' id='word_1_563' title='bbox 1597 3574 1728 3621; x_wconf 77' lang='lat' dir='ltr'><strong>namram</strong></span> <span class='ocrx_word' id='word_1_564' title='bbox 1742 3569 1843 3637; x_wconf 72' lang='lat' dir='ltr'><strong>igneam</strong></span> 
     </span>
     <span class='ocr_line' id='line_1_42' title="bbox 224 3643 1845 3716; baseline 0.001 -19"><span class='ocrx_word' id='word_1_565' title='bbox 224 3644 368 3714; x_wconf 86' lang='lat' dir='ltr'><strong>respiratio</strong></span> <span class='ocrx_word' id='word_1_566' title='bbox 381 3644 473 3716; x_wconf 90' lang='lat' dir='ltr'><strong>aliqua</strong></span> <span class='ocrx_word' id='word_1_567' title='bbox 491 3661 582 3699; x_wconf 88' lang='lat' dir='ltr'><strong>comes</strong></span> <span class='ocrx_word' id='word_1_568' title='bbox 602 3645 637 3699; x_wconf 88' lang='lat' dir='ltr'><strong>sit</strong></span> <span class='ocrx_word' id='word_1_569' title='bbox 654 3643 736 3698; x_wconf 90' lang='lat' dir='ltr'><strong>veluti</strong></span> <span class='ocrx_word' id='word_1_570' title='bbox 756 3643 923 3707; x_wconf 62' lang='lat' dir='ltr'><strong>individuum</strong></span> <span class='ocrx_word' id='word_1_571' title='bbox 944 3643 1014 3697; x_wconf 89' lang='lat' dir='ltr'><strong>adeo</strong></span> <span class='ocrx_word' id='word_1_572' title='bbox 1052 3644 1124 3698; x_wconf 87' lang='lat' dir='ltr'><strong>actio</strong></span> <span class='ocrx_word' id='word_1_573' title='bbox 1137 3651 1208 3698; x_wconf 72' lang='lat' dir='ltr'><strong>emet</strong></span> <span class='ocrx_word' id='word_1_574' title='bbox 1226 3653 1327 3699; x_wconf 79' lang='lat' dir='ltr'><strong>naturae</strong></span> <span class='ocrx_word' id='word_1_575' title='bbox 1341 3644 1444 3698; x_wconf 87' lang='lat' dir='ltr'><strong>directa</strong></span> <span class='ocrx_word' id='word_1_576' title='bbox 1465 3652 1493 3699; x_wconf 90' lang='lat' dir='ltr'><strong>et</strong></span> <span class='ocrx_word' id='word_1_577' title='bbox 1513 3645 1706 3715; x_wconf 62' lang='lat' dir='ltr'><strong>progressum</strong></span> <span class='ocrx_word' id='word_1_578' title='bbox 1728 3647 1845 3702; x_wconf 72' lang='grc' dir='ltr'><strong>ᾶιιιιιιιο</strong></span> 
     </span>
     <span class='ocr_line' id='line_1_43' title="bbox 224 3722 1843 3795; baseline 0.002 -19"><span class='ocrx_word' id='word_1_579' title='bbox 224 3728 256 3776; x_wconf 88' lang='lat' dir='ltr'><strong>nt</strong></span> <span class='ocrx_word' id='word_1_580' title='bbox 275 3724 371 3793; x_wconf 88' lang='lat' dir='ltr'><strong>pisces,</strong></span> <span class='ocrx_word' id='word_1_581' title='bbox 392 3731 516 3778; x_wconf 88' lang='lat' dir='ltr'><strong>concreta</strong></span> <span class='ocrx_word' id='word_1_582' title='bbox 536 3732 564 3778; x_wconf 88' lang='lat' dir='ltr'><strong>et</strong></span> <span class='ocrx_word' id='word_1_583' title='bbox 583 3722 752 3795; x_wconf 81' lang='lat' dir='ltr'><strong>conglaciato</strong></span> <span class='ocrx_word' id='word_1_584' title='bbox 771 3739 901 3794; x_wconf 88' lang='lat' dir='ltr'><strong>aquarum</strong></span> <span class='ocrx_word' id='word_1_585' title='bbox 921 3739 1014 3792; x_wconf 90' lang='lat' dir='ltr'><strong>super·</strong></span> <span class='ocrx_word' id='word_1_586' title='bbox 1053 3733 1142 3778; x_wconf 87' lang='lat' dir='ltr'><strong>autern</strong></span> <span class='ocrx_word' id='word_1_587' title='bbox 1168 3722 1254 3778; x_wconf 90' lang='lat' dir='ltr'><strong>veluti</strong></span> <span class='ocrx_word' id='word_1_588' title='bbox 1284 3723 1481 3794; x_wconf 79' lang='lat' dir='ltr'><strong>retrogradatio</strong></span> <span class='ocrx_word' id='word_1_589' title='bbox 1510 3732 1618 3778; x_wconf 70' lang='lat' dir='ltr'><strong>nature</strong></span> <span class='ocrx_word' id='word_1_590' title='bbox 1645 3734 1676 3778; x_wconf 92' lang='lat' dir='ltr'><strong>et</strong></span> <span class='ocrx_word' id='word_1_591' title='bbox 1704 3725 1843 3780; x_wconf 71' lang='lat' dir='ltr'><strong>destinas</strong></span> 
     </span>
     <span class='ocr_line' id='line_1_44' title="bbox 225 3801 1844 3874; baseline 0.002 -19"><span class='ocrx_word' id='word_1_592' title='bbox 225 3801 292 3866; x_wconf 85' lang='lat' dir='ltr'><strong>ficia,</strong></span> <span class='ocrx_word' id='word_1_593' title='bbox 312 3803 482 3857; x_wconf 82' lang='lat' dir='ltr'><strong>suffocentur.</strong></span> <span class='ocrx_word' id='word_1_594' title='bbox 524 3803 614 3857; x_wconf 85' lang='lat' dir='ltr'><strong>Etiam</strong></span> <span class='ocrx_word' id='word_1_595' title='bbox 634 3803 707 3874; x_wconf 86' lang='lat' dir='ltr'><strong>ignis</strong></span> <span class='ocrx_word' id='word_1_596' title='bbox 727 3803 795 3873; x_wconf 86' lang='lat' dir='ltr'><strong>ipse,</strong></span> <span class='ocrx_word' id='word_1_597' title='bbox 816 3802 870 3857; x_wconf 89' lang='lat' dir='ltr'><strong>nisi</strong></span> <span class='ocrx_word' id='word_1_598' title='bbox 893 3802 929 3855; x_wconf 92' lang='lat' dir='ltr'><strong>ab</strong></span> <span class='ocrx_word' id='word_1_599' title='bbox 948 3818 1016 3856; x_wconf 86' lang='lat' dir='ltr'><strong>aura</strong></span> <span class='ocrx_word' id='word_1_600' title='bbox 1054 3802 1205 3873; x_wconf 89' lang='lat' dir='ltr'><strong>Utrumque</strong></span> <span class='ocrx_word' id='word_1_601' title='bbox 1226 3803 1281 3856; x_wconf 81' lang='lat' dir='ltr'><strong>tato</strong></span> <span class='ocrx_word' id='word_1_602' title='bbox 1301 3811 1328 3857; x_wconf 90' lang='lat' dir='ltr'><strong>et</strong></span> <span class='ocrx_word' id='word_1_603' title='bbox 1350 3803 1432 3857; x_wconf 88' lang='lat' dir='ltr'><strong>certis</strong></span> <span class='ocrx_word' id='word_1_604' title='bbox 1452 3803 1572 3872; x_wconf 89' lang='lat' dir='ltr'><strong>periodis</strong></span> <span class='ocrx_word' id='word_1_605' title='bbox 1594 3804 1761 3871; x_wconf 78' lang='lat' dir='ltr'><strong>(sectandum</strong></span> <span class='ocrx_word' id='word_1_606' title='bbox 1780 3821 1844 3858; x_wconf 84' lang='lat' dir='ltr'><strong>mm·</strong></span> 
     </span>
     <span class='ocr_line' id='line_1_45' title="bbox 224 3880 1843 3954; baseline 0 -19"><span class='ocrx_word' id='word_1_607' title='bbox 224 3881 386 3937; x_wconf 70' lang='lat' dir='ltr'><strong>nnumirna</strong></span> <span class='ocrx_word' id='word_1_608' title='bbox 393 3883 536 3947; x_wconf 88' lang='lat' dir='ltr'><strong>animetur,</strong></span> <span class='ocrx_word' id='word_1_609' title='bbox 548 3883 721 3953; x_wconf 84' lang='lat' dir='ltr'><strong>extinguitur,</strong></span> <span class='ocrx_word' id='word_1_610' title='bbox 729 3882 853 3953; x_wconf 89' lang='lat' dir='ltr'><strong>nihilque</strong></span> <span class='ocrx_word' id='word_1_611' title='bbox 861 3880 935 3936; x_wconf 89' lang='lat' dir='ltr'><strong>aliud</strong></span> <span class='ocrx_word' id='word_1_612' title='bbox 943 3881 1015 3935; x_wconf 90' lang='lat' dir='ltr'><strong>vide·</strong></span> <span class='ocrx_word' id='word_1_613' title='bbox 1053 3886 1138 3947; x_wconf 86' lang='lat' dir='ltr'><strong>mam)</strong></span> <span class='ocrx_word' id='word_1_614' title='bbox 1153 3883 1211 3937; x_wconf 80' lang='lat' dir='ltr'><strong>fieri</strong></span> <span class='ocrx_word' id='word_1_615' title='bbox 1226 3883 1369 3938; x_wconf 86' lang='lat' dir='ltr'><strong>censebat:</strong></span> <span class='ocrx_word' id='word_1_616' title='bbox 1390 3891 1420 3937; x_wconf 89' lang='lat' dir='ltr'><strong>ut</strong></span> <span class='ocrx_word' id='word_1_617' title='bbox 1441 3882 1535 3936; x_wconf 89' lang='lat' dir='ltr'><strong>mundi</strong></span> <span class='ocrx_word' id='word_1_618' title='bbox 1554 3881 1642 3947; x_wconf 87' lang='lat' dir='ltr'><strong>istius,</strong></span> <span class='ocrx_word' id='word_1_619' title='bbox 1658 3884 1707 3954; x_wconf 91' lang='lat' dir='ltr'><strong>qui</strong></span> <span class='ocrx_word' id='word_1_620' title='bbox 1727 3883 1843 3943; x_wconf 84' lang='lat' dir='ltr'><strong>volritnr,</strong></span> 
     </span>
     <span class='ocr_line' id='line_1_46' title="bbox 225 3961 1843 4033; baseline 0.002 -20"><span class='ocrx_word' id='word_1_621' title='bbox 225 3966 275 4026; x_wconf 89' lang='lat' dir='ltr'><strong>tur,</strong></span> <span class='ocrx_word' id='word_1_622' title='bbox 290 3978 370 4033; x_wconf 90' lang='lat' dir='ltr'><strong>quam</strong></span> <span class='ocrx_word' id='word_1_623' title='bbox 386 3961 434 4016; x_wconf 67' lang='lat' dir='ltr'><strong>aer</strong></span> <span class='ocrx_word' id='word_1_624' title='bbox 454 3962 567 4027; x_wconf 83' lang='lat' dir='ltr'><strong>attritus,</strong></span> <span class='ocrx_word' id='word_1_625' title='bbox 582 3962 700 4017; x_wconf 91' lang='lat' dir='ltr'><strong>irritatus</strong></span> <span class='ocrx_word' id='word_1_626' title='bbox 713 3970 741 4015; x_wconf 93' lang='lat' dir='ltr'><strong>et</strong></span> <span class='ocrx_word' id='word_1_627' title='bbox 760 3961 901 4024; x_wconf 66' lang='lat' dir='ltr'><strong>incensum</strong></span> <span class='ocrx_word' id='word_1_628' title='bbox 923 3977 1015 4031; x_wconf 88' lang='lat' dir='ltr'><strong>quem·</strong></span> <span class='ocrx_word' id='word_1_629' title='bbox 1054 3961 1142 4016; x_wconf 79' lang='lat' dir='ltr'><strong>innisa</strong></span> <span class='ocrx_word' id='word_1_630' title='bbox 1155 3961 1190 4015; x_wconf 92' lang='lat' dir='ltr'><strong>sit</strong></span> <span class='ocrx_word' id='word_1_631' title='bbox 1205 3962 1364 4032; x_wconf 89' lang='lat' dir='ltr'><strong>quandoque</strong></span> <span class='ocrx_word' id='word_1_632' title='bbox 1381 3961 1566 4033; x_wconf 82' lang='lat' dir='ltr'><strong>conflagratio,</strong></span> <span class='ocrx_word' id='word_1_633' title='bbox 1580 3968 1609 4015; x_wconf 92' lang='lat' dir='ltr'><strong>et</strong></span> <span class='ocrx_word' id='word_1_634' title='bbox 1629 3962 1730 4016; x_wconf 89' lang='lat' dir='ltr'><strong>deinde</strong></span> <span class='ocrx_word' id='word_1_635' title='bbox 1751 3964 1843 4017; x_wconf 84' lang='lat' dir='ltr'><strong>instau-</strong></span> 
     </span>
     <span class='ocr_line' id='line_1_47' title="bbox 225 4039 1844 4112; baseline 0.003 -20"><span class='ocrx_word' id='word_1_636' title='bbox 225 4039 368 4097; x_wconf 85' lang='lat' dir='ltr'><strong>admodum</strong></span> <span class='ocrx_word' id='word_1_637' title='bbox 382 4057 453 4112; x_wconf 89' lang='lat' dir='ltr'><strong>aqua</strong></span> <span class='ocrx_word' id='word_1_638' title='bbox 465 4058 481 4095; x_wconf 95' lang='lat' dir='ltr'><strong>e</strong></span> <span class='ocrx_word' id='word_1_639' title='bbox 495 4050 589 4095; x_wconf 89' lang='lat' dir='ltr'><strong>contra</strong></span> <span class='ocrx_word' id='word_1_640' title='bbox 599 4041 685 4095; x_wconf 88' lang='lat' dir='ltr'><strong>videri</strong></span> <span class='ocrx_word' id='word_1_641' title='bbox 696 4041 780 4111; x_wconf 90' lang='lat' dir='ltr'><strong>possit</strong></span> <span class='ocrx_word' id='word_1_642' title='bbox 787 4039 859 4095; x_wconf 72' lang='lat' dir='ltr'><strong>airis</strong></span> <span class='ocrx_word' id='word_1_643' title='bbox 872 4040 1014 4108; x_wconf 83' lang='lat' dir='ltr'><strong>coagulum</strong></span> <span class='ocrx_word' id='word_1_644' title='bbox 1053 4040 1129 4105; x_wconf 89' lang='lat' dir='ltr'><strong>ratio,</strong></span> <span class='ocrx_word' id='word_1_645' title='bbox 1143 4049 1226 4112; x_wconf 88' lang='lat' dir='ltr'><strong>atque</strong></span> <span class='ocrx_word' id='word_1_646' title='bbox 1239 4040 1402 4096; x_wconf 87' lang='lat' dir='ltr'><strong>incensionis</strong></span> <span class='ocrx_word' id='word_1_647' title='bbox 1415 4047 1442 4094; x_wconf 87' lang='lat' dir='ltr'><strong>et</strong></span> <span class='ocrx_word' id='word_1_648' title='bbox 1455 4040 1641 4111; x_wconf 86' lang='lat' dir='ltr'><strong>generationis</strong></span> <span class='ocrx_word' id='word_1_649' title='bbox 1655 4043 1745 4097; x_wconf 88' lang='lat' dir='ltr'><strong>series</strong></span> <span class='ocrx_word' id='word_1_650' title='bbox 1758 4058 1844 4112; x_wconf 83' lang='lat' dir='ltr'><strong>perpe·</strong></span> 
     </span>
     <span class='ocr_line' id='line_1_48' title="bbox 225 4119 1843 4192; baseline 0.002 -20"><span class='ocrx_word' id='word_1_651' title='bbox 225 4126 252 4172; x_wconf 89' lang='lat' dir='ltr'><strong>et</strong></span> <span class='ocrx_word' id='word_1_652' title='bbox 266 4129 399 4192; x_wconf 80' lang='lat' dir='ltr'><strong>receptus</strong></span> <span class='ocrx_word' id='word_1_653' title='bbox 440 4121 530 4176; x_wconf 89' lang='lat' dir='ltr'><strong>Etiam</strong></span> <span class='ocrx_word' id='word_1_654' title='bbox 551 4128 650 4176; x_wconf 87' lang='lat' dir='ltr'><strong>terram</strong></span> <span class='ocrx_word' id='word_1_655' title='bbox 669 4130 800 4190; x_wconf 87' lang='lat' dir='ltr'><strong>perpetuo</strong></span> <span class='ocrx_word' id='word_1_656' title='bbox 819 4122 909 4173; x_wconf 64' lang='lat' dir='ltr'><strong>aerem</strong></span> <span class='ocrx_word' id='word_1_657' title='bbox 932 4119 1015 4174; x_wconf 86' lang='lat' dir='ltr'><strong>exha·</strong></span> <span class='ocrx_word' id='word_1_658' title='bbox 1053 4128 1099 4173; x_wconf 90' lang='lat' dir='ltr'><strong>tna</strong></span> <span class='ocrx_word' id='word_1_659' title='bbox 1112 4130 1140 4174; x_wconf 88' lang='lat' dir='ltr'><strong>et</strong></span> <span class='ocrx_word' id='word_1_660' title='bbox 1151 4121 1295 4174; x_wconf 86' lang='lat' dir='ltr'><strong>successio.</strong></span> <span class='ocrx_word' id='word_1_661' title='bbox 1337 4119 1467 4173; x_wconf 86' lang='lat' dir='ltr'><strong>Ordinem</strong></span> <span class='ocrx_word' id='word_1_662' title='bbox 1478 4128 1569 4173; x_wconf 87' lang='lat' dir='ltr'><strong>autem</strong></span> <span class='ocrx_word' id='word_1_663' title='bbox 1579 4119 1615 4190; x_wconf 89' lang='lat' dir='ltr'><strong>(si</strong></span> <span class='ocrx_word' id='word_1_664' title='bbox 1631 4121 1696 4190; x_wconf 92' lang='lat' dir='ltr'><strong>quis</strong></span> <span class='ocrx_word' id='word_1_665' title='bbox 1707 4121 1843 4192; x_wconf 85' lang='lat' dir='ltr'><strong>diligenter</strong></span> 
     </span>
     <span class='ocr_line' id='line_1_49' title="bbox 225 4197 1843 4272; baseline 0.001 -21"><span class='ocrx_word' id='word_1_666' title='bbox 225 4197 289 4263; x_wconf 91' lang='lat' dir='ltr'><strong>lare,</strong></span> <span class='ocrx_word' id='word_1_667' title='bbox 302 4216 391 4270; x_wconf 86' lang='lat' dir='ltr'><strong>neque</strong></span> <span class='ocrx_word' id='word_1_668' title='bbox 410 4209 440 4254; x_wconf 89' lang='lat' dir='ltr'><strong>ut</strong></span> <span class='ocrx_word' id='word_1_669' title='bbox 461 4216 511 4269; x_wconf 89' lang='lat' dir='ltr'><strong>per</strong></span> <span class='ocrx_word' id='word_1_670' title='bbox 531 4216 630 4272; x_wconf 89' lang='lat' dir='ltr'><strong>aquam</strong></span> <span class='ocrx_word' id='word_1_671' title='bbox 649 4200 678 4254; x_wconf 89' lang='lat' dir='ltr'><strong>in</strong></span> <span class='ocrx_word' id='word_1_672' title='bbox 700 4199 814 4253; x_wconf 78' lang='lat' dir='ltr'><strong>sormam</strong></span> <span class='ocrx_word' id='word_1_673' title='bbox 833 4197 906 4253; x_wconf 72' lang='lat' dir='ltr'><strong>atria</strong></span> <span class='ocrx_word' id='word_1_674' title='bbox 920 4199 1016 4253; x_wconf 89' lang='lat' dir='ltr'><strong>transi-</strong></span> <span class='ocrx_word' id='word_1_675' title='bbox 1054 4208 1174 4254; x_wconf 90' lang='lat' dir='ltr'><strong>versetur</strong></span> <span class='ocrx_word' id='word_1_676' title='bbox 1186 4200 1215 4254; x_wconf 93' lang='lat' dir='ltr'><strong>in</strong></span> <span class='ocrx_word' id='word_1_677' title='bbox 1229 4200 1303 4254; x_wconf 82' lang='lat' dir='ltr'><strong>tenui</strong></span> <span class='ocrx_word' id='word_1_678' title='bbox 1317 4217 1357 4263; x_wconf 88' lang='lat' dir='ltr'><strong>ea,</strong></span> <span class='ocrx_word' id='word_1_679' title='bbox 1372 4216 1433 4270; x_wconf 79' lang='lat' dir='ltr'><strong>qun</strong></span> <span class='ocrx_word' id='word_1_680' title='bbox 1446 4198 1480 4252; x_wconf 89' lang='lat' dir='ltr'><strong>de</strong></span> <span class='ocrx_word' id='word_1_681' title='bbox 1493 4198 1546 4253; x_wconf 87' lang='lat' dir='ltr'><strong>boc</strong></span> <span class='ocrx_word' id='word_1_682' title='bbox 1558 4199 1619 4252; x_wconf 88' lang='lat' dir='ltr'><strong>viro</strong></span> <span class='ocrx_word' id='word_1_683' title='bbox 1638 4206 1722 4271; x_wconf 86' lang='lat' dir='ltr'><strong>atque</strong></span> <span class='ocrx_word' id='word_1_684' title='bbox 1737 4200 1843 4269; x_wconf 74' lang='lat' dir='ltr'><strong>ejusde</strong></span> 
     </span>
     <span class='ocr_line' id='line_1_50' title="bbox 226 4277 1843 4353; baseline -0.001 -22"><span class='ocrx_word' id='word_1_685' title='bbox 226 4286 282 4332; x_wconf 89' lang='lat' dir='ltr'><strong>tum</strong></span> <span class='ocrx_word' id='word_1_686' title='bbox 310 4279 390 4333; x_wconf 85' lang='lat' dir='ltr'><strong>iaciat</strong></span> <span class='ocrx_word' id='word_1_687' title='bbox 413 4295 480 4349; x_wconf 92' lang='lat' dir='ltr'><strong>opus</strong></span> <span class='ocrx_word' id='word_1_688' title='bbox 504 4277 613 4334; x_wconf 89' lang='lat' dir='ltr'><strong>habere.</strong></span> <span class='ocrx_word' id='word_1_689' title='bbox 664 4277 820 4333; x_wconf 87' lang='lat' dir='ltr'><strong>Heraclitus</strong></span> <span class='ocrx_word' id='word_1_690' title='bbox 843 4295 908 4353; x_wconf 75' lang='lat' dir='ltr'><strong>vera</strong></span> <span class='ocrx_word' id='word_1_691' title='bbox 926 4278 1016 4348; x_wconf 89' lang='lat' dir='ltr'><strong>magis</strong></span> <span class='ocrx_word' id='word_1_692' title='bbox 1053 4279 1134 4333; x_wconf 86' lang='lat' dir='ltr'><strong>cretis</strong></span> <span class='ocrx_word' id='word_1_693' title='bbox 1155 4279 1189 4332; x_wconf 87' lang='lat' dir='ltr'><strong>ad</strong></span> <span class='ocrx_word' id='word_1_694' title='bbox 1209 4294 1259 4332; x_wconf 91' lang='lat' dir='ltr'><strong>nos</strong></span> <span class='ocrx_word' id='word_1_695' title='bbox 1282 4279 1407 4348; x_wconf 87' lang='lat' dir='ltr'><strong>pervenit,</strong></span> <span class='ocrx_word' id='word_1_696' title='bbox 1432 4278 1576 4345; x_wconf 80' lang='lat' dir='ltr'><strong>memoria)</strong></span> <span class='ocrx_word' id='word_1_697' title='bbox 1596 4278 1740 4335; x_wconf 73' lang='lat' dir='ltr'><strong>uranum</strong></span> <span class='ocrx_word' id='word_1_698' title='bbox 1760 4279 1843 4333; x_wconf 84' lang='lat' dir='ltr'><strong>statuit</strong></span> 
     </span>
     <span class='ocr_line' id='line_1_51' title="bbox 226 4356 1843 4430; baseline 0 -19"><span class='ocrx_word' id='word_1_699' title='bbox 226 4364 328 4422; x_wconf 88' lang='lat' dir='ltr'><strong>acutus,</strong></span> <span class='ocrx_word' id='word_1_700' title='bbox 336 4358 384 4413; x_wconf 88' lang='lat' dir='ltr'><strong>sed</strong></span> <span class='ocrx_word' id='word_1_701' title='bbox 394 4359 483 4413; x_wconf 89' lang='lat' dir='ltr'><strong>minus</strong></span> <span class='ocrx_word' id='word_1_702' title='bbox 496 4358 640 4424; x_wconf 87' lang='lat' dir='ltr'><strong>credibilis,</strong></span> <span class='ocrx_word' id='word_1_703' title='bbox 648 4358 741 4430; x_wconf 88' lang='lat' dir='ltr'><strong>ignem</strong></span> <span class='ocrx_word' id='word_1_704' title='bbox 752 4373 841 4412; x_wconf 89' lang='lat' dir='ltr'><strong>rernm</strong></span> <span class='ocrx_word' id='word_1_705' title='bbox 851 4356 1016 4427; x_wconf 88' lang='lat' dir='ltr'><strong>principium</strong></span> <span class='ocrx_word' id='word_1_706' title='bbox 1053 4357 1219 4412; x_wconf 87' lang='lat' dir='ltr'><strong>incensionis</strong></span> <span class='ocrx_word' id='word_1_707' title='bbox 1232 4365 1260 4411; x_wconf 91' lang='lat' dir='ltr'><strong>et</strong></span> <span class='ocrx_word' id='word_1_708' title='bbox 1273 4357 1455 4412; x_wconf 81' lang='lat' dir='ltr'><strong>extinctionis</strong></span> <span class='ocrx_word' id='word_1_709' title='bbox 1497 4356 1531 4410; x_wconf 89' lang='lat' dir='ltr'><strong>Iu</strong></span> <span class='ocrx_word' id='word_1_710' title='bbox 1544 4356 1619 4410; x_wconf 88' lang='lat' dir='ltr'><strong>scala</strong></span> <span class='ocrx_word' id='word_1_711' title='bbox 1633 4358 1711 4414; x_wconf 88' lang='lat' dir='ltr'><strong>enim</strong></span> <span class='ocrx_word' id='word_1_712' title='bbox 1722 4360 1843 4413; x_wconf 61' lang='lat' dir='ltr'><strong>mensio</strong></span> 
     </span>
     <span class='ocr_line' id='line_1_52' title="bbox 225 4435 1843 4508; baseline 0 -19"><span class='ocrx_word' id='word_1_713' title='bbox 225 4437 324 4506; x_wconf 91' lang='lat' dir='ltr'><strong>posuit.</strong></span> <span class='ocrx_word' id='word_1_714' title='bbox 353 4439 450 4508; x_wconf 86' lang='lat' dir='ltr'><strong>Neque</strong></span> <span class='ocrx_word' id='word_1_715' title='bbox 463 4438 534 4491; x_wconf 90' lang='lat' dir='ltr'><strong>enim</strong></span> <span class='ocrx_word' id='word_1_716' title='bbox 548 4446 673 4494; x_wconf 88' lang='lat' dir='ltr'><strong>naturam</strong></span> <span class='ocrx_word' id='word_1_717' title='bbox 686 4436 811 4499; x_wconf 88' lang='lat' dir='ltr'><strong>mediam,</strong></span> <span class='ocrx_word' id='word_1_718' title='bbox 823 4454 884 4508; x_wconf 83' lang='lat' dir='ltr'><strong>quse</strong></span> <span class='ocrx_word' id='word_1_719' title='bbox 893 4437 1014 4490; x_wconf 81' lang='lat' dir='ltr'><strong>maxime</strong></span> <span class='ocrx_word' id='word_1_720' title='bbox 1054 4437 1097 4492; x_wconf 90' lang='lat' dir='ltr'><strong>nis</strong></span> <span class='ocrx_word' id='word_1_721' title='bbox 1111 4435 1182 4491; x_wconf 89' lang='lat' dir='ltr'><strong>nihil</strong></span> <span class='ocrx_word' id='word_1_722' title='bbox 1201 4436 1238 4490; x_wconf 89' lang='lat' dir='ltr'><strong>ab</strong></span> <span class='ocrx_word' id='word_1_723' title='bbox 1258 4437 1300 4500; x_wconf 89' lang='lat' dir='ltr'><strong>iis,</strong></span> <span class='ocrx_word' id='word_1_724' title='bbox 1315 4453 1376 4508; x_wconf 82' lang='lat' dir='ltr'><strong>quse</strong></span> <span class='ocrx_word' id='word_1_725' title='bbox 1393 4435 1502 4507; x_wconf 74' lang='lat' dir='ltr'><strong>uulgata</strong></span> <span class='ocrx_word' id='word_1_726' title='bbox 1517 4444 1587 4498; x_wconf 87' lang='lat' dir='ltr'><strong>sunt,</strong></span> <span class='ocrx_word' id='word_1_727' title='bbox 1601 4436 1800 4501; x_wconf 69' lang='lat' dir='ltr'><strong>dimentiebatc</strong></span> <span class='ocrx_word' id='word_1_728' title='bbox 1819 4448 1843 4489; x_wconf 88' lang='grc' dir='ltr'><strong>ιι</strong></span> 
     </span>
     <span class='ocr_line' id='line_1_53' title="bbox 225 4516 1842 4587; baseline 0.001 -17"><span class='ocrx_word' id='word_1_729' title='bbox 225 4531 296 4587; x_wconf 87' lang='lat' dir='ltr'><strong>vaga</strong></span> <span class='ocrx_word' id='word_1_730' title='bbox 308 4525 335 4570; x_wconf 90' lang='lat' dir='ltr'><strong>et</strong></span> <span class='ocrx_word' id='word_1_731' title='bbox 356 4516 539 4585; x_wconf 89' lang='lat' dir='ltr'><strong>corruptibilis</strong></span> <span class='ocrx_word' id='word_1_732' title='bbox 560 4534 619 4573; x_wconf 87' lang='lat' dir='ltr'><strong>esse</strong></span> <span class='ocrx_word' id='word_1_733' title='bbox 641 4516 717 4581; x_wconf 89' lang='lat' dir='ltr'><strong>solet,</strong></span> <span class='ocrx_word' id='word_1_734' title='bbox 731 4516 779 4570; x_wconf 88' lang='lat' dir='ltr'><strong>aed</strong></span> <span class='ocrx_word' id='word_1_735' title='bbox 799 4526 922 4569; x_wconf 87' lang='lat' dir='ltr'><strong>naturam</strong></span> <span class='ocrx_word' id='word_1_736' title='bbox 945 4532 1017 4570; x_wconf 87' lang='lat' dir='ltr'><strong>sum·</strong></span> <span class='ocrx_word' id='word_1_737' title='bbox 1054 4532 1212 4587; x_wconf 75' lang='lat' dir='ltr'><strong>progressus</strong></span> <span class='ocrx_word' id='word_1_738' title='bbox 1227 4517 1396 4570; x_wconf 75' lang='lat' dir='ltr'><strong>rarescentiar</strong></span> <span class='ocrx_word' id='word_1_739' title='bbox 1409 4523 1436 4569; x_wconf 93' lang='lat' dir='ltr'><strong>et</strong></span> <span class='ocrx_word' id='word_1_740' title='bbox 1449 4516 1649 4570; x_wconf 86' lang='lat' dir='ltr'><strong>extenuationis</strong></span> <span class='ocrx_word' id='word_1_741' title='bbox 1663 4528 1739 4572; x_wconf 87' lang='lat' dir='ltr'><strong>esset</strong></span> <span class='ocrx_word' id='word_1_742' title='bbox 1752 4526 1842 4572; x_wconf 80' lang='lat' dir='ltr'><strong>eterra</strong></span> 
     </span>
     <span class='ocr_line' id='line_1_54' title="bbox 225 4593 1843 4668; baseline 0.001 -20"><span class='ocrx_word' id='word_1_743' title='bbox 225 4612 300 4650; x_wconf 88' lang='lat' dir='ltr'><strong>mam</strong></span> <span class='ocrx_word' id='word_1_744' title='bbox 314 4604 341 4650; x_wconf 89' lang='lat' dir='ltr'><strong>et</strong></span> <span class='ocrx_word' id='word_1_745' title='bbox 355 4596 508 4666; x_wconf 81' lang='lat' dir='ltr'><strong>perlectam,</strong></span> <span class='ocrx_word' id='word_1_746' title='bbox 522 4613 583 4667; x_wconf 84' lang='lat' dir='ltr'><strong>quae</strong></span> <span class='ocrx_word' id='word_1_747' title='bbox 602 4595 782 4667; x_wconf 76' lang='lat' dir='ltr'><strong>coemptionis</strong></span> <span class='ocrx_word' id='word_1_748' title='bbox 802 4604 830 4650; x_wconf 89' lang='lat' dir='ltr'><strong>et</strong></span> <span class='ocrx_word' id='word_1_749' title='bbox 850 4594 1017 4649; x_wconf 87' lang='lat' dir='ltr'><strong>alterationis</strong></span> <span class='ocrx_word' id='word_1_750' title='bbox 1054 4595 1089 4649; x_wconf 90' lang='lat' dir='ltr'><strong>ad</strong></span> <span class='ocrx_word' id='word_1_751' title='bbox 1102 4611 1209 4666; x_wconf 86' lang='lat' dir='ltr'><strong>aquam,</strong></span> <span class='ocrx_word' id='word_1_752' title='bbox 1224 4595 1260 4648; x_wconf 92' lang='lat' dir='ltr'><strong>ab</strong></span> <span class='ocrx_word' id='word_1_753' title='bbox 1270 4611 1342 4666; x_wconf 85' lang='lat' dir='ltr'><strong>aqua</strong></span> <span class='ocrx_word' id='word_1_754' title='bbox 1355 4594 1389 4648; x_wconf 90' lang='lat' dir='ltr'><strong>ad</strong></span> <span class='ocrx_word' id='word_1_755' title='bbox 1401 4593 1501 4658; x_wconf 66' lang='lat' dir='ltr'><strong>adnm,</strong></span> <span class='ocrx_word' id='word_1_756' title='bbox 1516 4594 1552 4648; x_wconf 91' lang='lat' dir='ltr'><strong>ab</strong></span> <span class='ocrx_word' id='word_1_757' title='bbox 1565 4596 1629 4649; x_wconf 74' lang='lat' dir='ltr'><strong>atre</strong></span> <span class='ocrx_word' id='word_1_758' title='bbox 1640 4595 1677 4648; x_wconf 89' lang='lat' dir='ltr'><strong>ad</strong></span> <span class='ocrx_word' id='word_1_759' title='bbox 1692 4597 1799 4668; x_wconf 71' lang='lat' dir='ltr'><strong>ignem:</strong></span> <span class='ocrx_word' id='word_1_760' title='bbox 1819 4607 1843 4649; x_wconf 90' lang='lat' dir='ltr'><strong>at</strong></span> 
     </span>
     <span class='ocr_line' id='line_1_55' title="bbox 225 4672 1841 4746; baseline -0.001 -19"><span class='ocrx_word' id='word_1_761' title='bbox 225 4676 357 4729; x_wconf 87' lang='lat' dir='ltr'><strong>terminus</strong></span> <span class='ocrx_word' id='word_1_762' title='bbox 368 4674 572 4745; x_wconf 90' lang='lat' dir='ltr'><strong>quidamsit,ad</strong></span> <span class='ocrx_word' id='word_1_763' title='bbox 585 4694 674 4731; x_wconf 86' lang='lat' dir='ltr'><strong>rerum</strong></span> <span class='ocrx_word' id='word_1_764' title='bbox 686 4673 1017 4746; x_wconf 85' lang='lat' dir='ltr'><strong>principiaconstituenda</strong></span> <span class='ocrx_word' id='word_1_765' title='bbox 1054 4690 1108 4728; x_wconf 87' lang='lat' dir='ltr'><strong>noa</strong></span> <span class='ocrx_word' id='word_1_766' title='bbox 1122 4674 1193 4728; x_wconf 89' lang='lat' dir='ltr'><strong>idem</strong></span> <span class='ocrx_word' id='word_1_767' title='bbox 1214 4675 1357 4736; x_wconf 87' lang='lat' dir='ltr'><strong>decuraua;</strong></span> <span class='ocrx_word' id='word_1_768' title='bbox 1379 4673 1427 4728; x_wconf 88' lang='lat' dir='ltr'><strong>sed</strong></span> <span class='ocrx_word' id='word_1_769' title='bbox 1446 4673 1569 4727; x_wconf 90' lang='lat' dir='ltr'><strong>ordinem</strong></span> <span class='ocrx_word' id='word_1_770' title='bbox 1588 4672 1671 4743; x_wconf 90' lang='lat' dir='ltr'><strong>plane</strong></span> <span class='ocrx_word' id='word_1_771' title='bbox 1690 4675 1841 4731; x_wconf 82' lang='lat' dir='ltr'><strong>invertebat.</strong></span> 
     </span>
     <span class='ocr_line' id='line_1_56' title="bbox 226 4752 1847 4833; baseline -0.001 -24"><span class='ocrx_word' id='word_1_772' title='bbox 226 4754 357 4824; x_wconf 79' lang='lat' dir='ltr'><strong>quesivit.</strong></span> <span class='ocrx_word' id='word_1_773' title='bbox 406 4754 522 4808; x_wconf 83' lang='lat' dir='ltr'><strong>Videbat</strong></span> <span class='ocrx_word' id='word_1_774' title='bbox 542 4762 634 4811; x_wconf 86' lang='lat' dir='ltr'><strong>autem</strong></span> <span class='ocrx_word' id='word_1_775' title='bbox 654 4754 802 4809; x_wconf 89' lang='lat' dir='ltr'><strong>maximam</strong></span> <span class='ocrx_word' id='word_1_776' title='bbox 822 4771 912 4808; x_wconf 90' lang='lat' dir='ltr'><strong>rerum</strong></span> <span class='ocrx_word' id='word_1_777' title='bbox 931 4754 1017 4806; x_wconf 88' lang='lat' dir='ltr'><strong>varie·</strong></span> <span class='ocrx_word' id='word_1_778' title='bbox 1057 4754 1152 4824; x_wconf 87' lang='lat' dir='ltr'><strong>Ignem</strong></span> <span class='ocrx_word' id='word_1_779' title='bbox 1173 4754 1246 4808; x_wconf 89' lang='lat' dir='ltr'><strong>enim</strong></span> <span class='ocrx_word' id='word_1_780' title='bbox 1260 4770 1310 4823; x_wconf 88' lang='lat' dir='ltr'><strong>per</strong></span> <span class='ocrx_word' id='word_1_781' title='bbox 1322 4752 1516 4808; x_wconf 88' lang='lat' dir='ltr'><strong>extinctionem</strong></span> <span class='ocrx_word' id='word_1_782' title='bbox 1531 4760 1631 4807; x_wconf 89' lang='lat' dir='ltr'><strong>terram</strong></span> <span class='ocrx_word' id='word_1_783' title='bbox 1652 4754 1770 4809; x_wconf 73' lang='lat' dir='ltr'><strong>eduam</strong></span> <span class='ocrx_word' id='word_1_784' title='bbox 1782 4770 1847 4833; x_wconf 54' lang='grc' dir='ltr'><strong>ιι»,</strong></span> 
     </span>
     <span class='ocr_line' id='line_1_57' title="bbox 226 4831 1841 4905; baseline 0 -22"><span class='ocrx_word' id='word_1_785' title='bbox 226 4842 309 4888; x_wconf 89' lang='lat' dir='ltr'><strong>tatem</strong></span> <span class='ocrx_word' id='word_1_786' title='bbox 334 4841 363 4888; x_wconf 89' lang='lat' dir='ltr'><strong>et</strong></span> <span class='ocrx_word' id='word_1_787' title='bbox 386 4835 614 4903; x_wconf 89' lang='lat' dir='ltr'><strong>perturbationem</strong></span> <span class='ocrx_word' id='word_1_788' title='bbox 639 4835 668 4889; x_wconf 89' lang='lat' dir='ltr'><strong>in</strong></span> <span class='ocrx_word' id='word_1_789' title='bbox 690 4833 848 4905; x_wconf 88' lang='lat' dir='ltr'><strong>corporibus</strong></span> <span class='ocrx_word' id='word_1_790' title='bbox 872 4831 966 4886; x_wconf 86' lang='lat' dir='ltr'><strong>solidis</strong></span> <span class='ocrx_word' id='word_1_791' title='bbox 989 4840 1017 4885; x_wconf 89' lang='lat' dir='ltr'><strong>et</strong></span> <span class='ocrx_word' id='word_1_792' title='bbox 1055 4832 1139 4895; x_wconf 86' lang='lat' dir='ltr'><strong>rebat,</strong></span> <span class='ocrx_word' id='word_1_793' title='bbox 1155 4840 1283 4904; x_wconf 86' lang='lat' dir='ltr'><strong>tanquam</strong></span> <span class='ocrx_word' id='word_1_794' title='bbox 1295 4832 1373 4886; x_wconf 78' lang='lat' dir='ltr'><strong>iaces</strong></span> <span class='ocrx_word' id='word_1_795' title='bbox 1384 4831 1514 4903; x_wconf 86' lang='lat' dir='ltr'><strong>quasdam</strong></span> <span class='ocrx_word' id='word_1_796' title='bbox 1526 4838 1608 4902; x_wconf 89' lang='lat' dir='ltr'><strong>atque</strong></span> <span class='ocrx_word' id='word_1_797' title='bbox 1620 4831 1754 4902; x_wconf 75' lang='lat' dir='ltr'><strong>fuliginea</strong></span> <span class='ocrx_word' id='word_1_798' title='bbox 1767 4833 1841 4905; x_wconf 85' lang='lat' dir='ltr'><strong>ignis:</strong></span> 
     </span>
     <span class='ocr_line' id='line_1_58' title="bbox 226 4910 1842 4983; baseline 0.001 -18"><span class='ocrx_word' id='word_1_799' title='bbox 226 4913 431 4968; x_wconf 86' lang='lat' dir='ltr'><strong>consistentibus</strong></span> <span class='ocrx_word' id='word_1_800' title='bbox 445 4914 570 4968; x_wconf 87' lang='lat' dir='ltr'><strong>inveniri.</strong></span> <span class='ocrx_word' id='word_1_801' title='bbox 606 4913 685 4968; x_wconf 79' lang='lat' dir='ltr'><strong>Talia</strong></span> <span class='ocrx_word' id='word_1_802' title='bbox 698 4912 772 4967; x_wconf 87' lang='lat' dir='ltr'><strong>enirn</strong></span> <span class='ocrx_word' id='word_1_803' title='bbox 785 4927 898 4982; x_wconf 87' lang='lat' dir='ltr'><strong>corpora</strong></span> <span class='ocrx_word' id='word_1_804' title='bbox 911 4911 1017 4982; x_wconf 87' lang='lat' dir='ltr'><strong>organi·</strong></span> <span class='ocrx_word' id='word_1_805' title='bbox 1056 4928 1102 4965; x_wconf 89' lang='lat' dir='ltr'><strong>eas</strong></span> <span class='ocrx_word' id='word_1_806' title='bbox 1120 4911 1248 4981; x_wconf 87' lang='lat' dir='ltr'><strong>deinceps</strong></span> <span class='ocrx_word' id='word_1_807' title='bbox 1269 4911 1399 4965; x_wconf 88' lang='lat' dir='ltr'><strong>uditatem</strong></span> <span class='ocrx_word' id='word_1_808' title='bbox 1416 4911 1559 4980; x_wconf 88' lang='lat' dir='ltr'><strong>concipere</strong></span> <span class='ocrx_word' id='word_1_809' title='bbox 1581 4917 1608 4964; x_wconf 90' lang='lat' dir='ltr'><strong>et</strong></span> <span class='ocrx_word' id='word_1_810' title='bbox 1622 4910 1765 4983; x_wconf 86' lang='lat' dir='ltr'><strong>colligere,</strong></span> <span class='ocrx_word' id='word_1_811' title='bbox 1781 4910 1842 4966; x_wconf 63' lang='lat' dir='ltr'><strong>aa&amp;</strong></span> 
     </span>
     <span class='ocr_line' id='line_1_59' title="bbox 225 4988 1843 5063; baseline 0.001 -18"><span class='ocrx_word' id='word_1_812' title='bbox 225 5008 258 5046; x_wconf 89' lang='lat' dir='ltr'><strong>ca</strong></span> <span class='ocrx_word' id='word_1_813' title='bbox 279 5008 339 5047; x_wconf 86' lang='lat' dir='ltr'><strong>esse</strong></span> <span class='ocrx_word' id='word_1_814' title='bbox 358 5000 477 5063; x_wconf 85' lang='lat' dir='ltr'><strong>possunt,</strong></span> <span class='ocrx_word' id='word_1_815' title='bbox 492 5001 520 5047; x_wconf 92' lang='lat' dir='ltr'><strong>et</strong></span> <span class='ocrx_word' id='word_1_816' title='bbox 538 4992 621 5047; x_wconf 86' lang='lat' dir='ltr'><strong>veluti</strong></span> <span class='ocrx_word' id='word_1_817' title='bbox 640 4992 775 5046; x_wconf 80' lang='lat' dir='ltr'><strong>machinae</strong></span> <span class='ocrx_word' id='word_1_818' title='bbox 795 4991 934 5062; x_wconf 66' lang='lat' dir='ltr'><strong>quadani</strong></span> <span class='ocrx_word' id='word_1_819' title='bbox 956 5007 1017 5061; x_wconf 79' lang='lat' dir='ltr'><strong>qua</strong></span> <span class='ocrx_word' id='word_1_820' title='bbox 1056 5008 1134 5062; x_wconf 76' lang='lat' dir='ltr'><strong>aqum</strong></span> <span class='ocrx_word' id='word_1_821' title='bbox 1148 4990 1193 5044; x_wconf 85' lang='lat' dir='ltr'><strong>fiat</strong></span> <span class='ocrx_word' id='word_1_822' title='bbox 1207 4990 1350 5051; x_wconf 87' lang='lat' dir='ltr'><strong>effluvium,</strong></span> <span class='ocrx_word' id='word_1_823' title='bbox 1364 5007 1424 5060; x_wconf 74' lang='lat' dir='ltr'><strong>quaa</strong></span> <span class='ocrx_word' id='word_1_824' title='bbox 1437 5005 1529 5043; x_wconf 88' lang='lat' dir='ltr'><strong>rursus</strong></span> <span class='ocrx_word' id='word_1_825' title='bbox 1542 4988 1636 5044; x_wconf 72' lang='lat' dir='ltr'><strong>airam</strong></span> <span class='ocrx_word' id='word_1_826' title='bbox 1646 4992 1756 5046; x_wconf 89' lang='lat' dir='ltr'><strong>emittat</strong></span> <span class='ocrx_word' id='word_1_827' title='bbox 1767 5000 1843 5046; x_wconf 80' lang='lat' dir='ltr'><strong>etex·</strong></span> 
     </span>
     <span class='ocr_line' id='line_1_60' title="bbox 226 5068 1842 5143; baseline -0.001 -18"><span class='ocrx_word' id='word_1_828' title='bbox 226 5072 307 5126; x_wconf 89' lang='lat' dir='ltr'><strong>etiam</strong></span> <span class='ocrx_word' id='word_1_829' title='bbox 320 5088 356 5127; x_wconf 89' lang='lat' dir='ltr'><strong>ex</strong></span> <span class='ocrx_word' id='word_1_830' title='bbox 369 5073 456 5143; x_wconf 88' lang='lat' dir='ltr'><strong>figura</strong></span> <span class='ocrx_word' id='word_1_831' title='bbox 469 5072 624 5126; x_wconf 89' lang='lat' dir='ltr'><strong>innumeras</strong></span> <span class='ocrx_word' id='word_1_832' title='bbox 642 5071 805 5125; x_wconf 78' lang='lat' dir='ltr'><strong>variationes</strong></span> <span class='ocrx_word' id='word_1_833' title='bbox 818 5070 1017 5133; x_wconf 87' lang='lat' dir='ltr'><strong>nanciscuntur,</strong></span> <span class='ocrx_word' id='word_1_834' title='bbox 1056 5072 1153 5140; x_wconf 66' lang='lat' dir='ltr'><strong>spiretr</strong></span> <span class='ocrx_word' id='word_1_835' title='bbox 1175 5078 1204 5124; x_wconf 92' lang='lat' dir='ltr'><strong>ut</strong></span> <span class='ocrx_word' id='word_1_836' title='bbox 1215 5070 1250 5122; x_wconf 91' lang='lat' dir='ltr'><strong>ab</strong></span> <span class='ocrx_word' id='word_1_837' title='bbox 1263 5070 1327 5140; x_wconf 89' lang='lat' dir='ltr'><strong>igne</strong></span> <span class='ocrx_word' id='word_1_838' title='bbox 1341 5069 1375 5122; x_wconf 92' lang='lat' dir='ltr'><strong>ad</strong></span> <span class='ocrx_word' id='word_1_839' title='bbox 1389 5078 1488 5123; x_wconf 86' lang='lat' dir='ltr'><strong>terram</strong></span> <span class='ocrx_word' id='word_1_840' title='bbox 1501 5069 1616 5124; x_wconf 89' lang='lat' dir='ltr'><strong>mutatio</strong></span> <span class='ocrx_word' id='word_1_841' title='bbox 1626 5068 1712 5123; x_wconf 84' lang='lat' dir='ltr'><strong>fiatin</strong></span> <span class='ocrx_word' id='word_1_842' title='bbox 1723 5085 1842 5142; x_wconf 67' lang='lat' dir='ltr'><strong>precept</strong></span> 
     </span>
     <span class='ocr_line' id='line_1_61' title="bbox 227 5148 1265 5221; baseline -0.003 -16"><span class='ocrx_word' id='word_1_843' title='bbox 227 5151 317 5220; x_wconf 87' lang='lat' dir='ltr'><strong>qualia</strong></span> <span class='ocrx_word' id='word_1_844' title='bbox 331 5160 393 5206; x_wconf 88' lang='lat' dir='ltr'><strong>sunt</strong></span> <span class='ocrx_word' id='word_1_845' title='bbox 406 5167 520 5221; x_wconf 88' lang='lat' dir='ltr'><strong>corpora</strong></span> <span class='ocrx_word' id='word_1_846' title='bbox 527 5148 686 5204; x_wconf 87' lang='lat' dir='ltr'><strong>animalium</strong></span> <span class='ocrx_word' id='word_1_847' title='bbox 695 5156 723 5203; x_wconf 89' lang='lat' dir='ltr'><strong>ct</strong></span> <span class='ocrx_word' id='word_1_848' title='bbox 731 5148 893 5219; x_wconf 86' lang='lat' dir='ltr'><strong>plantarum.</strong></span> <span class='ocrx_word' id='word_1_849' title='bbox 927 5148 1018 5203; x_wconf 85' lang='lat' dir='ltr'><strong>Etiam</strong></span> <span class='ocrx_word' id='word_1_850' title='bbox 1056 5166 1110 5204; x_wconf 90' lang='lat' dir='ltr'><strong>non</strong></span> <span class='ocrx_word' id='word_1_851' title='bbox 1124 5148 1265 5220; x_wconf 85' lang='lat' dir='ltr'><strong>gradatim.</strong></span> 
     </span>
    </p>
   </div>
   <div class='ocr_carea' id='block_1_3' title="bbox 226 5225 1844 5536">
    <p class='ocr_par' dir='ltr' id='par_1_3' title="bbox 226 5225 1844 5536">
     <span class='ocr_line' id='line_1_62' title="bbox 226 5225 1842 5301; baseline -0.002 -18"><span class='ocrx_word' id='word_1_852' title='bbox 226 5229 254 5283; x_wconf 89' lang='lat' dir='ltr'><strong>in</strong></span> <span class='ocrx_word' id='word_1_853' title='bbox 266 5229 311 5284; x_wconf 87' lang='lat' dir='ltr'><strong>hia</strong></span> <span class='ocrx_word' id='word_1_854' title='bbox 324 5230 392 5300; x_wconf 85' lang='lat' dir='ltr'><strong>ipsis</strong></span> <span class='ocrx_word' id='word_1_855' title='bbox 413 5247 445 5286; x_wconf 90' lang='lat' dir='ltr'><strong>ea</strong></span> <span class='ocrx_word' id='word_1_856' title='bbox 465 5246 580 5301; x_wconf 90' lang='lat' dir='ltr'><strong>quoque,</strong></span> <span class='ocrx_word' id='word_1_857' title='bbox 595 5245 655 5299; x_wconf 84' lang='lat' dir='ltr'><strong>qnae</strong></span> <span class='ocrx_word' id='word_1_858' title='bbox 676 5229 803 5299; x_wconf 89' lang='lat' dir='ltr'><strong>organica</strong></span> <span class='ocrx_word' id='word_1_859' title='bbox 822 5244 877 5282; x_wconf 87' lang='lat' dir='ltr'><strong>nou</strong></span> <span class='ocrx_word' id='word_1_860' title='bbox 891 5237 962 5291; x_wconf 90' lang='lat' dir='ltr'><strong>sunt,</strong></span> <span class='ocrx_word' id='word_1_861' title='bbox 977 5235 1018 5281; x_wconf 89' lang='lat' dir='ltr'><strong>ta·</strong></span> <span class='ocrx_word' id='word_1_862' title='bbox 1097 5229 1184 5298; x_wconf 79' lang='lat' dir='ltr'><strong>Atque</strong></span> <span class='ocrx_word' id='word_1_863' title='bbox 1205 5227 1273 5291; x_wconf 78' lang='lat' dir='ltr'><strong>hnc,</strong></span> <span class='ocrx_word' id='word_1_864' title='bbox 1295 5234 1342 5281; x_wconf 88' lang='lat' dir='ltr'><strong>aut</strong></span> <span class='ocrx_word' id='word_1_865' title='bbox 1361 5226 1397 5280; x_wconf 90' lang='lat' dir='ltr'><strong>iis</strong></span> <span class='ocrx_word' id='word_1_866' title='bbox 1419 5225 1540 5290; x_wconf 89' lang='lat' dir='ltr'><strong>meliora,</strong></span> <span class='ocrx_word' id='word_1_867' title='bbox 1554 5225 1715 5297; x_wconf 85' lang='lat' dir='ltr'><strong>cogitabant</strong></span> <span class='ocrx_word' id='word_1_868' title='bbox 1734 5226 1783 5291; x_wconf 85' lang='lat' dir='ltr'><strong>illi,</strong></span> <span class='ocrx_word' id='word_1_869' title='bbox 1802 5225 1842 5295; x_wconf 87' lang='lat' dir='ltr'><strong>qui</strong></span> 
     </span>
     <span class='ocr_line' id='line_1_63' title="bbox 226 5305 1844 5380; baseline -0.002 -19"><span class='ocrx_word' id='word_1_870' title='bbox 226 5324 289 5362; x_wconf 89' lang='lat' dir='ltr'><strong>meu</strong></span> <span class='ocrx_word' id='word_1_871' title='bbox 303 5309 326 5362; x_wconf 89' lang='lat' dir='ltr'><strong>si</strong></span> <span class='ocrx_word' id='word_1_872' title='bbox 341 5310 445 5363; x_wconf 90' lang='lat' dir='ltr'><strong>acutius</strong></span> <span class='ocrx_word' id='word_1_873' title='bbox 459 5307 687 5377; x_wconf 86' lang='lat' dir='ltr'><strong>introspiciantur,</strong></span> <span class='ocrx_word' id='word_1_874' title='bbox 702 5306 780 5360; x_wconf 76' lang='lat' dir='ltr'><strong>valde</strong></span> <span class='ocrx_word' id='word_1_875' title='bbox 795 5323 854 5361; x_wconf 89' lang='lat' dir='ltr'><strong>esse</strong></span> <span class='ocrx_word' id='word_1_876' title='bbox 875 5305 1019 5360; x_wconf 86' lang='lat' dir='ltr'><strong>dissimilia</strong></span> <span class='ocrx_word' id='word_1_877' title='bbox 1058 5324 1139 5361; x_wconf 90' lang='lat' dir='ltr'><strong>unum</strong></span> <span class='ocrx_word' id='word_1_878' title='bbox 1152 5324 1241 5361; x_wconf 87' lang='lat' dir='ltr'><strong>rerum</strong></span> <span class='ocrx_word' id='word_1_879' title='bbox 1256 5306 1420 5380; x_wconf 87' lang='lat' dir='ltr'><strong>principium</strong></span> <span class='ocrx_word' id='word_1_880' title='bbox 1435 5314 1593 5370; x_wconf 87' lang='lat' dir='ltr'><strong>statuerunt,</strong></span> <span class='ocrx_word' id='word_1_881' title='bbox 1607 5314 1732 5360; x_wconf 88' lang='lat' dir='ltr'><strong>naturam</strong></span> <span class='ocrx_word' id='word_1_882' title='bbox 1747 5305 1844 5375; x_wconf 83' lang='lat' dir='ltr'><strong>simpli·</strong></span> 
     </span>
     <span class='ocr_line' id='line_1_64' title="bbox 227 5384 1843 5455; baseline 0.002 -18"><span class='ocrx_word' id='word_1_883' title='bbox 227 5386 404 5455; x_wconf 84' lang='lat' dir='ltr'><strong>reperiuntur.</strong></span> <span class='ocrx_word' id='word_1_884' title='bbox 439 5388 544 5448; x_wconf 80' lang='lat' dir='ltr'><strong>Quanta</strong></span> <span class='ocrx_word' id='word_1_885' title='bbox 558 5386 630 5440; x_wconf 91' lang='lat' dir='ltr'><strong>euim</strong></span> <span class='ocrx_word' id='word_1_886' title='bbox 644 5385 834 5441; x_wconf 89' lang='lat' dir='ltr'><strong>dissimilitudo</strong></span> <span class='ocrx_word' id='word_1_887' title='bbox 847 5387 1019 5454; x_wconf 78' lang='lat' dir='ltr'><strong>interponas</strong></span> <span class='ocrx_word' id='word_1_888' title='bbox 1057 5387 1123 5440; x_wconf 89' lang='lat' dir='ltr'><strong>citer</strong></span> <span class='ocrx_word' id='word_1_889' title='bbox 1138 5386 1236 5449; x_wconf 91' lang='lat' dir='ltr'><strong>intuiti,</strong></span> <span class='ocrx_word' id='word_1_890' title='bbox 1252 5402 1305 5439; x_wconf 89' lang='lat' dir='ltr'><strong>non</strong></span> <span class='ocrx_word' id='word_1_891' title='bbox 1320 5384 1493 5438; x_wconf 87' lang='lat' dir='ltr'><strong>contentiose.</strong></span> <span class='ocrx_word' id='word_1_892' title='bbox 1537 5385 1626 5454; x_wconf 82' lang='lat' dir='ltr'><strong>litque</strong></span> <span class='ocrx_word' id='word_1_893' title='bbox 1641 5384 1766 5439; x_wconf 86' lang='lat' dir='ltr'><strong>laudandi</strong></span> <span class='ocrx_word' id='word_1_894' title='bbox 1779 5394 1843 5439; x_wconf 84' lang='lat' dir='ltr'><strong>sunt.</strong></span> 
     </span>
     <span class='ocr_line' id='line_1_65' title="bbox 227 5460 1843 5536; baseline -0.001 -20"><span class='ocrx_word' id='word_1_895' title='bbox 227 5464 384 5518; x_wconf 86' lang='lat' dir='ltr'><strong>animalium</strong></span> <span class='ocrx_word' id='word_1_896' title='bbox 415 5466 478 5521; x_wconf 91' lang='lat' dir='ltr'><strong>illas</strong></span> <span class='ocrx_word' id='word_1_897' title='bbox 506 5466 587 5534; x_wconf 89' lang='lat' dir='ltr'><strong>ipsas,</strong></span> <span class='ocrx_word' id='word_1_898' title='bbox 616 5482 676 5536; x_wconf 79' lang='lat' dir='ltr'><strong>qua</strong></span> <span class='ocrx_word' id='word_1_899' title='bbox 704 5473 834 5518; x_wconf 86' lang='lat' dir='ltr'><strong>vocantur</strong></span> <span class='ocrx_word' id='word_1_900' title='bbox 862 5464 1019 5519; x_wconf 81' lang='lat' dir='ltr'><strong>similaresi</strong></span> <span class='ocrx_word' id='word_1_901' title='bbox 1057 5464 1127 5535; x_wconf 88' lang='lat' dir='ltr'><strong>quod</strong></span> <span class='ocrx_word' id='word_1_902' title='bbox 1151 5472 1252 5519; x_wconf 78' lang='lat' dir='ltr'><strong>vectem</strong></span> <span class='ocrx_word' id='word_1_903' title='bbox 1277 5463 1383 5519; x_wconf 88' lang='lat' dir='ltr'><strong>unicam</strong></span> <span class='ocrx_word' id='word_1_904' title='bbox 1406 5464 1534 5533; x_wconf 89' lang='lat' dir='ltr'><strong>Cupidini</strong></span> <span class='ocrx_word' id='word_1_905' title='bbox 1558 5464 1712 5530; x_wconf 87' lang='lat' dir='ltr'><strong>tribuerint,</strong></span> <span class='ocrx_word' id='word_1_906' title='bbox 1729 5464 1757 5518; x_wconf 92' lang='lat' dir='ltr'><strong>in</strong></span> <span class='ocrx_word' id='word_1_907' title='bbox 1777 5460 1843 5533; x_wconf 86' lang='lat' dir='ltr'><strong>quod</strong></span> 
     </span>
    </p>
   </div>
   <div class='ocr_carea' id='block_1_4' title="bbox 0 0 1904 5875">
    <p class='ocr_par' dir='ltr' id='par_1_4' title="bbox 0 0 1904 5875">
     <span class='ocr_line' id='line_1_66' title="bbox 0 0 1904 5875; baseline 0 0"><span class='ocrx_word' id='word_1_908' title='bbox 0 0 1904 5875; x_wconf 95' lang='lat' dir='ltr'><strong> </strong></span> 
     </span>
    </p>
   </div>
  </div>
 </body>
</html>
