3800 5875
258 324 316 377 34⁰
780 319 831 372 DE
853 318 1077 373 AUGMENTIS
1099 316 1372 372 scrutaminum.
1738 312 1790 368 Lta.
1803 316 1841 370 lli.

259 497 311 552 que
325 480 385 534 haec
406 480 439 535 de
462 477 651 549 metaphysica
664 476 736 530 dicta
750 478 821 531 sint:
851 478 929 545 eujus
949 485 1053 546 partem
1089 475 1239 530 honorifico
1252 474 1344 530 sensui
1364 473 1529 529 restituatur.
1568 470 1673 525 Etenim
1692 471 1774 541 magia
1789 475 1843 542 apud

258 562 292 614 de
306 560 394 614 cauria
406 559 542 620 finalibus,
557 556 675 611 inlibris
687 565 716 610 et
729 555 852 625 physicis
866 565 894 610 et
907 555 1053 626 metaphy·
1091 555 1189 609 Persas
1203 571 1253 624 pro
1266 554 1402 624 sapientia
1411 551 1531 615 sublimi,
1541 558 1568 603 et
1577 550 1842 606 seientiacossentnun

258 639 330 703 sicis,
345 645 484 693 tractatam
497 652 552 689 non
564 634 739 707 negaverim,
760 636 789 689 in
802 634 847 689 his
861 643 942 699 recte,
954 635 984 689 in
998 635 1053 689 illis
1090 650 1180 687 rerum
1199 632 1399 698 universalium,
1414 629 1613 701 accipiebatur;
1632 636 1710 698 atque
1722 630 1791 683 etiam
1803 640 1842 685 tres

258 734 408 787 perperam,
422 723 532 788 propter
545 714 745 768 incommodum
761 713 826 768 inde
840 723 972 770 secutum.
1090 712 1131 766 illi
1151 729 1238 784 reges,
1258 712 1305 782 qui
1325 712 1360 764 ab
1378 711 1483 765 oriente
1502 708 1537 762 ad
1557 707 1692 762 Christum
1709 707 1842 763 adoraudum

1089 798 1228 854 venerunt,
1242 807 1384 860 magorum
1402 789 1511 843 nomine
1531 787 1697 840 vocabantur.
1733 787 1842 842 Nosrero

486 900 611 955 CAPUT
631 900 821 961 tumut-
1088 864 1842 1018 {srir5,⁶rrttlhruhtrruirr

260 1027 381 1080 Partitis
404 1027 548 1097 operatr'ora
563 1025 693 1079 doctrina
706 1026 739 1078 de
752 1034 851 1079 saturo
873 1026 903 1078 is
920 1026 1051 1079 meritoni-
1088 1027 1219 1092 deducam
1240 1035 1329 1097 atque,
1344 1027 1417 1098 quod
1428 1027 1483 1080 diei
1496 1024 1572 1086 solet,
1587 1023 1676 1077 activa
1687 1040 1743 1076 cum
1753 1025 1842 1092 passim

297 1123 354 1158 com
367 1115 393 1158 et
407 1108 541 1176 magiam:
564 1122 627 1175 qum
640 1105 799 1176 respondent
812 1105 940 1175 portibus
958 1122 1051 1175 specu·
1088 1107 1285 1177 conjungendo,
1307 1105 1446 1176 magnalia
1466 1113 1570 1158 nauatae
1592 1102 1747 1156 manifestet.
1788 1103 1841 1156 Nan

297 1186 409 1240 lotias.-
427 1185 550 1256 physicos
565 1183 728 1248 mactantes,
738 1184 927 1254 metaphysica
940 1186 1031 1254 megia
1039 1206 1050 1244 ‚-
1088 1192 1219 1255 qnantum
1232 1185 1267 1239 ad
1279 1184 1430 1239 naturalem
1444 1184 1564 1254 magiam
1578 1183 1652 1252 (quae
1664 1181 1691 1234 in
1704 1180 1771 1234 libris
1781 1182 1841 1250 pluri.

297 1273 322 1318 et
336 1263 633 1335 espurgctiosocobsli
653 1264 759 1332 mgis.
800 1263 973 1333 Appendices
987 1264 1051 1319 duoe
1087 1281 1193 1318 monrm
1213 1265 1320 1332 volitat)
1334 1264 1458 1318 credulas
1478 1262 1608 1334 quasdam
1631 1269 1659 1313 et
1676 1261 1841 1328 superstitiosas

296 1345 459 1414 opmottroer
475 1343 654 1395 incentoriunr
664 1359 741 1412 opum
750 1342 967 1410 bunensi-umet
978 1351 1051 1395 coto·
1087 1343 1252 1407 haditionea,
1266 1352 1294 1397 et
1307 1343 1505 1399 observationes
1519 1341 1552 1395 de
1571 1336 1745 1409 symphatbiis
1756 1347 1781 1391 et
1790 1340 1840 1392 aab·

299 1424 376 1493 logos
391 1421 625 1493 polychrestonnn.
1087 1422 1191 1490 pathiis
1212 1439 1310 1487 rerum,
1324 1429 1407 1493 atque
1429 1422 1462 1475 de
1485 1419 1599 1475 oecirltis
1620 1428 1648 1473 et
1666 1418 1784 1488 specificis
1799 1434 1841 1486 pro

1087 1501 1248 1571 prietatibus
1258 1500 1489 1571 complectentem,
1499 1517 1562 1554 cum
1573 1497 1676 1552 frivolis
1689 1497 1840 1566 utplurimum

297 1579 485 1634 Ornsarrvsrr
507 1579 659 1633 denatura
677 1577 803 1633 similiter
817 1578 847 1632 in
868 1578 935 1633 duas
959 1586 1050 1648 partes
1086 1580 1289 1649 experimentis,
1310 1581 1402 1650 potius
1425 1579 1579 1634 occultandi
1602 1577 1714 1631 artifieio
1738 1586 1762 1629 et
1780 1575 1839 1636 lana,

257 1658 415 1722 dividemus,
425 1660 506 1729 idque
516 1675 552 1712 ex
564 1657 725 1712 necessitate
736 1656 861 1728 quadam.
902 1657 1050 1726 subjicitur
1087 1676 1168 1730 quam
1188 1676 1217 1713 re
1230 1660 1299 1729 ipsa,
1314 1659 1495 1713 admirandis:
1516 1673 1572 1711 non
1593 1655 1720 1711 erraverit
1736 1655 1840 1723 conequi

257 1738 331 1792 enim
354 1738 414 1792 haec
428 1737 526 1791 divisio
538 1736 666 1790 divisioni
686 1736 769 1806 priori
783 1736 914 1791 doctrines
927 1737 1049 1806 specula·
1086 1755 1147 1791 eam
1160 1737 1260 1792 dixerit
1272 1755 1289 1791 a
1303 1738 1424 1802 scientia,
1438 1754 1519 1809 quam
1533 1736 1686 1807 quaerimus,
1700 1741 1787 1788 tanton
1803 1733 1839 1786 iis

256 1818 328 1872 tivte
351 1815 470 1887 Physica
478 1816 621 1887 siqnidem,
630 1821 657 1870 et
667 1815 808 1887 inquisitio
816 1831 958 1870 causarum
967 1818 1049 1870 effici·
1086 1824 1152 1880 tare,
1166 1818 1255 1889 quoad
1267 1818 1409 1871 veritatem
1428 1827 1541 1878 naturas,
1555 1823 1686 1885 quantum
1704 1813 1760 1866 libri
1775 1829 1839 1865 num

256 1897 393 1952 entiumet
400 1895 587 1958 materialium,
595 1894 921 1964 producitmcohanicsm;
931 1903 960 1949 at
967 1904 1049 1950 meta·
1085 1905 1223 1965 gestarum
1237 1896 1348 1950 Arthuri
1363 1913 1399 1951 ex
1412 1894 1562 1958 Britannia,
1578 1902 1625 1947 sut
1638 1893 1755 1962 Hugonis
1766 1891 1840 1944 Bnrdr·

256 1974 1048 2046 physico,etinquisitioionnarum,producitmagiamrnam
1086 1974 1214 2045 gaiensis,
1223 1981 1252 2030 et
1261 1975 1418 2045 hujusmodi
1428 1975 1542 2029 heroum
1552 1970 1840 2034 umbratiliumditlrnot

256 2071 399 2109 causarum
413 2054 534 2108 finalium
544 2053 685 2125 inquisitio
695 2051 794 2107 sterilis
809 2060 858 2117 est,
872 2062 907 2117 et,
918 2062 1048 2123 tanquam
1085 2071 1102 2106 a
1113 2054 1230 2108 Caeeeris
1241 2054 1452 2120 commentariis,
1461 2053 1550 2125 quoad
1560 2050 1839 2106 venutenhissisn

256 2133 334 2203 virgo
347 2134 408 2187 Deo
420 2139 583 2196 consecrata,
593 2131 664 2186 nibil
677 2131 757 2203 parit.
797 2132 896 2202 Neque
909 2134 1047 2204 nosfugit,
1086 2132 1265 2188 Manifestum
1278 2135 1351 2188 enim
1365 2141 1413 2197 est,
1427 2133 1565 2188 Coemrem
1586 2134 1688 2201 majora
1705 2145 1784 2184 revera
1794 2144 1839 2197 prr·

256 2229 316 2266 esse
331 2220 359 2266 et
371 2212 557 2266 mechanicam
572 2211 672 2282 aaepius
685 2227 759 2265 mere
773 2212 931 2281 empiricam
945 2220 974 2265 et
987 2229 1049 2283 ope·
1085 2221 1215 2281 petrasse,
1230 2229 1313 2284 quam
1326 2212 1367 2266 illi
1381 2213 1414 2267 de
1429 2212 1557 2266 heroibus
1572 2212 1630 2266 suis
1648 2209 1784 2279 confingere
1797 2207 1839 2258 toti

256 2292 364 2356 sariam,
379 2309 439 2361 qua
452 2308 469 2343 a
482 2290 599 2361 physica
611 2307 666 2344 non
680 2291 810 2360 pendeam
830 2307 924 2344 verum
935 2291 1006 2346 hane
1020 2295 1047 2347 in
1085 2300 1162 2353 suntr
1183 2292 1231 2345 sed
1243 2292 1332 2345 modis
1346 2292 1462 2346 faciendi
1476 2291 1590 2346 minime
1605 2289 1735 2344 sabulosis
1764 2287 1839 2354 liujus

255 2371 397 2424 historiam
410 2369 560 2424 naturalem
574 2370 756 2438 conjecimus;
777 2386 794 2422 a
808 2369 984 2440 philosophia
1000 2388 1047 2426 na·
1085 2370 1157 2424 modi
1171 2371 1307 2425 doctrinas
1320 2371 1390 2425 bene
1404 2370 1577 2424 adumbrarit
1596 2368 1687 2422 sabula
1705 2367 1735 2420 de
1753 2366 1838 2424 inne:

256 2450 337 2503 turali
351 2466 534 2521 segregamus.
562 2449 713 2520 Loquimur
726 2456 829 2503 tanturn
843 2449 877 2502 tle
889 2466 924 2503 ea
936 2452 1047 2506 mecha·
1085 2451 1133 2519 qui
1150 2467 1211 2504 enm
1234 2450 1358 2513 lunonis,
1373 2450 1501 2521 potentiss
1521 2449 1589 2512 ders,
1603 2446 1763 2502 concubitum
1773 2444 1839 2497 anino

255 2529 324 2594 nica,
336 2547 396 2600 quaa
404 2546 464 2583 cum
474 2529 563 2583 causis
572 2527 695 2598 physicis
705 2530 849 2598 conjuncta
858 2536 907 2583 est
931 2529 1047 2585 Verum·
1084 2528 1137 2583 sibi
1151 2529 1315 2601 designaret,
1330 2547 1391 2584 curn
1404 2529 1519 2583 evanida
1537 2529 1611 2581 nube
1631 2544 1688 2581 rem
1705 2524 1799 2586 habuit;
1815 2538 1840 2575 er

256 2615 345 2662 tamen
359 2608 504 2663 intervenit
517 2608 640 2679 quaedam
653 2607 822 2673 mechanica,
833 2626 894 2680 qoae
906 2625 956 2663 neo
970 2627 1047 2680 pror·
1085 2624 1140 2678 qua
1161 2608 1313 2664 Centauros
1335 2617 1363 2663 et
1385 2608 1538 2663 cuinam
1560 2606 1711 2678 progenuit.
1750 2604 1787 2657 Sic
1806 2601 1839 2671 qoi

255 2704 302 2741 sus
315 2688 439 2757 operaria
450 2695 498 2751 est,
514 2704 602 2759 neque
617 2695 708 2742 tamen
721 2687 924 2759 philosophiam
936 2691 1046 2760 proprie
1083 2687 1181 2742 insana
1201 2696 1230 2742 et
1251 2688 1393 2758 impotenti
1414 2688 1562 2758 cupiditate
1577 2686 1698 2741 feruntur
1709 2684 1741 2738 ad
1752 2699 1784 2746 ea,
1795 2695 1839 2751 que

255 2767 372 2837 attingit.
426 2766 547 2837 Operum
570 2766 646 2822 enim
673 2767 786 2822 inventa
808 2768 909 2832 omnia,
933 2786 995 2840 quae
1016 2771 1046 2823 in
1083 2783 1133 2836 per
1145 2767 1350 2837 imaginationis
1364 2775 1469 2821 tantum
1483 2766 1572 2820 fumos
1592 2775 1620 2820 et
1636 2764 1741 2819 nebulas
1756 2775 1839 2815 canere

255 2846 397 2902 hominurn
419 2847 544 2901 notitiam
560 2854 698 2911 venemnt,
716 2854 764 2902 aut
784 2864 849 2902 casu
872 2856 1047 2903 occurrerunt
1084 2862 1113 2899 se
1134 2855 1236 2915 putant,
1250 2845 1312 2901 loco
1325 2863 1446 2916 operum,
1460 2845 1500 2900 nil
1514 2845 1589 2900 aliud
1602 2862 1682 2916 quarn
1695 2842 1838 2914 spesiotatt·

255 2934 282 2980 et
294 2926 423 2997 deinceps
436 2944 486 2997 per
496 2943 593 2982 manus
603 2926 702 2981 tradita
712 2933 791 2991 snnt;
812 2934 861 2981 aut
870 2926 904 2981 de
914 2927 1047 2983 industria
1083 2932 1111 2979 et
1119 2925 1252 2981 deformia
1261 2927 1383 2998 quisdam
1395 2943 1427 2981 ac
1435 2933 1588 2981 monstrosa
1595 2933 1707 2996 spectra,
1715 2918 1837 2990 mseipitnt

255 3006 384 3076 qooesita:
411 3024 471 3078 quae
493 3014 583 3060 autem
596 3005 812 3061 intentionaliter
832 3007 944 3060 inventa
963 3016 1044 3073 aunt;
1084 3005 1175 3075 Hujus
1194 3015 1286 3060 autern
1308 3007 1407 3077 magite
1428 3005 1568 3069 naturalis,
1591 3003 1658 3059 levis
1678 3012 1704 3059 et
1721 2996 1837 3071 depuis

254 3085 303 3138 illa
321 3094 368 3140 ant
385 3102 435 3156 per
457 3102 598 3139 causarum
619 3093 647 3139 et
668 3086 835 3140 axiomatum
856 3084 945 3140 lucem
968 3095 1046 3142 eruta
1083 3085 1206 3154 operatio
1219 3102 1301 3155 super
1314 3086 1449 3151 homines,
1463 3085 1561 3139 similis
1582 3090 1625 3138 est
1645 3075 1837 3153 soporiferisqui·

254 3173 331 3229 sunt,
352 3173 400 3219 aut
409 3182 458 3235 per
471 3160 657 3220 extensionem
671 3165 819 3237 quandam,
833 3165 878 3218 vel
892 3163 1045 3221 translatio·
1083 3163 1197 3218 busdam
1210 3165 1432 3228 medicamentis3
1453 3182 1516 3235 qum
1530 3181 1657 3219 somnum
1670 3161 1801 3219 conatur.
1812 3162 1837 3206 il·

254 3260 325 3309 nem,
339 3244 383 3298 vel
397 3244 619 3313 compositionem
632 3244 801 3299 inventorum
815 3245 938 3314 priorum
951 3245 1046 3317 depre-
1083 3260 1135 3313 que
1159 3244 1271 3314 insuper
1299 3244 1371 3299 inter
1393 3242 1582 3298 dormiendum
1606 3244 1668 3297 laeta
1690 3250 1715 3294 et
1734 3234 1837 3309 praesia

255 3322 356 3387 hensa3
387 3340 447 3393 qnae
470 3323 558 3394 magia
581 3322 723 3393 ingeniosa
746 3323 869 3394 quaedam
890 3341 934 3379 res
954 3334 996 3380 est
1017 3334 1045 3380 et
1083 3322 1354 3378 somniaimmittunt.
1376 3323 1469 3378 Primo
1477 3318 1837 3377 enimintellectumbumanum

254 3418 347 3474 sagax,
375 3419 457 3473 quarn
483 3401 681 3472 philosophica.
732 3403 811 3457 Hanc
838 3420 903 3457 vero
929 3412 1044 3473 partem,
1082 3401 1111 3454 io
1124 3419 1251 3473 soporem
1264 3403 1388 3471 conjicitr
1409 3393 1837 3472 emendoproprieutesspeo'iea

255 3498 334 3551 qoam
362 3481 521 3551 neutiquam
548 3482 752 3547 contemnimus,
779 3499 836 3536 non
862 3482 947 3536 multo
974 3493 1043 3553 post,
1082 3487 1110 3534 et
1123 3482 1236 3536 virtutes
1249 3480 1375 3546 occultas,
1390 3491 1416 3535 et
1431 3489 1559 3552 tanquam
1573 3481 1679 3535 coelitns
1692 3477 1838 3534 demone

254 3577 314 3615 cnm
325 3561 358 3615 de
372 3561 541 3630 experientis
554 3560 661 3614 literata
674 3562 746 3615 inter
756 3561 846 3630 logica
859 3564 1043 3630 hacmbimus
1082 3576 1132 3630 per
1146 3561 1321 3615 traditionum
1335 3577 1459 3616 susurros
1472 3560 1643 3615 solummodo
1662 3552 1836 3630 perdiscendam

254 3639 354 3693 cursim
368 3641 587 3709 perstringemus.
635 3639 782 3694 Enimvero
796 3641 992 3707 mechanicam,
1010 3644 1044 3699 de
1081 3640 1152 3694 unde
1159 3629 1838 3704 homincsadremsoausaseruendasetindagmdtt

254 3736 308 3787 qua
331 3735 402 3773 nuno
425 3719 538 3789 agimus,
553 3720 678 3774 tractavit
696 3718 853 3774 Aristoteles
872 3723 1043 3791 promiscuer
1083 3734 1139 3773 non
1153 3719 1271 3790 amplius
1284 3719 1444 3783 excitantur,
1459 3727 1487 3774 st
1504 3720 1655 3789 evigilant;
1676 3716 1720 3772 sed
1733 3716 1756 3768 in
1768 3710 1838 3776 hujus·

255 3798 331 3851 Hero
352 3798 381 3852 in
404 3798 605 3869 spiritualibus;
636 3799 720 3853 etiam
745 3795 883 3869 Georgius
906 3800 1044 3872 Agricola,
1082 3798 1155 3853 modi
1179 3799 1272 3854 otiosis
1292 3807 1320 3853 ct
1341 3798 1459 3853 credulis
1482 3798 1656 3869 opinionibus
1679 3794 1836 3874 aequiescunt:

254 3877 368 3945 scriptor
380 3894 482 3941 recens,
495 3877 640 3948 diligenter
654 3877 797 3933 admodum
810 3879 840 3932 in
853 3879 1043 3945 miseratione,
1082 3876 1179 3931 deinde
1202 3895 1268 3932 vero
1289 3877 1434 3932 innumera
1454 3886 1609 3932 eminente
1632 3884 1712 3947 mlh
1730 3880 1753 3927 ‘⁸
1769 3864 1838 3939 quill*

254 3955 354 4026 aliique
364 3957 554 4026 quamplurimi
564 3957 592 4010 in
601 3956 729 4025 subjectis
738 3958 961 4029 particularibus:
977 3961 1045 4016 adeo
1083 3958 1142 4027 quit
1163 3963 1270 4027 optaret
1291 3959 1420 4021 maxime.
1440 3957 1527 4011 imit?
1548 3957 1719 4017 Somniorum,
1736 3950 1837 4006 imilla

253 4040 349 4088 utnon
363 4034 569 4106 habeamquod
582 4036 669 4091 dicam
681 4036 714 4091 tle
728 4037 836 4092 omissis
849 4038 877 4091 in
891 4038 943 4092 hac
954 4049 1043 4109 parte;
1083 4037 1172 4106 ilique
1194 4052 1283 4105 operte
1304 4038 1421 4106 pretium
1438 4044 1481 4089 eat
1503 4044 1607 4099 notare,
1621 4037 1650 4089 in
1669 4034 1720 4088 illis
1738 4024 1837 4084 scientiis

253 4113 306 4166 nisi
315 4114 553 4184 quodmechanica
561 4116 724 4186 promiscua,
733 4117 879 4172 secondum
887 4119 1045 4189 exemplum
1083 4131 1144 4185 quar
1157 4115 1272 4169 nimium
1294 4114 1407 4170 trahunt
1427 4132 1463 4170 ex
1484 4115 1631 4184 phantasia
1651 4122 1678 4168 et
1698 4111 1744 4166 fide
1756 4102 1838 4191 (quales

254 4191 902 4265 Aristotelisdiligentiusdebuissentcontinuari
913 4198 1044 4266 perlobo
1083 4186 1837 4264 suntnagraistntevisdequanmctoquinur,a1cbeno

253 4286 299 4324 rea
309 4273 502 4337 recentiorum
523 4274 675 4342 presertim
688 4291 751 4328 com
764 4273 870 4328 delectu
883 4293 976 4329 eornm
989 4295 1045 4331 me·
1082 4271 1235 4343 astrologis,
1248 4281 1276 4327 et
1284 4274 1346 4328 aliae
1355 4273 1520 4339 consimiles)
1530 4274 1620 4328 media
1631 4289 1685 4334 ⁸11⁸·
1693 4262 1838 4323 elihfflllffl’

254 4348 437 4412 chanicornm,
451 4367 564 4421 quorum
578 4359 625 4408 ant
637 4370 726 4407 causae
746 4354 834 4423 magis
854 4355 983 4419 obscuris,
997 4365 1045 4410 aut
1082 4350 1168 4405 solere
1181 4368 1241 4407 esse
1255 4353 1342 4421 magis
1362 4361 1520 4416 monstrosa,
1535 4370 1616 4423 quam
1631 4352 1690 4405 finis
1708 4349 1758 4418 ipse
1769 4346 1839 4425 este}

254 4428 366 4481 effectus
379 4430 468 4499 magis
487 4430 601 4486 nobiles.
642 4433 744 4486 Verum
758 4434 804 4502 qui
818 4434 847 4485 in
871 4434 947 4488 bisce
968 4436 1045 4489 insis-
1082 4430 1363 4500 ³⁰150rq1¹0¹011dunb
1390 4432 1488 4485 Vtrssi⁰
1501 4432 1617 4502 argenti·
1630 4420 1837 4497 tustllffifi'i'b

254 4512 320 4583 tunt,
335 4508 412 4576 qnasi
426 4525 488 4561 orae
502 4517 608 4564 tanturn
627 4511 778 4565 maritimas
792 4521 965 4582 perreptant:
1083 4517 1130 4563 aut
1147 4508 1261 4577 alicujus
1283 4510 1395 4565 alterius
1415 4510 1519 4564 metalli
1540 4512 1568 4563 in
1590 4527 1690 4571 summ,
1704 4522 1743 4560 res
1760 4497 1838 4581 credili

1083 4587 1165 4642 dura:
1187 4597 1305 4643 attamen
1317 4590 1397 4661 longe
1409 4589 1582 4644 venumilius
1596 4596 1637 4643 eat
1650 4582 1837 4663 abhominoi¹1¹

1083 4665 1217 4737 ponderis,
1241 4669 1340 4722 coloris
1363 4670 1434 4733 tiam,
1457 4667 1621 4723 malleabilis
1642 4674 1670 4721 et
1691 4654 1837 4718 emenonis

254 4738 320 4792 Meo
333 4737 467 4809 siquidem
486 4740 597 4808 judicio,
613 4743 661 4797 vix
675 4745 762 4814 possit
774 4743 878 4813 aliquid
897 4745 926 4797 in
948 4754 1046 4799 namra
1083 4745 1131 4800 fixi
1146 4747 1229 4799 ctiam
1242 4756 1271 4801 et
1284 4747 1410 4812 volatilis,
1423 4755 1534 4800 naturas
1547 4747 1668 4818 cognitas
1677 4752 1703 4798 et
1712 4742 1837 4812 perspectu

253 4818 383 4871 radicitus
401 4819 470 4872 verti
491 4828 539 4875 aut
556 4821 687 4887 innovari,
701 4822 743 4877 vel
769 4839 817 4891 per
837 4839 916 4877 casua
939 4824 1045 4896 aliquos
1083 4823 1230 4889 habueritr
1247 4827 1347 4897 quique
1358 4826 1483 4880 similiter
1493 4826 1581 4895 prima
1590 4823 1750 4879 mineralium
1758 4813 1837 4870 sentim

254 4895 385 4960 fortuitos,
396 4898 440 4951 vel
454 4914 502 4967 per
516 4906 681 4955 tentamenta
690 4901 943 4971 experimentorum,
955 4903 998 4957 vel
1010 4922 1046 4958 ex
1083 4912 1111 4958 et
1132 4911 1270 4959 menstrua
1289 4905 1434 4976 diligenter
1452 4906 1650 4974 introspexerit,
1672 4916 1744 4971 posse
1763 4903 1836 4947 summ

254 4974 313 5029 loce
327 4993 470 5031 causarum
485 4976 666 5046 physicarum,
681 4979 915 5055 seddsolnmmodo
935 4999 986 5051 per
1006 4983 1045 5036 in·
1083 4983 1170 5036 multa
1189 4991 1218 5037 et
1240 4985 1333 5054 sagaci
1354 4985 1492 5038 molitione
1515 4983 1623 5037 tandem
1643 4978 1759 5052 producir
1776 4982 1837 5055 (illm

253 5055 407 5109 sennonem
420 5056 575 5110 formarum.
607 5057 637 5110 Si
651 5058 735 5127 igitur
748 5059 896 5114 desiderari
909 5077 971 5114 eam
985 5078 1045 5130 par·
1084 5062 1156 5133 quod
1181 5079 1268 5132 pauca
1290 5063 1394 5117 elixiria
1412 5079 1504 5134 grana,
1525 5063 1619 5133 paucis
1646 5055 1781 5114 momentis
1796 5045 1837 5100 ⁸¹¹⁸

254 5140 308 5187 ΜΠ
331 5133 533 5203 memphim&
548 5152 609 5204 qum
629 5134 663 5189 de
685 5136 777 5191 formis
800 5139 864 5208 agit,
887 5141 1044 5208 pomimusr
1084 5140 1194 5194 metalla
1215 5142 1242 5195 in
1264 5158 1360 5196 aurum
1379 5152 1483 5197 vertere
1503 5141 1618 5204 valeant,
1640 5157 1688 5210 per
1705 5133 1836 5189 scfimltl‘ffl

254 5212 380 5281 sequitur,
394 5220 424 5265 ut
436 5213 567 5265 naturalis
580 5213 663 5268 etiarn
676 5216 775 5285 magia,
791 5234 851 5287 quae
873 5218 908 5271 ad
929 5235 991 5272 eam
1004 5228 1046 5273 est
1083 5220 1205 5287 ejusdem
1220 5219 1333 5284 elixiris,
1348 5240 1409 5292 quae
1429 5229 1554 5275 nutrirem
1574 5221 1677 5274 scilicet
1693 5211 1837 5288 perfittrt20¹

254 5289 374 5353 relativa,
398 5289 524 5345 similiter
551 5290 726 5348 desideretur.
775 5294 878 5350 Verum
904 5296 958 5350 hoe
986 5297 1046 5352 loco
1084 5300 1158 5353 omni
1171 5299 1366 5369 impedimento
1379 5300 1495 5353 liberare
1508 5300 1601 5369 possit.
1639 5296 1757 5352 Similiter
1768 5298 1836 5372 sene·

255 5368 446 5435 postulandum
459 5369 572 5434 ridetur,
587 5379 617 5425 ut
630 5371 789 5427 vocabulum
810 5375 882 5429 istud
895 5377 1003 5446 magiae,
1017 5377 1046 5430 in
1084 5378 1150 5432 tutis
1172 5378 1324 5440 retardatio,
1346 5388 1393 5433 aut
1412 5379 1511 5449 gradus
1532 5377 1645 5447 alicujus
1661 5368 1789 5444 juventutis
1805 5378 1835 5413 ¹¹1·

255 5445 414 5500 deteriorem
429 5455 534 5515 partem
545 5449 603 5518 jam
617 5450 721 5520 pridem
732 5462 882 5522 acceptum,
894 5456 1007 5525 antiquo
1021 5464 1046 5510 et
1083 5458 1221 5521 stauratio,
1235 5475 1292 5512 non
1304 5457 1384 5512 facile
1400 5458 1480 5513 tidem
1500 5459 1632 5528 reperiat:
1653 5462 1758 5509 attamen
1775 5445 1834 5509 loste

441 4627 657 4678 “——Prementlo
667 4632 730 4680 littus
741 4633 872 4694 iniquum'·
