3800 5875
64 357 132 412 Car.
156 355 194 411 ll.
579 355 630 409 DE
652 355 875 412 AUGMENTIS
897 356 1171 414 SClENTlARUM.
1632 362 1690 416 sto

64 515 213 586 aliquando
233 515 262 568 in
277 512 396 569 arenulis
414 530 512 583 purum
528 513 670 577 invenitur,
689 515 862 569 ministrante
900 517 961 586 quis
975 517 1026 570 sibi
1049 518 1158 571 unicam
1178 516 1299 572 veritatis
1320 515 1524 586 inquisitionem
1542 527 1693 587 proponam

64 595 186 666 sibiipsi
201 604 315 649 natura:
335 594 385 647 iris
398 592 521 647 similiter
534 592 566 645 fit
579 609 615 646 ex
627 592 699 647 nube
714 594 821 647 roscida
833 596 862 647 in
901 596 972 664 qnod
990 604 1017 649 et
1030 597 1158 663 majestas
1178 603 1225 648 tua
1245 593 1372 665 exemplo
1389 596 1500 665 proprio
1516 596 1692 653 confirmavit.

65 673 189 737 sublimi;
211 675 243 728 fit
255 675 339 727 etiam
353 689 401 741 per
422 671 605 741 aspersionem
619 689 706 742 squar,
726 671 770 727 hic
790 673 861 741 apud
900 674 942 727 Τιι
955 676 1036 737 enim,
1050 675 1153 728 duobus
1167 673 1222 727 illis
1236 673 1394 728 dammimis
1408 682 1434 728 et
1451 675 1616 730 acutissimis
1628 676 1693 730 reli·

65 770 123 807 nos
175 754 274 825 ltaque
296 759 393 806 natura
415 750 507 805 omnia
531 750 621 821 regit:
652 751 862 806 subordinantur
900 752 990 822 gioms
1009 770 1040 806 ac
1053 753 1184 806 naturalis
1198 752 1380 824 philosophia
1393 753 1487 816 ocuhs,
1503 754 1570 808 tales
1585 755 1694 810 umbras

66 842 156 887 autem
169 832 220 886 illa
232 833 302 894 tria3
324 839 546 894 cursusnaturaee
569 830 860 899 exspatiationaturae;
900 831 1045 900 prudenter
1067 849 1098 885 ac
1119 832 1311 902 perspicaciter
1330 833 1517 901 perlustrasti;
1546 843 1576 887 ut
1595 839 1621 887 te
1642 834 1694 888 soli

67 921 95 966 et
106 929 160 975 ars,
171 914 230 967 sive
246 911 356 965 additus
368 910 448 965 rebus
461 909 544 963 homo
557 929 564 962 ι
585 910 699 980 ideoque
709 911 737 963 in
748 910 862 963 historia
901 910 1068 964 simillimum
1083 912 1247 980 probaveris,
1263 913 1308 981 qui
1329 910 1435 980 polluta
1451 910 1512 965 loca
1532 912 1692 983 ingreditur,

66 991 190 1056 nemesii,
208 991 261 1046 tria
277 989 326 1044 illa
339 988 531 1058 comprehendi
553 997 673 1057 parest;
695 987 862 1058 quodetiam
899 1006 949 1043 nec
972 998 1061 1043 tamen
1083 991 1246 1060 inquinatur.
1287 991 1420 1044 Caeterum
1444 990 1510 1045 illud
1531 992 1691 1058 monuerim,

68 1072 98 1125 C.
111 1070 221 1125 Plinius
234 1086 385 1141 magnaeus
398 1076 476 1138 parte
490 1067 571 1121 iecit:
592 1067 639 1137 qui
653 1067 798 1122 historiam
816 1085 861 1121 na·
900 1069 1065 1123 narrationes
1079 1070 1145 1123 istas
1155 1087 1215 1123 cum
1229 1068 1309 1123 rebus
1320 1070 1513 1139 superstitiosis
1527 1072 1691 1139 conjunctas,

67 1150 181 1205 amntem
194 1151 271 1204 sohte
280 1166 331 1219 pro
340 1148 472 1218 dignitate
482 1145 640 1215 complemus
654 1152 709 1209 est;
731 1147 777 1200 sed
788 1164 860 1201 com-
901 1163 1020 1201 seorsum
1035 1150 1166 1216 componi,
1181 1165 1269 1218 neque
1283 1166 1345 1202 eum
1358 1149 1434 1219 puris
1448 1158 1477 1202 et
1490 1150 1602 1203 sinceris
1615 1159 1692 1205 natu·

67 1228 184 1298 plexum,
192 1231 306 1284 minime
318 1234 350 1283 ut
363 1227 461 1292 decuit,
474 1227 530 1281 imo
542 1225 633 1295 potius
642 1224 762 1296 indignis
776 1226 862 1281 modis
900 1226 1002 1280 ratibus
1016 1228 1183 1281 commisceri
1198 1236 1329 1297 oportere.
1369 1227 1447 1288 Quod
1462 1245 1527 1283 sero
1546 1228 1582 1281 ad
1600 1246 1691 1283 narra-

67 1309 202 1363 rmsuit,
901 1305 987 1360 tiones
1001 1307 1104 1370 attinet,
1117 1307 1190 1360 circa
1200 1306 1324 1377 prodigia
1335 1313 1363 1360 et
1374 1307 1505 1361 miracula
1514 1307 1689 1378 religionum

105 1388 215 1442 Harum
235 1385 325 1457 prima
343 1385 461 1439 habetur
482 1383 653 1439 mediocriter
671 1382 795 1438 exculta:
815 1401 860 1438 se·
899 1382 949 1438 illa
972 1394 1045 1439 certe
1065 1393 1110 1439 aut
1134 1402 1188 1440 non
1209 1386 1302 1456 utique
1324 1403 1388 1440 uera
1409 1393 1478 1450 sunt,
1492 1393 1540 1440 aut
1558 1386 1633 1441 nulla
1654 1403 1691 1442 ex

68 1475 180 1538 quantes
192 1468 255 1521 dure
265 1467 304 1519 ita
313 1466 428 1519 tenuiter
438 1471 466 1517 et
478 1461 610 1517 inutiliter
624 1470 778 1527 tractamur,
788 1471 820 1517 ut
832 1464 861 1517 in
899 1474 976 1532 parte
995 1464 1146 1528 naturalia;
1181 1466 1294 1534 ideoque
1319 1466 1353 1518 ad
1373 1464 1514 1519 historiam
1535 1465 1688 1520 naturalem

67 1546 282 1600 desiderantum
297 1544 384 1598 classe
398 1542 561 1613 reponendae
574 1542 636 1596 sint.
677 1543 775 1612 Neque
789 1544 862 1597 enim
899 1558 953 1596 non
969 1542 1112 1612 pertinent.

68 1625 187 1696 reperias
201 1626 269 1678 satis
282 1624 441 1678 instructam
457 1630 485 1675 et
497 1620 661 1691 locupletem
674 1620 862 1677 collectionem
938 1621 1071 1682 Quiantum
1082 1624 1116 1676 ad
1130 1622 1270 1677 historiam
1280 1629 1384 1677 naturae
1394 1622 1521 1686 subactae,
1531 1631 1559 1677 et
1569 1619 1687 1688 factitiae,

68 1720 180 1774 operam
193 1713 298 1758 natura
313 1719 412 1765 eorum,
429 1720 490 1773 qum
504 1717 520 1755 a
534 1716 614 1755 cursu
628 1700 763 1754 ordinario
780 1716 861 1771 gene·
899 1717 980 1771 quam
995 1702 1180 1755 mechanicam
1194 1701 1332 1772 appellare
1346 1701 1480 1765 solemus3
1502 1702 1610 1756 invenio
1622 1719 1688 1757 sans

68 1784 210 1847 redonum,
231 1782 443 1854 productionum,
465 1789 492 1834 et
507 1786 628 1834 motuum
647 1780 813 1843 aberrarunt,
834 1789 861 1834 et
898 1779 1070 1834 collectiones
1082 1782 1211 1852 quasdam
1222 1782 1255 1835 de
1265 1780 1437 1852 agricultura,
1448 1781 1574 1839 etiamde
1585 1782 1688 1836 artibus

67 1863 251 1917 deflexerunt:
273 1863 330 1916 sire
343 1862 396 1915 mut
415 1860 456 1913 illi
470 1860 550 1913 foetus
563 1866 698 1913 certarum
718 1859 861 1929 regionum
898 1859 1080 1929 compluribus
1101 1859 1285 1915 mechanicis:
1306 1860 1361 1924 sed,
1384 1861 1456 1931 quod
1474 1860 1623 1930 pessimum
1645 1869 1688 1915 est

68 1942 249 1997 autlocomm
263 1940 427 2013 singularem
448 1940 504 1993 sire
526 1947 677 2007 temporum
694 1946 805 1993 eventus
821 1939 860 1992 in·
898 1938 926 1991 in
948 1938 1002 1991 hoc
1022 1956 1130 2009 genere,
1152 1956 1259 2010 semper
1279 1939 1455 2010 negliguntur
1475 1946 1504 1991 et
1530 1939 1688 2008 rejiciuntur

68 2020 153 2086 soliti;
175 2023 234 2076 sive
248 2037 360 2075 manum
374 2023 417 2086 (ut
435 2019 475 2071 ait
494 2016 554 2085 itte)
568 2018 696 2088 ingenia;
717 2018 773 2072 aive
795 2035 859 2088 pro·
898 2018 1091 2088 experimenta,
1109 2020 1136 2072 in
1156 2020 1260 2073 artibus
1281 2018 1396 2088 singulis
1418 2016 1561 2071 familiaria
1579 2025 1609 2072 et
1627 2017 1686 2072 vul-

68 2101 212 2170 prietatum
226 2100 380 2154 abditarum
387 2098 513 2161 effectum
536 2097 592 2151 sive
606 2097 747 2151 monadica
758 2107 859 2153 naturae
897 2105 977 2167 gata;
1000 2114 1060 2167 quae
1074 2106 1163 2152 tamen
1177 2099 1212 2153 ad
1230 2097 1476 2168 interpretationem
1492 2104 1595 2152 naturae
1608 2114 1687 2168 arque

67 2180 94 2233 in
108 2196 160 2234 sna
179 2180 282 2250 specie.
322 2180 388 2233 Non
407 2177 573 2248 negaverim,
591 2176 704 2231 inveniri
721 2176 804 2230 libros
817 2178 859 2229 ni·
897 2185 943 2231 aut
957 2176 1017 2247 plus
1031 2177 1140 2242 faciunt,
1155 2194 1235 2249 quam
1247 2177 1336 2231 minus
1345 2178 1415 2231 trita.
1446 2177 1520 2230 Nam
1530 2175 1606 2231 labes
1617 2195 1687 2247 quae-

67 2259 120 2313 mio
147 2260 251 2329 plures,
278 2256 407 2313 sabulosis
440 2255 642 2326 experimentis,
668 2256 859 2310 commentitiis
897 2255 959 2309 dara
983 2256 1070 2311 literis
1088 2258 1197 2328 aspergi
1217 2258 1346 2320 videatur,
1367 2256 1390 2310 si
1413 2255 1481 2309 iorte
1501 2255 1554 2310 riri
1571 2256 1642 2309 docti
1657 2273 1688 2310 se

67 2339 185 2402 aretis,
200 2347 229 2392 et
247 2336 351 2392 hivolis
364 2336 527 2406 imposturis,
541 2335 576 2388 ad
593 2334 759 2406 voluptatem
773 2343 800 2389 et
814 2352 860 2389 no·
897 2336 1055 2389 submittant
1067 2336 1244 2410 inquisitioni,
1259 2344 1306 2392 aut
1325 2336 1503 2390 observationi
1524 2352 1611 2389 rerum
1633 2351 1687 2389 me·

67 2418 185 2482 ritatem,
199 2417 329 2481 refertos,
350 2423 477 2470 craterum
497 2414 679 2469 narrationem
699 2431 810 2484 marem
832 2423 859 2469 et
896 2414 1081 2478 chanicsrum,
1095 2416 1148 2470 nisi
1163 2416 1243 2471 fuerit
1257 2433 1357 2479 earum,
1369 2432 1429 2485 quae
1439 2431 1488 2484 pro
1498 2415 1686 2478 arcanisartis,

68 2513 196 2561 severam,
211 2498 246 2551 de
261 2495 428 2550 heteroclitis
443 2505 470 2548 et
482 2492 652 2549 mirabilibus
671 2501 782 2559 naturae,
795 2493 857 2548 dili·
897 2503 945 2547 aut
958 2511 1008 2564 pro
1025 2495 1107 2549 rebus
1127 2495 1270 2550 admodum
1291 2495 1367 2558 raris,
1382 2502 1428 2548 aut
1447 2492 1589 2548 subtilibus
1608 2510 1687 2564 repu-

67 2585 160 2646 genter
179 2577 368 2630 examinatam
382 2591 413 2628 ac
428 2573 543 2627 fideliter
558 2573 727 2643 descriptam,
741 2590 804 2637 non,
817 2574 859 2626 in·
896 2580 1001 2628 tentus:
1023 2574 1095 2644 quod
1107 2582 1163 2628 tam
1180 2575 1269 2629 inanis
1283 2591 1314 2628 ac
1328 2572 1510 2644 superciliosus
1524 2574 1686 2643 arrogantiae

68 2673 154 2725 quam
167 2655 296 2709 invenio:
318 2654 467 2725 pracsertim
486 2669 548 2708 cum
561 2653 651 2707 debita
665 2653 817 2721 rejectione,
831 2662 860 2706 et
896 2652 993 2707 vitium
1006 2654 1104 2708 mento
1117 2654 1203 2708 irrisit
1215 2654 1302 2717 Plato,
1314 2654 1421 2724 quando
1435 2653 1567 2722 Hippiam
1581 2652 1686 2722 sophis·

68 2734 174 2801 publiea
186 2743 318 2805 tauquam
328 2733 522 2803 proscriptione
529 2732 728 2786 mendaciorum
739 2739 767 2785 et
781 2732 857 2786 iabu-
897 2739 953 2785 tam
971 2732 1162 2800 jactabundum
1177 2733 1282 2787 inducit
1295 2750 1354 2786 cum
1371 2733 1481 2787 Socrate
1495 2732 1685 2802 disputantem,

68 2811 235 2885 latumquae
249 2812 428 2868 invaluerunt.
470 2812 633 2866 Namutres
646 2811 857 2876 senunchabet,
896 2811 1002 2866 sincero
1013 2820 1039 2865 et
1053 2812 1139 2866 solido
1152 2813 1272 2866 veritatis
1284 2812 1491 2881 investigatores
1512 2810 1565 2882 qui,
1580 2826 1641 2864 cum
1652 2810 1685 2865 ds

69 2892 90 2945 si
104 2893 171 2947 iorte
192 2891 337 2948 mendacia
349 2890 441 2962 aliqua
456 2891 529 2945 eirca
543 2907 586 2945 res
599 2891 736 2946 naturales
750 2891 857 2946 obtiuu·
896 2889 1094 2961 pulchritudine
1109 2908 1198 2946 sermo
1211 2892 1345 2946 institutus
1360 2897 1437 2956 esset,
1452 2906 1502 2960 pro
1515 2906 1586 2961 vago
1595 2906 1646 2944 suo
1658 2897 1686 2944 et

68 2972 145 3037 enat,
153 2981 180 3027 et
190 2972 329 3027 celebrata
342 2972 396 3026 sint
405 2971 474 3038 (sire
484 2970 555 3043 quod
568 2978 671 3024 tantum
684 2971 771 3040 possit
785 2988 858 3026 reve·
896 2971 985 3025 soluto
1002 2972 1155 3041 disputandi
1176 2989 1258 3036 more,
1278 2971 1394 3042 primum
1415 2970 1506 3024 intulit
1528 2969 1685 3039 exemplum

68 3052 154 3105 sentia
165 3052 345 3124 antiquitatis,
355 3050 413 3105 sive
426 3051 554 3122 quodilla
567 3050 655 3104 denno
668 3052 785 3104 examini
797 3052 858 3105 sub-
895 3050 1010 3121 virginis
1024 3051 1152 3122 pulchrae,
1166 3050 1228 3105 dein
1241 3068 1318 3121 eques
1332 3048 1460 3120 pulchrae,
1474 3057 1610 3118 postremo
1624 3047 1685 3103 olloe

69 3130 150 3196 jiceoe
164 3133 199 3185 sit
212 3131 367 3195 molestum,
382 3130 438 3184 sive
454 3130 524 3200 quod
537 3130 651 3184 mirifica
664 3129 765 3182 scilicet
779 3146 857 3184 orna·
898 3129 990 3183 fictilis
1004 3130 1125 3199 pulchra
1139 3139 1166 3185 et
1180 3131 1281 3184 affabre
1297 3131 1394 3184 iactae:
1415 3128 1467 3182 hoc
1481 3127 1575 3182 ultimo
1589 3144 1685 3182 exem·

69 3218 155 3264 menta
175 3219 308 3281 putantur
330 3210 466 3274 orationis,
490 3217 601 3280 propter
621 3208 810 3263 similitudines
831 3216 858 3263 et
895 3208 942 3278 plo
957 3210 1075 3279 Hippias
1089 3220 1244 3275 commotus,
1260 3209 1347 3263 dixit:
1369 3213 1385 3239 ‘⁴
1399 3206 1591 3263 stomacharer
1604 3214 1687 3273 certe,

68 3291 294 3360 comparationes)
309 3306 448 3361 uunquam
469 3297 564 3360 postea
585 3288 800 3343 exterminantur
811 3296 858 3343 aut
894 3289 948 3343 nisi
962 3288 1139 3342 humanitatis
1151 3290 1221 3344 ratio
1234 3306 1277 3343 me
1291 3305 1325 3342 eo
1338 3288 1466 3359 adigeret,
1478 3304 1539 3341 cnm
1550 3302 1685 3358 quoquam

68 3377 250 3424 mhactantur.
463 3408 466 3413 ,
895 3367 1039 3437 disputare,
1049 3369 1095 3439 qni
1103 3369 1228 3439 exempla
1238 3367 1363 3423 tamrilis
1374 3376 1401 3421 et
1410 3366 1684 3437 sordidaallegaret.”

104 3448 182 3503 Finis
196 3448 353 3516 huiusmodi
366 3448 466 3518 operis,
486 3448 558 3518 quod
571 3444 698 3516 exemplo
715 3463 765 3499 suo
777 3446 857 3501 deco-
895 3446 947 3500 Cui
962 3447 1094 3511 Socrates,
1109 3453 1125 3478 “
1135 3447 1174 3502 Te
1186 3448 1294 3519 quidem
1303 3448 1344 3501 ita
1358 3446 1442 3511 decet,
1453 3462 1514 3500 cum
1525 3453 1580 3499 tarn
1590 3445 1685 3500 nitidis

68 3526 316 3591 rarittlristoteles,
330 3527 472 3582 nilminus
492 3535 541 3591 est,
560 3543 639 3597 qnam
654 3533 685 3579 ut
704 3526 817 3579 curiosis
831 3534 859 3580 et
895 3526 933 3580 sis
946 3527 1062 3580 amictus
1071 3527 1190 3581 vestibus
1205 3536 1233 3581 et
1246 3527 1368 3595 pulchris
1377 3525 1476 3580 calceis
1487 3526 1513 3579 :¹⁹
1535 3532 1563 3578 et
1572 3524 1686 3594 aliaper

69 3605 191 3661 inanibus
211 3608 332 3675 ingeniis
351 3607 524 3677 gratificetur,
540 3606 609 3660 siem
628 3605 732 3658 faciunt
749 3606 857 3659 mirabi-
895 3606 1017 3660 ironiam.
1059 3606 1215 3669 Enimvero,
1234 3606 1301 3660 illud
1320 3622 1370 3676 pro
1389 3613 1463 3660 certo
1484 3604 1568 3658 asseri
1590 3604 1683 3674 possit,

68 3682 125 3739 larii
139 3695 167 3739 et
181 3686 376 3756 prodigiastri:
397 3703 490 3740 verum
505 3687 571 3740 duas
591 3685 626 3739 ob
643 3699 746 3747 causas,
760 3693 858 3739 utram·
895 3686 1009 3755 grandia
1035 3685 1162 3755 exempla
1188 3685 1262 3739 hand
1287 3686 1424 3755 optimam,
1451 3692 1499 3737 ant
1521 3684 1684 3738 tutissimam

69 3766 232 3833 mesenam
247 3776 416 3836 etgravem3
437 3782 526 3828 unam,
544 3772 573 3817 ut
592 3764 757 3817 axiomatum
778 3765 858 3818 corri-
896 3765 992 3818 afferre
1019 3764 1250 3818 inlonnationem.
1299 3765 1331 3818 ld
1352 3764 1424 3835 quod
1447 3763 1609 3833 exprimitur
1629 3779 1685 3817 non

68 3850 145 3912 gatar
161 3844 311 3914 iniquitns;
333 3861 394 3915 quae
414 3843 562 3914 plerunque
580 3843 610 3896 in
630 3842 764 3913 exemplis
785 3844 857 3899 tritis
895 3843 995 3897 insulse
1008 3845 1037 3897 in
1050 3843 1209 3913 pervulgata
1222 3843 1269 3896 illa
1284 3843 1375 3897 sabula
1389 3843 1422 3897 de
1436 3842 1615 3913 philosopho:
1637 3843 1684 3913 qui

69 3923 224 3994 etrolgatis
238 3923 442 3977 fondamentum
462 3922 583 3985 habent;
605 3922 728 3986 alteram,
750 3923 858 3992 quoda
895 3940 957 3976 eum
982 3922 1075 3977 stellas
1102 3925 1216 3978 sublatis
1244 3922 1330 3977 cerdis
1356 3924 1511 3986 intueretur,
1534 3922 1629 3975 incidit
1655 3923 1684 3976 in

68 4001 204 4056 miraculis
228 4010 332 4057 naturae
355 4003 390 4056 ad
410 4001 539 4056 mhacnla
561 4001 626 4054 artis
652 4000 794 4071 expeditus
821 4004 858 4057 sit
895 4017 1009 4073 aquam:
1031 4019 1094 4056 nam
1116 4004 1138 4056 si
1159 4003 1251 4057 occulos
1270 4002 1429 4066 demisisset,
1449 4002 1542 4056 stellas
1562 4001 1637 4055 illico
1655 4001 1684 4055 in

69 4082 192 4135 transitus
206 4087 234 4136 et
249 4083 366 4151 pervius.
395 4082 493 4152 Neque
507 4081 579 4134 enim
592 4080 656 4134 huic
669 4080 708 4133 rei
717 4079 778 4149 plus
786 4082 857 4135 inest
894 4097 966 4152 aqna
980 4082 1069 4135 videre
1088 4082 1238 4151 potuisset;
1259 4099 1353 4136 verum
1367 4082 1515 4151 suspiciens
1535 4081 1565 4135 in
1577 4081 1683 4147 coelum,

67 4161 175 4230 negotii,
190 4170 373 4232 preterquam
391 4169 422 4215 ut
439 4169 541 4215 nanum
555 4160 669 4230 veahgia
687 4161 857 4230 persequaris
894 4177 992 4231 aquam
1005 4161 1034 4214 in
1055 4161 1140 4215 stellis
1157 4163 1247 4215 videre
1269 4179 1323 4215 non
1344 4162 1440 4230 potuit.
1480 4161 1584 4224 Eodem
1604 4161 1686 4215 modo

68 4241 206 4309 sagaciter,
228 4257 291 4293 cum
312 4241 373 4310 ipsa
392 4248 486 4309 sponte
507 4241 628 4302 aberret;
657 4246 685 4292 ut
705 4238 757 4292 hoc
777 4247 857 4308 pacto
894 4257 967 4310 saepe
981 4241 1086 4305 accidit,
1096 4250 1176 4294 utres
1186 4242 1296 4295 minuta
1307 4250 1334 4294 et
1345 4240 1465 4294 humiles
1474 4242 1535 4311 plus
1545 4241 1685 4296 conserant

68 4328 157 4386 postea
171 4336 233 4372 cnm
248 4319 298 4373 tibi
317 4319 432 4384 libuerit,
453 4336 513 4373 eam
531 4318 624 4372 eodem
644 4317 697 4371 loci
718 4318 855 4383 deducere,
893 4319 928 4372 ad
949 4320 1072 4373 nondam
1093 4320 1241 4391 grandium,
1266 4339 1347 4391 quam
1370 4320 1486 4390 grandes
1506 4322 1541 4374 ad
1559 4321 1685 4376 notitiam

69 4408 93 4449 et
109 4397 275 4468 compellere
293 4399 390 4469 possis.
430 4399 527 4469 Neque
545 4414 610 4450 vero
628 4397 811 4467 praeceperim,
827 4407 857 4452 ut
893 4398 1068 4453 minutarum.
1121 4399 1197 4453 Bene
1223 4400 1356 4471 siquidem
1383 4399 1487 4453 nomvit
1516 4399 1683 4466 Aristoteles,

68 4491 101 4530 ex
120 4476 235 4531 historia
255 4477 309 4530 ista
328 4477 502 4542 mirabilium,
516 4476 709 4547 mpeestinosae
729 4478 856 4531 namatio
895 4480 1055 4550 “cujusque
1070 4479 1108 4531 rei
1122 4488 1246 4532 naturam
1263 4480 1290 4532 in
1309 4480 1478 4550 portionibus
1492 4479 1551 4547 ejus
1564 4480 1684 4534 minimis

68 4570 120 4617 nea
140 4557 175 4610 de
196 4555 349 4620 maleficiis,
372 4557 599 4620 fascinationibus,
621 4555 855 4620 incantationibus,
893 4558 995 4627 optime
1010 4559 1110 4612 cerni.”
1151 4558 1238 4618 Quam
1252 4560 1287 4610 ob
1300 4574 1417 4623 causam,
1432 4558 1590 4630 reipublicae
1603 4567 1683 4614 natu·

69 4636 186 4701 somniis,
200 4635 422 4699 divinationibus,
437 4643 464 4689 et
477 4636 618 4699 similibus,
633 4651 741 4704 prorsus
761 4636 854 4690 exclu·
893 4653 952 4690 ram
971 4645 1151 4708 perscrutatur
1168 4638 1257 4707 primo
1275 4639 1303 4691 in
1323 4637 1434 4703 familis,
1454 4649 1482 4693 et
1501 4639 1529 4692 in
1543 4638 1685 4708 simplicis·

70 4713 169 4779 dantur,
193 4715 240 4768 ubi
264 4714 299 4768 de
322 4714 395 4768 iacto
418 4723 446 4769 et
468 4732 498 4769 re
521 4722 597 4785 gesta
621 4713 724 4784 liquido
744 4723 854 4769 constet
893 4717 971 4770 simis
992 4718 1236 4771 combinationihns
1257 4717 1396 4770 societatis
1415 4718 1519 4787 (mariti
1537 4717 1684 4771 scilicetet

70 4791 192 4848 Nouatum
205 4794 280 4849 enim
295 4794 419 4858 innotuit,
434 4794 531 4865 quibam
544 4794 573 4848 in
583 4793 663 4848 rebus
672 4801 701 4847 et
710 4810 855 4865 quousque,
893 4797 993 4859 uxoris,
1007 4804 1148 4866 parentum
1162 4805 1190 4849 et
1203 4796 1358 4861 liberorum,
1373 4797 1476 4851 domini
1487 4806 1515 4850 et
1528 4797 1611 4867 servi)
1623 4812 1684 4867 quta

70 4872 174 4927 effectus
188 4873 377 4945 superstitioni
397 4873 515 4928 attributi
537 4891 572 4927 ex
585 4873 675 4926 causis
689 4872 856 4928 naturalibus
894 4875 922 4928 in
936 4875 1058 4946 quolibet
1070 4875 1204 4946 mgrtriolo
1218 4883 1367 4929 occurrunt.
1410 4876 1499 4930 Simili
1518 4875 1599 4945 plane
1620 4875 1684 4929 rati-

71 4952 235 5023 partieipent.
282 4952 400 5023 ideoque
413 4952 476 5006 licet
493 4952 648 5021 hujusmodi
665 4952 763 5006 ardum
776 4969 855 5007 usum
894 4971 945 5009 one
966 4964 1063 5008 natura
1083 4955 1195 5023 hujusce
1218 4972 1325 5025 magnes
1347 4955 1465 5009 civitatis
1487 4954 1684 5024 (universitatis

71 5040 95 5082 et
111 5034 206 5100 praxim
224 5031 324 5085 merito
343 5031 524 5087 damnandum
545 5048 712 5094 censeamus,
731 5041 822 5086 tamen
838 5050 856 5086 a
894 5034 1019 5087 nimimrn
1030 5035 1251 5105 rerum)ejusque
1260 5035 1433 5104 dispensatio,
1442 5035 1470 5087 iu
1478 5034 1567 5104 prima
1575 5049 1683 5104 quaque

72 5109 249 5178 speculatione
271 5118 299 5164 et
318 5111 529 5165 consideratione
550 5113 670 5181 ipsarum
692 5111 728 5179 (si
748 5120 855 5166 strenue
894 5112 1115 5181 symbolizatione
1129 5120 1157 5167 et
1169 5113 1288 5168 minimis
1300 5131 1391 5168 rerum
1411 5112 1579 5183 portionibus
1592 5112 1683 5166 inres-

71 5187 393 5259 momenmentum
415 5190 488 5244 haud
508 5190 632 5245 inutilem
653 5205 854 5259 consequemur,
895 5191 1005 5262 tigando
1019 5199 1075 5245 est:
1098 5193 1138 5246 uti
1160 5193 1217 5246 lieri
1231 5193 1360 5256 videmus,
1376 5192 1447 5262 quod
1467 5198 1601 5245 secretum
1615 5190 1684 5246 illud

71 5284 120 5323 nm
132 5268 219 5324 solum
234 5269 270 5323 ad
282 5268 384 5323 delicta
402 5270 430 5322 in
447 5268 500 5323 hoc
520 5286 620 5341 genere
638 5285 727 5323 rerum
747 5270 799 5323 rite
817 5271 855 5324 di·
893 5279 998 5325 naturae
1013 5270 1150 5338 (habiturn
1164 5288 1214 5341 pro
1233 5274 1367 5339 maximo)
1387 5272 1420 5324 de
1438 5269 1588 5323 verticitate
1610 5270 1683 5337 ferri,

71 5347 225 5413 iodeandm
257 5348 306 5402 sed
330 5348 466 5402 etiamad
491 5359 592 5404 naturae
616 5357 720 5402 secreta
743 5349 855 5405 ulterius
894 5358 966 5403 tactu
988 5351 1121 5419 magnetis
1143 5351 1234 5416 exciti,
1254 5352 1289 5406 ad
1310 5350 1394 5421 polos,
1413 5364 1442 5401 se
1462 5349 1684 5418 conspiciendum

73 5425 195 5482 rimanda
236 5428 335 5499 Neque
350 5435 423 5482 certe
443 5427 621 5482 husitandam
636 5428 668 5480 de
682 5428 807 5497 ingressu
827 5437 855 5482 et
894 5430 1016 5499 prebuit,
1030 5446 1083 5482 non
1097 5430 1126 5483 iu
1140 5430 1261 5484 vectibus
1275 5429 1377 5491 lemeis,
1392 5425 1479 5481 sedin
1493 5429 1603 5483 acubus.

73 5507 344 5572 praemonemus
365 5507 520 5577 hujusmodi
541 5519 618 5563 antra
637 5515 664 5561 et
685 5510 853 5574 recessossi
933 5510 994 5581 Ego
1007 5525 1079 5573 sero,
1094 5510 1117 5564 si
1132 5510 1204 5581 quod
1215 5511 1251 5564 sit
1261 5509 1314 5563 mei
1325 5506 1429 5578 pondua
1439 5504 1547 5574 judicii,
1555 5509 1595 5563 sic
1603 5508 1685 5580 plane
