3800 5875
53 334 123 390 css.
140 335 188 390 1v.
573 337 623 391 ns
644 337 869 391 AUGMENTls
891 338 1169 396 scinurrsnuu.
1625 305 1682 402 aaa

52 492 198 547 minimum
207 492 406 564 multiplicitate
416 499 516 557 onerat,
528 510 611 564 quam
624 494 710 565 liquet
724 511 784 550 esse
796 512 851 548 me·
889 503 943 550 tem
968 514 986 550 a
1013 497 1116 552 fabrica
1144 515 1233 553 rerum
1257 507 1432 564 amoverunt;
1466 506 1493 553 et
1521 507 1682 559 succuram

52 573 245 643 tapbysicam:
275 574 378 643 quippe
403 591 463 643 quae
489 573 688 643 contemplatur
713 574 849 644 precipue
889 577 1006 629 universi
1026 576 1143 630 infinitis
1157 585 1260 631 namra
1273 577 1481 647 praelusionibus
1494 584 1682 636 ettentameu·

53 653 193 722 simplices
215 652 278 705 illas
293 669 384 706 rerum
400 651 501 705 iormas
516 653 597 722 (quas
611 652 736 722 superius
750 651 850 706 formas
888 654 923 707 tis
939 657 1019 725 (quas
1034 673 1089 709 uno
1103 656 1214 710 nomine
1225 658 1319 719 latum,
1331 664 1378 710 aut
1392 657 1526 711 fortunam
1536 660 1680 726 vocabant)

54 734 149 801 primae
179 731 276 785 classis
302 732 515 796 nominavimus)
545 730 764 802 quandoquidem
786 731 851 785 licet
888 734 1078 798 attribuerunt;
1100 741 1127 788 et
1137 752 1226 789 rerum
1237 735 1443 805 particularium
1453 753 1548 790 causas
1561 740 1681 795 materiae

53 827 166 865 numero
186 827 292 881 paucae,
311 819 403 864 tamen
426 810 733 864 commensurationibus
756 817 785 864 et
803 826 850 863 co·
889 814 1055 876 necessitati,
1076 813 1137 867 siue
1157 814 1362 868 intermixtione
1386 832 1526 870 causarum
1551 816 1680 883 finalium,

54 890 268 944 ordinationibus
291 890 349 944 suis
370 905 478 943 omnem
498 888 658 943 rarietmem
678 889 848 943 constituunt.
888 891 1079 962 assignarunt;
1101 892 1180 946 nobis
1193 893 1297 947 ridetur
1312 895 1455 965 (quantum
1469 911 1505 947 ex
1519 894 1680 965 fragmentis

55 969 239 1033 Setundares,
249 969 388 1039 qnoehanc
398 967 594 1039 metaphysica
603 974 710 1039 partem
717 968 850 1022 deformis
888 979 917 1022 et
927 970 1051 1041 reliquiis
1065 970 1248 1041 philosophiae
1262 988 1353 1025 eorum
1365 973 1499 1040 conjicere
1513 972 1590 1041 licet)
1613 992 1680 1045 qna·
1737 994 1745 1002 ‘

55 1049 188 1112 nobilitat,
204 1050 265 1103 haec
274 1048 405 1102 nimirum
417 1056 475 1111 est;
496 1047 569 1118 quod
582 1054 745 1117 potestatem
756 1047 850 1101 huma·
889 1055 967 1103 tenus
985 1049 1020 1103 ad
1041 1065 1135 1103 causas
1157 1051 1293 1120 physicas,
1307 1049 1393 1104 multo
1416 1051 1527 1105 solidior
1546 1052 1637 1117 inisse,
1652 1062 1681 1109 et

55 1145 116 1181 nam
130 1129 288 1197 emancipet
300 1128 421 1181 maxime
440 1134 469 1180 et
485 1126 601 1189 liberet;
623 1143 737 1197 eamque
751 1126 780 1179 iu
794 1142 850 1180 am·
887 1128 970 1182 altius
984 1129 1014 1182 in
1032 1136 1156 1182 naturam
1177 1137 1339 1199 penetrasse,
1355 1146 1436 1199 quam
1457 1129 1507 1183 illa
1527 1131 1679 1188 Aristotelis

55 1207 207 1276 piissimum
219 1216 246 1261 ct
254 1206 457 1277 apertissimum
467 1204 597 1275 operandi
606 1222 732 1275 campum
742 1204 848 1260 educat.
887 1214 916 1261 et
929 1207 1070 1261 Platonis:
1097 1207 1171 1261 hanc
1184 1209 1293 1261 unicam
1306 1209 1341 1261 ob
1361 1225 1478 1272 causam,
1494 1210 1565 1280 quod
1586 1210 1628 1264 illi
1647 1212 1678 1267 iu

55 1287 126 1340 Nam
139 1286 257 1357 physica
272 1294 458 1356 perangustus
467 1291 494 1338 et
507 1284 651 1355 impeditos
659 1284 742 1338 calles
755 1284 850 1338 huma·
887 1287 977 1340 causis
990 1285 1119 1340 finalibus
1133 1302 1270 1357 nunquam
1284 1303 1394 1356 operam
1408 1288 1556 1352 triverunt,
1585 1289 1615 1343 hi
1630 1307 1678 1344 au·

54 1383 116 1419 usm
144 1383 258 1436 operam
283 1365 387 1436 dirigit,
411 1371 515 1418 naturae
542 1363 686 1417 ordinaria
713 1365 849 1417 flexuosos
887 1373 942 1419 tem
954 1382 1002 1420 eas
1016 1373 1146 1435 perpetuo
1159 1365 1335 1419 inculcarunt.
1374 1365 1462 1436 Atque
1475 1369 1564 1438 magis
1583 1368 1677 1422 iuhac

54 1446 177 1499 tramites
190 1445 307 1498 imitata.
340 1444 394 1498 Sed
404 1443 465 1496 latta
474 1442 593 1513 undique
607 1448 670 1496 sunt
682 1442 849 1512 sapientibus
887 1453 964 1514 parte
978 1444 1143 1498 accusandus
1157 1444 1325 1506 Aristoteles,
1340 1462 1420 1515 qnam
1435 1444 1529 1500 Plato:
1558 1449 1677 1517 quaudo·

54 1526 119 1586 rise;
141 1525 284 1594 sapientiae
309 1524 438 1577 nimirum
461 1523 535 1592 (quoe
563 1537 580 1574 a
602 1521 738 1575 veteribus
760 1539 849 1576 rernm
888 1523 996 1594 quidem
1019 1524 1120 1577 fontem
1140 1540 1280 1578 causarum
1303 1524 1432 1582 finalium.
1452 1524 1541 1578 Deum
1565 1526 1676 1590 scilicet,

53 1603 205 1658 divinarum
224 1612 252 1657 et
271 1603 451 1657 humanarum
465 1600 579 1654 amentia
591 1600 781 1663 definiebatur)
795 1617 849 1654 me-
888 1602 1017 1667 omiserit,
1030 1610 1057 1656 et
1071 1611 1193 1656 naturam
1207 1620 1257 1673 pro
1271 1602 1331 1656 Deo
1340 1603 1516 1670 substituerit,
1528 1620 1676 1675 causasque

54 1683 158 1737 diomm
177 1683 257 1752 copia
275 1690 303 1736 ct
317 1682 434 1735 varietas
454 1696 562 1750 semper
581 1680 710 1750 suppetit.
752 1680 849 1734 Causa
887 1682 961 1751 ipsas
973 1682 1076 1744 finales,
1093 1682 1181 1751 potius
1194 1690 1224 1736 ut
1244 1681 1340 1752 logicae
1361 1690 1473 1747 amator,
1496 1699 1578 1753 quam
1599 1683 1675 1738 theo·

54 1763 125 1815 enim
139 1761 272 1832 physicas,
282 1763 360 1815 novis
373 1760 530 1824 iurentiain
541 1759 624 1813 simili
633 1757 849 1823 materia,lucem
886 1759 975 1831 lugius,
990 1761 1133 1830 amplexus
1147 1761 1191 1815 sit.
1232 1761 1331 1831 Neque
1344 1760 1404 1814 brec
1422 1777 1455 1815 eo
1468 1761 1589 1826 dicimus,
1605 1764 1677 1834 quod

54 1851 81 1894 et
101 1857 197 1894 ausam
214 1841 355 1912 prebent:
376 1849 405 1894 at
428 1840 475 1909 qui
496 1839 611 1893 sormam
628 1838 748 1909 aliquam
765 1838 848 1902 novit,
887 1857 975 1894 causa
997 1840 1054 1894 itta
1077 1839 1174 1893 finales
1197 1857 1268 1894 verm
1292 1857 1347 1893 non
1369 1841 1431 1904 sint,
1452 1848 1480 1894 et
1500 1841 1675 1911 inquisitione

53 1921 129 1973 norit
146 1922 232 1975 etiam
252 1920 376 1975 ultimam
396 1916 605 1989 possibilitatem
624 1917 847 1986 superinducendi
886 1919 1032 1973 admodum
1051 1920 1142 1989 dignm
1162 1920 1192 1972 in
1217 1919 1446 1989 speculationibus
1466 1920 1675 1989 metaphysicae3

54 2009 177 2054 naturam
190 1999 268 2053 illam
282 2000 310 2053 in
321 2000 496 2068 omnigenam
505 1997 657 2058 materiam,
666 1997 848 2067 eoqueminus
887 1998 935 2052 sed
949 1999 1012 2068 quia
1026 1999 1090 2053 dum
1104 1998 1133 2051 in
1152 1998 1325 2068 physicarum
1339 2014 1479 2052 causarum
1492 1999 1676 2068 possessiones

56 2080 125 2133 inter
148 2079 319 2150 operandum
346 2078 517 2148 restringitur
539 2083 567 2129 et
591 2074 727 2146 alligatur,
750 2075 793 2128 vel
814 2075 848 2128 ad
887 2086 1031 2132 mcumunt
1044 2083 1073 2131 et
1085 2077 1198 2143 irruunt,
1218 2077 1316 2132 misere
1335 2094 1395 2132 eam
1417 2077 1583 2147 provinciam
1596 2079 1677 2148 depo-

55 2159 176 2212 maten're
189 2159 286 2222 basim,
297 2157 340 2212 sel
353 2158 388 2211 ad
401 2156 582 2210 conditionem
595 2155 744 2209 efficientis.
772 2153 849 2215 Quod
887 2156 1014 2226 pulantur
1028 2164 1057 2211 et
1070 2165 1184 2211 vastam.
1226 2156 1364 2228 Alioquin,
1374 2157 1398 2211 si
1412 2156 1493 2210 modo
1503 2156 1576 2211 intra
1588 2159 1677 2212 termi-

55 2254 139 2306 genus
162 2237 286 2292 amentia
305 2237 446 2307 eleganter
466 2234 594 2289 describit
612 2234 694 2287 etiam
713 2233 847 2298 Salomon,
886 2252 936 2290 nos
949 2252 1013 2290 suos
1026 2239 1207 2299 coerceantur,
1218 2252 1382 2307 magnopere
1395 2235 1605 2302 hallucinantur,
1620 2239 1676 2307 qui-

55 2317 102 2369 ctsi
114 2334 197 2371 sensu
210 2319 301 2387 magis
315 2317 424 2370 diuino:
446 2321 462 2346 ⁴⁴
475 2316 541 2369 Nou
551 2313 725 2368 arctabuntur
738 2329 848 2383 gressus
886 2332 994 2385 cunque
1009 2331 1056 2369 eas
1077 2315 1199 2386 physicis
1212 2315 1301 2369 causis
1314 2316 1451 2370 adversari
1464 2323 1511 2370 aut
1524 2333 1676 2387 repugnare

55 2397 100 2454 tui,
115 2404 142 2449 et
157 2413 270 2450 ennena
284 2413 339 2450 non
353 2392 693 2449 habebisoffsndiculum.'’
716 2391 849 2463 iutelligit
886 2403 989 2465 putent.
1017 2395 1090 2449 Nam
1102 2411 1185 2449 causa
1195 2394 1308 2460 reddita,
1320 2394 1392 2465 quod
1403 2393 1615 2466 “palpebrarum
1626 2395 1674 2465 pili

56 2475 156 2528 seilicet
179 2476 322 2546 sapientise
340 2474 406 2539 sias,
425 2490 475 2527 nec
497 2472 631 2545 angsutiis
653 2489 704 2526 nec
727 2471 848 2526 obicibus
887 2473 978 2528 ocialos
994 2474 1142 2538 muniant,’'
1165 2489 1339 2545 nequaquam
1359 2490 1424 2528 sane
1445 2481 1580 2544 repugnat
1597 2476 1674 2529 alteri

56 2554 186 2609 maozim
199 2571 270 2608 esse.
886 2552 935 2616 illi,
951 2559 967 2585 ‘⁴
981 2554 1054 2624 quod
1075 2552 1198 2624 pilositas
1216 2551 1303 2607 soleat
1316 2553 1473 2623 contingere
1488 2553 1676 2609 humiditatum

92 2633 296 2704 Metapbysicae
307 2649 373 2703 pars
387 2633 505 2686 secunda
518 2639 559 2687 est
572 2629 694 2685 finalium
704 2647 846 2685 cansarum
886 2633 1008 2687 orificiis:

56 2713 201 2782 inquisitio,
216 2729 300 2783 quam
313 2729 367 2766 nou
382 2720 413 2766 ut
432 2711 652 2781 praetermissam,
666 2709 714 2763 sed
729 2717 758 2763 ut
775 2710 847 2764 male

56 2791 213 2847 mllocatam
227 2801 361 2847 notamus.
392 2792 486 2846 Solent
495 2792 568 2844 enim
581 2789 682 2859 inquiri
696 2790 767 2843 iuter
780 2789 848 2859 phy·

56 2871 118 2939 deo,
131 2889 188 2926 non
201 2873 275 2926 inter
288 2871 483 2942 metaphyoico
524 2870 682 2940 Quanquam
701 2869 724 2922 si
745 2869 847 2922 ordinis
886 2874 985 2945 Neque
999 2890 1081 2928 causa
1091 2873 1202 2939 reddita,
1214 2872 1286 2944 quod
1301 2878 1317 2904 “
1327 2874 1463 2926 coriorum
1476 2872 1503 2925 iu
1515 2872 1676 2927 animalibus

56 2950 106 3006 hoe
120 2953 208 3007 dum
222 2953 317 3006 sitium
333 2950 556 3016 esset,nonmihi
570 2950 653 3004 fuerit
666 2949 744 3002 tanti.
773 2949 847 3002 Ordo
885 2954 1022 3008 firmitudo
1042 2954 1161 3023 pertinet
1180 2953 1215 3007 ad
1235 2952 1297 3007 cccli
1318 2953 1432 3021 injurias
1453 2952 1674 3021 propulsandas,”

55 3034 127 3086 enim
141 3033 177 3085 ad
190 3031 400 3086 illustrationem
413 3031 539 3101 pertinet,
554 3045 641 3098 neque
656 3035 698 3082 est
713 3027 773 3081 lraec
787 3028 848 3082 sub-
885 3033 1042 3086 adsersatur
1061 3032 1102 3087 illi
1124 3032 1209 3095 alteri,
1234 3038 1250 3064 ‘⁸
1269 3032 1342 3103 quod
1364 3031 1412 3085 illa
1434 3031 1569 3085 firmitudo
1592 3032 1622 3083 ut
1641 3032 1676 3085 ob

56 3112 154 3165 stantia
168 3111 353 3166 scientiarum.
388 3109 425 3164 At
438 3110 497 3163 brec
512 3109 614 3163 ordinis
627 3108 745 3162 inversio
758 3107 847 3160 dciec·
886 3113 1095 3166 contractionem
1116 3128 1251 3182 purorum,
1274 3112 1303 3165 in
1320 3112 1431 3165 extimis
1452 3126 1602 3179 corporum,
1627 3127 1677 3180 per

56 3200 110 3243 tam
136 3192 275 3261 insignem
302 3188 415 3259 peperit
440 3199 468 3243 et
488 3188 636 3243 maximam
664 3186 847 3257 philosophia
885 3192 973 3262 frigus
986 3198 1015 3245 et
1024 3191 1253 3262 depraedationem
1267 3191 1365 3245 senar·
1407 3191 1444 3243 Et
1453 3190 1492 3243 sic
1502 3189 1535 3243 de
1545 3189 1675 3259 reliquis:

56 3269 160 3323 induxit
174 3269 367 3323 calamitatem.
399 3269 535 3322 Tractatio
548 3267 769 3321 enimcouoorum
782 3267 847 3319 fino-
885 3271 1102 3341 conspirantibus
1124 3271 1226 3342 optime
1249 3270 1367 3341 utrisque
1392 3269 1498 3332 causis3
1527 3269 1580 3322 nisi
1604 3271 1676 3339 quod

56 3348 120 3402 lium
133 3350 163 3402 in
171 3348 302 3418 physicis,
311 3347 516 3418 inquisitionem
523 3362 664 3400 causarum
672 3345 848 3415 physicarum
885 3350 971 3404 altera
983 3351 1171 3415 intentionem,
1186 3349 1271 3403 altera
1289 3349 1439 3420 simplicem
1458 3348 1676 3403 consecutionem

55 3427 158 3498 expulit
169 3436 198 3482 et
207 3428 314 3496 dejecit,
324 3427 466 3497 effecitque
475 3433 507 3480 ut
519 3426 644 3480 homines
657 3426 685 3478 in
695 3424 848 3479 istiusmodi
885 3430 1003 3484 denotet.
1043 3430 1142 3500 Neque
1162 3429 1290 3483 veroista
1303 3446 1346 3483 res
1360 3428 1389 3482 iu
1402 3424 1513 3481 dubium
1526 3436 1677 3497 socatpro·

54 3508 184 3575 speciosis
205 3515 234 3560 et
254 3506 443 3560 umbratilibus
462 3505 553 3560 canda
568 3504 780 3575 acquiescerent,
795 3520 846 3558 nec
885 3509 1035 3563 videntium
1055 3510 1184 3573 divinam,
1199 3508 1281 3563 antei
1304 3509 1448 3579 quicquam
1471 3507 1599 3576 derogat3
1629 3508 1677 3561 sed

56 3587 259 3656 inquidfimem
270 3601 412 3640 comtum
425 3585 658 3649 realium,etvere
672 3583 847 3653 Physsifflmm
886 3588 976 3657 potius
1002 3589 1116 3642 eandem
1143 3588 1220 3642 miris
1246 3588 1334 3641 modis
1358 3589 1500 3641 confirmat
1524 3594 1550 3638 et
1576 3585 1675 3639 evehit.

54 3674 161 3720 amnne
183 3674 331 3737 urgerent;
353 3664 459 3735 ingenti
481 3663 654 3718 scientiarum
676 3663 846 3717 detrimento.
886 3669 960 3721 Nam
988 3668 1059 3721 sicut
1085 3668 1115 3722 iu
1144 3667 1224 3721 rebus
1251 3666 1377 3721 civilibus
1398 3665 1543 3736 pnrdentia
1566 3663 1677 3733 politica

55 3744 162 3800 Etenim
180 3745 289 3816 reperio
304 3745 356 3798 hcc
378 3745 477 3798 iactum
498 3759 565 3807 esse,
580 3759 634 3796 non
655 3741 742 3796 solum
756 3759 774 3795 a
786 3740 848 3795 Pla·
886 3746 968 3801 suerit
981 3746 1068 3801 multo
1080 3746 1162 3802 altior
1178 3753 1206 3800 et
1218 3745 1379 3811 mirabilior,
1394 3746 1417 3799 si
1439 3745 1500 3815 quis
1514 3760 1597 3812 opera
1610 3742 1677 3796 alio·

56 3836 124 3890 rone,
150 3826 199 3896 qui
227 3825 257 3878 iu
284 3823 336 3877 hoc
359 3823 450 3877 littore
474 3839 582 3891 semper
605 3820 754 3875 anchoram
777 3821 846 3892 figit,
886 3842 945 3879 rum
960 3825 1070 3880 adsuos
1083 3827 1154 3881 fines
1175 3833 1204 3879 et
1217 3824 1350 3879 desideria
1372 3825 1446 3878 abuti
1465 3823 1557 3894 possit,
1580 3823 1678 3893 quibus

56 3920 145 3959 serum
171 3905 256 3958 etiam
284 3903 320 3957 ab
344 3902 495 3965 Aristotele,
524 3900 635 3965 Galeno,
657 3907 685 3954 et
709 3900 779 3963 aliis,
802 3900 847 3970 qui
887 3914 976 3959 tamen
987 3905 1057 3959 nihil
1067 3905 1176 3959 consilii
1187 3904 1229 3958 sni
1239 3903 1358 3974 impertit
1369 3906 1413 3975 (ut
1422 3903 1531 3956 interim
1543 3919 1576 3955 ea
1586 3908 1677 3972 agant,

57 3984 206 4054 sspnsrme
228 3984 312 4037 mam
332 3982 366 4035 ad
385 3981 435 4035 illa
452 3980 522 4035 rada
536 3980 698 4051 impingunt.
739 3980 848 4034 Etenim
887 4001 948 4054 quae
962 3985 1020 4053 ipss
1033 3983 1275 4053 velitneutiquam
1291 3999 1356 4036 vero
1370 3999 1399 4037 se
1413 3982 1465 4036 hoc
1479 3981 1678 4036 facereintelli-

57 4065 100 4131 qni
114 4078 213 4116 causas
235 4061 379 4115 adduxerit
397 4060 564 4129 hujusmodi;
587 4058 765 4129 “Palpebras
785 4075 849 4113 cnm
887 4065 964 4133 gant)
976 4080 1058 4133 quarn
1068 4063 1092 4116 si
1102 4062 1217 4116 consilia
1227 4078 1278 4116 sua
1286 4078 1347 4115 cum
1358 4061 1523 4116 administris
1532 4060 1678 4114 voluntatis

58 4141 124 4208 pilis,
138 4158 192 4211 pro
205 4142 265 4212 sepi
279 4148 307 4195 st
322 4139 394 4193 sallo
413 4157 480 4203 esse,
498 4140 533 4192 ad
547 4139 745 4192 munimentum
759 4139 849 4191 oculo-
887 4159 943 4195 suar
957 4142 1182 4196 communicaret:
1203 4140 1242 4194 sic
1258 4141 1312 4194 Dei
1327 4140 1461 4210 sapientia
1474 4138 1587 4209 effulget
1599 4140 1679 4193 mira·

59 4222 147 4275 rum:”
164 4228 214 4275 aut
229 4226 247 4253 '⁴
255 4220 323 4275 corii
332 4221 361 4273 in
370 4219 532 4273 animalibus
545 4217 734 4271 tinnitudinem
743 4233 803 4271 esse
814 4217 849 4270 ad
886 4220 976 4284 bilius,
988 4238 1049 4274 cum
1059 4228 1154 4274 natura
1164 4218 1237 4274 aliud
1247 4220 1312 4289 agit,
1324 4218 1494 4289 providentia
1507 4219 1582 4272 aliud
1591 4218 1677 4281 elicit;

58 4299 246 4370 propellendos
268 4298 373 4353 calores
399 4307 427 4352 et
450 4298 551 4369 frigora
561 4297 587 4351 θ’
615 4303 663 4350 aut
688 4302 703 4326 ‘⁴
717 4312 779 4350 ossa
800 4312 850 4366 pro
887 4299 1130 4371 quamsisingulia
1140 4297 1323 4354 schematibus
1336 4306 1364 4353 et
1376 4298 1493 4352 motibus
1502 4297 1678 4361 namralibus,

58 4378 187 4433 columnis
199 4388 228 4433 et
245 4378 366 4433 trabibus
380 4394 397 4430 a
413 4385 508 4432 natura
521 4376 619 4439 induci,
635 4375 733 4445 quibus
746 4375 850 4429 fabrica
887 4379 1066 4449 providentias
1088 4379 1258 4433 characteres
1271 4386 1363 4432 essent
1382 4378 1516 4447 impressi.
1567 4377 1680 4431 Scilicet

57 4460 176 4529 corporis
190 4458 322 4512 imitatur
333 4459 358 4510 θ’
374 4464 422 4510 aut
435 4462 451 4488 “
465 4455 531 4509 folia
544 4455 668 4508 arborum
687 4454 782 4518 emitti,
796 4471 850 4525 quo
888 4457 1036 4521 Aristoteli,
1057 4465 1201 4527 postquam
1222 4463 1347 4511 naturam
1368 4456 1495 4510 finalibus
1519 4456 1608 4510 causis
1629 4455 1680 4509 inr-

59 4536 157 4592 iructns
167 4537 260 4591 minus
274 4536 502 4606 patianturasole
517 4535 664 4588 etvento:”
681 4541 727 4587 ant
740 4534 849 4588 “nnbes
887 4544 1073 4607 praeguassetz
1095 4543 1111 4568 ⁸⁴
1125 4536 1312 4606 Naturamque
1326 4535 1396 4591 nibil
1407 4535 1508 4590 hirstra
1519 4535 1616 4600 iacere,
1626 4535 1680 4589 sni·

58 4617 83 4668 in
97 4617 208 4670 sublimi
230 4617 298 4679 fieri,
312 4626 343 4669 ut
363 4623 462 4669 terram
484 4613 617 4668 imbribus
635 4613 782 4684 irrigent:”
804 4620 851 4666 aut
889 4633 940 4686 que
963 4615 1016 4669 voti
1040 4631 1147 4686 semper
1169 4631 1230 4669 esse
1250 4624 1403 4684 compotem
1425 4616 1461 4687 (si
1485 4614 1680 4684 impedimenta

59 4702 183 4750 “terram
195 4695 304 4749 densari
319 4702 347 4747 et
360 4693 476 4757 solidari,
495 4701 526 4747 ut
545 4692 627 4747 statio
646 4700 675 4745 ct
692 4692 798 4745 mansio
815 4693 851 4746 sit
888 4694 1051 4762 abessent)’'
1067 4700 1094 4748 et
1106 4693 1261 4762 hujusmodi
1274 4693 1362 4748 multa
1374 4711 1409 4748 eo
1426 4693 1577 4764 spectantia
1595 4709 1678 4764 posu·

58 4775 216 4829 animalium
227 4774 253 4837 3⁹²
268 4782 297 4828 et
310 4772 366 4827 alia
379 4773 497 4826 similia:
512 4773 536 4826 is
549 4773 579 4826 iu
593 4770 850 4840 metaphysicisnon
888 4773 973 4837 isset,
994 4772 1111 4842 amplius
1130 4772 1191 4826 Deo
1203 4789 1258 4828 nou
1282 4773 1429 4843 iuitopus:
1460 4778 1490 4826 at
1509 4772 1679 4827 Democritus

58 4854 127 4908 male
140 4855 197 4908 ista
214 4851 359 4923 allegarit;
380 4853 409 4905 in
428 4851 551 4922 physicis
565 4858 656 4904 autem
668 4866 850 4921 nequaquam.
889 4860 916 4905 et
928 4852 1070 4921 Epicuros,
1085 4869 1146 4906 cum
1166 4858 1270 4906 atomos
1284 4851 1547 4922 sucsprmdicabant,
1561 4867 1679 4920 eousque

61 4929 123 4997 imo,
149 4932 222 5004 quod
245 4932 379 5002 coepimus
399 4930 496 4995 dicere,
518 4929 674 4999 hujusmodi
697 4945 851 4984 sermonum
889 4948 907 4984 a
925 4930 1109 4985 subtilioribus
1123 4930 1260 4986 nonnullis
1280 4931 1478 4996 tolerabantur3
1504 4947 1598 4984 verum
1618 4946 1679 4982 cnm

57 5011 193 5067 discursus
219 5011 322 5079 (instar
344 5026 517 5073 remotarum,
539 5010 579 5063 uti
601 5010 715 5078 hugum,
737 5008 851 5062 navibus
889 5027 925 5064 err
938 5026 1032 5064 eorum
1054 5010 1164 5064 tonuito
1180 5002 1318 5074 concirrsu,
1332 5011 1462 5065 fabricam
1482 5009 1572 5080 ipsam
1590 5024 1679 5061 rerum

58 5090 269 5157 adherentium)
294 5089 469 5143 scientiarum
490 5089 567 5160 quasi
590 5087 798 5142 vellicationem
825 5095 852 5141 et
889 5090 991 5159 absqm
1005 5094 1097 5141 mente
1110 5088 1243 5143 coaluisse
1257 5097 1414 5153 assererent,
1428 5088 1464 5142 ab
1477 5087 1603 5141 omnibns
1622 5085 1679 5140 risu

60 5186 232 5241 progressum
253 5168 430 5231 retardarunt,
444 5184 479 5222 ue
499 5183 607 5221 cursum
620 5183 699 5220 sunm
719 5174 851 5231 tenerent,
890 5167 998 5237 excepti
1012 5174 1082 5221 sunt.
1125 5168 1201 5222 Adeo
1213 5176 1243 5223 ut
1256 5176 1359 5223 tanturn
1370 5168 1450 5231 absit,
1464 5174 1493 5220 ut
1505 5181 1594 5218 causae
1606 5164 1679 5234 phy·

59 5260 85 5301 et
93 5250 206 5304 ulterius
217 5247 458 5319 progrederentur:
479 5247 571 5314 etjam
581 5246 686 5316 pridem
697 5246 851 5310 effecemnt,
890 5247 954 5299 sica
977 5245 1102 5299 homines
1125 5263 1142 5298 a
1159 5247 1220 5301 Deo
1241 5256 1269 5302 et
1293 5247 1461 5316 providentia
1484 5244 1626 5306 abducant,
1649 5252 1680 5297 ut

60 5329 274 5399 utpbysicamm
284 5325 576 5396 causaruminquisitio
584 5325 708 5395 neglecta
719 5324 851 5385 deficeret,
889 5333 984 5379 contra
997 5324 1087 5393 potius
1100 5325 1257 5396 philosophi
1269 5326 1319 5389 illi,
1334 5327 1380 5395 qni
1395 5326 1423 5378 in
1437 5323 1534 5377 iisdem
1554 5321 1679 5376 eruendis

61 5424 92 5460 sc
110 5407 219 5462 sikntio
241 5405 434 5475 praeteriretur.
488 5404 657 5474 Quapropter
676 5402 853 5473 philosophia
890 5404 1014 5473 occupati
1028 5404 1143 5467 fuerunt,
1157 5405 1261 5459 nullum
1283 5406 1385 5458 exitum
1407 5402 1445 5456 rei
1468 5400 1612 5470 reperiant,
1626 5401 1681 5455 nisi

60 5488 189 5541 mtnmlis
207 5484 369 5547 Democriti,
382 5490 410 5538 et
426 5482 549 5548 chorum,
562 5483 609 5553 qui
623 5483 711 5537 Deum
725 5490 753 5535 et
774 5499 851 5535 meu·
890 5482 1071 5552 postremoad
1084 5483 1174 5538 Deum
1185 5491 1212 5537 et
1223 5482 1416 5553 providentiam
1427 5480 1594 5550 confugiant.
1636 5480 1681 5535 At-

456 5561 501 5614 za

1144 2751 1248 2799 Muscosi
1266 2753 1366 2811 ionoesss'
1377 2757 1421 2798 etc.
