3800 5875
344 328 593 400 plantutum,
613 331 770 398 tanasii,
790 330 840 386 ΕΤ
859 329 1073 387 DEMOCRlTl
1094 329 1361 388 Pflthosot’mn.
1634 335 1688 391 ost

60 491 121 545 bus
161 489 253 551 Quare
272 489 427 561 anuamodi
447 491 550 561 placita
568 491 656 563 magis
675 496 733 545 toto
755 506 856 562 genere
898 490 956 544 iere
969 489 1021 544 sub
1039 491 1124 544 larva.
1165 490 1254 561 Atque
1275 491 1310 545 de
1330 490 1445 562 singulis
1465 507 1552 561 pauca
1571 492 1691 548 dicemus

59 567 287 639 reprehendenda
308 586 390 641 quarn
410 571 520 641 proprie
540 570 704 625 confutanda
723 570 855 624 ridentur.
894 568 929 622 ad
941 569 1081 623 meliorem
1096 569 1233 640 parabolae
1245 568 1463 640 explicationem.
1503 570 1596 625 Primo
1608 572 1691 642 igitur

60 649 132 703 Sunt
143 649 218 703 enim
226 666 328 714 eornm,
339 650 386 720 qui
396 648 510 703 multum
522 649 599 720 loqui
607 648 707 713 volunt,
716 655 745 702 et
759 665 855 719 parum
894 663 931 702 ex
942 648 985 712 iis,
1000 648 1046 718 qui
1059 664 1143 702 unum
1156 665 1247 703 rerum
1260 649 1425 719 principium
1439 656 1595 715 statuerunt,
1607 652 1691 706 nemi-

60 727 140 782 scire.
183 727 273 799 Atque
286 727 420 782 abstracta
434 728 486 783 ists
495 728 664 783 materiaeat
676 727 791 782 materia
804 728 856 783 dis
893 743 956 781 nem
971 727 1131 792 invenimus,
1145 726 1193 798 qni
1216 726 1331 782 illudde
1350 735 1422 782 terra
1442 729 1598 784 affirmaret.
1638 729 1691 784 Ob

59 806 241 877 putationum,
266 822 321 861 non
344 807 472 863 universi.
514 806 615 861 Verum
639 806 690 861 rite
711 813 740 860 et
762 805 855 860 ordine
894 805 985 859 stabat
1008 805 1112 860 scilicet
1136 810 1214 861 terra
1235 813 1333 861 natura
1351 807 1450 878 quieta,
1473 815 1500 862 et
1524 816 1643 877 torpens,
1662 816 1690 863 et

59 885 275 957 philosophanti,
295 891 400 941 naturre
418 886 500 956 plane
523 885 648 941 iacienda
666 891 709 939 est
728 885 856 941 dissectio
893 884 1005 938 minime
1018 885 1115 950 activa,
1129 885 1177 939 sed
1196 884 1259 939 coeli
1272 894 1301 940 et
1314 887 1386 957 ignis
1399 893 1428 940 et
1440 886 1605 958 reliquorum
1618 888 1688 957 psti-

59 981 117 1020 uon
139 965 293 1030 abatrmtio,
308 965 370 1037 (qui
388 973 478 1020 autem
500 982 592 1020 secare
612 981 673 1019 eam
693 963 856 1030 voluntat>
893 979 957 1028 ense
989 979 1024 1018 ne
1046 963 1074 1018 id
1092 964 1214 1034 cuipiam
1237 964 1267 1018 in
1290 971 1407 1019 mentem
1431 966 1535 1020 veniret
1557 982 1689 1020 asserere.

59 1043 186 1099 strahere
212 1043 368 1115 coguntur)
391 1050 473 1116 atque
496 1044 607 1098 omnino
628 1043 744 1098 materia
766 1043 855 1114 prima
893 1040 1021 1097 tuamen
1034 1042 1124 1113 prisea
1137 1042 1396 1113 sapientialem
1409 1044 1593 1114 proximama
1611 1044 1690 1100 Chao

59 1122 188 1193 ponenda
200 1130 242 1178 eat
260 1123 405 1192 conjuncta
423 1140 485 1178 cum
506 1123 594 1178 forma
614 1123 711 1194 prima,
725 1139 758 1176 ac
771 1122 855 1178 etiam
892 1121 979 1191 ponit,
993 1120 1117 1193 Curiique
1130 1121 1219 1191 primo
1236 1129 1384 1193 parentem,
1397 1123 1494 1177 deinde
1508 1132 1631 1194 nuptamr
1652 1141 1688 1178 ex

59 1218 123 1257 cum
137 1202 378 1273 principiomotus
394 1202 490 1273 primo,
505 1209 536 1257 ut
555 1201 700 1257 invenitur.
739 1202 814 1256 Nam
827 1208 856 1255 et
893 1215 948 1271 quo
958 1200 1087 1273 conjugio
1096 1200 1196 1255 omnia
1237 1202 1335 1272 Neque
1345 1210 1488 1272 propterea
1496 1202 1548 1257 hoc
1556 1203 1689 1272 accipien-

59 1289 150 1336 motus
163 1297 272 1353 qnoque
282 1281 555 1336 sbsnactioindnitas
568 1280 727 1352 phantasias
741 1279 853 1351 peperit,
892 1279 964 1344 dum,
979 1295 1011 1333 ac
1025 1280 1049 1336 si
1063 1287 1169 1334 veteres
1182 1295 1303 1351 unquam
1315 1280 1472 1335 statuissent
1481 1289 1579 1335 terram
1589 1282 1688 1351 princi-

59 1359 94 1415 de
107 1359 216 1426 animis,
229 1361 299 1426 vitia,
313 1368 341 1414 et
360 1360 502 1423 similibus,
517 1376 549 1415 ac
562 1360 587 1415 si
598 1360 635 1414 iis
648 1376 697 1430 per
710 1359 854 1415 materiam
891 1357 967 1428 pium
980 1358 1120 1423 essentie3
1151 1358 1200 1413 sed
1212 1359 1376 1430 principium
1395 1359 1439 1415 vel
1450 1359 1584 1432 originem
1598 1360 1687 1430 potius

59 1446 89 1493 et
101 1439 220 1494 sormam
231 1455 285 1493 non
298 1439 448 1504 satisfieret,
463 1439 511 1494 sed
533 1457 569 1494 ex
581 1438 639 1494 auis
652 1438 772 1509 propriis
785 1454 853 1509 pen·
892 1437 1076 1493 schematismi
1089 1438 1147 1492 sive
1160 1438 1322 1508 systematis
1370 1438 1466 1510 Itaque
1487 1439 1557 1493 hane
1574 1455 1632 1494 rem
1651 1439 1687 1494 ad

59 1517 216 1574 dersntilla
229 1518 377 1589 principiis.
418 1517 473 1573 Sed
487 1518 609 1573 bmctria
620 1517 786 1573 nullomodo
798 1518 853 1571 dis-
891 1516 1049 1587 parabolam
1069 1525 1228 1588 sequentem
1252 1517 1286 1571 de
1309 1516 1380 1571 cralo
1404 1517 1556 1586 rejicimns;
1584 1517 1631 1572 ubi
1652 1518 1686 1574 de

60 1597 261 1669 cetpendaaed
273 1598 458 1652 tantummodo
470 1596 672 1669 distinguenda3
687 1605 768 1668 atque
782 1612 853 1652 asse-
891 1595 1042 1667 originibus
1055 1596 1236 1667 inquiremus;
1266 1613 1327 1668 quas
1340 1602 1382 1652 est
1399 1596 1540 1669 inquisitio
1554 1596 1590 1651 ad
1609 1596 1685 1652 illam

60 1676 144 1731 reuda
165 1676 281 1731 materia
300 1675 507 1748 (qualiscunque
527 1694 561 1731 ea
580 1678 628 1745 sit)
649 1677 691 1730 ita
710 1683 811 1741 ornata,
826 1681 853 1731 et
894 1674 928 1729 de
941 1674 1085 1746 principiis
1098 1676 1240 1744 posterior.

60 1762 199 1827 apparata,
213 1766 241 1810 et
252 1756 375 1819 formata,
389 1755 852 1826 utomnisrirtus,essentia,actio,
932 1752 970 1807 At
979 1753 1081 1808 Thales
1090 1770 1189 1825 squam
1199 1753 1363 1826 principium
1372 1770 1463 1809 rerum
1473 1753 1570 1824 posuit.
1605 1754 1686 1811 Vide·

59 1845 140 1905 atque
162 1845 252 1889 motus
269 1835 400 1889 naturalis
419 1835 478 1903 ejus
497 1834 653 1890 consecutio
669 1842 697 1890 et
717 1835 854 1889 emanatio
892 1831 940 1886 bat
954 1832 1027 1887 enim
1045 1834 1187 1888 materiam
1199 1833 1336 1904 praecipue
1352 1833 1504 1903 dispensari
1516 1834 1546 1887 in
1565 1833 1683 1900 humido,

59 1930 119 1969 ease
141 1914 237 1984 possit.
276 1915 376 1985 Neque
395 1921 538 1985 propterea
557 1913 738 1979 metuendum,
760 1931 795 1968 ne
808 1930 852 1968 res
892 1911 1168 1984 humiduminaqua.
1210 1912 1427 1968 Consentaneum
1440 1920 1530 1967 autern
1544 1913 1685 1970 esseillud

58 1999 191 2063 torpeant,
206 2000 253 2048 aut
265 1993 382 2048 varietas
396 1993 457 2058 ista,
469 2009 550 2064 quam
563 1993 706 2059 ceruimus,
720 1993 852 2064 explicari
891 2007 981 2044 rerum
995 1990 1160 2062 principium
1173 2008 1284 2063 ponere,
1297 1991 1327 2045 in
1341 2008 1396 2062 quo
1414 1991 1528 2046 virtutes
1541 1993 1644 2048 eutium
1656 2001 1685 2048 et

57 2088 112 2126 non
126 2072 364 2143 poeaitntpostea
374 2072 538 2127 docebimus.
577 2071 669 2144 Atque
683 2072 757 2144 quod
768 2080 852 2127 mate·
892 2069 1008 2139 vigores,
1020 2071 1170 2141 presertim
1183 2070 1318 2126 elementa
1328 2071 1533 2142 generationum
1542 2077 1570 2125 at
1582 2071 1685 2128 instau-

57 2151 100 2206 ria
113 2152 204 2223 prima
218 2151 450 2220 formanonnulla
468 2152 511 2217 sit,
525 2152 751 2207 demonstratura
772 2168 852 2221 para·
892 2150 1034 2215 rationum,
1044 2150 1214 2220 potissimum
1223 2149 1415 2204 invenirentur.
1456 2143 1684 2206 Genituram'ani·

57 2229 122 2285 bola
141 2231 171 2284 in
192 2230 253 2296 boc,
267 2231 339 2302 quod
360 2230 503 2302 Cupidinis
522 2238 565 2286 est
585 2248 699 2302 peram
721 2232 851 2303 quadam.
892 2228 1164 2293 maliumhnmidam3
1179 2229 1423 2299 etiamplantarum
1431 2229 1682 2297 seminsetnuclea,

56 2306 100 2364 lta
121 2317 215 2364 tamen
235 2317 265 2365 ot
283 2310 397 2365 materia
419 2327 455 2366 ex
473 2316 530 2364 toto
547 2310 605 2366 sire
625 2327 715 2367 masm
729 2311 852 2365 materia
892 2308 1024 2379 quamdiu
1046 2314 1210 2378 vegetarent,
1231 2325 1282 2362 nec
1305 2308 1397 2362 effrata
1418 2315 1516 2374 ament,
1540 2314 1633 2364 tenera
1655 2317 1684 2366 et

56 2388 194 2459 qnondam
225 2388 348 2444 informis
374 2388 475 2444 luerit:
503 2389 587 2444 chaos
614 2390 690 2445 enim
716 2389 850 2455 informe,
891 2386 996 2441 mollia.
1047 2386 1163 2442 Metalla
1186 2403 1293 2458 quoque
1316 2387 1468 2459 liquescere
1491 2393 1519 2443 et
1541 2388 1633 2453 fluere,
1654 2397 1684 2444 et

56 2467 168 2538 Cupido
190 2484 307 2539 persona
324 2468 459 2540 quiedam.
501 2467 589 2540 Atque
609 2469 669 2524 irasc
684 2486 747 2523 curu
767 2468 853 2524 sacris
891 2481 951 2520 esse
976 2473 1105 2537 tanquam
1130 2472 1210 2521 terrm
1233 2483 1328 2521 succos
1352 2474 1498 2532 concretos,
1521 2467 1566 2522 vel
1592 2468 1683 2538 potius

53 2545 145 2602 literis
167 2547 269 2619 optime
290 2547 461 2602 conveniunt.
509 2548 608 2620 Neque
629 2547 702 2603 enim
724 2549 853 2618 scriptum
892 2561 978 2617 aquas
991 2545 1122 2616 quasdam
1134 2545 1288 2600 minerales.
1328 2545 1441 2601 Terram
1451 2545 1539 2616 ipsam
1550 2545 1682 2603 imbribus

53 2627 189 2697 est,quod
203 2626 279 2682 Deua
288 2625 374 2697 hylen
386 2626 416 2681 iu
430 2625 565 2697 principio
576 2627 684 2694 crearit,
693 2628 740 2683 sed
754 2626 852 2682 erolum
890 2631 938 2679 aut
957 2624 1115 2696 irrigatione
1136 2625 1279 2679 fluviorum
1304 2624 1452 2679 ioecuudari
1475 2630 1503 2678 et
1529 2625 1680 2691 mactari,

54 2711 83 2760 et
93 2711 206 2760 terram.
891 2703 1015 2775 nihilque
1029 2701 1104 2759 aliud
1122 2703 1206 2759 videri
1227 2713 1326 2757 terram
1343 2710 1371 2758 et
1384 2703 1488 2768 limum
1502 2721 1583 2775 quam
1600 2705 1682 2760 iaces

96 2783 280 2855 snbjungitnr
293 2784 377 2841 etiam
389 2784 537 2855 descriptio
557 2784 689 2840 nonnulla
709 2791 795 2841 status
809 2802 852 2840 re·
891 2790 918 2837 et
930 2783 1081 2838 sedimenta
1091 2800 1177 2855 aqua.
1217 2780 1523 2853 ntaerempunurime
1536 2798 1681 2855 essesque

53 2879 126 2929 rum,
138 2863 228 2935 qualis
238 2863 321 2918 fuerit
329 2871 393 2919 ante
403 2880 488 2935 opera
497 2864 609 2929 dierum,
619 2865 648 2919 in
659 2881 713 2937 qua
724 2864 853 2918 distincta
891 2863 1104 2933 exspirationem
1119 2871 1202 2934 atque
1215 2862 1418 2932 expansionem.
1465 2860 1535 2922 Quin
1549 2869 1577 2916 at
1588 2861 1681 2932 ignem

53 2944 162 2998 mentio
172 2943 289 2999 litterrre
298 2951 327 2998 et
336 2961 422 3014 aqum,
432 2961 493 3016 quar
502 2952 565 2999 sunt
574 2946 684 2999 nomina
692 2944 851 3011 formarum
890 2943 981 3013 ipsum
993 2959 1048 2996 non
1061 2943 1175 3014 concipi,
1184 2958 1272 3014 neque
1282 2942 1394 2997 omniuo
1406 2941 1502 2998 durare
1514 2950 1561 2996 aut
1570 2942 1616 3007 ali,
1626 2944 1680 2998 nisi

54 3022 208 3077 sedtamen
219 3022 291 3094 quod
300 3040 390 3077 massa
401 3023 548 3078 secundum
558 3030 642 3079 toturn
652 3031 709 3078 erat
719 3024 850 3080 informis.
891 3038 927 3076 ex
947 3021 1061 3076 humido
1083 3030 1110 3076 et
1124 3038 1174 3092 per
1190 3021 1339 3077 humidum.
1378 3020 1576 3092 Pingnediuem
1589 3029 1680 3076 antem

54 3101 162 3156 Verum
174 3101 354 3156 introducitur
368 3102 397 3156 in
413 3101 569 3172 parabolam
587 3103 695 3174 Cupido
710 3103 749 3156 ita
762 3119 852 3173 perso
890 3100 966 3155 illam
979 3100 1094 3166 humidi,
1108 3102 1138 3157 in
1151 3117 1206 3173 qua
1226 3101 1336 3155 flamma
1355 3108 1384 3155 et
1404 3100 1477 3170 ignis
1499 3107 1681 3156 amtentantur

53 3186 137 3234 natus
161 3187 191 3235 ut
212 3180 249 3234 sit
270 3187 361 3235 tamen
381 3182 478 3236 nudus.
519 3181 615 3253 ltaque
637 3189 698 3253 post
719 3181 790 3247 ilios,
804 3185 851 3254 qui
890 3187 917 3235 et
931 3179 1277 3251 vivuntvideriquandsm
1291 3196 1370 3251 aqua
1383 3179 1564 3234 maturitatem
1577 3187 1605 3234 et
1618 3196 1680 3234 cou-

54 3259 201 3313 materiam
216 3268 321 3329 ponunt
337 3260 508 3324 abstractam,
523 3261 647 3329 proxime
662 3261 723 3334 (sed
740 3261 769 3314 in
789 3278 852 3316 con·
890 3260 1047 3314 coctionem.
1096 3259 1202 3330 Corpus
1214 3275 1306 3314 rursus
1320 3266 1347 3313 et
1359 3257 1459 3313 molem
1472 3274 1550 3330 aqua
1563 3259 1680 3328 peruni-

55 3335 184 3406 trarium)
209 3345 323 3408 peccant
341 3338 389 3403 illi,
404 3338 451 3410 qai
473 3355 533 3393 eam
547 3349 652 3409 ponunt
663 3356 718 3395 non
732 3348 850 3398 exutam.
890 3338 1358 3405 versum,utiomitemcommunem,
1366 3337 1510 3409 dispertiri.
1541 3337 1680 3393 Oceanum

56 3418 150 3488 Atque
164 3417 199 3471 de
213 3417 265 3471 hac
279 3434 308 3472 re
320 3418 443 3487 quasdam
453 3418 636 3487 adspersimus
648 3420 679 3474 in
690 3420 733 3485 iis,
744 3436 805 3491 quse
817 3420 851 3475 de
889 3425 969 3473 terrae
982 3417 1173 3472 circumfundi:
1194 3418 1249 3472 vim
1263 3418 1411 3472 maximam
1420 3432 1551 3489 aquarum
1560 3417 1679 3473 dulcium

55 3495 340 3561 demonstrationibus,
354 3495 449 3566 quales
461 3497 490 3551 in
503 3497 646 3553 materiam
660 3498 776 3569 primam
791 3516 852 3554 con-
889 3497 1098 3561 subterraneam,
1109 3496 1181 3551 unde
1195 3496 1283 3552 fontes
1296 3504 1324 3551 et
1337 3497 1419 3561 tinvii,
1434 3496 1481 3567 qui
1494 3512 1624 3551 venarum
1636 3496 1678 3551 in·

56 3575 177 3639 veniant,
192 3583 220 3629 et
243 3575 277 3628 de
290 3575 472 3647 heterogeuea
495 3576 583 3646 ipsius
602 3578 754 3632 materiaea
773 3578 851 3634 nobis
889 3584 945 3630 star
958 3592 1043 3648 aquas
1057 3592 1106 3646 per
1118 3583 1197 3631 terrra
1212 3583 1240 3630 et
1259 3576 1357 3630 faciem
1370 3582 1398 3630 et
1414 3576 1518 3631 viscera
1531 3575 1678 3645 deportent.

53 3654 115 3722 jam
128 3654 203 3707 dieta
226 3660 296 3708 sunt.
338 3654 375 3709 At
395 3655 449 3720 hic,
465 3672 546 3725 quern
567 3672 638 3711 nunc
661 3656 850 3727 ingrediemur,
888 3654 926 3709 At
938 3656 1084 3710 immensas
1093 3672 1223 3726 vaporum
1236 3663 1264 3709 et
1273 3672 1405 3726 aquarum
1414 3654 1678 3726 congregationesin

55 3740 100 3787 est
119 3732 249 3803 proprius
269 3733 329 3801 ejus
343 3733 384 3788 rei
404 3733 553 3789 tractandas
573 3733 657 3791 locus.
698 3735 850 3792 Videndum
889 3735 1013 3805 supernis
1033 3751 1100 3799 ease,
1115 3743 1198 3806 utque
1218 3734 1301 3789 aliam
1318 3734 1452 3805 quandam
1473 3750 1604 3805 aquarum
1616 3733 1678 3787 uni-

55 3828 126 3882 ergo
139 3829 176 3865 ex
189 3811 233 3878 iis,
246 3812 294 3882 qui
307 3812 447 3883 principia
459 3829 548 3867 rerum
562 3813 590 3868 in
604 3814 717 3868 materia
735 3815 851 3870 formata
888 3814 1051 3879 versitatem,
1061 3820 1153 3884 utpote
1167 3829 1248 3885 aqua
1261 3813 1403 3868 inferiores
1417 3830 1502 3884 aque,
1516 3819 1597 3883 atque
1610 3812 1679 3867 adeo

55 3891 247 3955 fundaverunt,
260 3891 373 3961 quinam
393 3891 449 3947 sint
466 3891 516 3956 illi,
530 3893 577 3962 qui
599 3893 714 3948 formam
731 3894 851 3950 materia
888 3908 1005 3947 oremus
1017 3892 1085 3963 ipse,
1099 3889 1259 3963 reparentur
1271 3900 1299 3947 et
1311 3892 1482 3947 reficiantur:
1503 3892 1585 3947 etiam
1598 3891 1677 3963 ignes

54 3969 203 4024 tribuerint
215 3970 335 4025 nativam
349 3976 378 4024 et
390 3970 498 4036 nudam,
512 3978 541 4025 et
560 3972 607 4042 qui
621 3988 713 4027 rursus
727 3973 850 4043 superiu-
888 3971 1192 4027 coelestesexistimabat
1200 3988 1285 4042 aquas
1292 3971 1355 4027 illas
1362 3980 1389 4025 et
1396 3987 1509 4042 vapores
1518 3971 1676 4041 depascam

54 4064 116 4103 sam
126 4057 156 4102 et
165 4047 296 4104 indutam
332 4049 507 4104 Inveniuntur
514 4057 607 4106 autem
616 4051 726 4107 omnino
736 4058 851 4123 quatuor
887 4066 976 4123 neque
989 4052 1062 4106 enim
1076 4059 1121 4105 aut
1134 4052 1194 4106 siue
1203 4050 1334 4105 alimento
1345 4051 1499 4115 subsistere,
1510 4057 1557 4105 aut
1569 4050 1678 4105 aliunde

55 4127 230 4199 opinantium
253 4136 341 4183 secta.
390 4127 484 4183 Prima
505 4135 546 4183 est
569 4146 673 4197 eorum,
696 4131 744 4202 qui
767 4149 850 4187 unum
888 4129 924 4184 ali
938 4146 1038 4201 posse:
1058 4131 1173 4202 figuram
1187 4137 1373 4202 autemuquar,
1388 4147 1449 4200 quae
1462 4130 1491 4183 in
1505 4129 1563 4197 ejus
1576 4130 1676 4200 partic-

55 4206 203 4278 qnippiam
226 4213 351 4261 asserunt
371 4223 462 4262 rerum
479 4207 650 4279 principium,
666 4210 850 4265 diversitatem
887 4208 939 4263 ulis
961 4205 1063 4284 (guttis
1075 4205 1216 4282 videlicet)
1237 4210 1364 4273 cernitur,
1378 4209 1492 4264 eandem
1508 4225 1570 4263 cum
1591 4208 1678 4280 figura

55 4293 149 4340 autem
159 4286 260 4340 eutium
270 4285 437 4341 constituunt
447 4287 477 4340 in
486 4293 581 4341 natura
591 4288 712 4356 ejusdem
723 4289 849 4361 principii
886 4288 1006 4343 universi
1019 4303 1087 4353 esse,
1101 4288 1243 4343 rotundam
1255 4304 1353 4359 nempe
1367 4297 1395 4343 et
1411 4287 1590 4359 sphaericamr
1612 4289 1677 4358 quin

54 4363 360 4434 tiuxaetdispensabili.
395 4365 849 4439 Smundceommquiprincipinm
887 4366 1309 4439 etundulationemaquaeetiam
1322 4366 1424 4423 inae're
1434 4374 1463 4422 et
1472 4368 1581 4422 damma
1590 4369 1676 4422 notari

54 4461 149 4499 rerum
164 4451 268 4514 ponunt
280 4444 429 4498 substantia
441 4445 559 4510 unicum,
572 4445 654 4516 idque
673 4447 758 4502 lixum
771 4455 797 4502 et
809 4449 849 4502 in·
886 4452 914 4500 et
926 4446 1060 4517 conspici;
1081 4454 1185 4502 motum
1197 4447 1313 4517 denique
1327 4464 1405 4518 aquas
1418 4445 1546 4510 habilem,
1559 4463 1610 4500 nec
1624 4453 1677 4502 tor·

53 4521 198 4585 variabile,
213 4522 399 4578 diversitatem
413 4523 516 4579 entium
535 4523 670 4579 deducunt
684 4542 733 4596 per
754 4526 848 4596 bujua·
887 4532 1051 4594 pescentem,
1064 4541 1115 4581 nec
1137 4526 1337 4597 prmiestinam:
1365 4525 1611 4581 numerosissimam
1630 4542 1677 4581 au·

53 4602 132 4657 morti
156 4601 285 4671 principii
312 4601 433 4657 diversas
457 4603 667 4674 magnitudines,
689 4604 797 4676 figuras,
821 4615 850 4662 et
886 4604 1269 4676 tempisciumetaquatilium
1280 4605 1490 4676 generationem.
1526 4604 1579 4659 Sed
1588 4603 1678 4659 Anax·

53 4680 200 4751 posituras.
241 4679 335 4734 Tertia
350 4697 450 4745 eorum,
465 4681 511 4752 qui
527 4682 608 4752 plura
622 4684 787 4739 constituunt
805 4702 849 4740 re-
886 4684 990 4738 imenes
1003 4687 1094 4739 aerem
1106 4684 1216 4754 delegit,
1228 4684 1298 4754 quod
1316 4702 1398 4739 unum
1411 4691 1482 4738 esset
1494 4701 1584 4738 rerum
1604 4684 1676 4753 prin·

52 4776 117 4815 rum
132 4758 287 4830 principia3
318 4766 347 4813 et
367 4759 550 4816 diversitatem
572 4762 675 4817 entium
696 4770 800 4833 ponunt
819 4765 849 4819 in
886 4762 997 4833 cipium.
1038 4764 1145 4818 Namsi
1159 4762 1244 4817 moles
1254 4764 1283 4817 in
1297 4763 1490 4818 constituendis
1502 4779 1591 4817 rerum
1604 4762 1676 4832 prin-

32 4816 151 4894 ⁴eorum
169 4844 385 4908 temperamento
405 4846 432 4895 et
448 4839 584 4896 mistione.
625 4841 728 4902 Quarta
746 4858 847 4909 corum,
886 4840 965 4911 cipiis
979 4842 1127 4911 spectanda
1144 4842 1187 4907 sit,
1202 4843 1307 4897 videtur
1326 4841 1374 4897 air
1385 4841 1467 4913 longe
1485 4842 1604 4896 maxima
1618 4840 1676 4894 uui-

52 4918 103 4989 qui
116 4916 226 4971 infinita
239 4923 286 4972 aut
302 4915 399 4973 saltem
415 4934 560 4975 numerosa
574 4921 739 4976 constituunt
758 4938 849 4977 rernm
886 4921 956 4975 versi
980 4920 1070 4991 spatis
1092 4937 1232 4991 occupare.
1281 4921 1345 4977 Nisi
1368 4921 1440 4975 enim
1461 4922 1539 4974 detur
1561 4935 1675 4974 vacuum

51 4996 201 5069 principia,
214 4996 263 5050 sed
282 4996 437 5067 specificata
451 5006 479 5052 et
492 4999 630 5069 effigiatae
659 4999 757 5072 quibus
777 5000 848 5055 nihil
885 5007 1049 5069 separatum,
1071 5008 1117 5055 aut
1141 5000 1287 5071 recipiatur
1307 5000 1462 5071 superstitio
1480 4998 1528 5052 illa
1550 4997 1675 5053 dehete·

51 5092 125 5147 opus
138 5083 170 5130 ut
185 5075 425 5131 comminiscantur
445 5075 557 5148 aliquid,
579 5079 650 5150 quod
671 5095 716 5134 rea
735 5078 850 5135 deducat
886 5095 1004 5149 rogcnea
1014 5078 1409 5143 coelestiumetsublunarium
1430 5075 1676 5149 quicquidaglobo

50 5156 89 5210 ad
108 5153 265 5224 multiplex,
277 5172 339 5210 cum
352 5163 477 5210 naturam
494 5156 552 5225 jam
566 5173 583 5211 a
596 5157 731 5229 principio
744 5157 849 5229 disgre-
887 5164 965 5212 terrra
978 5157 1013 5212 ad
1026 5157 1123 5212 ultima
1134 5157 1197 5213 coeli
1211 5158 1364 5213 extenditur
1377 5158 1467 5227 spatii,
1478 5164 1559 5227 atque
1572 5165 1675 5211 astrum

50 5242 130 5307 gent.
173 5233 251 5289 Inter
260 5250 328 5304 quos
338 5234 456 5289 secunda
465 5243 540 5290 secta
548 5237 628 5291 nobis
636 5237 740 5292 ridetur
748 5236 849 5293 solum·
886 5242 933 5290 aut
952 5243 1100 5292 meteomrn
1122 5253 1176 5292 non
1199 5243 1248 5301 est,
1271 5236 1352 5292 adres
1375 5236 1523 5291 mbstantia
1544 5236 1674 5305 compleri

49 5311 453 5384 modoCupidinemexhibere,
462 5319 492 5368 ut
503 5322 551 5380 eat,
561 5315 683 5371 nativum
691 5324 719 5370 et
727 5324 849 5372 exutum.
886 5315 1000 5371 videtur.
1041 5315 1131 5387 Atque
1154 5316 1228 5387 globi
1250 5315 1382 5372 terrestris
1404 5314 1570 5370 domicilium
1590 5316 1675 5370 instar

50 5392 149 5448 Prima
162 5408 229 5448 vero
242 5390 387 5447 introducit
402 5409 464 5447 eum
479 5401 607 5465 tanquam
620 5394 682 5450 velo
695 5395 848 5451 discretum.
887 5395 979 5465 puncti
993 5395 1029 5449 ad
1042 5396 1103 5450 coeli
1118 5396 1250 5450 ambitum
1262 5402 1393 5450 censetur.
1442 5394 1474 5448 ln
1488 5394 1589 5449 ethere
1609 5412 1674 5451 vero

49 5471 148 5528 'l'ertis
167 5470 328 5526 tunicatum.
379 5470 479 5532 Quarta
500 5473 583 5528 etiam
606 5473 800 5531 chlamidatum
823 5481 850 5530 et
886 5474 953 5544 ipso,
969 5474 1099 5546 quantula
1114 5476 1201 5545 portio
1214 5475 1242 5529 in
1257 5474 1342 5530 stellis
1355 5473 1563 5545 conspergitur?
1604 5474 1674 5531 Cum

404 5550 503 5605 212
