3800 5875
175 309 234 374 678
748 305 921 364 IMPETUS
942 302 1230 360 Pfltnosorfltct.

172 471 278 543 species
292 472 374 527 foetus
388 487 452 525 suos
465 469 617 535 absolvant,
632 474 714 539 atque
734 467 865 538 producta
878 482 971 521 eorum
1009 462 1076 534 phin
1086 478 1181 516 vereor
1193 479 1229 517 ue
1243 461 1326 517 nimis
1339 476 1403 517 vere
1417 460 1548 517 cecinerit
1561 459 1646 532 po‘eta
1655 476 1713 516 nun
1725 459 1810 516 sulum

173 552 367 622 quadrifonnia
385 566 453 616 esse,
477 567 527 620 pro
545 549 699 604 differentia
718 546 822 602 scilicet
841 547 971 616 cujusque
1008 543 1058 597 illa
1071 543 1209 608 carmine:

172 631 313 686 elementi:
335 631 403 685 adeo
423 630 499 685 utin
520 629 597 694 coelo,
611 627 683 692 aere,
703 642 782 698 aqua,
802 634 881 691 terra,
896 626 972 681 nulla

173 713 279 781 species
292 711 455 773 inveniatur,
466 728 527 782 quae
541 726 595 762 non
609 707 711 763 habeat
724 709 752 762 in
761 706 847 761 tribus
856 705 971 776 reliquis

173 791 348 862 conjugatum
357 790 467 861 aliquod
481 799 509 843 et
522 789 601 861 quasi
610 786 779 858 parallelum,
789 790 868 856 (nam
878 783 971 840 homi·
1009 786 1098 841 sedet
1111 784 1174 852 illo:

173 887 237 924 uem
264 871 347 925 etiam
374 870 570 941 pantomimum
601 869 756 932 effecerunt,
781 884 818 921 ex
843 865 971 922 omnibus

174 951 329 1015 conflatum,
356 950 434 1004 abusi
462 949 600 1019 elegantia
625 946 751 1002 vocabuli
776 946 969 1013 microcosmi.)
995 994 1000 1009 ,

173 1030 234 1093 hoc,
247 1031 367 1101 iuquam,
382 1038 562 1085 commentum
576 1028 714 1083 neminem
725 1026 830 1096 judicio
847 1027 971 1080 sedatum
1009 1028 1125 1083 Videtur
1144 1027 1219 1082 cuim
1238 1028 1288 1082 illa
1307 1044 1344 1083 ex
1364 1028 1518 1099 longinquo
1536 1028 1597 1081 visa
1611 1028 1702 1098 virgo,
1722 1028 1811 1097 specie

174 1116 237 1180 post
256 1127 286 1164 se
307 1109 438 1164 traxerit:
460 1109 526 1180 quin
540 1116 568 1162 et
587 1107 777 1162 existimamus
798 1106 863 1161 huic
881 1106 971 1177 phan-
1009 1122 1063 1162 non
1077 1108 1213 1173 indecora,
1224 1108 1272 1162 sed
1286 1108 1410 1178 partibus
1420 1107 1625 1177 superioribus:
1642 1106 1729 1161 habet
1741 1108 1812 1162 enim

174 1189 279 1244 taaticra
297 1206 388 1244 rernm
402 1187 565 1243 naturalium
584 1186 718 1259 phalangi
736 1187 854 1257 peritam
866 1195 972 1240 naturae
1010 1187 1150 1258 generalia
1157 1187 1280 1260 quiedam
1288 1204 1343 1242 nou
1351 1188 1468 1259 ingrata,
1476 1195 1645 1259 ettauquam
1656 1186 1810 1253 invitam:

174 1269 415 1339 contemplatorem
438 1268 486 1324 vix
513 1268 585 1323 inter
607 1268 715 1323 somnia
737 1283 787 1322 sua
806 1266 897 1320 locam
921 1265 970 1319 da·
1010 1284 1072 1322 cum
1087 1284 1153 1322 vero
1167 1267 1202 1321 ad
1223 1267 1398 1339 particularia
1411 1276 1521 1322 ventum
1536 1268 1579 1330 sit,
1594 1266 1684 1322 veluti
1703 1267 1739 1320 ad
1757 1274 1812 1321 ute·

175 1355 277 1403 turum.
1010 1363 1071 1401 rum
1085 1354 1112 1402 et
1126 1354 1218 1418 partes
1227 1347 1420 1418 generationis,
1430 1356 1513 1418 atque
1523 1347 1558 1400 ad
1570 1346 1602 1400 id
1616 1354 1647 1399 ιιι
1661 1345 1766 1417 aliquid
1776 1364 1812 1403 ex

213 1427 316 1483 Verum
331 1427 399 1482 illud
410 1445 466 1483 non
476 1426 648 1481 incommode
659 1426 757 1480 accidit
767 1426 803 1480 ad
816 1441 972 1496 precaven-
1011 1441 1041 1481 se
1056 1428 1126 1492 edat,
1141 1436 1199 1481 tam
1213 1428 1330 1493 demum,
1344 1427 1406 1481 loco
1419 1443 1533 1497 operum
1547 1434 1574 1480 et
1588 1426 1740 1490 actionum,
1754 1444 1813 1497 quar

175 1506 247 1573 dum,
267 1508 340 1579 quad
362 1508 423 1562 hoec
446 1505 622 1578 philosophia
649 1510 694 1575 (ut
715 1507 847 1576 ecepimus
866 1507 971 1573 dicere)
1011 1505 1247 1577 contemplationis
1257 1507 1349 1576 proles
1359 1515 1402 1561 est
1411 1507 1495 1578 digna
1506 1514 1533 1560 et
1546 1506 1683 1577 legitima,
1691 1514 1811 1560 monum

175 1588 274 1643 enoris
285 1604 392 1659 genere,
400 1587 483 1642 veluti
492 1584 665 1658 antistropha
673 1587 780 1656 vulgari
789 1585 973 1656 philosophia
1011 1584 1059 1639 illa
1073 1587 1199 1641 invenias
1213 1587 1375 1653 resonantia,
1383 1594 1411 1641 et
1421 1585 1629 1650 oblatrantiaet
1640 1585 1810 1657 ingenium

175 1667 227 1721 sit:
248 1667 370 1738 vulgaris
383 1667 458 1722 enim
478 1666 655 1737 philosophia
669 1665 703 1719 ad
724 1666 867 1720 materiam
880 1666 973 1720 iuven·
1011 1667 1162 1738 naufragiis
1177 1667 1292 1721 famosa.

176 1747 258 1801 tionis
271 1764 367 1818 parum
381 1764 416 1802 ex
430 1746 530 1810 multis,
543 1745 604 1800 brac
617 1744 732 1800 multum
746 1746 865 1817 epaucis
879 1745 973 1799 decer·
1051 1744 1142 1818 Atque
1164 1746 1248 1815 hujus
1271 1744 1338 1799 mali
1365 1752 1459 1801 auctor
1483 1744 1623 1816 imprimis
1645 1744 1811 1808 Aristoteles,

176 1827 223 1896 pit.
252 1827 312 1881 Nos
327 1834 424 1891 tamen,
437 1827 494 1890 filii,
508 1824 626 1880 libenter
639 1824 972 1889 Paracelsnmhominem,
1012 1824 1095 1881 altrix
1116 1826 1171 1880 ista
1190 1833 1279 1880 vestra
1299 1824 1483 1897 philosophia
1526 1824 1570 1878 llli
1592 1825 1669 1879 enim
1689 1824 1735 1878 vel
1751 1823 1813 1878 ludo

175 1914 205 1961 ιιι
228 1906 364 1975 conjicere
386 1906 458 1970 licet,
482 1905 549 1960 satis
570 1905 693 1959 vocalem
715 1905 795 1960 nobis
818 1921 972 1974 praeconem
1013 1905 1056 1958 vel
1069 1905 1166 1977 gloriis
1180 1912 1238 1959 erat
1253 1906 1416 1976 questiones
1435 1906 1525 1959 minus
1538 1905 1629 1968 utiles,
1644 1904 1738 1975 primo
1755 1905 1814 1958 sub-

176 1994 344 2057 exoptemus,
357 1985 463 2040 utillud
476 1985 569 2039 lumen
582 1992 695 2050 naturoe,
710 1984 781 2056 quod
795 1985 876 2038 toties
890 1984 974 2040 incul·
1014 2000 1118 2050 ornare,
1133 1985 1231 2040 deinde
1244 1984 1403 2049 confodere:
1423 1992 1455 2039 ut
1473 2000 1524 2055 pro
1537 1991 1678 2039 assertore
1691 1983 1813 2039 veritatis

176 2072 227 2129 cat,
241 2066 407 2128 celebretet
420 2065 578 2136 proclamet.
1012 2066 1253 2119 contradictionum
1273 2065 1372 2119 artifex
1396 2065 1440 2119 sit.
1482 2064 1609 2119 Pessima
1629 2063 1705 2118 enim
1726 2071 1754 2118 et
1770 2080 1814 2117 ex·

215 2144 307 2217 Atque
325 2145 429 2199 mentio
449 2144 643 2199 chemistaram
663 2160 713 2198 nos
732 2144 867 2208 admonet,
881 2150 912 2198 ut
925 2143 974 2198 ali·
1013 2145 1105 2214 emplo
1125 2153 1153 2198 et
1175 2161 1299 2199 successu
1314 2144 1428 2199 scientia
1448 2144 1564 2198 traditur
1579 2160 1632 2215 per
1652 2143 1813 2214 questiones

177 2224 243 2295 quid
255 2225 338 2279 etiam
347 2223 381 2279 de
395 2224 488 2296 magia
496 2224 615 2278 naturali
628 2240 669 2289 ea,
679 2241 741 2295 qum
749 2240 820 2278 nunc
834 2223 887 2279 hoc
896 2241 974 2278 voca·
1013 2224 1239 2290 subministratae,
1249 2241 1395 2295 earumque
1404 2224 1561 2278 solutiones.
1587 2223 1641 2284 Qui
1658 2224 1733 2277 enim
1747 2223 1813 2278 bene

176 2304 272 2358 bulum
286 2303 397 2359 solenne
411 2312 440 2358 et
459 2304 516 2358 fere
531 2320 637 2357 sacrum
656 2304 817 2374 inquinarit,
832 2304 973 2359 dicamus:
1013 2304 1131 2359 affirmat
1154 2312 1182 2359 et
1208 2305 1312 2375 probat,
1337 2313 1364 2358 et
1390 2303 1531 2358 constituit
1557 2311 1586 2358 et
1610 2302 1771 2374 componit3
1791 2303 1814 2358 is

177 2399 210 2437 es
223 2384 297 2438 euim
310 2384 381 2438 iuter
400 2382 580 2453 philosophos
593 2383 732 2438 chemicos
748 2384 777 2438 in
795 2384 899 2438 honore
913 2400 973 2438 esse
1013 2400 1119 2440 errores
1146 2392 1173 2438 et
1200 2384 1364 2452 abjectiones
1392 2383 1474 2454 longe
1499 2390 1653 2438 summovet
1682 2390 1712 2437 et
1733 2382 1813 2437 veluti

177 2463 323 2519 consuevit.
365 2464 523 2524 Quaenobis
537 2464 565 2516 iu
582 2463 738 2531 hujusmodi
760 2480 884 2518 sermone
901 2464 972 2518 infe·
1013 2465 1120 2518 eminus
1138 2464 1254 2534 impedit
1271 2472 1298 2518 et
1319 2463 1421 2535 abigit;
1443 2463 1490 2534 qui
1511 2469 1605 2517 autem
1624 2479 1689 2517 cum
1703 2461 1815 2535 singulis

177 2543 233 2597 rior
245 2544 359 2607 videtur,
372 2560 453 2614 quam
467 2550 496 2597 ut
509 2542 714 2598 condemnetur:
729 2544 776 2598 sed
789 2543 898 2597 levitate
913 2545 974 2615 ipsa
1014 2543 1185 2609 colluctatur,
1199 2544 1223 2597 is
1237 2543 1341 2598 exitum
1355 2544 1395 2597 rei
1412 2542 1519 2597 uallum
1532 2542 1646 2606 invenit,
1661 2542 1711 2596 scd
1726 2542 1814 2614 (impie

178 2623 300 2694 effugiat.
341 2623 412 2683 Quid
438 2623 511 2677 euim
535 2622 584 2676 ille
608 2623 643 2675 ad
666 2640 724 2688 uos,
747 2624 826 2693 cujus
847 2625 975 2694 dogmata
1013 2624 1130 2678 tationes
1143 2624 1220 2678 serit.
1259 2623 1330 2683 Quid
1343 2623 1417 2677 enim
1430 2639 1500 2693 opus
1519 2622 1555 2676 sit
1568 2622 1667 2692 ei,qui
1681 2639 1766 2676 unum
1779 2621 1815 2675 lu·

178 2703 259 2772 plane
278 2701 423 2774 phantasia
441 2710 468 2757 et
487 2702 659 2773 superstitio:
680 2720 764 2774 opera
785 2704 932 2776 praestigiae
947 2713 975 2758 et
1013 2703 1095 2758 minis
1103 2703 1260 2758 etveritatis
1270 2702 1480 2773 corpusclarum
1495 2709 1524 2758 et
1535 2702 1678 2763 radiosum
1688 2703 1719 2756 in
1729 2702 1815 2756 medic

147 2827 148 2830 ,
177 2783 355 2852 imposturae?
375 2799 439 2836 nam
460 2783 531 2837 inter
553 2782 696 2837 innumera
717 2782 794 2848 falsa,
808 2784 832 2838 si
855 2783 919 2855 quid
940 2784 975 2838 nd
1013 2784 1114 2848 statuit,
1141 2800 1226 2854 parva
1251 2784 1377 2854 quaedam
1404 2789 1434 2837 et
1464 2782 1569 2854 pallida
1599 2782 1814 2837 confutationum

178 2862 304 2917 effectum
318 2862 480 2933 perducitur,
496 2862 652 2932 hujusmodi
667 2864 775 2934 sem'per
788 2871 836 2929 est,
848 2873 878 2917 ut
891 2863 926 2917 sit
940 2864 975 2918 ad
1013 2861 1153 2930 ellychnia
1174 2863 1209 2917 ad
1229 2880 1323 2917 omnes
1343 2879 1465 2918 errorum
1481 2862 1600 2934 angulos
1621 2863 1814 2925 circumferre:

177 2944 326 2998 novitatem
348 2951 376 2998 et
397 2943 602 2998 admirationem
623 2945 746 3008 conficta,
767 2959 822 2998 nou
839 2944 874 2998 ad
895 2961 975 2999 usum
1014 2942 1128 2997 solventi
1142 2943 1197 2998 alia
1211 2943 1301 3008 dubia,
1315 2944 1372 2998 alia
1389 2960 1440 3015 per
1457 2943 1547 3015 ipsam
1560 2941 1640 2997 illam
1654 2942 1815 2997 solutionem

178 3030 224 3077 aut
237 3023 495 3078 accommodataaut
506 3024 647 3078 destinata
688 3023 798 3078 Etenim
811 3022 902 3078 evenit
918 3024 975 3079 fere
1014 3023 1146 3077 excitanti
1171 3041 1204 3077 ao
1222 3024 1308 3079 veluti
1331 3024 1498 3095 generanti?
1519 3040 1616 3078 verum
1635 3022 1666 3076 id
1687 3040 1770 3088 curn,
1787 3027 1816 3077 ιιι

178 3119 287 3172 semper
300 3103 333 3157 de
349 3103 462 3174 magicis
483 3103 684 3174 experimentis,
698 3103 771 3175 quod
792 3103 875 3176 poeta
894 3103 975 3158 lasci·
1014 3102 1127 3167 videtur,
1147 3104 1283 3174 praecipue
1301 3104 1354 3158 fuit
1367 3103 1517 3169 Aristoteli,
1535 3108 1567 3157 ut
1587 3102 1717 3157 homines
1737 3101 1817 3156 habe-

1067 679 1084 702 “
1095 675 1183 724 Infelix
1199 675 1282 724 lolium
1293 683 1317 724 et
1331 677 1422 725 steriles
1432 676 1585 725 dominantur
1595 690 1680 724 avena
1687 677 1713 724 :⁹⁹

1069 923 1084 946 ‘¹
1093 918 1204 967 Candida
1212 919 1358 967 succinctam
1368 918 1510 966 labantibus
1520 917 1624 980 inguina
1634 917 1772 965 mamtria”

178 3198 228 3235 vus
239 3182 315 3247 ludit,
327 3189 343 3214 “
357 3200 421 3253 pars
432 3183 546 3238 minima
556 3190 598 3237 est
610 3183 671 3254 ipsa
685 3182 777 3254 puella
791 3184 832 3237 sui
844 3183 869 3248 ;”
883 3200 976 3254 quem·
1014 3191 1074 3236 rent
1099 3191 1195 3252 parata
1219 3183 1249 3237 in
1275 3183 1392 3255 singulis
1420 3200 1482 3254 qua:
1508 3181 1733 3253 pronunciarent,
1759 3198 1816 3253 quar

178 3261 323 3317 admodum
336 3270 428 3317 autem
447 3262 631 3334 philosophice
650 3263 790 3333 proprium
804 3271 846 3318 est
859 3263 975 3329 efficere,
1014 3261 1216 3332 responderent,
1228 3270 1256 3317 et
1270 3279 1319 3333 per
1332 3279 1393 3335 quar
1406 3279 1436 3316 se
1445 3262 1614 3332 expedirent,
1623 3261 1726 3333 potius,
1738 3277 1816 3333 quarn

178 3348 209 3394 ut
235 3343 326 3397 omnia
352 3342 443 3398 miuus
467 3360 548 3414 quam
571 3343 627 3396 sint
649 3342 809 3397 admiranda
831 3344 976 3398 videantur
1015 3342 1082 3413 quid
1105 3343 1214 3412 penitus
1236 3344 1384 3407 crederent,
1399 3352 1447 3396 aut
1466 3341 1573 3413 liquido
1592 3341 1814 3412 cogitarentaat

179 3428 291 3491 propter
299 3420 555 3487 demonstrationes:
570 3422 609 3475 ita
620 3422 812 3493 etimposturae
820 3439 874 3476 nou
885 3424 976 3477 miuus
1014 3438 1077 3475 vere
1097 3422 1208 3477 scirent.
1249 3421 1431 3493 Philosophia
1452 3429 1544 3477 autem
1557 3429 1649 3475 vestra
1671 3429 1730 3475 tam
1750 3421 1814 3475 bene

179 3500 317 3570 proprium
332 3508 381 3566 est,
393 3508 424 3555 ut
434 3502 526 3556 omnia
539 3501 629 3572 magis
647 3519 730 3572 quam
743 3511 807 3557 sunt
817 3503 977 3557 admiranda
1015 3508 1151 3556 auctorem
1168 3503 1258 3568 refert,
1274 3510 1304 3557 ut
1323 3501 1496 3574 questiones,
1511 3518 1581 3573 quas
1601 3500 1651 3555 illc
1663 3501 1759 3566 morit,
1772 3498 1815 3555 itta

178 3579 320 3635 videantur
339 3587 451 3652 propter
471 3582 680 3636 ostentationem
697 3590 726 3636 et
743 3581 842 3637 falsum
858 3598 976 3653 appara·
1016 3582 1082 3652 ligat
1101 3588 1129 3636 et
1150 3583 1233 3637 faciat
1254 3590 1382 3646 aeternas:
1402 3588 1433 3636 ut
1453 3583 1540 3653 quaeri
1560 3580 1696 3647 rideatur,
1711 3597 1769 3635 nun
1785 3585 1814 3634 ut

179 3666 246 3716 tum.
288 3662 377 3733 Atque
400 3661 456 3716 ista
475 3667 565 3715 tamen
583 3661 690 3716 vanitas
707 3662 800 3716 nescio
822 3679 877 3734 quo
895 3661 978 3717 modo
1015 3661 1116 3716 veritas
1138 3671 1256 3725 ematur,
1276 3662 1325 3716 sed
1347 3668 1378 3716 ιιι
1400 3662 1551 3731 disputatio
1567 3660 1676 3716 alatur:
1697 3661 1769 3715 adeo
1787 3666 1814 3712 ut

178 3742 361 3796 contemuitur
384 3747 413 3795 et
436 3740 585 3811 recipitur:
606 3740 676 3796 unde
699 3741 773 3796 euim
796 3741 918 3811 satyrion
942 3742 978 3795 ad
1016 3741 1126 3796 Nasica
1140 3741 1275 3795 sententia
1288 3740 1462 3795 illacatonis
1475 3740 1675 3812 praeponderet.
1716 3740 1813 3810 Neque

178 3837 316 3885 uenerem,
331 3819 473 3891 pulmones
486 3819 576 3891 vulpis
595 3820 629 3874 sd
649 3820 792 3891 phthisim,
806 3821 860 3875 nisi
875 3837 911 3876 ex
924 3821 977 3875 hac
1016 3821 1088 3874 enim
1111 3819 1180 3874 illud
1201 3821 1300 3893 agitur,
1321 3827 1359 3884 ut,
1380 3820 1512 3889 temporis
1533 3836 1681 3891 progressu
1704 3817 1814 3873 sublatis

179 3900 306 3955 officina?
328 3900 431 3955 Verum
444 3901 526 3954 nimia
541 3899 627 3954 multa
639 3900 673 3954 de
688 3901 783 3972 nugis3
804 3901 886 3966 nimis
901 3917 976 3967 sane,
1015 3899 1113 3963 dubiis,
1127 3906 1256 3972 tanquam
1271 3899 1395 3955 hostibus
1409 3916 1426 3954 a
1439 3908 1524 3972 tergo,
1539 3900 1575 3953 sd
1594 3898 1743 3954 ulteriores
1756 3913 1813 3968 pru·

104 4041 107 4044 ,
180 3980 212 4044 si,
227 3987 256 4033 ιιι
270 3979 377 4052 inepta,
392 3981 432 4035 ita
445 3980 566 4035 innoxie
580 3986 678 4035 esseut
1015 3978 1118 4033 vincias
1131 3988 1299 4049 penetretur:
1315 3980 1363 4035 sed
1375 3987 1407 4034 ut
1420 3987 1559 4050 perpetum
1572 3980 1634 4034 istae
1645 3979 1812 4049 questiones.

220 4059 401 4115 Resumamus
429 4060 560 4115 orationis
587 4058 671 4124 filum,
700 4065 729 4113 et
760 4058 977 4131 philosophiam,
1016 4066 1146 4129 tauquam
1170 4058 1318 4130 Carthago,
1338 4059 1465 4114 militiam
1486 4059 1570 4114 istam
1593 4058 1752 4128 disputandi
1771 4073 1812 4111 cx·

180 4153 261 4209 quum
280 4138 310 4193 in
326 4140 452 4194 manibus
471 4140 612 4204 habemus,
626 4156 662 4194 ex
684 4138 772 4210 signis
791 4141 977 4204 excutiamus:
1016 4145 1133 4192 erecant.

181 4218 234 4271 ista
255 4218 336 4284 enim,
350 4218 409 4284 filii,
423 4219 507 4273 inseri
528 4219 649 4292 oportuit
670 4218 705 4272 ad
724 4218 880 4275 intellectus
894 4218 978 4273 vestri
1056 4217 1133 4279 Quod
1146 4234 1211 4272 vero
1223 4217 1257 4271 ad
1272 4235 1384 4288 operum
1403 4217 1521 4273 fructum
1535 4224 1563 4272 et
1577 4224 1741 4289 proventum
1755 4213 1811 4269 atti·

179 4298 413 4367 praeparationem,
428 4317 490 4370 quae
504 4315 547 4352 res
561 4298 619 4354 sola
633 4315 705 4354 nuuc
727 4299 826 4369 agitur.
866 4297 978 4369 Duplex
1016 4304 1080 4361 net;
1102 4297 1231 4353 existimo
1245 4314 1282 4352 ex
1295 4298 1350 4352 ista
1369 4297 1554 4369 philosophia,
1570 4315 1620 4369 per
1633 4304 1673 4351 tot
1686 4311 1811 4351 annorum

179 4376 254 4430 enim
268 4385 308 4431 est
322 4378 474 4433 animorum
482 4379 683 4450 praeoccupatio
691 4394 739 4432 seu
753 4378 826 4433 mala
836 4378 979 4433 inclinatio
1017 4377 1107 4447 spatia
1130 4376 1252 4432 laborata
1272 4384 1300 4432 et
1320 4378 1401 4442 culta,
1422 4395 1458 4432 ne
1477 4395 1562 4432 uuum
1583 4378 1695 4448 quidem
1712 4375 1813 4446 experi-

179 4456 215 4510 ad
228 4472 306 4521 nova,
321 4457 431 4528 quando
443 4473 477 4511 ca
497 4458 613 4528 proponi
634 4458 802 4530 contigeret:
823 4474 877 4513 una
890 4459 926 4513 ab
938 4458 979 4512 in·
1017 4463 1139 4511 mentum
1163 4456 1259 4511 adduci
1280 4473 1370 4527 posse,
1396 4458 1468 4530 quod
1491 4457 1527 4511 ad
1549 4457 1694 4513 hominum
1717 4464 1811 4510 statura

180 4536 232 4590 sita
246 4536 373 4607 opinione
388 4538 422 4591 de
436 4535 546 4608 placitis
559 4537 685 4610 receptis,
699 4537 786 4592 altera
798 4538 834 4591 ab
847 4538 979 4607 anticipa·
1016 4536 1163 4590 levandum
1176 4544 1204 4590 et
1222 4535 1444 4608 locupletandum
1457 4543 1571 4608 spectet,
1586 4544 1615 4590 et
1633 4533 1812 4606 philosophia

180 4615 253 4671 tione
276 4616 333 4670 aive
357 4616 576 4688 prefiguratione
598 4633 713 4672 erronea
731 4617 764 4672 de
784 4635 814 4672 re
837 4618 900 4689 ipsa
918 4634 979 4689 qua
1018 4616 1248 4686 speculationibus
1261 4633 1325 4671 vere
1345 4622 1489 4688 acceptum
1508 4617 1603 4671 referri
1623 4615 1727 4688 possit:
1749 4613 1812 4667 adea

179 4695 299 4763 affertur,
319 4714 351 4751 ac
372 4698 396 4753 si
420 4697 570 4768 pertineret
589 4697 623 4751 ad
646 4696 741 4767 aliqua
760 4713 796 4752 ex
815 4697 979 4768 jampridem
1017 4703 1048 4751 ut
1074 4696 1215 4751 brutorum
1240 4696 1400 4751 animalium
1426 4697 1572 4751 instinctus
1598 4694 1681 4767 plura
1704 4695 1811 4748 inrecta

179 4776 316 4831 damnatis
328 4784 356 4832 et
365 4777 482 4847 rejectis,
497 4785 544 4832 ant
552 4776 649 4832 saltem
662 4777 697 4831 ad
706 4793 740 4831 ca
754 4794 815 4849 quae
829 4777 980 4832 suimusub
1017 4776 1181 4846 pepererint,
1209 4792 1292 4847 quam
1318 4776 1458 4831 docturum
1491 4774 1634 4830 hominum
1666 4787 1809 4831 sermones.

179 4855 318 4911 levitatem
338 4865 384 4911 aut
398 4857 593 4912 absurditatem
607 4856 722 4911 fastidit.
1018 4856 1090 4910 Saue
1112 4853 1209 4911 Celsus
1230 4857 1350 4927 ingenue
1371 4864 1400 4911 et
1422 4855 1568 4926 prudenter
1591 4854 1692 4910 fatetur
1712 4850 1812 4923 experi-

221 4937 387 5007 Itaqueiam
401 4936 504 4992 reversi
517 4936 550 4989 de
565 4936 651 5008 signis
664 4935 851 5008 dispiciamus.
881 4934 980 5008 Atque,
1018 4943 1110 4990 menta
1134 4935 1276 4990 medicinae
1297 4934 1388 5008 primo
1411 4935 1523 4990 inventa
1542 4935 1637 4999 fnisse,
1666 4951 1700 4988 ac
1723 4939 1810 5003 postea

178 5015 238 5081 tilii,
252 5016 323 5071 iuter
337 5016 417 5090 signa
429 5015 536 5070 nullum
550 5022 592 5070 est
605 5016 692 5087 magis
706 5023 811 5071 eertum
829 5023 875 5071 aut
888 5016 980 5071 nobile
1018 5015 1145 5070 homiues
1159 5016 1232 5070 circa
1247 5031 1280 5069 ea
1301 5014 1510 5086 philosophatos
1525 5031 1595 5080 esse,
1609 5021 1639 5068 et
1650 5030 1746 5068 causas
1765 5027 1809 5064 cx·

180 5112 262 5166 quarn
277 5113 313 5154 ex
332 5096 477 5152 fructibus.
519 5094 753 5155 Quemadmodum
774 5097 848 5151 enirn
868 5097 897 5150 in
917 5096 981 5150 reli·
1019 5095 1188 5166 plorasse,et
1202 5096 1373 5166 assignasse,
1388 5094 1549 5150 nonordine
1562 5094 1672 5148 inverso
1685 5091 1809 5152 etenim:

179 5175 261 5245 gione
275 5183 394 5239 cavetur,
408 5182 438 5230 ut
449 5175 516 5230 tides
530 5191 566 5230 ex
580 5174 707 5244 operibus
720 5183 892 5240 monstretur,
907 5176 980 5230 idem
1020 5184 1049 5230 ut
1062 5192 1098 5230 ex
1112 5174 1288 5246 philosophia
1308 5182 1336 5229 et
1354 5191 1500 5230 causarum
1519 5173 1677 5245 cognitione
1697 5173 1755 5243 ipoe
1768 5185 1810 5222 ex·

180 5253 263 5307 etiam
273 5254 308 5308 ad
322 5253 527 5324 philosophiam
541 5254 642 5325 optime
657 5254 815 5321 traducitur,
824 5263 854 5310 ιιι
864 5272 933 5310 vana
945 5257 983 5311 sit
1019 5255 1170 5326 perimente.
1183 5248 1344 5326 deprompta
1357 5262 1465 5320 essent,
1487 5270 1576 5326 neque
1591 5252 1720 5307 hicfinis.
1748 5244 1808 5304 Non

180 5349 243 5401 quar
266 5334 376 5387 sterilis.
418 5333 508 5405 Atque
535 5350 569 5388 eo
591 5333 688 5403 magis,
713 5334 736 5386 si
760 5335 822 5388 loco
846 5334 981 5390 fructuum
1020 5334 1091 5389 male
1105 5334 1179 5388 enim
1198 5335 1296 5388 merita
1317 5342 1388 5389 essct
1410 5332 1587 5405 philosophia
1608 5332 1663 5387 ista
1682 5331 1714 5385 dc
1735 5343 1808 5400 prae·

180 5423 244 5463 uvae
265 5410 309 5463 vel
333 5410 412 5466 ollvae
433 5414 565 5481 producat
586 5412 797 5480 disputationum
820 5421 847 5467 et
871 5423 982 5468 conten·
1019 5414 1081 5477 tica,
1095 5413 1162 5466 licet
1175 5429 1235 5467 eam
1249 5416 1444 5484 experimentis
1458 5431 1513 5468 non
1528 5412 1666 5476 auxisset:
1687 5411 1806 5465 sitamcu

182 5486 287 5543 tionum
300 5489 414 5546 carduos
428 5498 454 5543 et
468 5493 577 5562 spinas:
599 5492 633 5545 de
647 5499 736 5546 vestra
752 5500 840 5547 autem
863 5493 983 5562 philoso
1019 5510 1098 5548 usum
1123 5493 1183 5561 ejus
1209 5493 1354 5549 castiorem
1376 5502 1404 5549 et
1430 5493 1632 5564 prudentiorem
1655 5487 1805 5546 reddidisset
