3800 5875
81 310 149 364 Lis.
163 309 184 363 1.
719 310 858 366 NOVUM
879 310 1082 368 ORGANUM.
1652 314 1711 369 ⁴43

80 483 166 523 sensu
180 466 216 521 ad
228 466 397 523 intellectum
409 483 465 522 non
478 468 547 524 bene
561 468 694 524 munitam
709 469 799 534 fuisse,
819 488 880 524 cum
919 488 1002 541 quam
1025 470 1185 526 excellentis
1200 471 1316 539 alicujus
1334 469 1490 535 facultatise
1511 476 1543 526 ut
1555 471 1646 541 potius
1662 489 1713 542 pro

80 549 181 602 eadem
194 549 310 601 materis
328 547 512 617 philosophia
527 551 635 617 (natura
656 548 761 603 scilicet
776 552 879 615 rerum)
919 551 1049 620 temporis
1076 558 1155 621 partu
1187 550 1284 605 haberi
1311 550 1415 616 debeat,
1443 565 1525 621 quam
1552 567 1603 621 pro
1634 564 1713 620 partu

81 628 111 680 in
126 636 184 681 tam
196 643 282 697 vagos
296 636 323 681 et
334 626 496 697 multiplices
510 645 616 682 errores
628 628 739 697 abrepta
753 628 840 682 fueret
854 637 881 682 et
919 628 1031 699 ingenii.

82 706 222 759 distracta
258 708 349 778 Atque
360 706 424 760 licet
434 707 510 761 hisce
522 708 688 777 temporibus
697 708 880 761 dissensiones
959 709 1052 763 Primo
1064 716 1154 763 autem
1167 716 1207 762 tot
1216 708 1368 763 seculorum
1381 724 1517 772 numems
1527 725 1590 763 vere
1601 725 1657 763 rem
1669 726 1712 764 re·

81 793 111 840 et
133 786 295 857 dogmatum
318 785 491 840 diversitates
515 787 588 840 circa
609 787 744 857 principia
766 788 833 859 ipsa,
854 794 881 841 et
918 789 1032 857 putanti,
1041 788 1076 841 ad
1087 806 1199 859 magnas
1208 789 1347 858 angustias
1358 788 1470 842 recidit:
1491 805 1555 841 narn
1570 789 1712 859 exviginti

80 864 276 936 philosophias
299 866 428 936 integras,
449 874 479 919 ut
498 866 644 937 plurimum
662 866 791 922 extinctas
810 868 879 932 sinte
919 868 1038 939 quinque
1062 884 1193 921 annorum
1212 868 1351 931 centuriis,
1366 868 1394 921 in
1414 867 1511 938 quibus
1533 869 1664 921 memoria
1684 874 1713 923 et

81 954 176 999 maren
196 945 269 998 circa
287 954 379 1016 partes
400 945 590 1016 philosophiae,
606 948 757 1001 innumera
770 954 880 1002 manent
918 946 1040 1001 doctrina
1059 947 1201 1001 hominum
1223 947 1279 1001 fere
1294 954 1424 1010 versatur,
1445 946 1494 1000 vix
1516 963 1567 1000 sex
1583 946 1712 1003 centuria

81 1025 250 1095 questiones
270 1033 298 1079 et
310 1025 513 1089 controversiam
534 1034 564 1079 ut
583 1026 664 1097 plane
682 1034 819 1096 appareat,
833 1044 880 1081 ne·
918 1027 1014 1097 seponi
1029 1034 1057 1080 et
1071 1027 1181 1096 excerpi
1196 1034 1316 1096 possunt,
1332 1044 1393 1096 quas
1411 1025 1583 1080 scientiarum
1598 1025 1711 1093 feraces,

80 1122 135 1175 que
144 1106 174 1158 in
189 1104 373 1174 philosophiis
386 1104 462 1176 ipsis,
473 1122 561 1177 neque
575 1106 605 1159 in
615 1106 703 1160 modis
714 1106 880 1160 demonstra·
917 1122 1045 1160 earumve
1062 1106 1206 1176 proventui
1220 1105 1300 1160 utiles
1317 1106 1436 1159 fuerunt.
1479 1105 1548 1159 Sunt
1567 1106 1640 1159 enim
1654 1122 1710 1161 non

81 1185 189 1239 donum
202 1183 308 1254 aliquid
322 1184 389 1239 certi
403 1193 449 1239 aut
463 1186 522 1239 sani
534 1202 602 1240 esse.
917 1186 1007 1239 minus
1020 1193 1170 1255 temporum
1179 1201 1259 1255 quam
1273 1186 1413 1255 regionum
1427 1185 1511 1238 eremi
1521 1191 1548 1237 et
1561 1185 1709 1240 vastitates.

918 1264 986 1318 Tres
995 1265 1070 1319 enim
1079 1264 1372 1318 tantumdoctrinamm
1381 1263 1561 1319 revolutiones
1570 1272 1597 1317 et
1607 1264 1711 1333 periodi

917 1352 990 1397 recte
1003 1342 1141 1398 numerari
1156 1352 1286 1414 possunt:
1307 1360 1369 1406 una,
1383 1344 1456 1413 apud
1471 1343 1594 1405 Graecose
1616 1342 1710 1409 altera,

121 1415 200 1478 Quod
214 1423 385 1487 veroputant
397 1417 530 1482 homines,
543 1416 573 1471 in
587 1416 762 1488 philosophia
775 1415 879 1472 Aristo-
917 1423 990 1491 apud
1005 1422 1158 1486 Romanos;
1180 1422 1284 1488 ultima,
1299 1421 1371 1492 apud
1389 1439 1447 1486 nos,
1463 1422 1644 1476 occidentales
1658 1423 1711 1475 sei·

80 1495 145 1549 telis
161 1512 292 1567 magnum
312 1497 407 1567 ntique
423 1513 583 1551 consensum
598 1514 672 1562 esse3
694 1514 756 1551 cum
773 1504 835 1567 post
848 1498 879 1552 il·
916 1502 983 1556 lieet
993 1502 1258 1573 Europanationes:
1280 1502 1377 1573 quibus
1391 1500 1562 1573 singulisvix
1575 1500 1635 1555 duas
1649 1518 1710 1555 cen·

79 1574 137 1629 lam
150 1576 261 1639 editam,
276 1575 447 1646 antiquomm
467 1575 649 1647 philosophias
669 1577 833 1631 cessaverint
851 1586 879 1631 et
917 1581 995 1635 turiae
1018 1598 1150 1636 annorum
1176 1580 1274 1635 merito
1302 1580 1411 1634 attribui
1437 1588 1560 1651 possunt.
1616 1581 1711 1635 Media

80 1654 275 1719 exoleverent;
305 1664 346 1708 ast
364 1655 437 1725 apud
456 1663 585 1726 tempora,
605 1674 666 1727 quae
690 1665 782 1710 secuta
808 1663 877 1722 sunt,
916 1660 1010 1715 mundi
1024 1668 1155 1730 tempora,
1169 1660 1258 1731 quoad
1277 1660 1449 1714 scientiarum
1464 1668 1584 1730 segetem
1597 1660 1710 1715 uberem

80 1734 121 1788 nil
140 1734 242 1789 melius
262 1735 403 1789 inventum
422 1735 517 1798 sueritr
539 1736 608 1789 adeo
627 1746 658 1789 ut
671 1735 719 1789 illa
733 1743 788 1790 tam
807 1736 877 1791 bene
916 1739 1208 1804 autloetam,intelicia
1221 1739 1338 1793 fuemnt.
1379 1740 1477 1811 Neque
1491 1740 1565 1792 enim
1578 1748 1710 1793 causaest

80 1814 170 1883 posita
185 1822 214 1868 et
229 1814 341 1869 mndata
353 1816 481 1878 videatur,
490 1821 519 1868 ut
531 1823 674 1886 utrumque
686 1823 791 1885 tempus
804 1816 838 1868 sd
848 1834 877 1871 se
916 1828 948 1874 ut
964 1820 1008 1873 vel
1022 1820 1141 1874 Arabum
1154 1819 1198 1872 vel
1216 1818 1439 1873 scholasticorum
1457 1819 1561 1872 mentio
1576 1818 1640 1873 fist:
1662 1819 1709 1890 qui

79 1894 207 1948 traxerit:
229 1896 326 1965 primo,
339 1895 410 1963 quod
419 1894 453 1947 de
467 1894 618 1948 cessatione
630 1897 800 1964 antiquarum
814 1896 877 1966 phi·
916 1916 966 1969 per
978 1899 1139 1954 intermedia
1151 1904 1275 1969 tempora
1284 1898 1414 1953 scientias
1427 1900 1518 1968 potius
1528 1898 1710 1952 contriverunt

78 1971 269 2043 losophiarum
295 1980 358 2042 post
377 1971 531 2027 Aristotelis
559 1990 641 2044 opera
662 1974 734 2028 edita
754 1974 878 2030 homines
915 1980 1066 2033 numerosis
1078 1979 1244 2042 tractatibus,
1253 1994 1334 2049 quam
1344 1977 1449 2049 pondus
1458 1994 1552 2031 earum
1567 1986 1709 2035 auxerunt.

79 2053 209 2122 cogitant,
224 2054 253 2106 id
274 2052 373 2107 salsum
387 2058 443 2117 est3
465 2052 511 2107 diu
532 2053 605 2108 enim
625 2061 729 2123 postea,
743 2070 829 2125 usque
843 2056 878 2109 ad
917 2057 1012 2129 Itaque
1030 2059 1119 2129 prima
1133 2074 1215 2112 causa
1235 2064 1291 2111 tam
1307 2055 1399 2126 pusilli
1412 2056 1441 2109 in
1455 2057 1583 2110 scientias
1603 2056 1709 2125 proiec-

79 2139 203 2202 tempore
226 2131 375 2195 Ciceronis,
396 2138 424 2184 et
443 2131 534 2186 secula
554 2133 703 2204 sequentia,
719 2143 878 2189 mansemnt
916 2145 969 2201 tus,
984 2138 1019 2191 ad
1032 2138 1173 2208 angustias
1191 2137 1321 2208 temporis
1335 2153 1402 2207 erga
1416 2134 1478 2190 illas
1491 2136 1603 2207 propitii
1617 2134 1668 2190 rite
1682 2142 1710 2189 et

78 2228 164 2282 opera
177 2219 302 2265 veterum
316 2210 550 2282 philosophomm.
592 2212 646 2266 Sed
656 2213 822 2282 temporibus
835 2215 877 2266 iu·
915 2217 1009 2272 ordine
1024 2218 1147 2272 refertur.

78 2292 267 2362 sequentibus,
275 2308 310 2346 ex
318 2291 492 2345 inundatione
501 2291 683 2346 Barbaromnr
693 2293 721 2345 in
733 2294 877 2362 imperium

79 2369 246 2434 Romanum,
258 2378 402 2442 postquam
416 2371 536 2425 doctrina
549 2370 670 2425 humana
683 2371 757 2425 velut
770 2372 878 2426 naufra-

77 2450 156 2520 gium
170 2467 304 2521 perpessa
317 2460 405 2515 esset;
426 2458 483 2504 turn
492 2450 600 2505 demum
611 2450 794 2522 philosophiae
805 2452 877 2506 Aris·
955 2448 992 2504 At
1003 2450 1123 2504 secundo
1135 2449 1196 2504 loco
1209 2465 1238 2505 ss
1253 2450 1332 2504 offert
1349 2466 1433 2504 eausa
1452 2448 1501 2503 illa
1521 2451 1612 2521 magni
1637 2459 1709 2507 certe

78 2530 173 2584 tutelis
183 2530 352 2593 etPlatonis,
364 2532 493 2600 tanquam
502 2530 601 2584 tabulae
610 2548 646 2583 ex
655 2532 768 2584 materia
776 2530 876 2586 leviore
914 2546 965 2598 per
977 2530 1069 2583 omnia
1081 2530 1229 2584 momenti:
1252 2546 1285 2582 ea
1299 2529 1425 2583 videlicet
1439 2529 1510 2600 quod
1531 2545 1580 2597 per
1593 2529 1655 2584 illas
1669 2533 1709 2602 ip·

79 2618 107 2662 et
119 2611 211 2663 minus
224 2609 319 2674 solida,
334 2626 384 2679 per
397 2609 492 2664 ductus
512 2616 664 2680 temponrm
678 2617 791 2665 servatae
805 2622 875 2665 sunt.
915 2626 960 2662 sas
974 2617 1075 2673 aetates,
1090 2610 1188 2680 quibus
1202 2608 1343 2662 hominum
1358 2609 1469 2679 ingenia
1488 2616 1516 2661 et
1529 2607 1615 2663 literas
1632 2626 1709 2665 max·

79 2688 153 2743 Illud
173 2689 259 2743 etiam
277 2689 310 2742 de
332 2704 467 2744 concensu
488 2688 558 2743 isllit
579 2687 712 2753 homines,
727 2690 751 2742 si
772 2691 877 2745 acutius
915 2688 970 2742 ime
983 2687 1028 2742 vel
1041 2689 1124 2743 etiam
1143 2688 1314 2742 mediocriter
1333 2688 1482 2753 floruerint,
1496 2688 1626 2743 naturalis
1648 2690 1709 2759 phi·

77 2784 136 2822 rem
150 2768 350 2838 introspiciant
391 2767 478 2823 Verus
493 2769 566 2822 enim
580 2785 727 2824 consensus
739 2770 763 2822 is
773 2778 820 2834 est,
830 2771 875 2841 qui
914 2767 1041 2837 losophis
1053 2769 1195 2822 minimam
1205 2776 1307 2836 partem
1318 2767 1444 2820 humanas
1455 2783 1545 2837 operta
1560 2768 1653 2822 sortita
1662 2769 1709 2823 sit.

78 2864 115 2900 ex
128 2847 254 2902 libertate
266 2847 363 2916 judicii
378 2848 419 2921 (re
434 2849 509 2918 prius
522 2848 676 2918 explorata)
686 2849 714 2901 in
728 2848 801 2903 idem
815 2867 876 2903 con·
915 2845 1007 2917 Atque
1022 2847 1081 2901 lucc
1094 2848 1155 2917 ipsa
1169 2846 1346 2901 nihilominus
1358 2863 1407 2916 pro
1420 2862 1521 2916 magna
1534 2847 1710 2901 scientiarum

78 2928 205 2982 veniente
220 2927 354 2983 consistit.
396 2927 432 2982 At
445 2943 572 2982 numerus
585 2927 666 2999 longe
680 2929 816 2983 maximus
829 2947 875 2984 eo·
914 2937 1001 2982 matre
1013 2926 1109 2981 haberi
1123 2926 1211 2981 debet.
1252 2925 1354 2982 Omnes
1367 2927 1440 2980 euim
1455 2933 1526 2980 artes
1540 2933 1567 2980 et
1580 2926 1709 2992 scientia,

77 3023 148 3071 rum,
170 3008 217 3079 qui
237 3009 266 3061 in
281 3006 434 3062 Aristotelis
452 3007 656 3078 philosophiam
676 3018 875 3074 consensemnt,
914 3007 950 3060 ab
964 3007 1015 3060 hac
1029 3007 1112 3077 stirpe
1125 3006 1247 3072 revulsae,
1260 3006 1398 3076 poliuntur
1411 3006 1532 3069 tortasse,
1547 3014 1575 3060 et
1588 3006 1616 3059 in
1630 3024 1709 3061 usum

78 3103 115 3141 ex
128 3088 291 3158 praejndicio
305 3095 333 3141 ct
346 3087 501 3140 auctoritate
516 3087 631 3141 aliorum
645 3105 674 3141 se
688 3086 729 3140 illi
740 3089 876 3158 mancipa-
915 3086 1091 3157 effinguntur
1113 3085 1160 3141 sed
1180 3086 1220 3138 nil
1237 3086 1381 3139 admodum
1399 3093 1531 3139 crescunt
1572 3086 1609 3138 At
1622 3087 1710 3139 mani·

77 3165 134 3220 vit:
155 3174 187 3220 ut
201 3167 356 3238 sequacitas
370 3166 406 3220 sit
418 3167 507 3236 potius
521 3174 549 3220 et
563 3166 651 3231 coitio,
666 3183 748 3238 quam
762 3183 875 3221 consen·
915 3165 1015 3220 festum
1030 3174 1078 3228 est,
1089 3175 1233 3236 postquam
1242 3164 1399 3219 Christiana
1413 3165 1480 3218 tides
1494 3171 1603 3234 recepta
1613 3165 1710 3219 fuisset

78 3261 134 3300 sus.
176 3244 255 3306 Quod
276 3246 300 3300 si
319 3244 415 3300 suisset
436 3245 483 3299 ille
503 3262 583 3300 verus
604 3262 751 3300 consensus
772 3253 799 3300 et
822 3246 875 3301 late
915 3254 941 3298 et
955 3245 1124 3308 adolevisset,
1138 3244 1219 3314 longe
1233 3244 1382 3298 maximum
1396 3243 1567 3315 ingeniorum
1581 3252 1710 3313 praestan·

77 3332 187 3395 patens,
199 3335 306 3380 tantum
321 3325 405 3388 abest,
415 3332 601 3379 utconsensus
611 3343 661 3396 pro
674 3342 738 3379 vera
752 3335 779 3380 et
789 3326 876 3380 solida
915 3324 1079 3378 tissimomm
1097 3332 1202 3393 partem
1221 3323 1255 3376 ad
1269 3323 1436 3393 theologiam
1454 3340 1483 3376 se
1496 3322 1650 3389 contulisse,
1672 3333 1710 3378 at-

78 3405 242 3458 auctoritate
264 3403 360 3458 haberi
380 3404 484 3469 debeat,
500 3411 528 3459 ut
548 3405 630 3458 etiam
644 3404 790 3459 violentam
809 3423 877 3475 prae·
915 3421 968 3474 que
989 3402 1052 3457 huic
1073 3404 1113 3457 rei
1135 3411 1162 3457 et
1185 3403 1355 3473 amplissima
1376 3403 1490 3472 praemia
1511 3404 1658 3473 proposita,
1680 3411 1710 3457 et

77 3483 265 3554 sumptionem
293 3484 404 3538 inducat
430 3484 459 3538 in
486 3483 661 3539 contrarium.
721 3484 876 3539 Pessimum
915 3482 1003 3537 omnis
1017 3482 1126 3552 generis
1141 3481 1297 3550 adjumenta
1306 3482 1492 3552 copiosissime
1507 3482 1711 3537 subministrata

77 3563 152 3616 enim
168 3565 291 3619 omnium
305 3572 348 3618 est
361 3564 512 3634 augurium,
524 3564 595 3634 quod
609 3582 644 3618 ex
658 3581 790 3618 consensu
804 3567 876 3635 capi.
916 3561 1016 3615 luisses
1038 3569 1120 3633 atque
1135 3561 1188 3615 hoc
1208 3560 1354 3632 theologia
1373 3562 1491 3615 studium
1512 3562 1650 3632 praecipue
1665 3578 1710 3615 oc·

78 3651 123 3697 tur
134 3644 165 3696 in
179 3644 262 3698 rebus
275 3642 517 3697 intellectualibus:
539 3644 661 3714 exceptis
674 3644 772 3697 divinis
786 3651 815 3697 et
827 3661 876 3714 po·
914 3657 1029 3710 cupasse
1044 3642 1153 3695 tertiam
1167 3640 1243 3694 illam
1258 3650 1364 3710 partem
1379 3641 1436 3694 sive
1448 3640 1589 3710 periodum
1604 3648 1711 3711 ternpo-

77 3722 170 3787 liticis,
186 3724 216 3776 in
232 3723 330 3793 quibus
344 3722 533 3792 suffragiorum
550 3723 596 3790 jus
611 3731 661 3777 est.
701 3722 782 3777 Nihil
803 3725 876 3777 enim
915 3719 953 3774 ris
966 3719 1038 3790 apud
1048 3737 1098 3774 nos
1112 3721 1260 3790 Europaeos
1270 3718 1466 3783 occidentales3
1488 3736 1521 3773 eo
1531 3719 1628 3790 magis,
1638 3720 1711 3790 quod

77 3800 174 3855 multis
188 3801 348 3871 placet,nisi
360 3802 581 3870 imaginationem
597 3802 683 3865 feriat,
693 3810 741 3856 aut
754 3801 876 3856 intellec·
915 3800 965 3853 sub
978 3800 1052 3853 idem
1066 3800 1122 3853 fere
1137 3808 1242 3868 tempus
1257 3807 1283 3853 et
1297 3799 1382 3853 literae
1396 3800 1500 3862 florere,
1515 3805 1543 3852 et
1556 3808 1711 3853 controver-

78 3889 136 3933 tnm
155 3881 313 3951 vulgarium
328 3881 468 3934 notionum
486 3882 565 3934 nodis
584 3882 724 3952 astringat,
742 3889 773 3935 ut
795 3899 877 3952 supra
915 3878 963 3933 siae
980 3881 1052 3932 circa
1075 3878 1234 3948 religionem
1259 3878 1401 3948 pullulare,
1415 3879 1556 3948 coeperint.
1598 3878 1635 3932 At
1651 3895 1711 3932 sevo

78 3960 241 4017 dictumest
287 3960 382 4031 ltaque
396 3961 498 4029 optime
517 3961 665 4015 traducitur
678 3960 746 4014 illud
759 3960 875 4016 Phocio
915 3959 1056 4028 superiori,
1071 3958 1182 4012 durante
1197 3958 1308 4028 periodo
1322 3957 1371 4010 illa
1384 3958 1513 4021 secunda,
1523 3958 1596 4027 apud
1610 3958 1710 4013 Roma·

78 4039 121 4092 nis
135 4056 152 4093 a
167 4041 289 4094 moribus
303 4039 338 4092 ad
357 4038 569 4104 intellectualia;
591 4046 608 4072 ⁴⁴
622 4040 660 4094 Ut
674 4042 764 4094 statim
786 4058 815 4094 se
830 4059 876 4096 ex·
914 4054 971 4101 nos,
992 4038 1141 4108 potissimae
1165 4036 1389 4108 philosophorum
1409 4037 1599 4090 meditationes
1620 4046 1647 4090 et
1665 4039 1710 4091 in·

79 4120 201 4173 aminare
216 4120 334 4174 debeant
352 4118 486 4183 homines,
502 4120 566 4190 quid
588 4121 736 4173 erraverint
754 4130 876 4190 autpec·
915 4117 1018 4171 dustria
1038 4118 1068 4171 in
1088 4117 1184 4170 morali
1213 4116 1389 4187 philosophia
1411 4119 1485 4185 (quse
1505 4116 1624 4170 ethnicis
1648 4118 1709 4170 vice

80 4200 222 4265 caverint;
252 4198 433 4253 simultitudo
456 4199 607 4253 consentiat
627 4207 655 4253 et
678 4199 874 4270 complaudat.’'
915 4196 1061 4268 theologice
1087 4199 1158 4263 erat)
1180 4204 1318 4265 occupatae
1345 4203 1373 4248 et
1393 4204 1558 4264 consumpta
1579 4195 1709 4251 fueruntr

81 4278 141 4332 Hoc
152 4281 263 4349 signum
277 4279 405 4348 igiturex
419 4277 598 4333 aversissimis
607 4286 655 4333 est.
700 4278 875 4350 ltaquequod
915 4277 997 4330 etiam
1011 4293 1116 4331 summa
1135 4276 1245 4347 ingenia
1258 4274 1313 4328 illis
1327 4275 1493 4343 temporibus
1512 4284 1543 4327 ut
1563 4274 1709 4344 plurimum

79 4357 158 4428 signa
173 4359 294 4412 veritatis
308 4365 336 4412 et
349 4357 472 4411 sanitatis
491 4357 725 4428 philosophiamm
741 4368 769 4412 et
786 4361 874 4414 scien·
915 4355 948 4408 ad
963 4374 1006 4410 res
1020 4356 1113 4410 civiles
1127 4372 1156 4409 se
1168 4354 1363 4424 applicuerunt,
1372 4361 1482 4423 propter
1494 4355 1709 4424 magnitudinem

78 4437 185 4502 tismm,
202 4457 262 4510 quae
277 4437 305 4491 in
320 4453 370 4490 usu
390 4444 459 4500 suut,
474 4437 545 4491 male
559 4455 588 4492 se
602 4437 735 4500 habenam
758 4439 814 4492 sive
829 4457 875 4492 ca·
914 4435 1021 4504 imperii
1041 4435 1165 4494 Romani,
1181 4434 1252 4505 quod
1268 4433 1444 4503 plurimomm
1466 4433 1606 4488 hominum
1626 4450 1709 4502 opera

78 4518 188 4586 piantur
210 4536 247 4572 ex
271 4516 421 4587 originibus
448 4518 577 4591 ipsamm,
602 4519 659 4570 sive
683 4518 874 4584 extractione,
915 4515 1062 4584 indigebat.
1104 4513 1206 4568 Atilia
1225 4520 1297 4577 retas,
1313 4530 1366 4584 qua
1382 4512 1513 4567 naturalis
1532 4512 1709 4582 philosophia

79 4599 136 4651 sire
151 4616 186 4653 ex
207 4596 407 4668 progressibus,
421 4596 477 4650 sive
496 4614 531 4651 ex
551 4597 766 4651 confessionibus
783 4607 875 4652 aucto·
915 4595 987 4663 apud
1003 4594 1112 4648 Graecos
1130 4594 1249 4647 maxime
1263 4593 1360 4646 florere
1374 4593 1433 4645 viss
1447 4599 1496 4656 est,
1511 4594 1643 4662 particula
1658 4593 1709 4646 fuit

78 4694 148 4742 rum,
163 4680 220 4732 sive
236 4695 272 4731 ex
286 4692 439 4740 consensu;
458 4677 633 4744 jamdictum
649 4684 698 4731 est.
914 4674 1044 4743 temporis
1069 4674 1179 4727 minime
1203 4672 1344 4737 diutuma;
1375 4689 1437 4726 cum
1458 4680 1485 4726 et
1509 4672 1706 4743 antiquioribus

916 4753 1083 4822 temporibus
1097 4761 1200 4823 septem
1212 4751 1262 4815 illi,
1274 4753 1321 4821 qui
1335 4751 1479 4821 Sapientes
1489 4753 1706 4816 nominabantur,

915 4848 1009 4886 omnes
1023 4834 1133 4902 (practer
1146 4831 1301 4898 Thaletem)
1310 4831 1345 4884 ad
1358 4831 1489 4885 moralem
1504 4830 1708 4901 philosophiam

119 4909 181 4965 lam
195 4929 261 4966 vero
275 4909 440 4964 veniendum
460 4910 495 4964 ad
513 4927 608 4964 causas
629 4927 757 4975 errorum,
773 4917 799 4964 et
820 4919 875 4965 tam
915 4919 942 4965 et
957 4910 1049 4965 civilia
1063 4928 1093 4965 se
1112 4909 1306 4980 applicuerint;
1328 4919 1354 4965 et
1371 4911 1567 4982 posterioribus
1582 4909 1708 4978 tempori-

80 4987 211 5047 dintumae
225 4993 255 5046 in
270 4990 328 5045 illis
342 5007 392 5060 per
403 4996 444 5043 tot
454 4989 545 5043 semla
557 5007 657 5053 moree3
679 5009 740 5061 quae
752 4990 876 5060 plurimae
914 4991 973 5054 bus,
993 4999 1136 5062 postquam
1159 4990 1283 5045 Socrates
1303 4990 1506 5060 philosophiam
1528 4989 1562 5042 de
1586 4988 1655 5041 coslo
1678 4988 1707 5041 in

80 5079 142 5124 sunt
154 5078 181 5124 et
200 5071 418 5142 potentissimas:
439 5077 469 5122 ut
487 5068 596 5123 tollatur
617 5071 706 5123 omnis
726 5070 875 5134 admiratio,
914 5078 1000 5124 terras
1026 5070 1190 5134 deduxisset,
1213 5070 1301 5124 adhuc
1322 5072 1410 5140 magis
1434 5068 1577 5123 invaluerit
1595 5066 1708 5122 moralis

80 5148 146 5214 hac,
161 5168 220 5220 quae
240 5150 411 5212 adducimus,
425 5146 550 5202 homines
570 5149 710 5220 hueusque
723 5149 833 5204 latuisse
848 5158 877 5203 et
914 5149 1097 5220 philosophia,
1109 5150 1255 5218 etingenia
1268 5150 1409 5203 hominum
1420 5166 1436 5201 a
1447 5147 1562 5202 naturali
1572 5147 1707 5202 averterit.

81 5227 196 5300 ingiam
218 5239 246 5286 et
260 5236 375 5284 maneat
387 5235 492 5281 tautum
506 5228 654 5293 admiratio,
668 5228 717 5282 illa
731 5245 801 5283 nunc
816 5239 874 5283 tan·
955 5230 991 5283 At
1004 5230 1140 5300 ipsissima
1153 5228 1200 5282 illa
1214 5229 1340 5298 periodus
1354 5227 1494 5297 temporis,
1505 5227 1533 5279 in
1548 5243 1602 5296 qua
1614 5226 1704 5298 inqui·

81 5307 140 5364 dem
160 5309 242 5364 alicui
264 5308 425 5364 mortalium
447 5307 476 5360 in
496 5317 613 5362 mentem
632 5310 724 5362 venire
746 5309 875 5378 potuisse,
914 5309 1026 5363 sitiones
1050 5309 1083 5362 dc
1110 5318 1207 5361 natura
1227 5308 1379 5377 viguerunt,
1403 5306 1658 5360 contradictionibus
1681 5312 1709 5360 et

81 5398 125 5441 aut
138 5391 333 5462 cogitationem
343 5387 495 5457 cujuspiam
507 5388 638 5452 subiisse;
660 5388 820 5458 quodetiam
833 5391 877 5459 (ut
912 5405 1043 5443 novorum
1064 5387 1224 5459 placitorum
1240 5387 1387 5440 ambitione
1408 5393 1533 5455 corrupta
1552 5392 1601 5449 est,
1616 5393 1644 5439 et
1664 5385 1708 5438 in·

82 5483 129 5523 nos
153 5467 361 5539 existimamus)
386 5465 528 5522 felicitatis
552 5468 640 5539 magis
662 5475 704 5524 est
728 5468 876 5538 eujusdam,
914 5468 994 5523 utiles
1008 5469 1119 5524 reddita.
1162 5468 1259 5537 ltaque
1274 5464 1492 5537 quandoquidem
1507 5482 1556 5537 per
1571 5474 1626 5521 tres
1639 5466 1709 5521 istas

408 1324 520 1365 Lul'll·

1264 2356 1364 2396 um.

421 4815 541 4856 auxent.
