3800 5875
241 267 300 363 atq
754 265 806 320 ΠΕ
826 262 1053 320 adunandis
1072 263 1351 321 scientiarum.
1714 260 1771 318 hta.
1779 263 1831 319 vlt.

241 423 387 483 mnodum
400 423 490 479 sobrie
503 422 633 478 εεειίιιιειε
653 428 735 493 atque
748 438 764 476 e
777 427 871 476 contra
888 421 1034 493 principes,
1069 423 1169 493 Neque
1183 418 1736 493 pratereundaestillaparspopnli(qaae
1745 417 1833 491 Angla
1866 426 1867 479 i

242 505 289 576 qui
311 503 484 558 dominantur
497 501 527 556 in
545 508 642 573 gentes
655 501 792 555 animosas
805 508 834 554 et
847 500 969 564 martias,
987 517 1034 556 no-
1071 500 1128 555 iere
1145 508 1187 556 eat
1204 501 1359 571 peculiaris,
1370 517 1421 555 nec
1433 500 1509 564 alibi,
1525 498 1596 571 qaod
1608 499 1671 560 scio,
1684 498 1713 551 in
1730 501 1832 563 muniri
1866 488 1867 527 ¹

240 585 297 638 rint
318 582 360 637 illi
382 582 450 637 satis
463 581 534 636 vires
558 580 628 643 suas,
652 578 676 633 si
697 579 750 634 sibi
773 579 841 633 alias
858 595 914 634 non
935 577 1033 635 desint
1071 579 1141 634 forte
1155 580 1227 651 apud
1237 577 1369 647 Polonos)
1384 579 1477 634 famuli
1491 578 1596 633 scilicet
1609 575 1751 631 nobilium:
1768 577 1833 651 hujus

241 662 319 723 Quod
332 660 429 715 attinet
442 660 583 729 adcopias
603 659 784 713 mercenariae
799 657 885 728 (quod
905 657 1034 712 soletad·
1072 658 1146 713 eninr
1169 660 1278 730 generis
1305 659 1388 713 etiam
1415 658 1565 720 inferiores,
1590 655 1677 726 quoad
1700 654 1833 725 peditatum,

241 740 330 795 hiberi
354 739 510 803 remedium,
525 755 587 792 cum
602 737 689 806 copim
708 736 807 791 nativas
830 736 931 804 desint)
951 736 1035 807 plena
1071 737 1197 808 agricolis
1213 738 1280 808 ipsis
1297 737 1411 791 minime
1430 737 1536 791 cedunt
1576 734 1664 795 Quare
1680 733 1834 788 certisdmun

241 826 304 873 sunt
316 818 409 874 omnia
419 817 562 887 exemplis,
574 815 671 888 quibus
684 815 789 887 liquido
797 821 878 885 patet,
890 815 961 885 quod
976 816 1034 886 qui·
1071 823 1121 881 est,
1136 818 1209 886 quod
1228 815 1434 887 magnificentia
1453 825 1481 870 et
1502 814 1629 885 splendor
1647 812 1693 867 ille
1705 811 1832 883 hospitalis,

240 915 346 969 cunque
359 904 443 952 status
463 896 519 951 illis
533 896 670 958 innitetur,
684 896 784 965 poterit
803 894 915 948 sortasse
929 910 1033 965 pennas
1071 901 1152 965 atque
1174 895 1316 960 famulitia,
1340 902 1368 949 et
1384 894 1468 948 veluti
1488 893 1618 948 satellitis
1633 890 1727 962 ampla,
1747 893 1832 962 quain

241 976 276 1030 ad
289 986 395 1046 tempus
409 976 489 1031 breve
509 974 573 1029 nido
586 975 703 1042 majores
717 973 870 1037 extendere,
884 973 932 1028 aed
945 973 1032 1028 deflu-
1070 990 1145 1028 more
1168 982 1231 1028 sunt
1249 973 1323 1043 apud
1344 972 1449 1027 nobiles
1462 981 1489 1027 et
1502 987 1649 1044 generosos
1661 971 1690 1024 in
1703 968 1796 1040 Anglii„
1807 970 1833 1024 ad

240 1063 287 1109 eut
300 1054 354 1110 illae
368 1053 525 1125 paulopost.
1070 1053 1220 1121 potentiam
1242 1052 1387 1106 militarem
1405 1052 1528 1122 apprime
1547 1050 1711 1104 cmducanl:
1729 1049 1769 1102 ubi
1786 1065 1832 1102 con

280 1135 309 1188 2.
330 1133 488 1188 Benedictio
507 1131 586 1186 ludar
605 1139 632 1185 et
648 1129 805 1193 issacharis,
817 1129 846 1183 in
860 1147 945 1185 unum
966 1147 1033 1185 nun·
1070 1140 1119 1196 tra,
1134 1131 1266 1186 nobilium
1280 1131 1401 1195 obscure,
1416 1138 1444 1185 et
1457 1127 1745 1201 magispdvametin
1761 1144 1786 1181 se
1801 1145 1832 1180 re·
1866 1168 1867 1173 ι

240 1229 322 1283 quam
342 1212 515 1267 convenient:
545 1211 681 1275 nimirum,
705 1216 738 1264 ut
760 1209 857 1263 eadem
878 1209 965 1264 tribus
985 1216 1033 1264 aut
1070 1209 1151 1264 ducta
1164 1211 1226 1265 vita
1239 1210 1308 1265 ratio
1321 1210 1416 1280 copias
1425 1209 1558 1265 militares
1571 1207 1677 1262 minuit.

240 1308 308 1362 gens
321 1291 357 1345 sit
375 1289 457 1346 simrrl
471 1296 499 1345 et
515 1289 603 1344 leonis
621 1287 734 1353 catulus,
749 1296 777 1342 et
798 1287 890 1342 asinus
910 1304 1032 1357 procum·
1110 1291 1138 1343 4.
1158 1288 1256 1343 Danda
1268 1298 1311 1344 eat
1323 1288 1434 1345 omnino
1446 1304 1537 1360 opera,
1549 1295 1582 1342 ut
1593 1287 1674 1341 arbor
1686 1285 1734 1339 ista
1748 1300 1831 1338 monu-

239 1370 389 1424 bensinter
402 1370 529 1425 sarcinas.
568 1370 668 1439 Neque
689 1383 809 1437 unquam
830 1368 885 1431 tier,
898 1373 930 1420 ul
948 1383 1033 1438 popu·
1070 1366 1149 1432 chiae,
1175 1368 1264 1438 qualis
1284 1367 1336 1423 ruit
1359 1366 1641 1429 Nebnchadneaaaris,
1667 1372 1777 1418 huncum
1795 1363 1832 1415 ha·

238 1448 283 1503 lus
304 1450 413 1504 tributis
432 1464 587 1519 oppressus,
610 1448 686 1502 fortis
708 1447 809 1500 existet
829 1452 858 1500 et
878 1445 1031 1501 bellicosus,
1071 1446 1133 1500 best
1146 1448 1212 1502 satis
1228 1446 1349 1517 amplum
1369 1453 1397 1501 et
1417 1447 1567 1510 robustum,
1588 1443 1624 1499 ad
1645 1458 1730 1498 ramos
1747 1458 1798 1496 suos
1813 1451 1833 1495 et

240 1527 342 1583 Verum
355 1536 404 1593 eet,
419 1526 577 1582 collationes
594 1526 704 1596 publico
722 1541 855 1580 consensu
875 1524 969 1588 iactas,
983 1526 1033 1579 mi·
1071 1525 1180 1579 frondes
1193 1526 1393 1580 sustentandos:
1414 1525 1467 1579 hoc
1481 1530 1530 1588 est,
1545 1530 1575 1578 ut
1585 1538 1711 1578 numerus
1719 1520 1831 1590 indigena·

239 1623 291 1661 nus
304 1608 411 1662 animos
424 1607 592 1662 subditorum
606 1605 722 1673 dejicere
736 1612 764 1659 et
777 1604 935 1674 deprimere,
950 1621 1033 1674 quam
1070 1621 1138 1668 rum,
1148 1603 1184 1658 ad
1190 1605 1312 1660 subditos
1321 1612 1465 1660 extraneos
1470 1602 1646 1665 cohibendos,
1653 1599 1716 1656 satis
1725 1615 1831 1670 superque

240 1703 301 1757 quae
315 1703 351 1740 ex
364 1686 479 1756 imperio
493 1700 568 1740 mero
587 1685 749 1739 indicuntur.
791 1682 823 1737 Id
843 1683 915 1754 quod
928 1683 1033 1754 liquido
1071 1683 1195 1739 sufficiat.
1236 1683 1282 1738 Illi
1296 1683 1379 1754 igitur
1392 1691 1477 1738 status
1487 1682 1524 1737 ad
1531 1681 1641 1753 imperii
1650 1679 1830 1751 magnitudinem

238 1766 330 1820 videre
343 1772 385 1819 est
397 1766 426 1818 in
442 1764 550 1818 tributis
569 1763 723 1818 Germanic
738 1762 881 1826 inferioris,
896 1779 966 1832 quas
983 1778 1032 1816 ex·
1070 1762 1139 1816 bene
1153 1762 1301 1833 comparati
1314 1768 1385 1827 sunt,
1396 1762 1443 1833 qui
1455 1763 1501 1830 jus
1515 1760 1635 1815 civitatis
1645 1758 1722 1814 facile
1734 1767 1758 1812 et
1768 1757 1831 1811 hbeo

239 1844 310 1898 cisas
324 1853 438 1898 vocant:
458 1850 540 1916 atque
552 1842 644 1914 aliqua
657 1858 692 1896 ex
706 1848 782 1912 parte
795 1841 825 1895 iu
837 1841 878 1905 iis,
893 1858 955 1911 quie
968 1841 1031 1895 sub·
1071 1848 1112 1895 ter
1124 1841 1285 1913 largiuntur.
1325 1841 1405 1895 Vana
1425 1841 1560 1912 siquidem
1574 1837 1831 1910 fueritopiniqposse

238 1922 309 1977 sidia
322 1922 493 1977 nominantur
512 1922 583 1993 apud
604 1920 716 1991 Angloa
756 1919 866 1975 Etenim
885 1919 1033 1975 notandum
1071 1919 1239 1990 manipulum
1259 1920 1409 1985 hominnm,
1427 1928 1565 1991 uteunque
1586 1918 1685 1973 animis
1704 1923 1730 1972 et
1745 1915 1832 1970 oonsilio

240 2010 288 2067 est,
303 2018 455 2056 sermonem
466 2002 525 2069 jam
538 2000 642 2054 institui
654 1999 687 2053 de
701 1999 801 2053 animis
813 1998 963 2063 hominum,
978 2015 1032 2052 non
1070 1999 1214 2064 excellant,
1228 2000 1354 2071 regiones
1374 2000 1460 2054 nimio
1481 1999 1543 2070 plus
1562 1997 1668 2070 amplas
1684 2002 1711 2052 et
1727 1995 1831 2067 spatione

239 2080 273 2134 de
293 2081 397 2150 opibus.
438 2080 551 2135 Tributa
568 2086 668 2143 autem,
682 2096 743 2150 quaa
761 2094 798 2132 ex
818 2093 952 2132 consensu
971 2094 1033 2131 con·
1069 2078 1178 2150 imperii
1196 2079 1265 2150 jugo
1288 2078 1416 2134 cohibere
1437 2086 1466 2134 et
1485 2077 1612 2133 serenare.
1654 2077 1685 2131 Id
1704 2074 1736 2128 ad
1750 2083 1832 2143 tenpus

240 2159 368 2223 ienmtur,
383 2166 411 2213 et
423 2176 484 2229 qum
498 2174 535 2213 ex
547 2157 663 2229 imperio
675 2157 857 2227 imponuntur,
871 2156 924 2210 etsi
936 2156 1032 2211 eadem
1070 2157 1183 2213 fortasse
1204 2158 1293 2213 iacere
1313 2159 1425 2228 possint,
1448 2158 1496 2212 aed
1518 2156 1722 2212 diuturnitatem
1738 2152 1788 2206 hec
1800 2168 1832 2206 rec

239 2254 283 2291 res
294 2238 355 2303 sint,
371 2237 460 2308 quoad
472 2254 538 2306 opes
552 2235 758 2300 exhauriendas,
772 2235 846 2290 varie
866 2241 958 2290 tamen
978 2252 1032 2290 om·
1069 2253 1124 2291 non
1138 2237 1298 2308 assequitur.
1339 2236 1464 2307 Spartani
1479 2236 1555 2307 parci
1571 2235 1687 2301 fuerunt,
1700 2239 1726 2288 et
1737 2230 1831 2285 difficiles

239 2317 306 2370 nino
320 2316 425 2371 animos
439 2316 606 2371 subditorum
624 2315 753 2370 afficiunt
794 2314 931 2370 Statnatur
948 2314 1033 2386 igitur
1069 2316 1098 2370 in
1121 2316 1279 2387 cooptandis
1302 2317 1381 2370 novis
1404 2315 1516 2369 civibua
1572 2314 1661 2377 Unde,
1684 2312 1761 2367 donec
1780 2311 1832 2363 iuna

240 2402 268 2449 et
281 2394 342 2459 hoc,
356 2394 487 2465 populum
501 2396 608 2450 tributio
626 2402 768 2467 gravatim
788 2393 915 2449 idoneum
929 2393 964 2448 ad
984 2394 1032 2448 im-
1070 2410 1168 2465 parvos
1182 2395 1282 2449 limites
1296 2395 1426 2449 dominati
1440 2401 1509 2458 sunt,
1524 2410 1570 2447 res
1585 2409 1680 2448 eorum
1699 2392 1774 2446 firma
1788 2387 1831 2442 ine·

240 2474 388 2543 perandum
402 2491 456 2528 non
471 2490 539 2529 esse.
1070 2482 1131 2529 runt
1141 2481 1168 2528 et
1181 2473 1310 2530 stabiles:
1325 2481 1354 2528 at
1367 2479 1510 2545 postquam
1523 2471 1630 2527 limites
1644 2486 1705 2526 suos
1716 2469 1833 2538 cepissent

280 2553 307 2607 3.
329 2553 520 2623 Aspirantibns
534 2553 568 2607 ad
582 2552 798 2624 magnitudinem
810 2552 903 2625 regnis
917 2558 946 2607 et
959 2552 1032 2607 stati·
1070 2554 1198 2624 proierre,
1213 2560 1241 2606 et
1253 2553 1335 2608 iatius
1355 2551 1497 2617 dominari,
1512 2567 1597 2622 quam
1610 2557 1641 2605 ut
1661 2550 1738 2619 stirps
1751 2546 1832 2617 Sparta·

240 2631 299 2695 bus,
318 2648 427 2702 prorsus
441 2632 597 2697 cavendum,
612 2649 647 2687 ne
660 2632 765 2686 nobiles
779 2640 807 2685 et
820 2632 936 2702 patricii,
951 2640 1031 2704 atque
1068 2648 1164 2688 norum
1180 2632 1287 2686 turbam
1298 2639 1452 2686 exterorum
1461 2630 1580 2700 imperio
1590 2629 1727 2685 commode
1736 2625 1832 2681 cerem

243 2712 324 2780 (quoa
340 2711 479 2778 vocamus)
494 2711 626 2782 generosi,
640 2709 772 2786 majorem
790 2712 818 2766 in
836 2711 947 2767 modum
964 2711 1032 2767 mul·
1070 2721 1168 2780 posset,
1180 2711 1300 2781 potentia
1311 2726 1405 2766 eorum
1415 2708 1505 2764 subito
1514 2710 1626 2765 corruit.
1654 2706 1832 2774 Nullauuquam

241 2789 404 2859 tiplicentur.
439 2790 499 2844 Hoc
510 2791 583 2845 eninr
597 2806 697 2845 eorem
711 2790 824 2855 deducit,
840 2796 870 2845 ut
884 2790 961 2860 plebs
975 2807 1031 2862 reg·
1070 2790 1222 2860 respublica
1231 2790 1306 2845 sinna
1321 2806 1384 2845 suos
1397 2788 1432 2843 ad
1445 2805 1530 2844 novoe
1545 2787 1621 2843 cives
1631 2783 1832 2858 recipiendortrn

241 2867 270 2922 ni
284 2868 320 2922 sit
333 2868 445 2923 humilis
459 2877 487 2922 et
500 2869 623 2938 abjecte;
645 2877 673 2924 et
690 2869 762 2924 nihil
783 2868 858 2924 aliud
876 2870 932 2924 iere
950 2886 1032 2941 quarn
1069 2870 1178 2940 profuse
1191 2868 1305 2941 laxavit,
1318 2886 1400 2941 quam
1418 2866 1574 2939 respublica
1595 2866 1724 2922 Romana.
1758 2863 1832 2931 ltaque
1866 2842 1867 2895 l

240 2947 372 3003 nobilium
382 2949 690 3019 mancipiaetoperarii.
732 2949 827 3004 Simile
837 2949 965 3021 quiddam
973 2950 1032 3004 iieri
1069 2966 1120 3021 par
1132 2956 1191 3004 erat
1203 2950 1326 3003 instituto
1344 2957 1400 3003 tam
1414 2948 1540 3018 prudenti
1561 2949 1744 3013 fortunacum
1759 2943 1783 2996 iu
1797 2941 1833 2993 im

240 3027 361 3081 videmus
375 3027 498 3096 insylvia
512 3028 626 3094 cmduis3
647 3028 676 3082 in
691 3029 795 3101 quibus,
809 3029 1032 3098 simaJor,qnam
1070 3028 1176 3097 perium
1188 3036 1246 3083 toto
1259 3028 1323 3082 orbe
1337 3027 1535 3098 amplissimum
1549 3026 1733 3083 succreverint
1767 3019 1833 3075 Moru

240 3123 290 3177 per
303 3115 352 3170 est,
361 3107 501 3161 caudicum
509 3107 567 3162 sive
581 3108 708 3163 arborum
722 3108 854 3175 majorum
864 3107 1032 3178 relinquatur
1070 3107 1142 3178 apud
1154 3124 1202 3162 eos
1218 3114 1278 3162 erat
1294 3107 1339 3174 jus
1353 3106 1473 3168 civitatis
1492 3113 1620 3178 prompte
1639 3102 1755 3176 elargiri;
1772 3099 1832 3169 idque

240 3202 375 3250 numerus,
389 3202 443 3240 non
457 3195 613 3241 renascetur
626 3187 703 3257 sylva
717 3188 823 3242 sincera
836 3193 863 3239 et
876 3203 962 3257 pura,
984 3186 1032 3239 sed
1070 3187 1098 3240 in
1118 3203 1246 3257 supremo
1266 3186 1367 3256 gradu:
1388 3186 1440 3240 hoc
1464 3194 1513 3250 est,
1536 3202 1594 3239 non
1618 3184 1706 3240 solum
1723 3182 1764 3250 jus
1780 3193 1833 3233 eon-

241 3265 328 3332 major
337 3281 400 3333 pars
412 3265 441 3319 in
452 3282 547 3336 vepres
556 3273 582 3320 et
595 3265 691 3320 dumos
704 3264 887 3337 degenerabit.
928 3264 1032 3319 Eodem
1071 3266 1172 3329 mercii,
1183 3263 1230 3341 jus
1250 3264 1387 3330 connubii,
1399 3265 1444 3333 jus
1463 3264 1650 3328 haereditati„
1671 3257 1833 3317 verumetiam

240 3344 321 3398 modo
334 3344 363 3397 in
376 3345 538 3409 nationibus,
553 3345 600 3399 ubi
614 3345 781 3399 numerosior
791 3345 866 3412 justo
879 3343 1032 3399 estnobili·
1067 3345 1112 3412 jus
1132 3344 1263 3416 suffragii,
1278 3351 1307 3399 et
1324 3344 1370 3412 jus
1391 3343 1538 3414 petitionis,
1553 3344 1615 3398 sine
1632 3342 1771 3397 honorum:
1787 3335 1833 3389 hoe
1866 3337 1867 3416 l

242 3430 291 3486 tas,
306 3422 357 3477 erit
370 3423 448 3493 plebs
460 3423 523 3479 vilis
537 3430 564 3477 et
577 3423 693 3493 ignava:
714 3430 795 3494 atque
816 3439 850 3476 eo
866 3424 975 3479 demum
989 3440 1033 3478 res
1070 3441 1123 3494 que
1137 3440 1238 3488 rursus,
1251 3440 1306 3479 non
1320 3422 1436 3494 singulis
1457 3430 1563 3477 tantum
1587 3416 1772 3493 personaret
1786 3414 1833 3468 toli!
1866 3423 1867 3488 fi

241 3502 345 3566 redibit,
360 3511 390 3556 ut
403 3519 453 3557 nec
467 3502 779 3575 centesimumquodque
796 3510 877 3572 caput
890 3501 1033 3575 sitadga·
1071 3502 1190 3568 familiis,
1214 3503 1271 3558 imo
1291 3502 1453 3567 civitatibus,
1478 3508 1507 3556 et
1533 3516 1726 3571 nonnunquam
1746 3491 1833 3564 integri!
1866 3493 1867 3530 l

240 3579 313 3635 leam
333 3581 491 3651 portandam
510 3582 652 3636 idoneum:
673 3581 822 3651 praesertim
839 3581 863 3635 si
883 3582 1033 3652 peditatum
1070 3582 1233 3647 nationibus,
1247 3581 1486 3636 communicarunt.
1535 3580 1601 3635 Huc
1616 3580 1683 3634 adde
1696 3570 1833 3632 consuetudi
1866 3599 1867 3640 u

241 3659 1031 3733 spectes,quiexercitrrsplerunqneestroburpnecipuum3
1070 3677 1133 3715 uem
1147 3660 1296 3717 deducendi
1309 3659 1438 3724 colonias,
1457 3659 1555 3730 quibus
1569 3659 1703 3713 Romane
1721 3655 1803 3723 stirpes
1812 3649 1833 3701 1'11
1866 3651 1867 3740 J

241 3738 313 3793 unde
347 3739 472 3794 succedat
506 3755 607 3810 magno
638 3739 785 3811 populatio,
811 3739 884 3795 vires
917 3741 1032 3812 exiguas
1070 3739 1158 3795 solum
1177 3747 1300 3795 exterum
1322 3738 1598 3809 transplantabantur.
1640 3735 1704 3798 Qun
1720 3727 1834 3788 duoinati·

242 3817 386 3887 Nusquam
399 3818 528 3889 gentium,
542 3818 602 3883 hoc,
617 3819 689 3889 quod
701 3819 770 3884 dico,
784 3817 947 3874 luculentius
960 3837 1033 3875 com·
1071 3820 1164 3874 tutari
1178 3817 1425 3888 simolcomponas,
1438 3817 1512 3872 dices
1526 3817 1651 3887 proiecto
1663 3832 1716 3870 non
1725 3813 1834 3867 annuo
1866 3809 1867 3864 Τ

242 3896 385 3965 probatum
404 3905 453 3961 est,
474 3914 556 3968 quam
580 3895 714 3967 exemplis
738 3896 846 3969 Angliae
868 3907 894 3952 et
919 3898 1032 3954 Gallim:
1071 3915 1100 3952 se
1123 3898 1262 3953 diffudisse
1283 3914 1365 3968 super
1386 3896 1542 3951 universnm
1565 3891 1834 3959 ostemationem
1866 3889 1867 3928 l

243 3991 356 4045 quarum
375 3975 482 4046 Anglia,
497 3977 618 4048 quamvis
640 3977 777 4031 territorio
794 3984 823 4031 et
836 3994 948 4032 numero
961 3979 1033 4032 inco
1071 3977 1329 4033 orbemunirersum
1343 3992 1372 4030 se
1387 3975 1528 4030 diffudisse
1541 3974 1773 4045 superIiomanos:
1789 3981 1834 4037 que
1866 3947 1867 4028 l

241 4051 329 4108 larum
342 4053 422 4126 longe
432 4055 551 4119 inferior,
561 4056 680 4125 potiores
694 4064 784 4110 tamen
795 4065 886 4125 partes
897 4057 952 4111 iere
963 4073 1034 4113 sem-
1071 4056 1244 4111 secunsaima
1257 4054 1411 4126 proferendi
1425 4054 1536 4125 imperii
1550 4061 1594 4108 est
1607 4054 1685 4109 ratio.
1724 4046 1789 4104 Subit
1798 4043 1835 4097 ni·
1866 4063 1867 4078 ι

242 4148 292 4202 per
305 4132 334 4186 in
348 4133 428 4187 bellis
443 4134 575 4199 obtinuit;
595 4133 667 4189 hanc
680 4134 769 4206 ipsam
783 4135 818 4189 ob
831 4152 947 4199 cansam,
963 4136 1034 4204 quod
1071 4136 1126 4189 rari
1139 4134 1398 4205 sapiusimperium
1412 4133 1618 4205 Hispanorum
1640 4129 1709 4203 quod
1722 4135 1769 4183 tan
1784 4139 1834 4195 pru·
1866 4129 1867 4182 i

243 4212 315 4281 apud
333 4211 436 4283 Anglos
454 4212 551 4278 coloni,
573 4221 601 4267 et
619 4213 760 4268 inferiores
778 4214 879 4268 ordinis
900 4214 1033 4281 homines,
1071 4214 1111 4268 cis
1130 4213 1267 4285 indigenis
1287 4221 1326 4268 tot
1348 4229 1433 4284 regua
1454 4220 1482 4267 et
1500 4212 1654 4282 provincias
1674 4203 1835 4279 amplexanti
1866 4189 1867 4222 ¹

243 4289 348 4344 militias
362 4290 468 4345 habiles
488 4292 549 4355 sint,
563 4292 656 4346 nastici
676 4293 773 4348 Gallim
790 4310 844 4347 non
858 4293 934 4348 item
976 4294 1035 4355 Qua
1073 4293 1188 4348 fraenare
1210 4292 1303 4363 possit.
1337 4292 1385 4347 vilc
1405 4298 1478 4346 certe
1493 4291 1639 4361 Hispaniae
1648 4289 1713 4360 ipsa
1725 4301 1768 4357 pro
1776 4280 1835 4335 arbo

244 4370 274 4422 in
296 4386 325 4422 re
345 4369 462 4424 mirabili
484 4371 602 4441 quadam
621 4380 650 4425 et
671 4371 805 4442 profunda
823 4372 967 4442 prudentia
990 4390 1035 4428 ex·
1072 4371 1262 4426 risstemmate
1276 4371 1343 4427 satis
1364 4370 1460 4442 grandi
1475 4369 1571 4425 haberi
1589 4369 1695 4432 debent,
1708 4361 1835 4428 cumlonsse
1866 4381 1867 4388 ¹

247 4448 394 4517 cogitatum
409 4457 451 4503 est
468 4449 503 4504 ab
518 4451 639 4504 Henrico
660 4452 775 4522 septimo
793 4449 901 4521 Anglioe
914 4469 980 4523 rega
995 4453 1035 4525 (id
1072 4451 1234 4521 ampliorem
1252 4450 1409 4505 contineant
1420 4449 1564 4519 regionum
1577 4454 1701 4512 tractum
1714 4437 1835 4516 quamde

245 4527 316 4596 quod
328 4525 356 4579 in
369 4533 385 4558 ‘⁴
399 4528 469 4583 Vites
483 4528 542 4597 ejus
554 4528 685 4585 historia”
701 4528 788 4585 insius
803 4531 990 4599 tractavimus)
1005 4540 1035 4586 ut
1072 4546 1124 4584 mre
1138 4536 1184 4585 aut
1198 4529 1311 4600 Spartae,
1325 4528 1376 4583 sub
1393 4528 1480 4582 initiis
1498 4527 1554 4582 suis
1567 4526 1726 4598 contigerat.
1762 4519 1835 4602 Portu
1866 4513 1867 4592 i

244 4606 347 4676 praedia
360 4606 473 4672 minora,
488 4616 568 4679 atque
582 4606 677 4664 domus
694 4607 894 4680 agricolationis
914 4610 1036 4665 institue·
1073 4625 1227 4679 quanquam
1245 4609 1292 4677 jus
1313 4607 1429 4662 civitatis
1442 4607 1509 4661 satis
1523 4622 1605 4677 parca
1623 4604 1724 4660 soleant
1742 4601 1835 4667 Hispan

244 4693 344 4749 rentur,
354 4703 416 4756 quae
429 4685 548 4741 habeant
561 4696 665 4742 certum
678 4705 793 4758 eumque
802 4687 966 4743 mediocrem
976 4690 1036 4760 agri
1072 4688 1220 4758 impertire,
1235 4687 1307 4758 quod
1320 4686 1476 4757 proximum
1486 4692 1578 4740 tamen
1588 4691 1640 4749 est,
1651 4683 1761 4742 facium
1778 4674 1835 4747 quil>
1866 4703 1867 4748 i

244 4764 353 4819 modum
368 4781 511 4830 annexum,
526 4766 573 4836 qni
594 4766 708 4821 distrahi
727 4783 781 4820 non
799 4767 897 4837 possin
918 4783 951 4822 eo
973 4768 1034 4834 fine,
1072 4782 1108 4835 pe
1132 4766 1180 4836 qui
1198 4764 1383 4841 cujuscunque
1402 4763 1521 4819 nationis
1539 4763 1666 4818 homines
1686 4760 1719 4815 ad
1736 4754 1835 4812 mutim
1866 4753 1867 4828 i

244 4850 273 4897 ut
294 4843 329 4898 ad
348 4844 446 4898 victum
466 4844 648 4899 liberaliorem
666 4845 796 4909 sufficiat;
817 4852 900 4916 utque
920 4846 1037 4917 agricul·
1073 4862 1151 4900 susm
1170 4844 1333 4899 ordinariam
1357 4844 1510 4915 promiscue
1530 4842 1689 4897 admittant:
1715 4834 1835 4909 quinetiam
1866 4835 1867 4912 ζ

244 4929 306 4977 tura
326 4923 361 4977 ab
382 4922 418 4978 iis
439 4930 619 4989 exerceretur,
640 4924 687 4994 qui
705 4924 808 4978 domini
827 4924 929 4979 inerint
951 4925 1035 4990 fundi,
1073 4940 1208 4979 summum
1218 4923 1440 4994 belliimperium
1453 4921 1601 4978 haudraro
1614 4912 1835 4975 adducesnationt
1866 4927 1867 4986 i

244 5008 292 5056 aut
309 5002 405 5056 saltem
425 5002 622 5067 usufructuarii,
642 5020 697 5056 non
718 5003 877 5057 conductitii
900 5011 947 5059 aut
969 5021 1037 5059 mer·
1073 5020 1128 5058 non
1149 5003 1288 5075 Hispanos
1312 5002 1443 5057 deferunt
1482 4998 1610 5055 Attamen
1633 5006 1661 5054 et
1679 4997 1748 5052 illam
1768 4993 1836 5061 iptffl
1866 4991 1867 5068 i

244 5082 354 5136 cenarii.
394 5083 467 5136 Nam
491 5082 531 5134 ita
547 5081 655 5134 demum
674 5081 858 5136 characterem
877 5082 964 5149 illum,
983 5101 1037 5155 quo
1074 5082 1198 5138 videntur
1220 5098 1275 5136 non
1298 5082 1336 5137 ita
1360 5082 1466 5153 pridem
1488 5079 1677 5151 indigenarum
1701 5071 1836 5157 paucitatem

245 5160 384 5231 antiquam
400 5160 507 5214 ltaliam
526 5160 668 5230 insignivit
681 5159 820 5231 Virgilius,
835 5163 984 5219 merebitur
997 5182 1037 5219 re-
1074 5163 1199 5226 sensisse,
1211 5162 1289 5233 eique
1303 5176 1457 5216 succurrere
1471 5159 1602 5229 cupiissec
1616 5165 1646 5211 ut
1656 5173 1690 5210 ex
1698 5154 1836 5224 pragrutlw⁸

246 5238 292 5308 gio
305 5238 416 5310 aliqua:
1075 5240 1224 5306 sanctione,
1239 5240 1291 5294 hoc
1304 5256 1377 5295 anno
1391 5237 1569 5309 promulgata,
1583 5251 1693 5289 cernere
1705 5239 1751 5286 est.
1866 5251 1867 5254 ¹

390 5352 406 5373 ι.
415 5347 489 5396 Tem
499 5355 581 5410 potens
591 5349 668 5407 m,
680 5357 749 5410 arque
758 5350 831 5399 m
841 5351 936 5414 gleba‘·
1114 5320 1142 5374 b.
1157 5319 1347 5374 Certissimum
1361 5325 1411 5382 est,
1421 5324 1493 5372 artes
1506 5314 1678 5370 mechanicas
1690 5303 1834 5365 menariae
1866 5349 1867 5354 1

1075 5415 1136 5469 quae
1156 5414 1211 5453 uon
1234 5398 1284 5454 sub
1304 5397 1357 5463 dio,
1372 5397 1420 5452 sed
1440 5395 1579 5451 subtecto
1598 5389 1835 5448 exercentunsltl‘
