3800 5875
214 287 273 344 568
751 284 933 343 HISTORIA
954 286 1052 342 VlTAE
1072 287 1121 343 ET
1141 286 1296 371 Montis.

214 455 263 512 set,
285 462 346 501 cum
367 444 422 499 huc
442 450 514 499 esset
530 450 709 500 transvectus.
764 443 830 499 Avis
851 444 905 499 cibi
926 445 1004 516 qussi
1043 444 1115 515 quod
1128 445 1212 499 etiam
1225 444 1328 499 iaciunt
1340 452 1434 509 trute3
1458 450 1486 499 at
1499 459 1580 514 perca
1595 442 1671 498 tarde
1682 443 1793 509 erasit,
1809 454 1835 498 et

214 524 359 597 omnigeni,
373 530 453 595 atque
468 525 551 579 etiam
565 526 695 579 mandens
707 524 790 589 cibos,
804 532 886 594 atque
896 535 1004 578 mutans
1042 524 1112 577 vivit
1125 525 1235 579 diutius.

186 610 190 617 ’
213 605 326 660 subinde
339 611 470 657 rostrum:
490 619 596 673 aspera,
611 612 638 657 et
650 603 776 669 seracula,
790 604 916 658 carnibus
929 604 1003 657 atris.
1083 602 1131 658 48.
1151 602 1238 657 Vasta
1263 601 1313 656 illa
1339 602 1425 657 moles
1451 601 1617 658 micanum
1642 609 1671 656 et
1700 616 1834 664 aarum.

253 682 300 737 31.
321 682 396 737 Pavo
418 683 453 736 sd
469 682 566 753 viginti
584 698 670 736 annos
689 684 773 737 visit:
802 681 894 736 oculos
913 691 1004 737 autem
1043 682 1171 751 quamdiu
1191 682 1289 753 spiritu
1309 691 1424 753 regatur,
1437 681 1478 737 nil
1491 684 1560 736 certi
1575 681 1724 744 habemus3
1746 697 1834 751 neque

213 760 305 833 Argus
318 777 373 815 non
393 761 490 831 recipit
510 771 571 815 ante
592 763 745 817 trimatum:
767 762 922 832 tardigrada
937 762 1003 826 avis,
1042 761 1124 815 etiarn
1145 762 1179 816 de
1196 761 1301 832 phocis,
1315 771 1363 816 aut
1381 762 1470 832 porcia
1486 762 1608 827 marinis,
1622 768 1651 814 et
1666 759 1732 815 aliis
1752 761 1834 830 pisci·

212 842 340 896 carnibus
353 857 418 895 vero
432 840 563 895 candidis.
1041 839 1092 893 bus
1105 840 1263 895 innumeris.

252 920 299 975 32.
321 918 415 974 Gallus
435 918 610 990 gallinaceus,
631 919 716 986 salax,
731 936 851 991 pugnax,
865 925 892 972 et
913 917 1004 973 brevis
1084 918 1131 974 49.
1153 919 1289 975 Crocodili
1301 919 1478 990 perhibentur
1489 936 1550 974 esse
1563 917 1709 974 admodum
1718 916 1833 985 vivaces,

212 999 279 1054 aevi:
301 998 398 1053 alacris
411 997 556 1053 admodum
570 998 635 1062 ales,
646 1004 675 1052 et
686 998 813 1053 carnibus
826 998 910 1052 etiam
924 997 1002 1052 albis.
1041 1009 1122 1073 atque
1140 999 1338 1071 grandescendi
1354 999 1494 1070 periodum
1514 999 1611 1053 itidem
1630 996 1734 1051 habere
1753 996 1834 1068 insig-

251 1078 299 1133 33.
323 1077 417 1133 Gallus
431 1077 547 1143 Indicus,
562 1085 609 1131 sut
626 1077 756 1133 'l'urcicus
771 1077 868 1153 (quem
889 1072 1002 1149 vocant)
1040 1097 1122 1145 nemr
1150 1078 1219 1134 adeo
1240 1086 1271 1133 ut
1289 1077 1341 1133 hos
1359 1076 1432 1134 solos
1451 1095 1488 1132 ex
1506 1076 1672 1132 animahbus
1694 1084 1833 1147 perpetuo,

211 1156 356 1228 gallinacei
369 1173 457 1212 evum
473 1173 571 1227 parum
589 1165 713 1227 superatr
733 1156 877 1211 morundus
896 1155 961 1221 ales,
976 1165 1003 1209 et
1043 1159 1107 1215 dum
1128 1158 1227 1223 vivunt,
1251 1158 1429 1228 grandescere
1452 1157 1545 1228 opinio
1568 1157 1615 1211 sit.
1659 1155 1774 1210 Animal
1795 1166 1834 1211 est

211 1236 338 1291 carnibus
352 1235 430 1289 valde
445 1235 525 1291 albis.
1044 1240 1192 1310 oviparum,
1206 1253 1292 1292 vorax
1305 1244 1332 1291 et
1344 1253 1452 1301 suevum,
1466 1243 1495 1291 et
1509 1236 1611 1307 optime
1625 1241 1730 1290 tectum
1743 1243 1834 1289 conns

251 1314 297 1369 34.
318 1315 465 1369 Palumbes
484 1321 549 1369 sunt
569 1330 606 1369 ex
625 1314 813 1379 vivacioribus,
826 1321 857 1368 ut
869 1313 1003 1385 quinqua·
1041 1334 1135 1389 aquas.
1175 1316 1214 1371 At
1233 1317 1267 1370 de
1289 1316 1397 1387 reliquo
1413 1322 1530 1371 testaceo
1546 1331 1649 1387 genere
1668 1313 1742 1369 nihil
1761 1315 1831 1380 cern,

210 1394 345 1464 gesimum
366 1411 467 1448 annum
488 1392 632 1465 aliquando
653 1394 812 1465 compleant,
826 1393 916 1447 sirius
937 1391 1002 1457 alea,
1041 1398 1114 1468 quod
1127 1396 1258 1451 advitam
1271 1397 1392 1467 ipsorum
1406 1395 1510 1461 attinet,
1521 1395 1683 1465 reperimus.

211 1479 239 1526 et
250 1472 280 1526 in
294 1472 349 1527 alto
362 1483 390 1528 et
398 1472 540 1527 nidificans
553 1480 581 1528 et
594 1474 698 1528 sedens.
739 1473 879 1528 Columbae
891 1488 958 1525 vero
970 1487 1002 1525 ac

210 1558 335 1618 turtures,
349 1552 405 1607 vita
418 1552 521 1617 breves,
535 1569 621 1624 usque
635 1552 670 1606 ad
683 1569 784 1608 annum
798 1560 929 1607 octavum.

250 1631 299 1687 35.
321 1632 359 1686 At
372 1631 499 1702 phasiani
513 1639 540 1686 et
553 1632 675 1703 perdices
689 1633 772 1689 etiam
791 1631 925 1686 decimum
939 1646 1002 1685 sex·
1079 1630 1213 1684 Numam
1231 1628 1349 1701 aliquam
1367 1627 1550 1699 longevitatis
1568 1636 1597 1683 et
1615 1627 1761 1684 brevitatis
1773 1628 1832 1685 vita

209 1716 267 1764 tum
280 1728 380 1766 annum
393 1710 507 1782 implere
520 1720 640 1780 possunt.
680 1710 753 1766 Aves
766 1711 903 1766 numerosi
912 1709 1002 1772 iustus,
1040 1710 1070 1764 in
1082 1707 1245 1764 animalibus
1258 1708 1379 1764 invenire
1393 1708 1503 1763 difficile
1516 1715 1567 1773 est,
1580 1715 1695 1779 propter
1713 1707 1831 1763 observa·

210 1790 336 1846 carnibus
350 1798 441 1846 autem
455 1789 537 1861 paulo
551 1790 762 1857 obscurioribus,
773 1807 855 1861 quam
867 1788 1002 1860 pullorum
1040 1789 1145 1843 tionum
1158 1788 1356 1860 negligentiam
1369 1796 1399 1843 et
1417 1803 1560 1842 causarum
1578 1786 1830 1859 complicationem

211 1884 304 1940 genus.
1040 1885 1127 1940 pauca
1139 1868 1302 1923 notabimus.

249 1947 297 2002 36.
317 1948 415 2004 Fertur
426 1948 459 2003 de
472 1946 585 2012 merula,
599 1948 718 2019 quodsit
731 1964 767 2002 ex
779 1948 876 2002 avibus
889 1947 1002 2001 minori·
1082 1946 1107 2002 1.
1129 1947 1304 2002 Inveniuntur
1324 1945 1414 2015 plnres
1431 1962 1467 2001 ex
1480 1946 1577 2001 avibus
1596 1944 1740 2016 longaeve,
1755 1963 1831 2017 qoam

209 2027 260 2083 bus
270 2027 390 2083 maxime
403 2025 544 2098 longoeva3
565 2044 667 2097 procax
681 2034 752 2081 certe
770 2028 835 2091 avia,
849 2034 878 2080 et
890 2027 1001 2081 vocalis.
1040 2044 1076 2081 ex
1090 2025 1314 2097 quadrupedibus,
1324 2026 1406 2092 (sicut
1419 2025 1520 2097 aquila,
1534 2024 1634 2089 vultur,
1644 2023 1753 2090 milvus,
1767 2025 1831 2095 peli-

250 2106 297 2168 37.
318 2109 416 2163 Passer
429 2114 535 2161 notatur
548 2122 607 2161 esse
621 2107 673 2161 tevi
693 2106 864 2171 brevissimi3
884 2105 913 2159 id
931 2106 1003 2177 quod
1039 2123 1130 2171 canus,
1151 2122 1254 2168 comus,
1272 2106 1373 2168 cornix,
1387 2121 1500 2176 cygnus,
1518 2121 1607 2169 anser,
1625 2105 1742 2170 ciconia,
1762 2121 1828 2176 grus

210 2187 245 2242 sd
268 2185 437 2241 salacitatem
458 2186 573 2241 refertur
592 2185 622 2239 in
641 2185 777 2241 maribus:
812 2195 840 2240 at
859 2184 1001 2251 carduelis,
1039 2185 1101 2249 ibis,
1126 2183 1435 2255 psittacus,-palmnbes,
1460 2182 1527 2254 etc.)
1551 2184 1618 2238 licet
1640 2184 1715 2238 intra
1734 2201 1828 2238 anunm

210 2282 322 2336 corpore
333 2265 406 2321 haud
413 2266 507 2334 major,
518 2264 702 2335 deprehensus
712 2273 754 2320 est
766 2265 856 2319 vivere
867 2264 902 2319 ad
915 2280 1002 2320 annos
1039 2266 1221 2335 perficiantur,
1244 2271 1274 2318 et
1294 2263 1407 2318 minoris
1427 2263 1483 2318 sint
1503 2262 1593 2318 molis.
1635 2262 1830 2333 Tegumentvm

209 2344 315 2416 viginti.
1039 2352 1111 2399 certe
1131 2344 1252 2414 ipsarum
1273 2343 1363 2397 avium
1376 2350 1471 2397 contm
1489 2343 1669 2412 intemperies
1682 2343 1748 2397 cosli
1768 2344 1829 2415 opti-

248 2421 296 2479 38.
317 2424 360 2479 Βε
381 2423 576 2479 struthionibus
595 2422 666 2478 nihil
687 2424 754 2478 certi
775 2423 923 2488 habemus3
955 2422 1001 2493 qui
1039 2440 1114 2478 mum
1127 2431 1187 2478 este
1208 2439 1321 2493 cumque
1335 2422 1365 2476 in
1378 2424 1441 2476 a'e're
1454 2422 1542 2476 libero
1555 2421 1829 2493 plerumquedegant,

210 2502 282 2557 domi
302 2503 461 2568 nutriuntur,
475 2504 543 2557 adeo
561 2501 684 2558 infelices
704 2504 819 2567 fuerunt,
838 2510 868 2558 ut
885 2519 941 2557 non
954 2502 1001 2556 de·
1039 2502 1142 2557 similes
1161 2511 1225 2556 sunt
1246 2501 1443 2556 habitatoribus
1466 2502 1599 2555 montium
1618 2502 1770 2572 puriorum,
1786 2503 1828 2571 qui

208 2581 336 2652 prehensi
350 2583 408 2637 sint
420 2582 467 2637 diu
478 2582 586 2637 vivere:
606 2582 640 2637 de
654 2599 704 2636 ave
723 2582 762 2636 ibi
780 2588 884 2637 constat
897 2590 1001 2636 tantum
1039 2580 1154 2652 longavi
1173 2587 1242 2635 sunt.
1283 2579 1375 2635 Etiam
1389 2588 1478 2635 motus
1497 2581 1629 2651 ipsarum,
1644 2581 1692 2652 qui
1711 2581 1828 2649 (ntslibi

210 2661 281 2733 quod
294 2662 330 2716 sit
343 2661 474 2733 longeva,
488 2662 553 2716 anni
566 2678 621 2715 non
633 2669 818 2717 numerantur.
1039 2661 1140 2715 dictum
1162 2662 1215 2729 est)
1237 2660 1339 2715 mixtus
1360 2667 1404 2714 est
1424 2677 1460 2714 ex
1481 2660 1634 2730 gestatione
1659 2668 1744 2730 atque
1762 2670 1829 2713 moto

247 2737 296 2794 ³9.
318 2740 440 2795 Piscium
453 2741 508 2795 vita
522 2742 611 2811 magis
625 2742 729 2796 incerta
748 2748 797 2806 est,
811 2757 893 2812 qnam
907 2746 1002 2795 terres
1039 2749 1152 2803 anuum,
1166 2739 1256 2795 minus
1266 2739 1363 2810 fatigat
1376 2747 1423 2794 aut
1436 2740 1563 2804 concutit,
1575 2747 1605 2794 ει
1614 2739 1704 2810 mnis
1719 2737 1828 2795 salubris

209 2820 298 2885 mium,
312 2837 374 2876 cum
388 2819 439 2875 sub
452 2820 530 2892 aquis
549 2820 679 2891 degentes
698 2821 788 2875 minus
809 2821 1000 2875 observentur:
1039 2826 1094 2873 est:
1115 2836 1203 2888 neque
1229 2820 1260 2874 in
1285 2827 1362 2874 utero
1384 2826 1501 2873 matrum
1528 2819 1764 2889 compressionem
1788 2827 1829 2872 aut

207 2914 263 2954 non
276 2901 410 2970 respirant
422 2917 458 2956 ex
471 2900 540 2972 ipsis
553 2899 679 2971 plurimi;
700 2899 771 2955 unde
785 2900 896 2971 spiritus
910 2899 1001 2954 vitalis
1039 2900 1180 2969 penuriam
1198 2898 1319 2953 alimenti
1333 2898 1471 2970 patiuntur
1483 2898 1563 2952 initia
1576 2897 1751 2964 volatilium
1771 2898 1829 2970 qnia

208 2979 298 3051 magis
311 2980 453 3035 conclusus
470 2988 527 3045 ectr
548 2981 640 3051 itaque
654 2979 718 3034 licet
736 2980 907 3050 refrigerium
929 2979 1002 3034 exci·
1038 2996 1091 3033 ova
1112 2979 1250 3049 pervices
1269 2977 1466 3033 excluduntur:
1486 2978 1607 3033 maxime
1628 2995 1695 3033 vero
1715 2981 1830 3033 omnium

208 3058 286 3129 piant
299 3076 349 3129 per
360 3059 513 3123 branchias,
527 3059 601 3114 haud
614 3068 704 3114 tamen
717 3059 757 3114 ita
775 3059 902 3113 continua
915 3060 946 3113 tit
958 3075 1001 3114 re·
1038 3057 1105 3113 illud
1118 3059 1148 3113 in
1162 3074 1310 3112 caumesse
1320 3058 1494 3123 arbitramur;
1509 3058 1659 3129 quodfiant
1668 3074 1736 3113 aves
1748 3058 1829 3129 magis

208 3138 357 3208 frigeratio,
372 3156 454 3210 quam
467 3155 517 3209 per
531 3137 689 3193 anhelitum.
1014 3137 1016 3140 ’
1038 3154 1075 3191 ex
1096 3138 1247 3192 substantia
1266 3138 1369 3203 matris,
1384 3154 1466 3208 quam
1487 3137 1590 3205 patris3
1612 3137 1685 3192 unde
1706 3139 1829 3209 spiritum

247 3216 294 3271 40.
317 3217 350 3272 Ιιι
369 3219 447 3290 aquis
467 3234 528 3272 cum
549 3217 689 3288 degente
707 3217 886 3273 desiccatione
905 3215 954 3271 illa
974 3225 1001 3272 et
1038 3217 1228 3271 nanciscuntur
1240 3217 1330 3271 minos
1343 3226 1471 3271 scremet
1484 3217 1635 3272 incensum.

207 3294 415 3366 depredatione,
439 3314 500 3369 quas
520 3296 550 3350 fit
572 3313 621 3367 per
644 3300 735 3351 aerem
755 3297 927 3362 ambientem,
951 3297 1001 3351 im·
1078 3296 1107 3350 2.
1129 3296 1198 3351 Poni
1209 3296 1303 3366 possit,
1317 3294 1453 3360 animalia,
1470 3313 1532 3366 quae
1549 3303 1676 3356 creantur
1692 3297 1783 3367 magis
1797 3311 1829 3349 er

208 3391 305 3429 munes
326 3385 403 3442 sunt;
423 3392 511 3447 neque
533 3384 624 3430 tamen
645 3376 757 3431 dubium
778 3385 827 3440 est,
842 3376 908 3447 quin
929 3393 1001 3447 aqua
1038 3376 1190 3430 substantia
1216 3375 1310 3430 matris
1337 3392 1419 3446 quam
1442 3376 1535 3444 patris,
1563 3391 1624 3430 esse
1647 3375 1827 3446 langravium

207 3454 337 3518 ambiens,
351 3463 433 3527 atque
447 3456 519 3510 intra
532 3456 743 3525 poroscorporis
756 3463 900 3525 penetrans
913 3463 942 3510 et
956 3473 999 3510 re·
1038 3455 1261 3526 quemadmodum
1285 3471 1356 3519 aves,
1383 3462 1414 3509 ut
1440 3454 1542 3508 dictum
1568 3461 1626 3509 ests
1654 3456 1748 3520 etism,
1775 3471 1829 3526 que

207 3540 294 3604 cepta,
308 3532 371 3604 plus
384 3543 481 3588 noceat
494 3533 528 3588 ad
541 3534 625 3589 vitam
639 3551 720 3605 quam
733 3533 789 3589 air.
1037 3534 1159 3605 longiore
1174 3541 1294 3604 ternpore
1308 3542 1449 3605 gestantur
1461 3533 1491 3587 in
1510 3532 1579 3597 alvo,
1593 3533 1659 3604 plus
1676 3533 1779 3589 hebere
1797 3549 1829 3586 er

247 3612 294 3668 41.
317 3613 464 3685 Sanguinis
489 3612 666 3684 perhibentur
695 3630 755 3669 esse
782 3613 873 3668 minus
895 3615 998 3686 tepidi;
1038 3614 1188 3669 substantia
1197 3614 1299 3678 matris,
1309 3612 1540 3668 minusesemine
1554 3611 1657 3683 patris;
1672 3630 1705 3667 ac
1720 3611 1828 3683 proinde

207 3700 324 3764 suntque
338 3692 461 3748 nonnulli
474 3693 593 3763 ipsorum
612 3693 787 3757 veracissimi,
801 3693 884 3747 etiam
897 3696 999 3764 speciei
1038 3693 1215 3748 diuturnioris
1236 3693 1287 3747 tevi
1309 3709 1385 3748 esse:
1406 3691 1474 3748 adeo
1491 3699 1522 3747 ut
1540 3692 1732 3748 existimemus
1753 3693 1829 3747 etiam

206 3772 343 3842 propriae3
373 3788 437 3825 caro
460 3779 552 3826 autem
573 3771 694 3841 ipsorum
717 3770 824 3826 mollior
845 3780 893 3836 est,
918 3790 999 3844 quam
1037 3771 1109 3827 inter
1130 3772 1253 3826 homines
1278 3772 1364 3843 (quod
1384 3772 1413 3826 in
1433 3770 1570 3843 aliquibus
1590 3773 1760 3841 notavimus)
1779 3787 1827 3836 eos,

207 3850 381 3916 terrestrium,
402 3858 429 3905 et
450 3851 538 3905 minos
559 3859 658 3905 tenax:
679 3858 798 3905 attamen
820 3852 1000 3922 pinguescunt
1038 3853 1084 3922 qui
1095 3851 1239 3906 similiores
1253 3863 1315 3905 sunt
1328 3852 1466 3915 matribus,
1478 3850 1579 3906 diutius
1592 3852 1702 3915 vivere;
1717 3868 1768 3908 nee
1779 3869 1828 3906 non

205 3930 337 3999 majorem
350 3931 380 3985 iu
393 3930 510 3997 modum,
524 3938 554 3985 ut
566 3947 603 3984 ex
615 3929 729 3986 balsanis
746 3931 852 3985 infinita
874 3932 1000 3987 extraha-
1037 3930 1138 3986 liberos
1152 3947 1254 3994 senum,
1270 3931 1317 4000 qui
1337 3948 1373 3985 ex
1392 3930 1523 3986 uxoribus
1541 3929 1754 3988 adolescentulis
1774 3949 1829 4003 pro

206 4016 250 4063 tur
262 4010 400 4080 quantitas
414 4008 478 4065 olei.
1037 4010 1193 4081 gignuntur,
1207 4010 1288 4064 modo
1300 4009 1401 4064 inerint
1413 4019 1506 4080 patres
1520 4012 1580 4066 sani
1594 4018 1622 4065 et
1635 4029 1691 4066 non
1706 4011 1826 4067 morbidi

246 4087 293 4142 42.
315 4087 445 4157 Delphini
459 4089 602 4144 uaduntur
614 4089 706 4144 vivere
720 4105 804 4143 annos
818 4088 891 4144 circa
906 4090 1000 4161 trigin-
1077 4089 1104 4144 3.
1126 4089 1211 4145 Initia
1225 4106 1314 4144 rerum
1327 4097 1356 4143 ει
1362 4089 1468 4158 injurias
1481 4097 1510 4144 et
1523 4090 1630 4146 auxilio
1642 4093 1763 4147 maxime
1773 4090 1829 4145 sub

206 4172 250 4231 tar
265 4174 346 4237 capto
359 4168 546 4237 experimento
559 4168 588 4222 in
597 4167 733 4240 aliquibus
746 4185 763 4222 a
776 4167 862 4222 cauda
869 4169 998 4240 praecisa:
1034 4168 1182 4237 jiciuntnr:
1196 4169 1288 4240 itaque
1297 4169 1429 4224 minorem
1439 4171 1670 4240 compressionem
1681 4181 1709 4226 et
1716 4168 1828 4225 liberali·

206 4245 388 4316 grandescunt
400 4255 492 4302 autern
505 4247 540 4300 ad
553 4265 638 4302 annos
652 4249 754 4302 decem.
1037 4264 1111 4302 orem
1125 4248 1358 4302 alimentationem
1372 4248 1489 4302 t'oetusin
1499 4257 1575 4303 utero
1582 4250 1618 4303 ad
1630 4249 1827 4321 longevitatem

245 4323 293 4379 43.
313 4323 417 4379 Mirum
437 4334 485 4392 est,
500 4327 571 4398 quod
592 4327 712 4382 referunt
729 4326 762 4381 de
784 4325 911 4398 piscibus,
927 4328 1000 4398 quod
1036 4326 1151 4382 multum
1173 4326 1296 4381 conterre
1319 4343 1368 4396 par
1391 4337 1454 4382 est:
1474 4327 1504 4383 id
1524 4328 1561 4393 fit,
1580 4337 1627 4383 ant
1648 4347 1712 4383 cum
1735 4337 1828 4384 exeunt

206 4411 295 4469 astate,
310 4412 371 4474 post
390 4421 475 4460 annos
494 4405 644 4471 nonnullos,
658 4406 804 4477 plurimum
826 4413 999 4462 attenuantur
1037 4406 1118 4461 ioetus
1139 4406 1284 4476 pervices,
1300 4415 1331 4461 ut
1350 4406 1381 4460 in
1403 4406 1515 4471 avibus3
1540 4415 1587 4463 aut
1604 4425 1669 4462 cum
1692 4409 1828 4479 pariuntur

205 4498 326 4553 corpore,
346 4493 471 4538 manente
490 4485 584 4552 canda,
606 4495 634 4540 et
653 4487 750 4557 eapite,
763 4485 794 4539 in
812 4487 998 4557 magnitudine
1037 4486 1117 4550 unici,
1131 4492 1161 4540 ut
1171 4485 1199 4539 in
1213 4484 1375 4540 animalibus
1388 4485 1435 4540 uui
1449 4484 1535 4557 paris.

206 4561 307 4631 priore.
1075 4566 1103 4618 4.
1125 4563 1161 4618 At
1173 4571 1279 4635 tempus
1291 4561 1400 4635 longius
1413 4564 1572 4636 gestationis
1585 4564 1615 4618 in
1629 4571 1709 4620 utero
1722 4564 1828 4636 triplici

245 4642 292 4696 44.
313 4640 501 4712 Deprehensae
521 4650 583 4698 sunt
603 4642 752 4714 aliqnando
771 4642 801 4696 in
814 4642 926 4712 piscinis
940 4643 999 4699 Cas·
1037 4650 1077 4697 ter
1096 4643 1163 4697 iacit
1185 4643 1220 4698 ad
1238 4642 1436 4714 longitudinem
1449 4644 1520 4699 vitre
1561 4642 1663 4707 Primo,
1678 4645 1753 4716 quod
1771 4644 1827 4715 plna

205 4720 321 4775 surianis
340 4738 466 4775 murteum
486 4722 586 4776 vixisse
607 4722 643 4776 ad
665 4737 765 4776 annum
786 4723 997 4792 sexagesimum.
1037 4721 1120 4778 hebet
1140 4723 1222 4777 toetus
1243 4740 1279 4778 ex
1302 4723 1452 4778 substantia
1473 4722 1575 4787 matris,
1594 4730 1626 4776 ut
1650 4724 1755 4779 diemm
1776 4733 1827 4782 ests

206 4798 287 4854 Certe
298 4799 410 4855 redditas
419 4809 484 4854 suut
493 4800 634 4871 longousu
646 4808 701 4856 tam
712 4800 868 4866 familiares,
880 4808 909 4856 ut
920 4802 1000 4857 Cras·
1037 4801 1144 4867 deinde,
1164 4802 1236 4872 quod
1258 4802 1351 4873 prodit
1372 4795 1570 4865 confirmation
1590 4811 1742 4872 postremo,
1764 4799 1827 4874 quod

205 4894 252 4933 sus
265 4887 355 4934 orator
367 4897 449 4934 unam
462 4895 498 4934 ex
506 4879 562 4934 illis
575 4881 721 4935 defleverit
1037 4880 1108 4936 aeris
1117 4882 1173 4934 vim
1186 4880 1374 4949 predatoriam
1388 4882 1490 4936 tardius
1498 4880 1646 4951 experitur.
1677 4881 1827 4943 Quinetiam

244 4958 291 5013 45.
312 4958 415 5014 Lucius
436 4975 472 5013 err
491 4959 610 5028 piscibus
631 4977 710 5030 aquas
730 4957 816 5012 dulcis
837 4956 999 5031 longissime
1037 4960 1147 5014 denotat
1171 4960 1296 5030 periodos
1320 4961 1406 5031 ipsius
1426 4970 1538 5025 naturae,
1560 4976 1609 5031 per
1633 4962 1755 5029 majores
1774 4957 1826 5015 fieri

206 5036 295 5092 vivere
311 5039 457 5107 repetitum
479 5038 514 5092 ad
527 5054 627 5093 annum
642 5037 803 5109 quandoque
818 5037 998 5110 quadragesi·
1036 5039 1160 5093 circulos.
1200 5040 1290 5111 Atque
1303 5039 1368 5094 licet
1380 5047 1407 5093 et
1419 5040 1502 5094 boves
1515 5049 1545 5094 et
1556 5056 1630 5103 oves,
1645 5041 1696 5110 qui
1715 5042 1745 5096 in
1757 5049 1828 5094 utero

206 5132 298 5181 mum3
319 5117 402 5187 piscis
413 5134 507 5181 vorax,
522 5124 550 5171 et
563 5116 690 5171 carnibus
703 5116 861 5173 siccioribus
875 5127 905 5171 et
918 5119 999 5173 firmi·
1036 5127 1147 5172 manent
1158 5118 1266 5174 circiter
1279 5136 1330 5174 sex
1339 5136 1454 5182 menses,
1464 5118 1597 5174 brevioris
1605 5119 1662 5173 sint
1671 5121 1733 5186 tevi,
1745 5127 1826 5174 tamea

205 5194 307 5250 oribus.
1037 5198 1065 5251 id
1079 5215 1116 5252 ex
1129 5196 1191 5251 aliis
1204 5199 1295 5253 causis
1309 5206 1397 5253 ortum
1410 5199 1504 5253 habet.

245 5273 292 5327 46.
312 5274 349 5328 At
363 5276 461 5345 caspio,
477 5274 611 5338 obtamus,
625 5273 705 5337 tinea,
719 5272 847 5345 anguilla,
861 5287 888 5329 et
900 5275 999 5345 hujus·
1078 5277 1106 5330 5.
1127 5275 1298 5331 comestores
1311 5277 1442 5348 graminis
1452 5285 1481 5330 et
1494 5276 1586 5331 herbas
1595 5275 1828 5348 simpliciabresis

206 5352 287 5414 modi,
302 5368 355 5405 non
369 5361 495 5423 putantur
508 5353 598 5406 vivere
613 5351 683 5406 ultra
697 5368 782 5407 annos
796 5353 899 5409 decem.
1037 5364 1101 5411 sunt
1121 5355 1188 5419 aevi;
1210 5355 1343 5427 longioris
1363 5365 1454 5411 autem
1471 5354 1602 5410 animalia
1622 5357 1773 5418 carnivora,
1784 5361 1826 5408 aot

246 5427 294 5489 47.
317 5429 458 5485 Salmonea
486 5431 542 5485 cito
568 5430 757 5502 grandescunt,
782 5431 858 5486 brevi
887 5433 997 5500 vivunt;
1037 5435 1119 5490 etiam
1133 5434 1267 5489 seminum
1287 5442 1317 5492 et
1330 5434 1466 5492 tmctuum
1479 5441 1654 5502 comestores,
1667 5436 1738 5492 sicut
1750 5449 1824 5490 ares:

1244 1534 1472 1575 cassavamortus
1493 1535 1629 1574 wom-
