3800 5875
77 274 141 331 Osa
156 275 206 330 lll.
578 278 629 334 DE
651 278 876 334 AUGMENTIS
897 278 1172 334 scissurarum.
1623 280 1682 337 385

220 449 282 489 sao.
610 451 729 492 cossas.
889 437 1020 505 juvenilia
1043 437 1160 492 fructum
1184 437 1288 509 perire:
1309 438 1461 507 praesertim
1480 455 1542 492 cum
1564 436 1604 513 (si
1623 438 1683 509 quia

109 526 168 581 Non
177 526 235 594 jam
247 525 309 582 lave
318 534 361 582 est
369 530 439 599 peri.
519 528 638 584 prmus
663 547 725 585 cum
759 532 854 602 pauci,
892 516 998 571 mutim
1011 514 1196 590 introspiciat)
1211 518 1315 572 semina
1329 515 1390 581 sint,
1404 533 1458 571 non
1472 517 1561 572 tiores.
1589 518 1620 571 ln
1635 517 1685 572 illo

74 601 415 669 enimsilescvideatur.
479 608 616 674 remediis,
645 627 706 680 quae
737 611 856 665 imme.
891 602 983 650 eutem
1011 595 1220 650 adolescentiam
1247 595 1328 667 plane
1349 597 1461 667 spirant,
1483 596 1554 668 qnod
1577 597 1683 653 sintin

476 693 546 753 mne,
561 703 619 743 rem
632 688 753 755 haber„
773 706 855 759 quam
892 674 997 739 morali,
1026 674 1083 728 sire
1110 675 1321 730 demonstrativo
1351 691 1459 745 genere,
1488 675 1626 741 uberiora,
1655 676 1684 731 in

476 782 539 821 mm
552 766 635 822 mini,
645 767 824 839 ,iugulorum
891 752 1077 817 deliberativo,
1090 762 1117 809 et
1127 753 1258 822 judiciali,
1270 770 1414 824 perpauca.

930 832 1025 887 Tertia
1036 832 1170 897 collectio,
1191 851 1251 905 qnae
1270 833 1389 904 pertinet
1406 833 1442 887 ad
1464 831 1683 904 promptuariam,

422 937 497 979 urs.
891 918 974 983 atque
987 912 1072 966 etiam
1085 912 1259 978 desideratur,
1271 919 1312 967 est
1325 928 1366 976 ea,
1381 928 1463 983 quam
1476 928 1572 966 vocare
1586 910 1683 981 placet,

891 990 1068 1045 formularum
1081 992 1223 1046 minorum.
1265 990 1324 1046 illae
1338 999 1428 1045 autem
1441 999 1510 1055 sunt,
1524 990 1608 1046 veluti
1622 1007 1683 1045 ves·

891 1069 986 1135 tibnla,
1006 1072 1125 1139 posticae,
1147 1078 1343 1133 ante-camena,
1360 1087 1527 1133 re-camerae,
1546 1070 1682 1135 transitus,

219 1150 283 1191 ¹³¹⁰·
605 1154 725 1195 cotim·
891 1155 942 1203 etc.
967 1149 1115 1215 orationis,
1138 1167 1198 1221 quoe
1217 1148 1452 1204 indiscriminatim
1473 1149 1598 1204 omnibus
1619 1149 1683 1204 sub·

105 1226 154 1288 Qui
173 1227 264 1284 lenem
277 1229 361 1285 istam
374 1247 439 1300 pm.
518 1231 606 1288 omne
626 1233 776 1288 remedium
798 1234 853 1288 via
888 1227 971 1295 jectis
984 1235 1138 1298 competere
1152 1229 1264 1298 possint
1305 1227 1406 1289 Quales
1419 1235 1484 1282 sunt
1501 1227 1682 1298 prefationes,

68 1306 439 1380 dentiamamptectuatur,iis
477 1310 588 1377 lentum,
616 1328 761 1385 praegnana
791 1314 854 1368 novi
890 1307 1086 1372 conclusiones,
1095 1307 1285 1379 digressiones,
1294 1307 1474 1370 transitiones,
1482 1306 1682 1377 promissiones,

69 1395 207 1457 sogmema
229 1388 298 1444 mali
318 1388 438 1444 salubria
478 1390 553 1446 mali.
890 1386 1094 1451 declinationes,
1109 1396 1137 1441 et
1149 1386 1268 1457 plurima
1282 1386 1423 1456 ejusmodi.
1451 1386 1683 1448 Quemadmodum

68 1474 131 1520 sunt
517 1469 644 1526 Violenta
652 1470 854 1527 consilianemc
890 1465 963 1519 enim
977 1465 1006 1519 in
1019 1465 1151 1530 aediliciis,
1162 1465 1309 1536 plurimum
1322 1466 1387 1519 iacit
1396 1473 1424 1520 et
1434 1466 1469 1521 ad
1478 1464 1644 1537 voluptatem
1655 1472 1683 1520 et

101 1544 267 1611 Necessitas,
293 1565 355 1619 quae
380 1549 437 1602 sio-
476 1549 531 1616 dat,
549 1550 734 1621 praeterirem
753 1558 781 1606 et
799 1568 854 1606 me.
889 1544 925 1599 ad
945 1561 1032 1609 usum,
1057 1553 1089 1599 nt
1114 1545 1290 1615 frontispicia,
1314 1545 1422 1615 gradus
1449 1545 1528 1608 ostia,
1549 1544 1681 1611 fenestras,

68 1622 136 1678 lenta
175 1625 301 1691 consulit,
339 1626 437 1682 eadem
476 1635 546 1684 tum.
889 1622 988 1688 aditus,
998 1625 1135 1689 transitus,
1149 1631 1178 1679 et
1190 1623 1352 1701 hujusmodi,
1361 1625 1501 1679 commode
1514 1623 1681 1679 distribuan-

68 1704 210 1774 exeqnitur.
889 1708 946 1767 turs
972 1704 1067 1757 eodem
1090 1702 1171 1757 modo
1191 1704 1273 1758 etiam
1291 1704 1320 1757 in
1342 1704 1463 1758 oratione
1481 1704 1519 1768 tit,
1532 1710 1562 1758 ut
1578 1702 1681 1757 addita·

424 1799 490 1840 xav.
889 1786 981 1836 menta
994 1789 1021 1836 et
1033 1781 1249 1852 interpositionis
1258 1783 1318 1837 istm
1327 1781 1367 1856 (si
1380 1783 1476 1838 decore
1484 1789 1514 1836 et
1524 1783 1610 1853 perite
1623 1781 1680 1837 ior-

888 1868 997 1915 mentur
1017 1867 1045 1915 et
1064 1859 1242 1931 collocentur)
1264 1861 1411 1933 plurimum
1430 1869 1487 1917 tum
1505 1861 1609 1933 gratiae,
1624 1867 1681 1916 turm

889 1940 1096 2005 commoditatis,
1104 1941 1237 1996 universae
1245 1941 1374 1996 emtionis
1384 1949 1527 1997 structura
1541 1941 1679 2009 adjiciant.

216 2019 282 2059 ¹³¹⁰·
601 2021 723 2062 001tm·
890 2018 996 2073 Harum
1015 2018 1192 2076 formularum
1215 2019 1370 2090 exemplum
1393 2037 1476 2076 unum
1497 2027 1544 2075 aut
1566 2020 1681 2075 alterum

101 2096 268 2163 Diffidentia,
281 2098 358 2153 nervi
377 2116 439 2171 prn-
518 2099 644 2172 Suspicio
662 2100 745 2157 tidem
765 2101 852 2157 absol·
888 2114 1080 2168 proponemus,
1107 2116 1195 2170 neque
1221 2099 1322 2154 diutim
1344 2100 1441 2155 iisdem
1468 2099 1680 2154 immorabimur.

65 2175 174 2241 dentims
189 2177 440 2248 atsnspiciomedi·
477 2181 525 2234 sit.
887 2176 949 2231 Etsi
971 2177 1045 2232 enim
1063 2179 1119 2233 sint
1138 2196 1182 2233 res
1205 2177 1279 2234 hand
1299 2179 1394 2250 exigui
1414 2196 1486 2243 usus,
1508 2185 1599 2233 tamen
1618 2194 1680 2233 cum

65 2262 215 2310 cementum
230 2257 413 2313 arthriticum.
490 2297 503 2308 -
518 2257 708 2330 suspicionum
714 2259 850 2331 intempe-
887 2255 960 2311 nihil
972 2256 1059 2312 inhia
1072 2257 1202 2313 addamus
1215 2257 1249 2313 dc
1264 2265 1363 2323 nostru
1375 2258 1423 2312 sed
1435 2264 1539 2313 tantum
1552 2256 1681 2313 formulas

100 2334 202 2390 Merito
220 2337 282 2405 ejus
300 2337 369 2393 tides
383 2354 440 2394 sus·
479 2338 534 2395 ries
557 2345 601 2395 est
619 2339 711 2394 mania
729 2340 851 2410 quadam
887 2335 983 2401 numa,
997 2353 1034 2391 ex
1047 2337 1240 2401 Demosthene,
1254 2345 1302 2393 aut
1323 2337 1462 2402 Cicerone,
1483 2343 1530 2392 aut
1549 2336 1603 2390 alio
1616 2353 1680 2409 qoo-

65 2422 140 2483 peeta
153 2422 203 2479 est,
216 2432 301 2486 quam
318 2417 439 2487 suspicio
475 2417 573 2474 civilis.
887 2415 964 2485 piam
976 2416 1078 2471 selecto
1093 2423 1209 2482 auctore,
1223 2416 1415 2482 describamus,
1428 2416 1541 2472 inferius
1551 2415 1679 2487 quiddam

64 2491 198 2550 hbeiasit
887 2493 1020 2561 ridentur,
1035 2512 1117 2567 quam
1126 2495 1198 2551 utin
1211 2511 1244 2550 eo
1259 2504 1366 2568 tempus
1379 2505 1504 2551 teramus

94 2573 439 2647 Suspicioiragllemfidem

63 2653 148 2719 solvit,
163 2655 261 2709 fortem
275 2655 401 2711 intendit.
934 2652 1121 2709 EXEMPLA
1141 2652 1413 2709 FORMULARUM
1433 2650 1632 2708 MINORUM.

308 1045 441 1087 cosmus
462 1046 613 1087 vtontrtrs.

391 1912 524 1952 snaetcro.

1085 2792 1240 2833 concauam
1262 2791 1485 2832 DELIBEBATIVAE.

927 2884 1004 2942 “Sic
1019 2893 1047 2941 et
1059 2885 1167 2957 eulpam
1181 2886 1346 2959 praeteritam
1364 2887 1405 2942 ias
1425 2885 1478 2941 erit
1495 2885 1634 2952 redimere,
1649 2893 1678 2941 et

888 2964 987 3021 tuturis
996 2966 1176 3024 incommodis
1185 2967 1281 3022 eadem
1295 2983 1378 3037 opera
1390 2965 1572 3037 prospicere.”

420 2830 495 2870 xavt.

354 2941 446 2981 VERBA
466 2941 555 2982 IMIS.

218 3047 282 3088 sao.
603 3049 723 3093 cossas.

98 3125 165 3180 Non
184 3131 226 3180 est
239 3123 435 3196 interpretatio,
514 3128 560 3184 Ex
599 3129 725 3185 omnibus
761 3128 850 3185 verbis
993 3139 1173 3181 esanncrus
1193 3141 1347 3184 sccoaara
1367 3140 1575 3182 concursatori.

61 3205 108 3260 sed
128 3204 266 3268 divinatio,
282 3222 344 3276 quae
364 3221 436 3261 rece·
475 3206 623 3264 eliciendus
636 3209 850 3281 estsensuaqui
926 3237 943 3264 a
957 3232 997 3288 Ut
1011 3250 1105 3291 omn„
1118 3234 1281 3307 intelligant,
1295 3234 1366 3290 nihil
1384 3251 1429 3291 me
1443 3241 1471 3289 et
1489 3233 1675 3303 subterfugere

61 3284 131 3339 ‘¹5²⁸
144 3283 266 3376 lim,
360 3363 367 3376 ‚
475 3287 666 3381 iniiflfffl‘m
679 3288 797 3382 ‘inbuiffi
886 3311 1007 3368 voluisse
1021 3315 1166 3380 reticendo,
1182 3323 1229 3370 ant
1242 3315 1384 3371 obscurare
1397 3314 1536 3370 dicendo.''

98 3362 436 3430 Cnmrccedrtnralrtera,
514 3366 639 3423 Pessima
657 3374 781 3439 tyram
803 3367 851 3423 lex

58 3442 144 3511 judex
152 3442 438 3514 transitinlegislato·
475 3445 505 3500 in
519 3446 642 3517 eqnuleo.
1094 3466 1248 3507 raansrrro
1268 3469 1329 3509 cors
1349 3469 1467 3508 nostro.

60 3540 125 3579 mli.

927 3561 944 3589 ‘⁴
958 3558 1061 3615 Verum
1074 3559 1134 3615 haec
1145 3561 1184 3615 ita
1192 3568 1390 3632 praetereamus,
1398 3569 1429 3616 ut
1438 3568 1529 3615 umen
1539 3559 1674 3614 intuentes

413 3618 504 3660 ΜΠ·
886 3643 914 3691 at
929 3645 1123 3709 respectantes,
1138 3640 1349 3711 relinquamua”

178 3729 234 3769 1²20
255 3728 390 3770 mmlls
411 3730 524 3772 cotim
544 3731 730 3771 sudumst.

900 3790 1122 3834 PRROCGUPAsso
1142 3794 1252 3835 CONTRA
1271 3794 1433 3835 0PlN10NU
1453 3793 1660 3834 remunerans.

216 3837 284 3880 PRO·
600 3840 718 3880 costae.

98 3915 255 3973 Secundum
290 3924 435 3983 oratorem,
516 3916 547 3973 Si
560 3918 674 3974 κήδη,
687 3917 850 3974 credendum
926 3889 942 3919 ‘⁸
957 3885 1077 3954 Faciam,
1096 3895 1126 3943 ut
1142 3887 1303 3960 intelligatis
1322 3888 1352 3943 in
1372 3895 1429 3944 tota
1441 3906 1531 3955 causa,
1545 3887 1611 3959 quid
1631 3905 1674 3942 res

62 4011 114 4050 nm
143 3995 294 4052 'temdum
327 4013 437 4052 cmm
476 3996 512 4052 dt
548 4004 643 4052 com
683 3983 849 4070 argumenta,
885 3963 946 4036 ipsa
959 3965 1060 4036 tulerit,
1074 3968 1139 4038 quid
1158 3984 1231 4023 error
1251 3968 1394 4034 affinxerit,
1409 3969 1473 4040 quid
1492 3968 1594 4023 invidia
1612 3983 1675 4021 con.

62 4076 229 4144 pronunciat,
271 4075 319 4147 qui
354 4093 436 4148 argn-
476 4077 582 4142 nrfficit,
601 4083 706 4132 tantum
728 4077 850 4145 judicem

62 4155 158 4209 manns
173 4155 276 4210 nititur.
476 4172 536 4212 esse
550 4172 605 4211 non
619 4156 738 4212 surdum

99 4233 150 4294 Qui
165 4233 335 4306 ugmnentis
347 4236 437 4305 potins
516 4233 686 4307 Argumenta
699 4235 849 4292 antidotum

63 4313 159 4378 credit,
187 4330 269 4385 quam
304 4314 435 4380 testibus3
475 4316 850 4371 contravencnatestimonio-

61 4393 143 4448 etiam
186 4392 300 4466 ingenio
347 4395 437 4465 magis
475 4411 544 4451 rum.

60 4471 436 4544 debettidere,quamsensui.
516 4473 849 4544 lisprobationibustutia·

100 4551 200 4608 Tutum
215 4553 286 4607 toret
296 4568 437 4622 argumen-
475 4551 756 4623 succutiturque
769 4555 849 4610 raris·

60 4631 97 4685 tis
119 4630 238 4696 eredere
261 4632 285 4688 si
312 4631 437 4687 homines
476 4633 545 4687 sime
558 4632 731 4688 mentiuntur.

59 4709 129 4764 nihss
144 4710 254 4767 absurdi
269 4711 397 4766 taceant
1032 4760 1038 4772 .
1395 4764 1425 4777 ..
1540 4766 1569 4778 ..

100 4790 280 4860 Argumenta,
299 4805 363 4844 cum
381 4789 437 4844 nint
907 4759 1080 4832 Appendices
1091 4760 1231 4832 generales
1245 4761 1306 4816 duca
1325 4763 1464 4819 trudstrooe
1474 4784 1484 4826 ,·
1503 4775 1608 4831 metesa,
1629 4775 1654 4818 et

60 4876 155 4924 carim
186 4868 353 4934 oesfimoma,
382 4868 436 4923 hoc
1182 4840 1373 4914 Poed⁰3⁰3¹⁶“·

59 4955 198 5017 mamni,
225 4954 257 5003 ut
290 4964 336 5002 rea
366 4948 438 5003 mira
805 4997 807 5000 .
927 4948 1100 5004 Suraasnsr
1112 4950 1173 5006 due
1183 4951 1347 5022 appendices
1358 4952 1492 5009 traditivra
1509 4954 1538 5007 in
1553 4970 1671 5024 genere3

59 5027 192 5094 rideatur,
214 5034 384 5083 mantem
407 5035 437 5081 ut
887 5027 975 5083 altera
987 5028 1089 5094 critica
1104 5029 1190 5085 altera
1207 5031 1389 5102 padagogica.
1430 5031 1507 5088 Sicut
1519 5033 1592 5086 enim
1610 5049 1674 5101 para

61 5123 134 5161 sera.
887 5107 1022 5162 traditirm
1035 5108 1172 5179 praecipua
1186 5110 1215 5163 in
1229 5111 1376 5182 scriptione
1396 5112 1525 5166 librorum
1541 5111 1674 5178 consistit,

886 5187 925 5240 ita
938 5203 1003 5257 para
1017 5186 1076 5255 ejus
1089 5187 1201 5243 relativa
1215 5189 1244 5243 in
1259 5191 1389 5248 librorum
1401 5197 1522 5246 vantur
1541 5190 1674 5246 lectione:

98 5262 190 5335 Atque
203 5264 263 5319 haec
277 5264 409 5320 antitheta
419 5263 495 5338 (qnae
504 5281 574 5320 nunc
588 5263 789 5336 proposuimus)
799 5265 850 5320 for·
886 5265 968 5319 lectio
981 5271 1082 5331 autem,
1093 5266 1136 5322 rel
1150 5268 1339 5340 magistrorum
1351 5287 1403 5341 ope
1415 5270 1523 5340 regitur,
1531 5270 1574 5324 rel
1583 5269 1674 5325 indus·

61 5351 131 5398 tasse
146 5344 216 5397 tanti
230 5361 285 5400 non
298 5344 415 5408 luerint3
438 5344 701 5412 sedcnmjamclim
715 5353 809 5417 perata
822 5353 851 5399 et
887 5344 940 5399 tria
967 5345 1097 5417 cujusque
1122 5349 1232 5418 propria
1257 5350 1407 5420 perficitur;
1435 5355 1516 5419 atque
1542 5349 1606 5404 huic
1634 5351 1673 5406 rei

60 5421 174 5478 collecta
190 5423 301 5480 anobis
322 5431 421 5487 emerit,
435 5423 571 5480 noluimus
586 5424 735 5502 *diligentia
752 5432 851 5481 nostra
887 5423 1037 5480 inserviunt
1051 5425 1179 5482 doctrinae
1192 5425 1254 5494 ille,
1266 5444 1333 5499 quea
1347 5428 1472 5494 dinmua
1486 5427 1556 5485 duas.

100 5516 166 5556 ror..
180 5518 209 5556 ra
428 5503 484 5555 sc

885 4044 1017 4101 flaverit.”

927 4203 997 4259 Hoec
1011 4220 1099 4274 panca
1112 4220 1291 4270 enumerasse,
1307 4205 1341 4259 ad
1355 4205 1489 4279 exempla,
1499 4209 1565 4264 satis
1578 4209 1673 4275 tuerit,

887 4299 950 4337 eum
965 4283 1071 4354 quibus,
1093 4284 1256 4355 appendices
1269 4284 1418 4354 rhetorica,
1433 4304 1493 4359 qua
1514 4287 1548 4343 ed
1569 4305 1674 4361 promp-

887 4363 1003 4417 tuariam
1017 4371 1148 4436 spectant,
1162 4363 1354 4422 concludimus.

1111 4600 1235 4656 CAPUT
1255 4601 1451 4664 QUARTUM.
