3800 5875
233 316 291 373 oto
744 317 883 374 Nouus
904 318 1094 375 HlSTORlAE
1115 319 1342 375 PRAESENTIS.

236 478 359 549 quadam,
374 475 409 530 ad
422 476 550 530 volumen
563 481 746 531 creaturarum
759 476 936 532 evolvendum
949 493 1027 531 acca-
1062 477 1139 537 Quod
1162 480 1187 533 si
1214 480 1250 533 ad
1276 478 1420 533 historiam
1444 479 1593 533 naturalem
1618 487 1645 534 et
1666 480 1856 550 aperimus

236 558 320 612 dant:
341 565 423 627 atque
436 557 466 609 in
480 573 513 611 eo
526 571 631 610 moram
644 554 753 618 faciant,
766 556 938 621 meditentur,
952 563 981 611 et
993 557 1028 611 ab
1061 558 1162 612 artium
1175 556 1254 612 illum
1275 557 1436 612 remittimus
1457 558 1498 625 (id
1519 559 1592 630 qaod
1610 559 1739 625 sacimas)
1759 559 1856 620 haeret,

236 637 408 707 opinionibus
419 634 720 689 ablutietmundicaste
730 634 869 705 etintegre
878 642 1027 691 versentur.
1061 652 1116 689 uon
1128 643 1171 691 est
1180 635 1297 690 instituti
1310 637 1377 704 eius,
1391 653 1445 691 uon
1459 637 1514 700 otii,
1527 654 1582 692 non
1596 638 1735 706 impensae.
1773 638 1857 707 Atqui

237 716 292 770 Hic
306 722 349 769 est
367 714 413 770 ille
431 730 521 769 sermo
539 720 566 768 et
585 713 746 786 lingua,qui
761 720 777 745 ‘⁴
791 715 877 768 exivit
890 716 919 769 in
933 732 1027 770 omnes
1061 723 1170 769 nonest
1187 715 1378 786 postulandum
1398 715 1485 781 nobis,
1499 725 1529 771 ut
1545 716 1606 787 quis
1618 723 1714 770 vetera
1730 716 1856 780 dimittat,

237 796 304 850 fines
317 795 433 850 terraez”
455 810 505 847 nec
524 792 710 848 confusionem
722 793 919 863 Babylonicum
932 811 1028 864 passus
1060 801 1206 865 antequam
1233 795 1262 849 in
1297 795 1497 864 possessiouem
1528 795 1675 849 meliorum
1705 795 1856 850 inducatur.

236 883 297 929 est:
318 874 390 928 huno
401 873 554 943 perdiscant
564 872 699 936 homiues,
709 879 737 925 et
748 882 976 942 repuerascentes,
988 880 1028 926 at-
1060 872 1210 944 Postquam
1227 881 1320 928 autem
1336 880 1439 928 namra
1456 881 1483 927 et
1503 875 1602 928 artium
1623 873 1753 938 Historia,
1769 874 1857 929 fidelis

237 971 290 1023 que
310 956 408 1008 iterum
431 952 548 1005 infantes
571 951 643 1016 iacti,
666 951 833 1006 abecedario
854 953 975 1020 eiusdem
998 953 1027 1007 in
1061 959 1089 1004 et
1111 953 1228 1022 copiosa,
1249 953 1362 1007 collecta
1382 962 1410 1007 et
1429 954 1537 1023 digesta
1557 951 1649 1015 fuerit,
1671 961 1752 1023 atque
1771 953 1857 1008 veluti

236 1033 360 1087 manibus
374 1032 474 1087 habere
487 1031 642 1101 dignentur.
685 1031 719 1085 ln
736 1031 959 1101 interpretatione
977 1048 1026 1086 au·
1060 1030 1225 1085 anteocutos
1238 1031 1378 1086 hominum
1392 1032 1481 1101 posita
1490 1039 1519 1085 et
1531 1031 1685 1102 explicatu
1700 1049 1754 1086 non
1767 1034 1856 1087 tenuis

237 1119 292 1167 tem
305 1114 365 1181 ejus
378 1111 495 1165 eruenda
507 1119 588 1180 atque
602 1110 769 1165 enucleanda
781 1109 850 1164 nulli
864 1128 954 1180 operte
967 1128 1027 1182 par·
1060 1119 1101 1163 est
1115 1126 1185 1179 spes,
1199 1110 1318 1181 ingenia,
1328 1111 1361 1165 de
1376 1111 1473 1182 quibus
1485 1111 1613 1175 diximus,
1622 1111 1740 1183 grandis
1749 1112 1856 1182 (qualia

236 1199 306 1256 cant,
326 1193 374 1246 sed
394 1198 504 1245 strenue
528 1189 682 1258 procedant,
701 1189 855 1260 persistant,
873 1190 1027 1244 immorian-
1060 1195 1088 1241 et
1101 1189 1130 1242 in
1149 1189 1269 1259 antiquis
1287 1189 1459 1259 philosophis
1472 1189 1625 1261 viguerunt,
1640 1199 1672 1244 et
1691 1190 1782 1244 adhuc
1802 1208 1856 1244 non

235 1277 286 1325 tur.
328 1270 396 1325 Cum
410 1269 494 1339 igitur
507 1270 537 1321 in
551 1268 744 1323 Instauratione
762 1275 857 1322 nostra
875 1269 1027 1324 Histonium
1060 1269 1473 1337 raroreperiuuturicumtantae
1484 1268 1599 1323 antchac
1608 1269 1854 1334 fuerintelhcaciaa,

235 1350 393 1413 naturalem,
419 1347 506 1419 qualis
526 1348 561 1402 sit
580 1348 607 1400 in
624 1348 717 1400 ordine
739 1348 773 1401 ad
795 1349 877 1402 tinem
894 1357 1025 1415 nostrum,
1059 1353 1089 1400 ut
1101 1346 1184 1401 veluti
1202 1364 1238 1402 ex
1251 1347 1352 1402 scalmo
1365 1355 1412 1402 aut
1423 1347 1528 1401 coneha
1540 1349 1617 1415 (rara
1629 1348 1738 1402 scilicet
1749 1352 1856 1418 experi-

235 1430 264 1482 in
278 1429 459 1499 tertiaoperis
473 1425 793 1497 partecollocaverimus3
809 1426 947 1481 hancrem
960 1445 1026 1497 prae·
1059 1425 1134 1479 entia
1156 1434 1183 1480 et
1209 1425 1318 1494 frivola)
1341 1427 1478 1481 naviculas
1502 1427 1633 1497 quaedam
1663 1427 1853 1498 philosophia,

234 1516 338 1563 vertere
365 1515 393 1562 et
416 1507 509 1561 statim
532 1506 644 1576 aggredi
668 1507 755 1560 visum
778 1515 828 1559 est.
869 1506 928 1560 Etsi
953 1507 1026 1561 enim
1059 1504 1212 1559 admirabili
1232 1514 1365 1560 structura
1378 1507 1467 1577 quoad
1479 1505 1626 1575 opificium,
1641 1507 1851 1566 edificaverinm

235 1586 309 1643 haud
322 1603 556 1657 pauca,eaqueex
569 1586 719 1655 praecipuis,
729 1585 864 1654 supersint
876 1586 904 1639 in
915 1586 1026 1657 Organo
1058 1583 1144 1637 multo
1166 1586 1254 1655 magis
1275 1595 1419 1655 postquam
1441 1584 1546 1654 sylvam
1566 1594 1596 1638 et
1612 1586 1758 1640 materiem
1778 1594 1852 1640 nacta

234 1675 327 1721 nostm
346 1664 518 1728 absolvenda,
535 1672 625 1718 tamen
642 1663 784 1718 consilium
805 1672 854 1728 est,
870 1665 1025 1719 universum
1058 1662 1120 1727 sint,
1131 1663 1271 1718 solidiores
1286 1672 1432 1718 structuras
1445 1665 1613 1728 excitaturar
1635 1665 1721 1736 idque
1733 1664 1799 1718 licet
1810 1667 1852 1719 ria

234 1763 303 1815 opus
312 1744 516 1800 instaurationis
525 1744 615 1813 potius
629 1759 785 1812 promovere
795 1742 931 1808 inmultis,
941 1761 1025 1815 quam
1058 1743 1141 1796 veteri
1156 1760 1269 1813 pergere
1280 1742 1383 1807 malint,
1393 1760 1443 1797 nec
1457 1744 1502 1797 via
1514 1743 1599 1797 nostri
1613 1742 1721 1815 Organi
1736 1747 1851 1815 (qumat

235 1826 364 1894 perficere
386 1824 415 1877 in
442 1823 551 1893 paucis,
579 1821 632 1875 hoc
659 1829 796 1892 perpetuo,
819 1824 940 1877 maximo
962 1840 1024 1877 cum
1058 1820 1136 1874 nobis
1147 1822 1260 1886 videtur,
1270 1831 1317 1876 ant
1331 1822 1412 1876 unica
1425 1830 1474 1887 est,
1484 1829 1532 1876 ant
1546 1822 1665 1891 optima)
1680 1824 1732 1877 uti.
1760 1821 1850 1895 ltaque

234 1904 329 1958 ardore
344 1902 464 1973 (qualem
472 1902 548 1956 Deus
561 1902 703 1965 mentibus,
717 1908 748 1954 ιιι
762 1901 842 1970 plane
856 1902 1024 1966 confidimus,
1058 1898 1173 1953 huores
1193 1901 1315 1966 redit,ut
1336 1902 1476 1972 Organum
1497 1908 1628 1964 noemam,
1643 1903 1755 1957 etiamsi
1774 1901 1850 1957 fuerit

234 1984 332 2038 addere
354 1981 437 2050 solet)
457 1988 622 2051 appetentes,
636 1988 666 2034 ut
687 1980 758 2050 quod
776 1979 865 2035 adhuc
886 1998 1025 2052 nunquam
1058 1978 1218 2043 absolutum,
1232 1980 1334 2051 absque
1357 1980 1480 2034 Historia
1501 1979 1622 2034 naturali
1639 1998 1699 2035 non
1721 1982 1848 2044 multum

234 2069 365 2116 tentatum
392 2061 435 2125 sit,
455 2059 485 2113 id
504 2076 540 2113 ne
563 2059 622 2127 jam
651 2059 750 2113 frastra
771 2066 895 2114 tentetur.
937 2061 1025 2115 Simul
1059 2057 1182 2112 Historia
1201 2060 1340 2124 naturalis,
1359 2059 1461 2130 abame
1481 2059 1598 2131 Organo,
1617 2076 1675 2115 non
1695 2075 1792 2130 panim
1811 2062 1849 2116 in-

234 2141 317 2194 subiit
329 2140 449 2193 animum
463 2138 510 2192 ilia
524 2139 669 2208 cogitatio:
684 2138 776 2208 spargi
790 2138 966 2209 proculdubio
976 2156 1025 2209 per
1057 2138 1253 2192 staurationem
1276 2139 1452 2193 scientiarum
1476 2140 1514 2192 sit
1540 2147 1713 2207 provectura.
1765 2141 1849 2201 Quare

233 2219 371 2288 Europam
384 2217 523 2288 complura
536 2217 655 2287 ingenia,
668 2218 788 2286 capacia,
798 2218 892 2282 libera,
907 2217 1023 2282 excelsa,
1058 2217 1174 2280 omnino,
1187 2224 1215 2270 et
1233 2225 1295 2272 ante
1316 2219 1415 2281 omnia,
1429 2217 1459 2271 in
1478 2216 1531 2271 hoc
1549 2218 1711 2273 incumbere
1724 2221 1807 2274 sadus
1824 2229 1849 2274 et

234 2298 351 2362 subtilia,
365 2296 460 2360 solida,
475 2296 636 2351 constantia.
675 2296 745 2357 Quid
760 2297 864 2367 siquis,
879 2296 927 2351 tali
945 2297 1024 2367 inge·
1057 2295 1205 2350 consultius
1219 2296 1308 2352 visum
1322 2305 1371 2352 est.
1411 2297 1487 2351 Deus
1501 2297 1621 2351 universi
1641 2298 1778 2366 conditor,
1792 2316 1848 2354 coa

233 2377 280 2430 nio
294 2376 429 2447 praeditus,
440 2376 571 2430 rationem
584 2383 613 2430 et
626 2392 704 2430 usum
714 2375 816 2445 Organi
830 2376 914 2431 nostri
923 2377 1023 2446 capiat,
1057 2383 1184 2438 servator,
1199 2375 1368 2441 instaurator,
1381 2375 1434 2430 hoc
1455 2392 1532 2445 opus,
1551 2385 1579 2430 et
1596 2377 1626 2429 in
1640 2379 1800 2432 ascensione
1817 2379 1848 2432 od

224 2457 352 2525 ,probati
372 2454 475 2510 Tamen
488 2471 542 2509 non
556 2454 640 2509 habet
652 2454 716 2524 quid
734 2465 805 2525 agat,
819 2472 871 2508 nec
890 2456 1024 2525 quomodo
1056 2452 1171 2523 gloriam
1180 2471 1266 2518 suam,
1275 2463 1303 2510 et
1315 2457 1344 2509 in
1354 2455 1528 2510 descensione
1538 2455 1574 2508 ad
1586 2455 1693 2512 bonum
1705 2457 1848 2512 humanum

234 2551 264 2589 se
278 2536 313 2590 ad
326 2534 527 2605 philosophiam
538 2541 676 2604 comparet
687 2541 734 2587 aut
746 2535 878 2605 accingat.
907 2534 936 2588 si
951 2542 1024 2590 esset
1057 2548 1106 2601 pro
1119 2550 1169 2587 sua
1181 2550 1247 2604 erga
1261 2533 1385 2589 homines
1403 2532 1594 2589 benevolentia
1611 2545 1640 2589 et
1658 2537 1846 2600 misericordia,

233 2631 285 2678 res,
297 2632 358 2685 quae
367 2613 481 2667 lectione
495 2613 624 2669 librorum
638 2612 896 2684 philosophicorum,
910 2619 959 2668 aut
971 2613 1024 2668 dis-
1056 2620 1181 2682 protegat
1194 2619 1224 2667 et
1235 2622 1318 2685 regat,
1327 2630 1376 2685 per
1386 2613 1488 2669 Filium
1495 2629 1575 2669 suum
1584 2615 1707 2681 unicum,
1715 2617 1847 2672 nobismm

233 2694 381 2762 putatione,
396 2701 443 2747 aut
465 2693 639 2747 meditatione
662 2692 753 2762 perfici
777 2701 875 2763 possm,
889 2693 1024 2747 sufficeret
1056 2690 1153 2746 Deum.

233 2771 346 2828 sortasse
361 2772 415 2836 ille,
430 2772 553 2844 quisquis
567 2773 610 2837 sit,
625 2779 653 2825 et
666 2772 771 2826 abunde
784 2772 852 2826 illud
869 2778 1020 2842 praestaret.

613 3333 811 3410 NORMA
837 3333 1112 3410 HISTORIAE
1140 3335 1461 3411 PRAESENTIS.

270 3641 403 3703 Quamvis
417 3645 468 3699 sub
479 3645 560 3699 finem
573 3646 631 3720 ejus
645 3646 728 3715 partis
739 3645 842 3717 Organi
855 3648 947 3712 nostri,
960 3667 1020 3720 quae
1055 3647 1126 3700 enim
1141 3644 1320 3716 questionum
1333 3661 1433 3708 mmus,
1448 3663 1537 3700 rerum
1557 3662 1614 3700 non
1633 3647 1710 3703 item.
1752 3648 1844 3719 Neque

231 3722 304 3775 edita
317 3730 367 3787 est,
381 3733 515 3795 praecepta
535 3724 569 3778 de
591 3725 714 3778 Historia
733 3726 849 3780 naturali
869 3735 898 3779 et
915 3730 1021 3798 experi-
1055 3732 1145 3779 tamen
1159 3724 1338 3796 questionum
1351 3724 1472 3779 ordinem
1485 3726 1515 3780 in
1529 3726 1656 3780 Historia
1666 3727 1729 3797 ipsa
1738 3729 1844 3798 prosim

230 3801 342 3855 mentali
364 3804 622 3872 conscripserimus;
643 3805 730 3858 usum
753 3813 795 3859 est
816 3814 906 3859 tamen
930 3806 1019 3875 hujus,
1055 3806 1237 3868 observamus,
1251 3820 1286 3857 ne
1305 3804 1499 3874 impedimento
1520 3805 1558 3859 sit
1577 3805 1651 3876 quod
1673 3823 1724 3876 pro
1747 3806 1844 3862 auxilio

231 3896 312 3949 quam
322 3898 393 3935 nunc
401 3883 582 3954 aggredimur,
592 3882 851 3938 Historiaeuormam
861 3892 889 3939 et
897 3886 1019 3956 figuram,
1055 3884 1206 3938 adhibetur.

231 3965 260 4011 et
272 3960 424 4015 accuratius
444 3963 594 4030 describere
614 3970 641 4016 et
662 3964 831 4018 succinctius.
873 3964 971 4018 'ritulis
991 3966 1020 4018 in
1083 3962 1219 4017 Historia
1240 3969 1270 4017 et
1288 3964 1476 4035 experimenta
1495 3963 1607 4018 omnino
1632 3963 1738 4034 primas
1758 3974 1844 4036 partes

230 4037 354 4109 catalogo
374 4042 584 4111 comprehensis,
606 4042 652 4112 qui
673 4042 810 4111 pertinent
829 4043 864 4096 ad
887 4053 1019 4107 concreta,
1054 4049 1155 4097 teuent.
1195 4041 1246 4106 lia,
1269 4042 1293 4096 si
1320 4043 1548 4097 enumerationem
1576 4050 1605 4097 et
1630 4044 1733 4098 seriem
1760 4061 1843 4099 rerum

231 4115 320 4171 burlos
344 4117 377 4172 de
406 4121 509 4174 naturis
531 4121 674 4174 abstractis
699 4124 825 4191 (quanam
851 4122 962 4188 ibidem,
990 4131 1021 4177 ut
1054 4119 1258 4192 particularium
1285 4121 1439 4186 exhibeant,
1466 4121 1494 4175 iu
1521 4122 1629 4177 tabulas
1651 4124 1842 4186 continuatum

230 4193 351 4249 historice
371 4207 520 4263 reservata,
534 4199 698 4253 mentionem
720 4197 846 4269 fecimus)
867 4203 1020 4271 superaddi·
1055 4200 1134 4255 aliter
1147 4216 1268 4255 seorsum
1282 4201 1462 4270 excipiuntur.

230 4290 297 4327 mua
339 4275 378 4329 Hi
401 4285 463 4331 sunt
483 4279 604 4334 materiae
626 4278 809 4333 schematismi
832 4280 940 4345 diversi,
963 4281 1019 4335 sive
1094 4280 1164 4334 Cum
1177 4279 1293 4333 historia
1305 4287 1333 4332 et
1346 4282 1534 4350 experimenta
1547 4281 1700 4350 saepissime
1713 4298 1762 4336 nos
1771 4282 1843 4336 dese·

229 4351 324 4407 forma
347 4355 442 4423 primae
469 4358 572 4423 classis,
596 4366 685 4411 motus
711 4359 857 4428 simplices.
899 4360 1018 4415 Summae
1054 4367 1120 4422 rant,
1136 4359 1284 4427 praesertim
1298 4359 1413 4413 lucifera
1425 4359 1481 4423 illa,
1495 4368 1524 4413 et
1537 4360 1675 4414 instantiae
1688 4361 1843 4431 erudaper

229 4440 356 4495 motuum,
371 4451 503 4490 mensurae
522 4447 650 4501 motuum,
665 4436 719 4490 alia
740 4437 872 4508 quasdam.
912 4438 956 4492 De
974 4439 1019 4492 his
1054 4438 1162 4509 quasde
1170 4438 1339 4492 verisrernm
1347 4439 1436 4493 causis
1446 4438 1597 4493 intellectui
1606 4448 1731 4494 constare
1744 4441 1841 4510 possit,

230 4509 424 4567 Abecedarium
438 4531 537 4569 novum
551 4516 723 4581 confecimus,
738 4523 767 4571 et
780 4517 923 4571 subfinem
937 4517 1019 4585 huius
1053 4517 1180 4570 mandata
1206 4517 1302 4571 damus
1329 4517 1363 4571 de
1389 4518 1582 4588 experimentis
1605 4518 1693 4584 novis,
1716 4528 1842 4590 quantum

228 4589 373 4644 uoluminis
387 4591 583 4648 collocavimus.
1053 4596 1206 4666 prospicere
1220 4597 1311 4650 animo
1324 4613 1474 4667 possumus,
1489 4599 1560 4667 aptis
1574 4598 1609 4651 ad
1630 4597 1668 4660 id,
1683 4598 1756 4668 qnod
1775 4616 1843 4670 qua·

268 4668 373 4723 Titulos
392 4671 465 4739 (cum
479 4672 514 4725 ad
533 4690 626 4728 omnes
642 4673 718 4727 nullo
739 4674 819 4728 modo
840 4674 1017 4743 sufficiamus)
1053 4676 1129 4729 ritur.
1170 4675 1238 4730 Haec
1259 4675 1388 4729 mandata
1408 4685 1537 4747 tanquam
1558 4676 1685 4730 Historia
1705 4678 1841 4748 designata
1877 4734 1878 4739 ἵ

228 4763 281 4801 nou
296 4765 332 4802 ex
345 4750 446 4814 ordine,
461 4752 508 4805 sed
528 4769 563 4806 ex
580 4752 685 4807 delectu
704 4754 882 4824 sumpsimus;
904 4770 1018 4823 quorum
1052 4762 1123 4808 suut.
1164 4753 1235 4815 Quid
1247 4755 1320 4809 enim
1335 4753 1408 4810 aliud
1427 4756 1512 4820 nobis,
1526 4755 1616 4825 primo
1634 4756 1709 4810 viam
1730 4757 1840 4829 ingredi
1877 4798 1878 4831 ,

228 4826 333 4880 scilicet
342 4828 490 4899 inquisitio,
500 4838 548 4885 aut
561 4839 673 4902 propter
685 4849 764 4886 usum
777 4841 837 4887 erat
849 4834 1017 4903 gravissima,
1052 4834 1166 4898 entibus,
1178 4834 1358 4904 relinquitur?

228 4914 275 4958 aut
297 4917 408 4978 propter
424 4910 531 4979 copiam
548 4912 794 4980 experimentorum
814 4912 933 4966 maxime
947 4930 1018 4966 com·
1091 4912 1278 4982 Experimenti
1300 4911 1414 4980 alicujus
1434 4911 1583 4968 subtilioris
1601 4913 1722 4979 modum,
1736 4914 1839 4986 qnousi

228 4984 316 5050 moda,
330 4995 377 5041 aut
390 4998 501 5059 propter
512 4989 700 5044 obscuritatem
714 4991 754 5043 rei
767 4991 885 5044 maxime
899 4991 1017 5046 difficilis
1052 5006 1152 5054 sumus,
1166 4992 1344 5062 explicamus,
1357 5008 1392 5046 ue
1406 5008 1480 5046 error
1493 4992 1596 5058 subsit3
1619 5001 1702 5064 utque
1723 4995 1791 5049 alios
1808 4993 1838 5046 ed
1876 5032 1877 5059 ,

227 5070 255 5116 et
267 5064 373 5129 nobilis,
388 5073 434 5120 aut
452 5073 563 5137 propter
576 5069 783 5138 discrepantiam
797 5069 934 5124 titulorum
948 5071 1018 5125 inter
1052 5069 1178 5124 meliores
1191 5079 1220 5124 et
1240 5072 1328 5141 magis
1349 5078 1460 5125 exactos
1481 5072 1575 5126 modos
1588 5073 1785 5144 excogitandos
1797 5090 1839 5126 er·
1876 5066 1877 5149 i

227 5157 265 5205 se,
279 5142 410 5199 latissime
424 5154 520 5214 patens
529 5146 565 5200 ad
577 5145 711 5216 exempla
1052 5149 1173 5204 citemus.

269 5221 301 5274 ln
315 5223 401 5278 titulis
415 5225 537 5295 siugulis,
551 5233 611 5294 post
624 5226 726 5279 aditum
741 5228 876 5296 quendam
891 5236 937 5283 aut
951 5246 1018 5299 prae·
1090 5227 1196 5281 Monita
1211 5236 1239 5281 et
1252 5228 1389 5283 cautiones
1402 5229 1436 5281 de
1454 5246 1544 5285 rernm
1558 5229 1684 5296 fallaciis,
1698 5239 1733 5296 et,
1750 5231 1836 5303 quiin
1875 5280 1876 5307 ἢ

227 5298 362 5363 sationem,
385 5303 476 5357 statim
497 5303 588 5373 topica
607 5305 789 5373 particularia,
813 5308 870 5361 siva
890 5308 1017 5362 articulos
1051 5306 1210 5378 inquirendo
1220 5314 1248 5361 et
1258 5308 1419 5361 inveniendo
1432 5310 1536 5378 possint
1549 5327 1699 5375 occurrere,
1708 5310 1837 5366 erroribus
1875 5310 1876 5315 ’

226 5377 409 5446 inquisitionis
423 5382 672 5450 proponimus,tnm
685 5383 719 5436 ad
729 5382 820 5437 lumen
834 5386 1017 5456 inquisitionis
1052 5394 1080 5438 et
1103 5386 1236 5455 scrupulis
1260 5388 1447 5458 aspergimus3
1475 5397 1506 5442 ut
1528 5389 1721 5459 phantasmata
1742 5389 1834 5453 omnia,
1875 5396 1876 5469 t

227 5457 375 5523 presentis,
396 5468 451 5513 tum
473 5460 508 5514 ad
527 5462 745 5530 provocationem
762 5462 865 5518 futurae.
906 5465 1017 5521 Domini
1052 5472 1182 5535 quantum
1196 5465 1254 5520 fieri
1267 5476 1364 5537 potest,
1379 5476 1506 5538 tanquam
1519 5470 1676 5526 exorcismo
1689 5470 1815 5543 lugemus
1874 5530 1875 5539 χ
