3800 5875
75 320 207 378 cmlv,
591 330 642 386 DE
665 329 895 389 AUGMENTIS
917 332 1193 391 sctuuutsaust.
1643 338 1702 394 333

74 479 102 533 iu
115 480 391 552 contemplationibus
401 485 453 539 srhi
466 485 603 542 conderet.
639 488 800 563 Quanquam
814 491 872 546 fieri
909 498 1014 557 ustura,
1028 500 1076 545 sut
1096 499 1207 562 propter
1220 493 1373 549 communia
1387 510 1477 549 rerum
1495 495 1615 550 omnium
1629 498 1703 567 prin-

74 560 166 628 possit,
185 570 215 614 ut
232 561 307 631 apud
327 560 436 632 aliquos
456 566 575 632 tetricos,
590 574 617 621 et
637 570 738 640 linguae
759 571 870 635 acerbae,
909 571 1000 639 cipiar
1034 578 1082 624 aut
1107 581 1218 642 propter
1252 573 1360 626 unicam
1394 574 1556 644 integralem
1581 577 1704 631 universi

75 638 228 695 similicum
241 640 379 712 discipulo
392 660 443 698 suo
454 644 532 700 titulo
546 647 739 717 insignireturr
910 650 1049 704 fabricam.
1092 651 1188 720 ltaque
1210 649 1269 704 haec
1291 652 1358 705 uuio
1381 662 1486 708 usturae
1506 653 1574 707 duas
1594 655 1702 723 peperit

909 727 1032 797 physica
1045 736 1152 798 partes:
1167 746 1248 783 uuam
1263 730 1295 784 de
1310 730 1451 800 principiis
1465 747 1570 795 rerum;
1586 732 1699 788 alteram

189 792 205 814 ‘¹
216 788 288 856 2²¹¹}
300 795 416 839 ‘timum
425 793 511 879 ᾓφᾶῠ»
524 809 572 842 ¹1⁰ss
582 794 640 842 ῑῑῑῦθ
650 797 739 844 munda
909 806 941 860 de
957 808 1061 860 fabrica
1071 808 1197 872 uniuersi,
1212 808 1270 862 sive
1284 808 1317 863 de
1332 810 1449 874 mandor
1464 826 1531 879 quas
1546 811 1629 864 etiam
1641 812 1702 866 doc·

187 845 435 911 Edm'mmplm'
908 885 993 939 trinas
1017 886 1051 940 de
1072 888 1188 942 summis
1211 887 1351 958 appellare
1369 890 1565 944 consuevimus.
1607 889 1702 944 Tertia

74 954 164 1009 eodem
178 956 269 1022 modo,
908 964 1031 1018 doctrina
1052 967 1126 1035 (qum
1148 966 1181 1019 de
1201 975 1298 1019 natura
1320 983 1415 1037 sparsa
1432 967 1488 1021 sive
1509 968 1571 1022 lusa
1591 969 1700 1040 tractat)

186 1075 585 1139 ‹·r.a....n..,....,·2...
908 1043 1380 1193 illtl⁸u.‘it¹l,ii‘lbl
1393 1050 1702 1198 insilistis

73 1197 157 1251 Nabis
169 1214 237 1251 vera
252 1216 290 1253 ex
303 1199 389 1253 altera
402 1208 479 1269 parte
501 1199 625 1277 (quibua,
640 1209 773 1273 quantum
794 1206 868 1259 eata.
907 1200 1043 1255 doctrinas
1057 1200 1203 1271 physicast
1225 1203 1258 1257 de
1277 1204 1419 1273 principiis
1432 1221 1530 1268 rerum,
1545 1205 1578 1259 de
1599 1206 1700 1261 mundo

73 1293 115 1330 mo
126 1275 259 1340 valemus,
275 1278 349 1333 inter
361 1287 454 1334 vetera
467 1287 495 1334 et
507 1297 578 1334 nora
591 1282 620 1335 in
638 1281 725 1336 literis
739 1283 827 1338 soedns
841 1292 869 1340 et
907 1279 965 1333 sire
983 1280 1017 1334 de
1032 1280 1135 1334 fabrica
1148 1299 1246 1346 rerum,
1266 1290 1293 1336 et
1312 1282 1345 1336 de
1364 1290 1460 1335 namra
1476 1283 1621 1353 multiplici
1642 1287 1699 1340 sire

71 1356 263 1411 commercium
277 1358 439 1413 contrahere
452 1359 528 1413 cordi
546 1355 603 1433 est)
618 1360 756 1416 decretum
769 1372 867 1429 manet,
907 1375 1019 1427 sparsar
1048 1377 1109 1430 quae
1135 1369 1270 1431 postrema
1295 1363 1338 1429 (ut
1360 1361 1491 1432 diximus)
1516 1363 1699 1419 omnimodam

72 1435 259 1504 antiquitatem
274 1437 626 1509 comitariusqueadarasa
647 1443 869 1511 atquevocabuia
906 1454 997 1492 rerum
1023 1440 1182 1495 varietatem
1207 1440 1344 1505 continet;
1375 1448 1468 1510 estque
1496 1441 1580 1495 veluti
1607 1443 1700 1513 glossa

71 1514 180 1585 antiqua
193 1515 322 1579 munere,
336 1533 492 1587 quanquam
506 1534 614 1573 sensnm
629 1536 722 1573 eorum
732 1527 760 1574 et
773 1522 868 1577 defini.
906 1518 1002 1585 prima,
1014 1530 1060 1572 aut
1070 1519 1244 1589 paraphrasis
1253 1518 1432 1573 circanaturae
1440 1520 1698 1589 interpretationem.

71 1595 157 1647 bones
179 1595 283 1664 saepius
306 1595 500 1662 immutemus;
531 1597 680 1653 secundum
701 1600 868 1657 moderatum
907 1596 1013 1652 Harum
1038 1598 1118 1652 trium
1143 1598 1260 1668 partium
1280 1597 1447 1652 desideratur
1468 1598 1587 1653 totaliter
1606 1600 1697 1665 nullae

71 1670 148 1725 illum
160 1679 189 1725 et
202 1671 345 1729 laudatum
359 1676 387 1730 in
401 1675 526 1730 civilibus
542 1678 660 1731 novandi
680 1679 798 1744 modum,
813 1698 867 1751 qua
906 1684 1031 1730 catarum
1046 1694 1127 1747 quam
1140 1693 1203 1730 vere
1217 1685 1246 1731 et
1259 1676 1344 1732 solide
1360 1684 1514 1742 tractentur,
1528 1694 1584 1732 nou
1598 1685 1639 1733 est
1653 1678 1697 1734 hic

70 1767 158 1804 rerum
168 1759 243 1807 statu
252 1762 362 1818 novato,
372 1754 514 1809 verborum
524 1762 616 1810 tamen
626 1756 750 1811 solennia
758 1758 866 1826 durante
906 1753 1051 1809 definiendi
1065 1754 1148 1809 lucus.

71 1830 142 1900 quod
161 1839 240 1886 notat
259 1833 379 1899 Tacitus,
404 1839 422 1866 ⁴⁶
434 1834 540 1889 Eadem
560 1835 768 1907 magistratuum
790 1856 867 1894 acea.
945 1834 1144 1904 arpayacum
1167 1851 1289 1904 sparsam
1312 1834 1369 1889 sive
1390 1834 1424 1890 de
1449 1835 1578 1890 varietate
1598 1854 1696 1903 rerum,

70 1909 161 1964 urta.·’
905 1928 996 1966 rursus
1009 1913 1038 1966 iu
1053 1913 1120 1967 duas
1134 1922 1224 1983 partes
1238 1912 1407 1978 dividemus;
1428 1913 1571 1984 physicam
1589 1915 1622 1969 de
1636 1933 1698 1971 con·

110 1989 266 2044 Redeamus
281 1988 367 2061 igitur
380 1992 416 2046 ad
434 1992 621 2063 acceptionem
635 1994 762 2048 vocabuli
782 2003 867 2051 meta.
905 1991 993 2054 cretis,
1017 2000 1044 2046 et
1067 1991 1211 2063 physicam
1232 1993 1265 2047 de
1291 1992 1451 2058 abstractim
1473 1994 1530 2047 sive
1552 1994 1698 2065 physicam

70 2067 200 2138 physicae,
225 2077 322 2123 nostro
343 2085 432 2125 sensu
473 2071 554 2127 Patet
576 2090 613 2127 ex
636 2073 680 2138 iis,
702 2090 764 2144 qua
786 2091 867 2145 supra
905 2069 938 2124 de
960 2071 1072 2125 naturis.
1113 2070 1209 2125 Altera
1231 2075 1274 2140 (ut
1296 2071 1393 2143 logicis
1417 2072 1555 2127 vocabulis
1576 2074 1696 2144 utamur)

71 2147 255 2212 (Ιίεκτιιίιιιεε,
269 2147 427 2220 disjungere
440 2166 491 2204 nos
503 2150 708 2222 philosophiam
723 2153 867 2221 primams
905 2148 1018 2219 inquirit
1030 2149 1064 2204 de
1082 2150 1249 2214 substantiis,
1264 2168 1325 2205 cum
1346 2152 1418 2204 omni
1440 2152 1572 2206 varietate
1586 2168 1695 2207 suorum

70 2227 266 2297 metaphysica,
288 2246 350 2298 quar
373 2229 506 2283 hactenus
526 2247 576 2300 pro
597 2248 627 2286 re
648 2231 744 2285 eadem
765 2231 866 2288 habitas
904 2227 1106 2284 accidentium:
1132 2229 1219 2284 altera
1247 2230 1280 2284 de
1309 2230 1493 2285 accidentibus
1513 2248 1563 2301 per
1589 2247 1699 2287 omnem

71 2313 139 2360 nmt.
167 2306 248 2360 lllam
262 2323 435 2363 communem
449 2309 626 2365 scientimum
639 2311 865 2381 parentemhane
904 2306 1063 2362 varietatem
1083 2308 1301 2364 substantiarum
1343 2307 1434 2363 Veluti
1454 2310 1478 2363 si
1492 2310 1643 2380 inquiratur
1663 2311 1697 2365 de

70 2385 202 2439 naturalis
215 2384 402 2456 phuoaophia
413 2388 573 2457 portionem,
588 2390 736 2459 posuimus.
776 2390 865 2462 Atque
903 2383 982 2440 leone
1004 2393 1051 2440 aut
1073 2404 1181 2458 quercu,
1201 2387 1251 2442 illa
1270 2387 1410 2457 complura
1427 2387 1534 2443 diversa
1548 2389 1697 2443 accidentia

69 2463 251 2534 philosophias
274 2465 372 2535 primae
390 2467 544 2522 communia
562 2476 589 2522 et
609 2469 762 2537 promimus
781 2471 867 2525 scien.
904 2463 1079 2521 srrffulciunt:
1100 2473 1200 2530 conus,
1216 2467 1239 2521 si
1253 2466 1405 2536 inquiratur
1417 2466 1451 2521 de
1465 2467 1554 2522 calore
1572 2475 1619 2522 aut
1636 2486 1698 2541 grs-

70 2543 168 2598 tisrum
181 2544 326 2598 axiomata
340 2546 549 2616 assignavimus.
589 2548 681 2602 Etiam
698 2547 825 2603 relativas
839 2557 866 2604 et
903 2544 995 2609 vitate,
1019 2543 1067 2598 illa
1099 2544 1223 2614 plurimis
1249 2545 1382 2599 distinctis
1410 2547 1568 2601 substantiis
1595 2548 1696 2603 insunt.

70 2621 231 2682 adventitias
245 2622 352 2678 entium
369 2626 536 2680 conditiones
552 2629 632 2697 (quas
646 2628 865 2684 transcendentes
904 2621 974 2677 Cum
988 2640 1052 2677 vero
1066 2624 1154 2678 omnis
1164 2624 1279 2694 physica
1292 2625 1345 2678 sita
1358 2626 1393 2679 sit
1404 2625 1431 2678 in
1443 2625 1541 2690 medio,
1556 2627 1627 2682 inter
1642 2627 1698 2682 bis·

69 2700 283 2770 aestuavimus)
307 2702 431 2768 multum,
455 2721 590 2774 pausum
612 2706 693 2768 idem,
714 2707 864 2773 diversunt
903 2702 1002 2757 tonan
1022 2703 1172 2757 naturalem
1190 2712 1217 2757 et
1236 2703 1468 2773 metaphysicam;
1487 2705 1562 2774 prior
1580 2722 1643 2775 pars
1658 2707 1696 2778 (si

69 2779 208 2848 possibile,
222 2781 413 2851 impossibils3
435 2791 462 2837 et
479 2782 531 2838 hoc
546 2802 633 2855 genus
646 2786 758 2855 reliqua,
774 2786 864 2842 eidem
903 2788 977 2835 recte
991 2782 1127 2848 advertas)
1150 2781 1271 2837 historia
1284 2783 1400 2836 naturali
1413 2784 1524 2853 propior
1542 2793 1590 2848 est,
1605 2793 1695 2854 poste-

68 2859 256 2925 attribuimusr
271 2860 300 2914 id
314 2860 483 2916 solummodo
496 2864 623 2930 cavendo,
637 2871 667 2919 ut
680 2864 864 2935 physicarum
903 2860 960 2914 rior
970 2860 1172 2930 metaphysica.
1213 2860 1334 2930 Physica
1344 2869 1434 2915 autem
1447 2870 1573 2916 concreta
1582 2863 1696 2918 eandem

68 2935 158 3009 ¹035oe
179 2947 340 2995 tractentur·
382 2942 418 2996 At
437 2943 639 3015 inquisitionem
661 2945 694 2999 de
715 2945 783 3010 Deo,
803 2964 864 3012 uuo,
903 2941 976 2994 subit
997 2941 1166 3006 diuisionem,
1196 2957 1277 3012 quam
1300 2941 1415 2995 historia
1436 2942 1585 3007 naturalise
1610 2953 1639 2997 ut
1660 2944 1696 2997 sit

68 3016 148 3082 bono,
169 3020 285 3091 angelis,
308 3020 455 3090 spiritibus,
477 3022 511 3076 sd
527 3022 692 3093 theologiam
715 3025 865 3081 naturalem
903 3018 946 3073 vel
973 3020 1046 3074 circa
1066 3020 1204 3085 coelestiae
1233 3019 1277 3074 vel
1300 3020 1373 3074 circa
1396 3027 1532 3086 meteora;
1557 3022 1600 3075 vel
1622 3022 1696 3076 circa

67 3097 218 3153 retulimus.
259 3098 365 3153 Merito
377 3100 461 3170 igitur
475 3102 559 3173 quaeri
572 3102 665 3172 possit,
677 3103 742 3173 quid
755 3105 864 3160 tandem
904 3097 1016 3168 globum
1036 3108 1116 3154 ¹²¹¹oe
1130 3106 1157 3154 el
1178 3099 1281 3171 mtssitt
1302 3098 1347 3154 vel
1360 3098 1433 3153 ciret
1446 3099 1563 3170 wllegifl
1582 3101 1695 3170 maim,

66 3178 108 3240 sit,
140 3177 212 3246 quod
239 3178 437 3248 metaphysica
464 3181 652 3252 relinquatur?
687 3181 768 3237 Certe
795 3184 864 3238 ultra
904 3195 965 3248 quae
976 3179 1110 3232 elementa
1121 3185 1231 3244 vocant;
1246 3176 1289 3233 vel
1299 3179 1372 3269 cirqa
1381 3177 1497 3248 collegia
1511 3179 1623 3243 minora,
1637 3180 1695 3234 sive

66 3255 283 3320 nannsmnihil,
295 3257 343 3312 sed
356 3258 444 3328 ipsius
454 3267 557 3314 natura
567 3276 630 3330 pars
639 3259 726 3316 multo
737 3272 865 3331 praestan.
902 3257 1023 3326 speciem
1052 3259 1134 3313 etiam
1158 3259 1230 3312 circa
1252 3259 1543 3330 pratergenerationes,
1572 3267 1600 3312 et
1623 3259 1696 3313 circa

66 3334 185 3389 tissima.
227 3335 317 3406 Atque
331 3337 453 3407 proiecto
466 3338 534 3392 citra
543 3338 671 3394 veritates
685 3340 863 3410 dispendium,
903 3335 1070 3391 mechanica.
1104 3337 1215 3393 Etenim
1229 3337 1258 3391 iu
1271 3337 1347 3391 hisce
1362 3336 1485 3390 omnibus
1499 3336 1696 3392 historianatu-

65 3411 122 3467 hoe
144 3431 232 3484 osque
253 3416 287 3469 de
306 3424 428 3470 veterum
441 3418 576 3472 sententia
595 3419 759 3488 respondere
776 3420 863 3487 liceat,
902 3416 968 3469 ralis
980 3417 1080 3470 factum
1092 3416 1181 3487 ipsum
1190 3423 1373 3487 perscrutatur
1386 3424 1413 3471 et
1424 3415 1524 3480 retem
1540 3423 1568 3470 st
1581 3416 1696 3487 physica

11 3524 12 3555 3
65 3491 214 3561 physicam
228 3510 262 3546 ea
276 3502 401 3559 tractare,
416 3497 593 3566 quoepenitus
606 3497 635 3552 in
649 3499 763 3553 materia
776 3517 865 3555 mersa
902 3493 998 3549 itidem
1020 3512 1131 3550 causas:
1152 3496 1200 3551 sed
1219 3495 1343 3567 intellige
1365 3495 1417 3550 hoc
1438 3494 1472 3549 de
1492 3495 1582 3549 causis
1604 3496 1693 3561 fluxis,

11 3564 13 3611 ἶ
65 3580 127 3625 sunt
148 3580 180 3626 et
199 3569 320 3637 mobilia,
334 3574 551 3645 metaphysicam
570 3578 707 3631 abstracta
728 3579 817 3650 magis
838 3586 866 3634 et
902 3575 1019 3628 materia
1039 3574 1144 3629 scilicet
1162 3584 1189 3630 et
1202 3575 1346 3631 efficiente.
1389 3575 1463 3629 luter
1476 3574 1558 3628 hasce
1572 3573 1694 3645 physicae

64 3651 231 3707 mantia
272 3651 377 3708 Rursus
396 3653 538 3724 physicam
552 3655 581 3710 in
595 3665 693 3710 natura
711 3673 863 3728 supponere
901 3653 1049 3722 portiones,
1068 3671 1165 3708 manca
1178 3671 1288 3723 prorsus
1309 3661 1338 3708 et
1351 3653 1510 3723 imperfecta
1524 3662 1566 3708 est
1580 3670 1620 3718 ea,
1635 3670 1695 3724 quae

65 3730 243 3785 existentiam
262 3738 380 3797 mutum,
396 3739 424 3787 et
437 3741 549 3799 motum,
564 3743 592 3789 et
610 3735 760 3791 naturalem
773 3753 864 3792 neces.
902 3731 1014 3803 inquirit
1029 3733 1062 3788 de
1082 3732 1249 3798 caelestibus,
1263 3750 1325 3787 cum
1340 3742 1430 3786 tamen
1445 3740 1556 3803 propter
1569 3733 1695 3787 nobilita·

66 3809 195 3873 ritatem3
217 3816 246 3863 at
259 3810 477 3881 metaphysicam
491 3813 573 3868 etiam
593 3822 710 3869 mentem
724 3821 752 3870 et
765 3815 862 3873 ideam.
902 3817 957 3865 tem
971 3810 1087 3886 subjecti
1097 3813 1234 3883 praecipue
1249 3812 1404 3866 bominibus
1418 3829 1489 3866 curta
1503 3829 1562 3866 esse
1576 3812 1693 3868 deberet.

66 3886 140 3942 Nam
154 3888 211 3942 huo
226 3889 297 3944 t‘orte
310 3890 381 3944 renis
391 3907 432 3955 ea,
447 3909 528 3963 quam
542 3893 670 3958 dicemus,
685 3910 739 3950 res.
760 3895 862 3951 Verum
901 3889 1012 3945 Etenim
1028 3891 1192 3947 astronomia
1206 3891 1317 3946 lundata
1329 3900 1371 3946 est
1387 3892 1416 3944 in
1435 3890 1621 3961 phoenomenis
1638 3908 1695 3946 uon

66 3981 114 4021 nos
137 3983 209 4031 eam,
224 3969 310 4023 missa
329 3970 461 4026 sermonis
478 3971 652 4036 sublimitate,
673 3973 814 4044 perspicue
836 3983 864 4031 et
901 3969 990 4034 malet
1010 3971 1058 4025 sed
1079 3970 1191 4025 humilis
1211 3977 1302 4034 estet
1319 3970 1431 4024 minime
1452 3971 1537 4026 etiam
1550 3971 1650 4025 solida:
1664 3977 1695 4025 at

68 4045 241 4101 familiariter
253 4064 444 4119 proponemus.
484 4050 581 4105 Partiti
595 4068 689 4105 sumus
709 4053 862 4109 naturalem
901 4048 1086 4120 astrologiain
1100 4049 1588 4127 plurimisetiamy'undamentocaret.
1613 4049 1694 4105 Certe

67 4124 274 4195 philosophiam
290 4127 318 4181 in
332 4144 473 4183 causarum
486 4129 697 4200 inquisitionem,
712 4137 739 4185 et
752 4133 863 4201 produc.
901 4129 1065 4183 astronomia
1086 4129 1168 4182 talem
1195 4128 1274 4183 offert
1299 4129 1420 4183 humano
1446 4128 1594 4183 intellectui
1617 4130 1695 4183 victi-

68 4203 168 4258 dmm
183 4205 339 4261 effectum.
380 4207 587 4279 [aquisitionem
601 4226 745 4264 cansarum
762 4211 791 4264 in
806 4213 863 4268 the.
901 4224 983 4271 mam,
1004 4206 1114 4280 qualem
1135 4207 1313 4262 Prometheus
1333 4208 1407 4275 olim,
1421 4224 1482 4262 cum
1495 4208 1617 4263 fraudem
1631 4207 1694 4263 Jovi

68 4283 168 4337 uncam
184 4285 361 4352 conjecimus.
401 4286 472 4341 Eam
482 4287 511 4341 in
524 4287 667 4359 physicam
681 4295 708 4344 et
718 4290 860 4361 metaphy.
901 4285 984 4341 lecit:
1011 4287 1124 4341 adduxit
1150 4286 1198 4342 ille
1225 4287 1286 4341 loco
1312 4287 1390 4342 bovis
1414 4288 1470 4341 veri
1492 4285 1594 4357 pellem
1616 4288 1694 4342 bovis

68 4361 152 4417 tium
180 4364 276 4433 partiti
300 4381 401 4419 sumus.
441 4366 518 4437 Ergo
544 4384 655 4422 necesse
678 4375 728 4432 est,
751 4377 781 4423 ut
800 4387 864 4425 vera
901 4365 1012 4436 grandis
1032 4374 1058 4420 et
1075 4365 1191 4436 pulchri,
1209 4366 1346 4431 stramine,
1364 4375 1392 4421 et
1412 4367 1491 4432 loliis,
1506 4373 1533 4420 et
1548 4366 1694 4421 viminibus

68 4438 221 4495 ffiueoenm
235 4441 334 4498 harum
347 4454 470 4499 minatur
482 4463 517 4500 ex
529 4455 625 4501 namra
639 4463 788 4513 causarum,
797 4466 863 4520 quas
900 4444 1111 4501 suffarcinatam.
1151 4445 1272 4500 Exhibet
1286 4446 1413 4501 similiter
1426 4454 1453 4500 et
1466 4447 1632 4501 astronomia
1647 4464 1695 4501 ex·

67 4518 215 4590 inquirunt
258 4522 355 4593 ltaque
379 4524 480 4595 absque
508 4525 600 4596 aliqua
626 4525 788 4580 obscuritate
817 4536 863 4584 aut
901 4524 1159 4579 terioracoelcstium
1169 4527 1313 4595 (astrorum
1322 4526 1593 4590 dicimusnumerum,
1602 4525 1692 4592 situm,

67 4597 235 4664 rimuitione,
246 4600 364 4671 physica
378 4611 426 4666 est,
442 4621 503 4674 quse
519 4603 629 4674 inquirit
644 4605 676 4658 de
691 4606 823 4661 efficiente
836 4615 864 4662 et
900 4610 998 4668 motus,
1018 4604 1157 4673 periodos)
1176 4611 1305 4674 tauquam
1327 4603 1426 4674 pellem
1449 4605 1522 4671 coeli,
1537 4605 1691 4675 pulchram,

66 4679 202 4743 materisr
216 4679 413 4750 metaphysica,
429 4698 490 4752 quse
504 4683 636 4737 deforma
650 4690 677 4738 et
690 4684 753 4739 fine.
901 4690 928 4736 et
949 4682 978 4736 in
998 4689 1146 4751 systemata
1163 4683 1238 4737 fabre
1257 4684 1464 4739 concinnatam:
1486 4693 1515 4737 at
1527 4685 1631 4740 viscera
1650 4686 1695 4740 de·

106 4755 229 4827 Physica
241 4758 327 4829 igitur
345 4776 487 4815 causarum
501 4779 572 4832 saga
592 4771 620 4815 et
640 4763 750 4827 incerta,
765 4770 793 4818 et
812 4781 863 4836 pro
901 4769 965 4815 sunt
979 4763 1112 4833 (rabones
1122 4778 1221 4832 nempe
1235 4763 1370 4833 physica)
1384 4780 1419 4818 ex
1435 4764 1533 4834 quibus
1547 4763 1695 4835 (hypothe-

66 4836 148 4889 modo
161 4837 288 4905 subjecti,
303 4839 632 4911 mobiliacomplectitu13
647 4858 863 4898 causarumcon-
901 4840 976 4894 sibus
996 4841 1184 4895 astronomicis
1200 4842 1347 4911 adjunctis)
1367 4851 1476 4897 eruatur
1496 4843 1618 4907 theorias
1639 4859 1694 4897 non

65 4916 194 4970 mnam
207 4932 263 4971 non
278 4918 440 4989 assequitur.
902 4935 963 4988 quar
982 4919 1171 4990 phanomeuis
1190 4927 1296 4975 tautum
1316 4921 1467 4977 satisfaciat
1481 4924 1571 4994 (cujus
1585 4922 1695 4992 generis

901 4998 1055 5067 complures
1069 4999 1210 5069 ingeniose
1224 5001 1340 5072 confingi
1354 5002 1478 5072 possent)
1493 5000 1541 5056 aed
1560 5018 1619 5070 quae
1633 5000 1695 5054 sub

901 5077 1037 5142 stantiam,
1053 5084 1080 5131 et
1100 5086 1213 5144 motum,
1232 5086 1261 5132 et
1279 5079 1412 5135 influxum
1433 5080 1591 5144 coelestium,
1614 5086 1695 5150 prout

900 5171 996 5209 revera
1021 5164 1091 5221 sunt,
1119 5165 1258 5226 proponat.
1306 5158 1429 5228 Explosa
1454 5160 1527 5213 enim
1554 5157 1610 5213 fere
1634 5158 1695 5226 jam

67 5227 148 5300 Ignis
157 5229 264 5285 duritiei
280 5248 370 5296 causa,
380 5233 428 5286 sed
442 5234 470 5287 in
483 5233 562 5295 limo;
577 5233 649 5303 ignis
662 5233 863 5305 colliquatiorris
901 5233 1007 5302 pridem
1021 5243 1082 5288 sunt
1093 5235 1157 5298 illst
1180 5241 1196 5268 “
1209 5244 1304 5307 raptus
1317 5239 1399 5308 primi
1413 5237 1544 5292 mobilis’'
1560 5245 1588 5290 et
1604 5241 1620 5268 ‘⁴
1631 5236 1695 5292 soli·

66 5325 158 5373 mun,
172 5310 221 5364 sed
240 5312 270 5364 in
284 5327 354 5365 cera.
394 5311 549 5366 Partiemur
568 5320 659 5366 autem
674 5313 817 5382 physicam
832 5313 861 5365 iu
901 5311 973 5366 ditas
983 5313 1070 5367 coeli’‘
1086 5313 1186 5383 (stellis
1200 5315 1229 5370 iu
1240 5316 1350 5371 orbibus
1363 5317 1420 5369 suis
1430 5324 1559 5386 tanquam
1573 5315 1695 5372 clavisiu

67 5386 206 5441 doctrinas
219 5396 283 5442 tres.
325 5391 433 5444 Natura
449 5392 521 5445 enirn
535 5400 582 5445 sut
600 5390 714 5444 collecta
727 5392 756 5445 in
770 5408 862 5455 uurrm,
901 5390 1074 5462 laquearibus
1092 5393 1208 5463 infixis).
1249 5395 1310 5450 Nec
1330 5395 1415 5448 multo
1433 5393 1531 5450 melius
1544 5396 1694 5462 asseritur3

65 5474 113 5520 sut
137 5465 199 5521 iuss
218 5475 247 5523 et
270 5484 365 5539 sparsa
383 5477 434 5527 cst.
474 5469 620 5543 Colligitur
640 5486 705 5524 vcro
727 5471 755 5526 in
779 5488 862 5525 unum
903 5471 975 5540 quod
995 5471 1050 5527 unt
1069 5470 1169 5528 diversi
1190 5473 1247 5546 poli
1270 5474 1373 5529 zodiaci
1394 5481 1421 5529 et
1436 5475 1545 5543 mundi;
1567 5474 1639 5550 quod
1658 5475 1696 5531 sit

145 5052 162 5075 “
173 5048 257 5098 Limus
266 5056 294 5098 ut
305 5049 343 5099 hic
350 5050 460 5107 durescit,
472 5059 494 5100 et
505 5051 555 5100 hac
564 5058 590 5101 ut
599 5067 654 5101 cers
662 5051 778 5114 liquescit,

177 5106 233 5154 Uno
242 5108 372 5168 eodemque
382 5109 464 5171 igne.‘'
