3800 5875
212 337 270 393 668
782 330 951 388 IMPETUS
972 329 1263 387 PHILOSOPHICI.

1297 442 1309 471 0

210 497 423 568 haudquaquam
442 495 546 567 optima
564 495 625 560 fide,
640 508 731 548 rerum
749 499 852 547 natura
871 507 949 546 suam
967 506 1014 544 ua·
1051 491 1157 561 quibus,
1171 490 1200 544 iu
1214 488 1451 561 contemplationis
1468 506 1591 545 amorem
1608 487 1716 554 effusis,
1730 487 1861 562 frequens

210 587 300 632 turum
314 577 409 631 inserit
424 576 602 630 etimmiacet.
644 572 741 643 ltaque
750 572 854 641 primus
863 570 1013 641 imponitur
1051 573 1122 640 apud
1139 587 1191 624 nos
1209 586 1322 640 operum
1342 571 1445 624 mentio
1466 587 1594 639 asperum
1618 570 1755 642 quiddam
1778 578 1859 640 atque

210 657 296 721 labor,
311 665 342 712 ιιι
361 656 450 710 omnis
467 655 520 709 ista
538 653 637 708 militia
654 652 829 715 theoriarum,
845 668 905 722 quie
923 658 1013 704 tantas
1050 650 1188 721 ingratum
1202 660 1231 704 et
1245 649 1434 704 mechanicum
1448 657 1533 714 sonat,
1544 649 1765 704 monstrabimus
1779 667 1860 720 quas-

212 737 415 807 deditpngnas,
431 736 597 789 mittaturne
616 733 761 803 relegetur.
803 730 916 784 Accedit
934 728 1012 784 labor
1051 739 1108 784 turn
1133 729 1173 783 illi
1196 729 1339 783 desideriis
1360 730 1417 783 suis
1440 730 1560 799 propriis
1585 730 1778 791 adversentur,
1798 747 1859 784 cum

211 816 353 880 secundus,
362 825 392 869 ut
401 832 479 869 mens
494 831 511 868 a
524 814 615 883 pravis
626 811 884 866 demonstrationum
895 808 1011 863 vinculis
1051 811 1155 878 puritas
1170 809 1439 880 contemplationum,
1450 817 1533 880 atque
1548 810 1720 864 substructio
1731 819 1761 863 et
1771 811 1860 863 insen

210 895 340 951 solvatur.
382 895 463 949 Hunc
484 895 586 963 excipit
606 892 708 956 tertius,
729 897 761 944 ιιι
776 891 818 944 vis
837 891 891 944 ista
911 889 1011 943 mentis
1051 889 1088 942 tio
1102 906 1214 958 operum
1230 905 1340 958 prorsus
1355 890 1457 943 eisdem
1477 891 1559 944 rebus
1580 890 1715 952 nitantur,
1730 905 1765 941 ae
1780 890 1859 944 §mul

212 975 363 1030 seductoria
373 973 537 1038 coerceatur,
548 980 630 1044 atque
644 970 719 1026 idola
731 971 827 1024 innata
835 971 879 1023 sel
891 969 1011 1022 evellan·
1050 969 1233 1038 perficiantur.
1274 969 1372 1023 Adhuc
1398 969 1422 1022 si
1445 969 1506 1039 quis
1527 969 1647 1032 haesitet,
1670 978 1757 1039 atque
1781 970 1859 1022 istun

210 1065 262 1121 tur,
277 1053 328 1117 rel,
344 1055 367 1107 si
382 1052 461 1107 evelli
476 1069 530 1106 nou
547 1053 658 1123 possint,
671 1052 711 1106 ita
733 1058 826 1104 tamen
848 1050 1010 1110 indicentur,
1050 1049 1222 1103 scientiarum
1236 1049 1270 1102 ab
1285 1049 1392 1120 integro
1405 1050 1653 1119 regenerationem,
1668 1058 1701 1102 ut
1722 1065 1782 1101 rem
1800 1049 1858 1102 aisse

211 1144 294 1206 atque
316 1141 518 1204 pernoscantur,
534 1141 564 1185 ut
584 1132 747 1185 variationes
768 1130 874 1183 restitui
895 1129 1009 1198 possint.
1050 1129 1134 1192 exitu,
1149 1136 1177 1182 et
1189 1137 1301 1190 vastam,
1312 1136 1339 1182 et
1354 1129 1433 1198 quasi
1447 1129 1581 1182 infinitam
1593 1128 1858 1198 accipiatoateude·

212 1213 320 1268 lnntssia
335 1212 408 1266 enim
423 1220 451 1266 et
469 1212 582 1266 sortasse
601 1212 731 1265 damnosa
746 1209 827 1263 luerit
840 1225 962 1263 errorum
981 1208 1011 1261 iu
1050 1226 1110 1263 mus
1127 1225 1188 1263 eam
1208 1216 1304 1262 contra
1323 1210 1427 1262 censeri
1448 1207 1548 1263 debere
1570 1209 1664 1278 potius
1687 1225 1809 1261 errorum
1830 1218 1858 1262 et

210 1292 395 1363 philosophiis
423 1291 562 1346 demolitio
584 1299 612 1345 et
638 1289 791 1353 deatnrctio,
812 1289 836 1342 si
864 1304 900 1342 ex
926 1304 1011 1359 prava
1049 1287 1185 1342 rastitatis
1219 1288 1366 1342 terminum
1394 1296 1422 1342 et
1449 1305 1543 1342 verum
1572 1287 1732 1350 finitorem
1777 1296 1855 1357 atque

211 1368 400 1442 complexione
415 1372 513 1425 mentia
527 1371 590 1424 novi
605 1387 725 1425 errorum
736 1368 845 1432 surculi,
857 1377 884 1422 et
894 1367 1010 1421 sortasse
1050 1368 1162 1437 planum
1175 1366 1312 1431 faciemus,
1325 1367 1528 1438 inquisitionem
1540 1385 1635 1422 rerum
1649 1366 1855 1437 particularium

211 1453 301 1522 magis
315 1452 471 1523 degeneres,
486 1449 696 1521 pullulaverint;
717 1465 806 1519 neque
828 1449 904 1517 prius
923 1447 1010 1500 absis·
1046 1448 1150 1514 iustam
1170 1454 1199 1500 et
1218 1447 1336 1518 plenam,
1355 1448 1474 1516 demptis
1495 1448 1657 1512 individuis,
1680 1455 1709 1501 et
1728 1447 1854 1517 gradibus

211 1533 331 1596 tendum,
347 1549 429 1603 quam
443 1531 531 1585 omnis
545 1547 608 1601 spes
623 1529 792 1599 praecidutur,
806 1544 842 1582 ex
862 1544 913 1581 usu
926 1527 1009 1580 ratio·
1049 1543 1147 1590 rernm,
1157 1533 1185 1580 et
1197 1527 1393 1582 variationibus
1403 1527 1521 1590 minutis,
1533 1527 1577 1596 (id
1591 1528 1668 1599 quod
1682 1527 1719 1580 ad
1730 1527 1853 1581 scientias

210 1612 254 1666 nis
276 1612 422 1673 communi,
443 1618 491 1665 aut
513 1627 548 1664 ex
570 1609 690 1679 vulgaris
711 1608 807 1678 logicus
828 1606 963 1677 praesidiis
984 1615 1012 1661 et
1049 1607 1116 1660 satis
1130 1608 1191 1672 est)
1203 1615 1286 1677 atque
1299 1607 1363 1660 iude
1377 1606 1469 1660 debito
1481 1607 1563 1661 modo
1577 1607 1719 1662 excitatas
1733 1608 1852 1660 uotiuum

211 1691 331 1755 auxiliis,
353 1690 538 1760 philosophie
558 1688 736 1753 absolvendas,
756 1695 804 1741 aut
826 1687 958 1755 maj0rem
982 1686 1010 1740 in
1049 1687 1108 1740 sive
1122 1687 1207 1750 ideas,
1221 1703 1278 1740 rem
1292 1703 1352 1740 esse
1366 1685 1461 1740 multis
1475 1688 1565 1740 modis
1584 1689 1680 1758 magia
1700 1687 1852 1750 finitamet

211 1770 320 1825 modum
335 1769 548 1840 amplificandae3
570 1785 604 1822 ue
620 1769 689 1822 iorte
703 1784 807 1822 errores
828 1783 883 1820 non
899 1765 1011 1834 abjicia-
1049 1765 1178 1829 habilem.
1193 1772 1221 1820 et
1238 1765 1522 1836 comprehensibilem,
1537 1775 1565 1821 et
1583 1767 1629 1820 sui
1650 1776 1767 1828 certam,
1781 1777 1807 1820 et
1820 1766 1851 1820 de

210 1866 280 1914 mus,
296 1850 344 1904 sed
358 1861 553 1920 permutemus.
597 1848 692 1919 ltaque
706 1864 771 1917 pars
789 1847 850 1909 ista,
866 1863 947 1917 quam
962 1846 1010 1900 de·
1049 1861 1089 1909 eo,
1110 1844 1184 1916 quod
1210 1845 1361 1899 confectum
1382 1855 1431 1910 est,
1452 1855 1533 1917 atque
1558 1864 1601 1909 eo,
1627 1847 1703 1916 quod
1724 1855 1851 1917 superest,

211 1936 361 1984 struentem
374 1928 552 1998 appellamus,
567 1927 653 1981 tribus
666 1926 905 1996 redargutionibus
919 1926 1010 1980 absol·
1049 1942 1171 1994 gnaram
1196 1942 1278 1996 quam
1304 1923 1504 1995 speculationes
1530 1936 1558 1979 et
1586 1927 1782 1980 meditationes
1806 1927 1851 1979 ab·

211 2008 299 2072 vitun
329 2008 518 2077 redargutione
539 2006 794 2076 philosophiamms
820 2005 1010 2075 redargutione
1049 2013 1170 2068 stractus,
1183 2021 1296 2074 quarum
1309 2022 1404 2059 resera
1417 2004 1508 2059 nullus
1521 2012 1565 2059 est
1575 2006 1711 2068 finiased
1724 2015 1852 2077 perpetus

211 2088 489 2150 demonstrationum
511 2094 539 2140 et
552 2086 741 2155 redargutione
755 2084 869 2139 rationis
882 2084 1012 2141 humanm
1049 2084 1197 2147 circulatio,
1219 2083 1357 2148 volutatio,
1379 2095 1407 2139 et
1428 2085 1584 2155 trepidatio.
1629 2087 1722 2156 Atque
1748 2088 1849 2140 aum

210 2167 320 2221 natirae.
360 2167 458 2235 Neque
473 2182 522 2219 uos
537 2165 616 2235 fugit,
628 2165 730 2236 absque
745 2173 819 2218 tanto
832 2173 909 2218 motu
922 2181 1011 2219 acces-
1050 2163 1110 2234 quis
1124 2164 1230 2218 sobrius
1245 2161 1291 2238 (ut
1305 2165 1357 2218 sibi
1372 2164 1459 2218 videri
1473 2163 1577 2238 possit)
1590 2173 1620 2218 et
1635 2165 1728 2219 civilis
1742 2166 1849 2236 prudeu

211 2246 302 2299 aiones
315 2263 369 2299 non
385 2262 484 2316 parvas
494 2246 528 2299 sd
542 2245 670 2299 scientias
684 2262 700 2297 a
713 2243 793 2298 nobis
807 2244 867 2298 fieri
880 2245 1010 2315 potuisse,
1050 2244 1088 2296 tia
1102 2242 1280 2297 diffidentiam
1299 2244 1334 2298 ad
1351 2243 1411 2297 htec
1430 2244 1606 2309 transferens,
1623 2245 1768 2300 existimet
1786 2246 1849 2308 hae,

211 2334 291 2396 atque
319 2326 395 2379 aditu
415 2325 528 2378 sortasse
549 2324 584 2378 ad
604 2324 711 2379 laudem
732 2323 865 2378 molliore.
907 2323 1011 2379 Verum
1049 2340 1110 2394 quta
1124 2324 1247 2387 dicimus,
1262 2324 1332 2376 votis
1347 2322 1448 2377 similia
1461 2324 1556 2386 rideri,
1567 2342 1689 2396 quasque
1703 2325 1763 2395 spei
1773 2326 1850 2379 nimis

209 2421 261 2458 nos
275 2404 361 2460 nescii
376 2405 484 2475 quando
499 2404 558 2459 haec
572 2404 654 2459 alicui
668 2402 715 2457 alii
729 2403 758 2456 in
769 2411 1012 2458 mentemventura
1048 2402 1214 2474 indulgeant,
1229 2419 1323 2457 revera
1340 2412 1432 2457 autem
1446 2420 1482 2458 ex
1501 2404 1691 2474 philosophiae
1710 2415 1783 2461 statu
1794 2423 1851 2459 ma·

210 2484 272 2546 sint,
286 2483 369 2539 fidem
381 2491 501 2537 nostram
515 2485 544 2537 iu
555 2484 690 2555 integrum
701 2483 818 2537 liberare
832 2482 1010 2538 decrevimus.
1049 2489 1106 2536 tato
1119 2481 1160 2536 nil
1178 2481 1253 2536 aliud
1272 2491 1434 2547 secuturum,
1455 2501 1536 2554 quarn
1556 2493 1589 2538 ut
1612 2484 1718 2553 placita
1741 2483 1849 2538 formae

251 2562 318 2617 Post
338 2580 430 2618 aream
455 2563 554 2617 mentia
576 2572 719 2634 aequatam,
745 2563 867 2632 sequitur
884 2570 913 2616 ut
933 2580 1011 2619 mens
1049 2562 1251 2627 transforantur,
1266 2580 1312 2616 res
1325 2571 1415 2616 autem
1428 2562 1558 2618 humauae
1577 2563 1671 2618 nihilo
1689 2565 1849 2618 futurumst

211 2652 327 2712 ponatur
347 2644 377 2698 in
398 2643 576 2697 conversione
596 2643 674 2707 bona,
689 2651 717 2698 et
735 2642 820 2697 veluti
834 2643 863 2696 in
880 2642 1011 2713 adspemu
1049 2642 1199 2706 auctiorem
1234 2640 1299 2697 huic
1321 2642 1411 2707 fidem,
1435 2651 1466 2696 ut
1487 2653 1629 2714 putamus,
1655 2645 1794 2706 iaciemus,
1811 2644 1847 2697 nil

209 2721 343 2776 benevolo
356 2722 391 2776 ad
404 2740 438 2777 ea
452 2741 513 2793 quaa
531 2739 723 2793 proponemus.
765 2721 835 2776 Cum
849 2722 922 2777 enim
936 2723 965 2776 in
981 2740 1010 2777 re
1048 2721 1139 2776 miuus
1158 2722 1212 2793 agi,
1228 2738 1310 2791 quam
1331 2720 1463 2792 placitum
1481 2733 1528 2776 aut
1546 2733 1662 2786 sectam,
1679 2733 1848 2794 nostramque

210 2801 383 2857 novavaleat
396 2802 699 2873 adproejudicium,non
713 2801 801 2856 solum
812 2802 1011 2872 praeoccupatio
1048 2800 1183 2855 rationem
1210 2801 1245 2854 ab
1264 2802 1307 2866 iis,
1328 2819 1389 2872 qum
1408 2801 1551 2873 hucusque
1572 2804 1601 2856 in
1625 2803 1803 2872 philosophia
1823 2811 1848 2856 et

210 2881 289 2935 fortis
302 2882 438 2953 opinionis
451 2883 559 2946 veteris,
573 2899 667 2937 rerum
686 2880 769 2937 etiam
789 2882 938 2953 proeceptio
951 2882 1010 2938 sive
1048 2879 1168 2935 scientiis
1182 2881 1296 2952 praebita
1310 2889 1381 2946 sunt,
1396 2889 1452 2935 toto
1471 2898 1573 2953 genere
1592 2883 1721 2938 differre:
1742 2900 1848 2953 operum

209 2963 393 3033 praefiguratio
408 2962 478 3017 falsa
491 2962 538 3025 rei,
554 2980 614 3034 quur
628 2963 750 3025 affertur,
762 2964 843 3016 etiam
859 2962 923 3018 huic
937 2963 1011 3017 malo
1048 2968 1140 3015 autem
1164 2962 1344 3016 certissimam
1371 2978 1489 3016 messem
1516 2963 1654 3031 sponderi,
1676 2965 1706 3017 ni
1728 2964 1848 3017 homiues

210 3042 361 3097 remedium
374 3042 557 3097 adhibendum
572 3050 619 3107 est,
635 3051 715 3113 atque
732 3059 810 3096 mens
830 3058 885 3097 uon
905 3050 1010 3096 tautum
1048 3057 1172 3095 muscum
1184 3042 1242 3095 sire
1261 3048 1382 3111 segetem
1397 3041 1541 3096 herbidam
1559 3042 1699 3097 demetere
1718 3060 1847 3114 preoccu-

209 3122 378 3185 vindicanda,
389 3121 437 3175 sed
449 3133 475 3175 et
485 3121 672 3192 praeparanda.
707 3121 750 3175 Ea
763 3122 926 3192 praeparatio
939 3122 1011 3175 nihil
1048 3130 1152 3190 parent,
1163 3130 1244 3192 atque
1258 3121 1357 3174 affectu
1371 3121 1470 3190 puerili
1483 3132 1511 3175 et
1524 3132 1625 3176 conatu
1636 3122 1731 3177 tattaci
1741 3140 1846 3192 operum

210 3201 285 3255 aliud
298 3209 340 3255 est
353 3218 434 3272 quam
448 3210 562 3256 utserae
576 3200 729 3256 habeantur
742 3202 775 3255 de
789 3218 830 3267 eo,
845 3202 918 3273 quod
928 3202 1011 3256 addu·
1048 3200 1165 3269 pignora
1185 3201 1374 3270 intempestive
1396 3202 1575 3270 captaverint.
1617 3204 1712 3274 Atque
1736 3220 1774 3257 ex
1798 3202 1845 3266 bia

210 3280 306 3344 cimus,
319 3282 467 3351 opiniones,
479 3281 513 3335 ad
523 3289 629 3351 tempus
639 3280 832 3345 tantummodo,
844 3290 872 3336 et
880 3289 1010 3353 tanquam
1048 3296 1109 3349 quoe
1117 3280 1245 3343 dminus,
1256 3281 1436 3350 pertractatis,
1448 3282 1514 3334 satis
1525 3291 1636 3335 cautum
1647 3283 1683 3337 de
1694 3283 1845 3353 praejudicio

209 3359 348 3425 ummrim,
368 3360 453 3414 donec
474 3378 518 3415 res
538 3360 599 3430 ipsa
619 3370 804 3431 pernoscatur.
845 3361 935 3432 Atque
957 3361 1009 3415 hoc
1048 3359 1106 3412 fore
1123 3360 1310 3414 existimamus
1328 3359 1402 3414 illius
1425 3361 1541 3430 generis,
1563 3361 1639 3431 quod
1659 3379 1698 3416 ex
1719 3379 1801 3433 praru
1819 3372 1845 3415 et

209 3438 238 3493 in
253 3456 287 3493 eo
300 3440 447 3494 feresitum
460 3450 510 3504 est,
524 3440 819 3510 utpravaectsinistrae
832 3440 1009 3510 suspiciones,
1047 3438 1143 3510 iniqua
1169 3440 1216 3505 rei,
1245 3458 1306 3511 quae
1333 3440 1481 3504 adducitur,
1507 3442 1683 3510 perceptione
1713 3443 1844 3503 emnam,

209 3518 305 3589 quales
320 3537 356 3574 ex
370 3520 581 3589 praenotionibus
595 3521 711 3590 receptis
726 3519 824 3586 (veluti
835 3537 871 3574 ex
882 3528 941 3574 atra
955 3520 1010 3575 bile
1048 3527 1129 3589 atque
1157 3536 1212 3573 una
1234 3519 1381 3573 secundam
1407 3529 1521 3588 partem,
1544 3538 1627 3591 quarn
1650 3530 1844 3592 prosperantem

209 3599 326 3668 quadam
360 3599 525 3668 epidemica)
559 3607 664 3654 mentes
697 3598 840 3654 hominum
872 3600 1010 3656 subituras
1048 3597 1226 3668 appellamus,
1239 3598 1359 3663 absolvi,
1381 3609 1526 3671 postquam
1537 3610 1564 3654 et
1574 3616 1611 3654 ex
1621 3610 1700 3670 parte
1711 3601 1845 3672 ηιιςίαωῖ

209 3676 290 3731 facile
318 3679 485 3745 conjicimus,
512 3686 656 3735 arceantur
680 3685 762 3749 atque
791 3679 1008 3751 intercipiantur,
1048 3687 1131 3731 etex
1149 3686 1227 3748 parte
1247 3678 1486 3749 contemplationis
1503 3680 1659 3744 abstractae,
1683 3689 1713 3734 et
1726 3690 1845 3750 exim

210 3758 283 3828 quod
296 3759 335 3812 ait
350 3756 415 3812 ille:
1048 3757 1196 3826 prudentias
1210 3757 1348 3821 naturalis,
1363 3767 1445 3829 atque
1460 3760 1519 3828 ejus
1532 3760 1672 3823 comitatu,
1691 3761 1844 3823 diffidenda,

1047 3845 1075 3890 et
1092 3837 1247 3902 sobrietate,
1261 3846 1289 3893 et
1302 3837 1446 3902 similibus,
1460 3839 1548 3893 omnis
1567 3839 1685 3894 adversa
1700 3857 1769 3895 aura
1785 3856 1844 3893 tm·

1047 3916 1163 3981 ticuerit,
1184 3925 1213 3971 et
1232 3918 1328 3972 reflare
1349 3918 1468 3973 desierit.
1483 3941 1495 3947 ·>
1509 3918 1639 3973 Attamen
1667 3931 1698 3974 ut
1725 3920 1844 3974 omuibus

1046 3997 1166 4051 numeris
1185 3997 1321 4068 completa
1340 3997 1502 4053 adhibeatur
1515 4000 1691 4069 preparatio,
1715 4000 1782 4054 illud
1799 3999 1843 4052 de-

209 4071 303 4127 Primo
316 4073 401 4144 igitur
410 4074 434 4128 si
448 4075 511 4146 quis
525 4076 563 4129 its
574 4075 685 4146 cogitet,
696 4074 801 4130 occulta
812 4085 915 4130 natura
924 4075 1008 4131 veluti
1047 4092 1106 4130 esse
1129 4076 1242 4142 videtur,
1266 4085 1296 4131 ut
1318 4075 1435 4147 languor
1462 4077 1521 4148 ipse
1534 4080 1635 4133 mentis
1650 4090 1679 4133 et
1702 4089 1792 4152 torpor
1810 4095 1843 4133 ex

209 4151 290 4222 signo
304 4152 396 4207 divino
410 4153 503 4209 clausa
517 4163 733 4227 manerentque
747 4154 917 4210 abhumana
937 4156 1009 4226 sapi·
1046 4155 1086 4209 rei
1100 4155 1231 4210 miraculo
1243 4164 1398 4211 contractus
1416 4156 1533 4212 tollatur.
1574 4157 1646 4214 Haec
1667 4168 1759 4214 autem
1776 4158 1843 4214 mala

674 3895 690 3918 a

311 3950 428 3997 Occurrat
437 3950 510 3999 iacies
518 3950 623 4009 inimica,
634 3907 908 4012 utqui-itiniffurbcfl

209 4232 284 4285 entia
297 4231 441 4287 interdicto
462 4235 579 4305 quodam
600 4235 729 4306 separari,
751 4234 875 4289 dabimus
896 4252 1008 4305 operam
1046 4235 1189 4304 dispositio
1199 4237 1299 4290 mentis
1313 4246 1419 4291 tantum
1433 4255 1483 4307 per
1497 4254 1641 4293 causantur
1656 4240 1842 4294 indicationem

208 4319 240 4363 ιιι
254 4310 312 4365 haec
328 4312 422 4380 opinio
440 4314 549 4368 infirma
568 4321 649 4385 atque
668 4314 761 4368 invida
781 4315 899 4379 tollatur,
920 4332 1008 4387 eoque
1046 4315 1183 4370 aufertur:
1207 4315 1266 4370 sola
1287 4316 1360 4371 enim
1380 4333 1524 4372 caumrum
1543 4320 1666 4389 cognitio
1688 4319 1841 4374 miraculum

207 4405 266 4444 rem
277 4389 463 4460 perducemus,
474 4392 591 4464 simplici
602 4393 716 4448 verimte
728 4394 797 4457 freti,
808 4402 839 4448 ut
852 4410 905 4448 nou
919 4395 1007 4448 solum
1046 4394 1094 4457 rei,
1122 4401 1150 4449 et
1176 4402 1314 4465 stuporem
1342 4397 1442 4450 mentis
1469 4395 1589 4452 solverit
1632 4399 1731 4470 ltaque
1754 4414 1841 4454 omnes

207 4483 243 4523 ne
258 4486 313 4539 qua
332 4470 446 4525 oblatret
466 4472 628 4542 superstitio,
642 4489 737 4527 rerum
756 4474 840 4528 etiam
859 4481 890 4527 ut
910 4474 1008 4545 religio
1046 4474 1301 4543 impedimentorum
1315 4476 1435 4530 malitias
1450 4484 1478 4529 et
1490 4477 1640 4542 molestias,
1655 4480 1757 4550 quibus
1770 4482 1842 4533 inter·

208 4548 238 4603 iu
254 4556 346 4620 partes
360 4551 440 4605 nobis
459 4553 578 4606 accedat.
621 4553 727 4607 Rursus
746 4552 769 4607 si
788 4553 833 4607 cui
851 4552 1006 4622 hujusmodi
1046 4551 1122 4607 clusa
1144 4554 1321 4625 philosophia
1343 4573 1409 4610 uera
1431 4568 1569 4611 remorata
1593 4569 1644 4621 est,
1670 4560 1840 4631 signabimus,

207 4628 351 4701 quippiam
365 4629 394 4683 iu
412 4640 531 4685 mentem
546 4633 637 4686 veniat
656 4631 770 4703 opinari,
784 4649 913 4703 magnam
930 4632 1007 4688 illam
1046 4642 1075 4686 ut
1100 4633 1215 4688 minime
1238 4636 1337 4689 mirum
1356 4635 1393 4689 sit
1417 4634 1567 4692 humanum
1593 4655 1685 4709 genus
1713 4639 1841 4694 erroribn

207 4716 236 4763 et
249 4708 382 4763 solicitam
397 4727 500 4764 moram
515 4712 543 4764 in
558 4711 736 4782 experientia,
751 4720 779 4766 et
791 4712 821 4767 in
840 4714 962 4768 materias
981 4721 1008 4767 et
1046 4721 1102 4766 tam
1125 4713 1258 4768 diuturnis
1279 4715 1454 4785 implicatum,
1478 4726 1560 4787 atque
1580 4720 1736 4774 exercitum
1757 4719 1839 4774 imur.

179 4850 185 4859 .
207 4805 299 4843 rerum
313 4789 518 4859 particularium
528 4792 615 4856 undis,
626 4809 708 4861 quam
720 4791 877 4847 hominibus
886 4792 1007 4862 impone-
1048 4793 1080 4845 lu
1101 4810 1156 4863 qna
1179 4804 1254 4863 parte
1279 4796 1362 4848 etiam
1386 4794 1455 4851 illud
1474 4805 1626 4866 opportune
1651 4798 1687 4851 ad
1711 4816 1788 4870 spem
1805 4816 1840 4852 so

207 4886 276 4933 mus,
291 4870 506 4924 mentemreluti
521 4870 550 4924 in
564 4871 706 4926 Tartarum
722 4873 857 4942 quendam
870 4871 1007 4926 conlusio·
1045 4871 1102 4926 lido
1126 4881 1285 4943 argumento
1311 4875 1455 4930 furendam
1480 4876 1597 4946 patebit,
1624 4879 1758 4934 nimirum
1784 4879 1840 4933 liert

206 4949 251 5003 nis
265 4949 389 5016 dejicere,
404 4958 487 5021 atque
501 4951 536 5003 ab
550 4951 693 5006 abstracta
706 4952 850 5022 sapientias
863 4951 1007 5006 serenitate
1045 4969 1111 5006 vera
1142 4952 1190 5007 illa
1226 4962 1329 5008 natum
1360 4955 1555 5025 interpretatio,
1592 4972 1677 5027 quam
1714 4959 1838 5020 molium,

207 5036 235 5082 et
250 5029 453 5099 tranquillitate,
468 5039 497 5083 ut
511 5047 529 5083 a
548 5039 620 5085 statu
639 5029 725 5085 multo
741 5031 883 5095 diviniore,
897 5031 1007 5086 submo·
1046 5032 1145 5085 merito
1171 5033 1290 5087 maxime
1314 5034 1441 5099 difficilis,
1469 5043 1561 5090 tamen
1582 5036 1670 5092 multo
1698 5040 1838 5094 mammam

206 5125 280 5173 vere,
300 5108 458 5162 docebimus
476 5118 559 5180 atque
576 5109 605 5160 in
624 5118 794 5180 perpetuum,
809 5118 840 5164 ut
857 5127 1006 5180 speramus,
1046 5111 1211 5167 difficultatis
1230 5122 1335 5182 partem
1349 5114 1378 5167 in
1397 5115 1432 5168 iis
1446 5115 1568 5181 subesse,
1583 5134 1645 5186 quar
1663 5118 1693 5171 iu
1714 5128 1838 5189 potestate

207 5186 378 5242 stabiliemus
392 5192 459 5257 (non
475 5188 533 5241 sine
547 5187 651 5252 rubore,
667 5197 696 5243 ut
710 5190 1007 5253 existimamus,omnis
1045 5200 1140 5245 nostra
1153 5200 1216 5246 sunt
1233 5202 1314 5264 atque
1333 5195 1433 5265 corrigi
1453 5205 1573 5264 possunt,
1594 5213 1650 5250 non
1672 5198 1702 5252 in
1723 5200 1766 5261 iis,
1784 5214 1837 5268 qua

207 5265 316 5330 scholae,
331 5285 391 5336 quas
405 5267 627 5321 meditationibus
640 5268 767 5323 inanibus
785 5277 869 5339 atque
883 5271 918 5323 ab
932 5271 1006 5325 omui
1046 5279 1123 5325 extra
1146 5279 1307 5341 potestatem
1328 5282 1450 5329 nostram
1468 5275 1522 5329 sita
1540 5276 1678 5341 existunt;
1707 5279 1736 5331 in
1755 5286 1836 5331 mente

207 5347 328 5398 essentia
338 5345 528 5400 desertissimia
539 5346 702 5414 apotheosin
713 5348 849 5417 quandam
860 5350 1007 5405 attribuere
1047 5350 1185 5421 (inquam)
1201 5368 1255 5406 uon
1269 5353 1298 5405 in
1317 5353 1397 5407 rebus
1417 5354 1494 5422 ipsis,
1516 5365 1565 5409 aut
1586 5356 1615 5408 iu
1637 5373 1727 5411 sensu.
1766 5354 1836 5417 oret

206 5438 262 5475 non
275 5426 394 5490 veretur)
410 5431 541 5490 quantum
560 5425 630 5479 inter
648 5425 748 5481 dirinae
765 5428 866 5481 mentis
884 5428 960 5483 ideas
980 5438 1007 5483 et
1046 5430 1069 5485 si
1096 5431 1140 5484 cui
1169 5448 1336 5500 supervacua
1362 5432 1487 5488 rideatur
1513 5444 1639 5490 aceumta
1661 5437 1715 5491 ista
1741 5446 1833 5495 notin,

207 5498 335 5555 humanae
355 5501 454 5556 urentis
481 5502 555 5558 idola
581 5503 700 5560 intersit.
742 5503 814 5566 Quin
837 5506 920 5561 etiam
942 5507 1006 5575 illis,
1046 5526 1128 5581 quam
1142 5510 1464 5568 adhibemusadmeutes
1478 5515 1682 5586 preparandus
1692 5516 1831 5589 attiguus
