3800 5875
51 322 115 377 Ina.
139 323 161 376 l.
680 321 820 377 NOVUM
841 322 1045 380 ORGANUM.
1608 332 1663 388 451

50 497 149 536 semna
191 479 261 535 Haec
270 495 409 533 verocum
422 479 452 532 in
461 495 541 534 usum
549 479 680 546 venerint,
688 482 777 535 solida
786 488 844 535 tum
881 480 984 552 aliquid
997 480 1132 551 opinaturi
1150 483 1280 549 fuissente
1303 503 1397 541 rerum
1411 487 1444 541 de
1457 488 1557 544 vermis
1577 492 1669 560 pusilli

51 562 160 616 demum
173 576 238 631 apes
249 559 348 614 merito
361 558 502 613 affulserit.
880 569 995 627 textura,
1006 579 1091 632 eaque
1105 571 1161 616 tam
1174 564 1292 634 copiosa,
1307 573 1335 619 et
1347 583 1377 620 se
1391 576 1544 632 renovante,
1554 575 1582 622 et
1594 572 1671 624 anni·

880 641 1006 703 versaris,
1028 640 1068 695 nil
1086 642 1201 697 fuissent
1223 651 1296 698 certe
1323 648 1509 701 commentari.
1550 648 1669 708 Quodsi

881 721 942 789 quis
957 722 1039 775 etiarn
1049 721 1082 775 de
1097 722 1182 775 vermi
1193 724 1306 777 verbum
1320 723 1429 794 aliquod
1442 727 1588 794 injecisset,
1602 727 1671 782 ludi-

89 797 178 869 Atque
196 797 244 851 hic
264 797 347 851 etiam
364 796 553 851 resumendum
567 794 701 866 estquod
720 795 843 862 superius
881 798 940 852 brio
956 809 1029 854 certe
1050 799 1154 855 futurus
1172 801 1274 866 luisset,
1288 810 1318 856 ut
1337 804 1384 874 qui
1404 822 1488 859 novas
1509 822 1670 862 aranearum

49 878 150 932 dictum
165 886 207 931 est
221 877 255 930 de
268 876 385 930 naturali
402 874 577 946 philosophia
596 875 733 945 producta,
748 883 776 927 et
789 874 842 926 sci·
881 893 977 947 operas
991 880 1144 934 somniaret.

50 957 128 1011 antiis
151 955 362 1027 particularibus
384 956 419 1008 ad
443 972 504 1009 eam
527 954 653 1017 reductis,
675 962 777 1007 utnon
796 954 844 1006 tiat
920 956 1060 1021 Similiter,
1072 959 1103 1021 si,
1115 966 1177 1013 ante
1192 959 1375 1015 inventionum
1390 964 1586 1028 acusnanticae,
1598 966 1671 1036 quis·

50 1037 145 1091 scissio
160 1044 189 1090 et
201 1035 336 1089 truncatio
353 1034 541 1097 scientiarum
562 1050 626 1088 nam
644 1034 727 1087 etiam
740 1032 842 1103 ubsque
881 1035 954 1104 piam
968 1037 1123 1106 hujusmodi
1131 1054 1281 1092 sennonem
1292 1040 1443 1105 intulissem
1460 1042 1669 1098 inventumesse

50 1116 100 1169 boc
114 1116 206 1170 minus
220 1115 255 1168 de
269 1130 414 1184 progressu
428 1112 591 1183 sperandum
604 1120 656 1168 est.
881 1116 1014 1183 quoddam
1028 1117 1243 1181 instrumentum,
1254 1135 1302 1188 per
1312 1119 1383 1190 quod
1394 1121 1516 1174 cardines
1529 1129 1556 1175 et
1569 1133 1671 1193 puncta

880 1195 943 1248 coeli
954 1202 1049 1250 exacte
1062 1197 1162 1264 capiet
1176 1197 1296 1268 dignosci
1308 1200 1425 1266 possint;
1440 1198 1564 1253 homiues
1578 1203 1669 1256 statim

880 1271 913 1326 de
945 1276 1034 1345 magis
1061 1275 1199 1345 exquisita
1229 1275 1403 1331 fabricatione
1434 1279 1670 1335 instrumentorum

87 1366 179 1437 Atque
194 1365 229 1419 de
247 1361 437 1432 desperatione
455 1360 580 1425 tollenda,
599 1368 628 1415 et
641 1377 689 1431 spe
710 1360 841 1426 iacienda,
879 1355 1127 1419 astronomicarum,
1142 1355 1176 1408 ad
1197 1354 1281 1409 multa
1295 1363 1322 1409 et
1334 1357 1416 1423 vana,
1432 1373 1480 1426 per
1493 1359 1669 1428 agitationem

48 1464 84 1500 ex
97 1444 231 1516 praeteriti
243 1442 373 1511 temporis
386 1440 716 1508 erroribusvalerejussis,
728 1447 774 1494 aut
784 1457 841 1496 rec·
880 1431 1040 1500 Phantflfllaei
1068 1434 1214 1488 discurwfi
1238 1433 1365 1500 f⁰l⁸⁸01¹lt
1387 1436 1459 1506 q¹¹⁰d
1479 1452 1543 1491 v‘³¹0
1567 1437 1670 1509 aliquid

48 1526 168 1589 figentis,
189 1526 249 1591 jam
270 1521 372 1575 (fletum
394 1529 446 1574 est,
487 1519 639 1574 videndum
659 1528 750 1574 autem
767 1527 794 1573 et
817 1520 842 1573 si
879 1511 995 1566 inveniri
1008 1513 1101 1582 possit,
1110 1514 1186 1582 cujus
1200 1520 1290 1568 motus
1303 1515 1590 1570 cumcoelestibustam
1600 1517 1670 1571 bene

49 1623 110 1675 quae
123 1603 180 1657 alis
196 1603 258 1667 sint,
273 1618 334 1671 quae
347 1617 423 1670 spem
438 1600 546 1653 saciant.
589 1598 660 1653 Illud
671 1615 736 1652 vero
749 1616 842 1653 occur.
879 1592 1042 1656 conveniret,
1062 1599 1142 1663 atque
1161 1593 1251 1662 ipsum
1271 1601 1362 1648 tamen
1381 1611 1417 1648 ex
1439 1594 1593 1649 coelestibus
1614 1612 1669 1649 non

48 1685 100 1746 rita
121 1683 146 1737 si
160 1680 318 1736 hominibus
335 1696 390 1733 uon
404 1679 592 1750 quaerentibus,
606 1685 636 1732 et
648 1676 721 1732 aliud
734 1679 841 1748 agenti-
879 1679 958 1736 efflet,
972 1671 1020 1725 ⁸⁸d
1042 1678 1145 1726 mium
1162 1671 1312 1725 ⁸1¹b⁸l³¹¹ll⁸
1332 1672 1439 1743 lapidea
1452 1679 1500 1727 aut
1513 1673 1668 1739 metssffissat

48 1764 107 1825 bns,
125 1762 214 1816 multa
234 1760 321 1824 utilia,
346 1766 475 1829 tanquam
498 1775 561 1811 casu
584 1758 707 1827 quodam,
726 1764 774 1810 aur
794 1774 843 1826 per
879 1748 1365 1805 omniuoincredibilevisumluisset
1395 1752 1484 1823 Atque
1498 1752 1557 1806 haec
1570 1760 1668 1819 tamen,

49 1842 229 1905 sennonem,
240 1841 353 1893 inventa
362 1838 430 1901 siut;
450 1837 553 1891 nemini
562 1837 673 1890 dubium
681 1853 742 1890 esse
753 1850 840 1906 posse,
879 1834 907 1881 et
920 1828 1029 1894 similia,
1043 1847 1093 1899 per
1106 1830 1252 1884 rotmundi
1269 1838 1370 1894 aetates,
1386 1830 1512 1885 homiues
1525 1831 1668 1897 latuerunt,

49 1921 115 1992 quin
127 1920 227 1974 iisdem
240 1917 430 1991 quaerentibus,
440 1922 469 1971 et
482 1917 535 1970 hoc
545 1915 694 1986 agentibus,
705 1915 787 1984 idque
797 1916 842 1969 via
878 1923 929 1965 nec
950 1924 999 1977 per
1019 1908 1231 1979 philosophiam,
1246 1916 1293 1963 aut
1307 1917 1379 1963 artes
1399 1910 1545 1964 rationales
1559 1910 1670 1965 inventa

48 2009 76 2053 et
90 2000 194 2064 ordine,
207 2014 263 2053 non
276 2000 380 2068 impetu
393 2006 421 2050 et
435 1995 587 2058 desultoris,
602 1994 685 2065 longe
703 1995 782 2064 plura
795 1994 842 2048 de·
879 1993 947 2051 mni,
971 1987 1018 2041 Sed
1041 2003 1114 2051 0⁸⁸⁰·
1133 1994 1163 2041 ei
1183 2003 1233 2057 Per
1256 1989 1439 2054 000³⁸i01¹⁸1113
1462 1998 1576 2060 mulque
1596 1989 1669 2045 illim

48 2078 105 2148 tegi
115 2095 230 2134 necesse
244 2077 288 2131 sit
328 2075 406 2130 Licet
419 2076 492 2129 enim
506 2075 591 2129 semel
605 2081 652 2127 aut
661 2074 759 2127 iterum
772 2074 841 2127 acci·
880 2067 922 2133 (ut
939 2065 1072 2136 diximus)
1094 2067 1211 2137 generis,
1226 2075 1255 2121 ul
1271 2067 1306 2120 ab
1323 2067 1366 2132 55⁸2
1385 2086 1445 2138 (1¹1ae
1458 2076 1539 2123 anien
1559 2069 1670 2139 00μίῒὸ

50 2158 112 2212 ge„
132 2158 228 2228 Μὴ,
242 2164 272 2210 ut
285 2154 420 2226 quppiam
434 2156 463 2207 in
482 2154 510 2208 id
524 2154 591 2208 sone
605 2154 711 2207 fortuna
731 2152 840 2215 incidat,
879 2143 994 2209 suerunt,
1008 2146 1089 2216 plane
1110 2145 1294 2217 heterogeues
1312 2155 1340 2201 et
1360 2149 1545 2203 remotissima
1562 2148 1624 2213 sint,
1637 2155 1670 2203 ut

51 2237 122 2307 quod
141 2254 244 2307 magno
260 2241 359 2289 conatu
372 2240 399 2287 et
414 2233 447 2287 (10
467 2233 600 2287 industria
619 2240 781 2286 scrutantem
796 2249 842 2285 an.
879 2225 1009 2293 praeuotio
1033 2224 1125 2296 aliqua
1152 2225 1223 2279 nihil
1248 2242 1358 2297 prorsus
1384 2226 1420 2280 ad
1446 2226 1494 2280 illa
1520 2228 1669 2283 conducere

50 2325 95 2370 tea
107 2317 194 2387 fugin
217 2313 351 2369 tamenin
365 2329 471 2367 summa
482 2329 572 2366 rerum
586 2310 762 2382 proculdubio
780 2328 842 2365 con·
879 2303 1020 2372 Ρθῐΰὶὃῦθῒ·

50 2396 164 2449 narium
182 2394 328 2448 invenitur.
370 2391 465 2462 ltaque
484 2391 566 2461 longe
586 2389 666 2461 plura
679 2397 707 2444 et
720 2390 840 2455 meliora,
919 2381 1015 2453 ltaque
1028 2383 1191 2453 sperandum
1205 2385 1315 2438 omuino
1327 2390 1375 2449 est,
1385 2400 1444 2438 esse
1454 2384 1543 2440 adhuc
1556 2385 1584 2440 in
1594 2392 1670 2442 natu·

50 2484 130 2546 „que
150 2491 202 2544 pe,-
222 2472 328 2526 mium
345 2469 494 2535 immun,
509 2487 526 2523 a
539 2470 642 2524 mione
656 2477 684 2524 et
702 2469 840 2534 industria,
878 2476 916 2514 rm
929 2461 990 2515 sinu
1004 2462 1255 2517 multaexcellentis
1265 2480 1328 2518 usus
1337 2464 1483 2528 recondita,
1495 2482 1554 2534 qum
1566 2464 1670 2520 nullam

50 2562 77 2607 et
90 2554 247 2616 directione,
263 2558 290 2606 et
301 2550 451 2605 intentione
461 2548 610 2612 hominum,
622 2549 756 2619 speranda
770 2556 840 2613 sunt,
879 2556 940 2593 cum
951 2541 1011 2608 jam
1020 2542 1137 2596 inventis
1148 2543 1338 2612 cognationem
1346 2543 1449 2597 habeut
1460 2551 1506 2598 aut
1519 2543 1670 2615 parallelis-

51 2650 131 2703 qnam
147 2649 165 2685 a
178 2648 244 2686 casu
259 2636 287 2684 et
302 2630 432 2683 instinctu
451 2627 617 2692 animalium,
631 2634 658 2682 et
677 2628 840 2699 hujusmodi,
879 2635 968 2685 mum
989 2621 1038 2675 sed
1051 2621 1161 2675 omnino
1180 2621 1233 2675 sita
1254 2628 1318 2676 sunt
1331 2628 1411 2677 extra
1424 2623 1482 2677 vias
1496 2623 1668 2693 phantasiam

51 2730 111 2782 quae
122 2712 258 2767 hactenus
272 2707 435 2780 principium
447 2707 565 2762 inventis
576 2706 718 2762 dederunt.
880 2714 940 2769 qum
954 2704 1043 2754 tamen
1057 2699 1146 2755 adhuc
1159 2700 1271 2754 inventa
1283 2717 1336 2754 non
1351 2709 1431 2767 sunt,
1455 2719 1516 2772 quse
1528 2702 1671 2772 proculdu-

879 2777 925 2832 bio
945 2794 996 2848 per
1015 2778 1114 2833 multos
1132 2779 1283 2834 seculorum
1303 2781 1429 2835 circuitus
1447 2790 1474 2834 et
1494 2780 1630 2852 ambages,
1643 2789 1671 2836 et

878 2856 940 2925 ipsa
953 2859 1114 2930 quandoque
1128 2859 1280 2929 prodibunt,
1295 2860 1365 2913 sicut
1384 2859 1433 2913 illa
1450 2860 1591 2930 superiora
1610 2876 1670 2931 pro-

412 697 485 738 cvn.

404 1253 490 1292 cvm.

419 2845 477 2885 (llx-

87 2938 181 2993 Etiam
201 2938 271 2993 illud
284 2938 320 2991 ad
339 2953 417 3007 spem
430 2937 503 2990 trahi
517 2937 609 3007 possit,
623 2937 696 3008 quod
712 2937 842 2993 nonnulla
879 2937 999 3001 dierunt;
1021 2939 1069 2993 sed
1089 2940 1232 3009 perviam,
1247 2955 1329 3010 quam
1347 2957 1418 2994 nunc
1437 2946 1590 3004 mactamus,
1610 2956 1669 3009 pro-

51 3034 86 3071 sa
99 3017 153 3080 his,
167 3036 230 3090 qum
247 3019 305 3086 jam
324 3017 436 3071 inventa
448 3022 519 3079 sunt,
534 3017 593 3084 ejus
607 3016 662 3070 sint
674 3016 791 3087 generis,
804 3025 841 3084 ut,
879 3032 952 3086 pere,
972 3024 1000 3071 et
1019 3017 1117 3085 subito,
1130 3026 1159 3074 et
1175 3017 1256 3074 simu
1273 3020 1461 3091 repraesentari
1477 3027 1505 3073 et
1524 3019 1669 3090 anticipari

50 3105 197 3166 antequam
210 3097 401 3158 invenirentur,
410 3095 484 3150 haud
497 3094 576 3149 facile
588 3095 714 3166 cuiquam
727 3095 757 3149 in
769 3112 843 3151 men-
879 3103 1002 3165 possunt.

51 3185 104 3230 tem
117 3176 239 3230 venisset
248 3177 283 3229 de
295 3176 330 3230 iis
341 3174 444 3246 aliquid
457 3174 604 3245 suspicari:
625 3175 673 3229 sed
687 3174 767 3246 plane
780 3177 842 3248 quis

50 3254 99 3308 illa
120 3265 153 3308 ut
179 3254 364 3325 impossibilia
390 3254 604 3324 contempsisset
650 3253 744 3309 Solent
769 3256 842 3311 enim

50 3335 176 3389 homines
195 3334 230 3388 de
249 3335 329 3388 rebus
348 3335 433 3396 novis,
448 3332 483 3386 ad
502 3330 658 3404 exemplum
671 3341 800 3398 veterum,
814 3341 843 3389 et
919 3330 1047 3386 Attamen
1060 3331 1260 3403 conspiciuntur
1268 3340 1295 3386 et
1305 3330 1360 3385 alia
1367 3331 1476 3385 inventa
1485 3332 1545 3399 ejus
1553 3334 1668 3403 generis,

50 3414 197 3468 sccamdum
213 3413 387 3483 phantasiam
401 3429 437 3467 ex
454 3413 490 3466 iis
503 3419 666 3482 preceptum
680 3421 707 3466 et
721 3413 843 3485 inquina-
880 3426 941 3480 quae
962 3411 1043 3465 fidem
1065 3412 1174 3477 iaciant,
1195 3427 1275 3481 posse
1296 3426 1381 3481 genus
1401 3411 1550 3465 humanum
1566 3412 1670 3467 nobilis

50 3501 114 3557 tam,
135 3491 287 3558 hariolari;
309 3493 381 3564 quod
394 3508 479 3562 genus
493 3491 621 3561 opinandi
640 3491 843 3548 fallacissimum
880 3489 996 3555 inventa,
1011 3491 1095 3547 etiam
1108 3499 1170 3545 ante
1189 3491 1272 3560 pedes
1285 3490 1380 3560 posita,
1394 3491 1539 3560 praeterire,
1554 3499 1581 3544 et
1598 3497 1669 3545 tran

50 3580 99 3635 est,
113 3571 335 3643 quandoquidem
356 3571 442 3626 multa
462 3589 499 3625 ex
516 3571 568 3635 his,
587 3588 648 3641 quaa
667 3589 703 3627 ex
725 3571 843 3627 sontibus
880 3565 963 3624 silire.
1004 3571 1148 3642 Utcunque
1163 3571 1235 3625 enim
1248 3569 1367 3640 pulveris
1382 3571 1556 3633 tormentarii,
1571 3569 1615 3623 vel
1629 3571 1669 3624 fili

50 3668 139 3705 rernm
155 3659 290 3721 petuntur,
304 3668 355 3722 per
367 3651 468 3705 rivulos
481 3657 622 3705 consuetos
634 3667 688 3705 uon
703 3651 795 3706 fluant.
880 3648 1043 3717 bombycini,
1051 3650 1094 3704 vel
1108 3666 1172 3704 acus
1183 3651 1305 3712 nauticae,
1314 3648 1358 3703 vel
1367 3649 1499 3714 sacchari,
1507 3649 1551 3702 vel
1561 3649 1667 3718 papyri,

88 3731 184 3785 Veluti
198 3731 302 3802 siquis,
316 3739 378 3784 ante
393 3737 585 3784 tormentorum
598 3731 738 3800 igneorum
751 3730 844 3784 iuven·
880 3726 924 3780 vel
944 3728 1074 3784 similium
1091 3730 1207 3792 inventa,
1222 3729 1382 3799 quibusdam
1404 3745 1493 3782 rerum
1515 3736 1544 3781 et
1564 3736 1669 3782 naturae

51 3808 162 3874 tionem,
173 3827 233 3864 rem
245 3826 296 3881 per
309 3810 421 3864 effectam
434 3809 627 3879 descripsisset,
636 3816 716 3880 atque
726 3809 755 3863 in
771 3810 842 3864 hunc
880 3808 1088 3876 proprietatibus
1109 3808 1160 3862 niti
1178 3808 1333 3873 videantnr3
1355 3815 1384 3862 at
1402 3816 1474 3862 certe
1495 3806 1670 3880 imprimendi

51 3890 160 3944 modum
174 3889 305 3953 dinosa
327 3889 470 3943 Inventum
483 3888 618 3960 quoddam
631 3889 765 3943 detectum
775 3905 841 3953 esse,
880 3885 1021 3941 artificium
1035 3887 1075 3940 nil
1094 3887 1184 3952 babet,
1200 3888 1271 3957 qnod
1290 3905 1345 3941 non
1365 3889 1401 3941 sit
1420 3894 1542 3959 apertum
1560 3897 1588 3944 et
1612 3891 1669 3944 iere

52 3984 100 4037 per
112 3969 186 4040 quod
204 3969 326 4033 marist
341 3968 506 4022 munitiones
524 3984 637 4037 quaeque
657 3968 843 4030 maximae,ex
880 3963 997 4020 obvium.
1039 3966 1076 4020 Et
1088 3965 1265 4020 nibilominus
1278 3965 1409 4030 homines,
1423 3984 1476 4021 non
1490 3969 1668 4034 advertentes,

52 4045 133 4120 longo
146 4046 290 4102 intervallo
303 4048 410 4101 concuti
429 4054 458 4101 et
475 4045 556 4114 dejici
574 4047 694 4116 poseium
717 4046 842 4102 homines
879 4040 1018 4099 literarum
1031 4045 1155 4100 modulos
1174 4043 1310 4100 difficilius
1323 4044 1427 4100 scillcet
1439 4045 1572 4113 collocari,
1587 4067 1668 4120 quam

53 4143 117 4180 sane
138 4125 173 4180 de
193 4126 296 4181 viribus
315 4133 508 4180 tormentorum
528 4133 557 4179 et
576 4125 771 4190 machinarum,
793 4143 843 4196 per
880 4119 964 4177 literae
978 4132 1143 4194 permotum
1155 4141 1251 4178 manus
1265 4125 1433 4190 scribantur;
1453 4127 1501 4179 sed
1521 4126 1573 4180 hoc
1587 4127 1668 4182 inter-

1252 3223 1297 3263 ΟΧ.

53 4206 178 4275 pondera,
193 4212 221 4260 et
241 4213 321 4270 rotas,
335 4212 364 4260 et
383 4203 536 4275 hujusmodi
556 4204 729 4261 arietatioues
748 4211 775 4259 et
794 4206 843 4259 im·
880 4217 948 4267 esse,
963 4203 1035 4273 quod
1047 4202 1186 4258 literarum
1200 4202 1309 4267 moduli,
1318 4204 1401 4259 semel
1415 4203 1548 4268 collocati,
1556 4207 1669 4261 infinitis

52 4283 153 4354 pulsus,
166 4284 390 4356 multiplicandis,
405 4284 489 4338 multa
503 4292 530 4339 et
543 4283 620 4337 varia
633 4301 724 4338 secum
742 4286 842 4355 cogita-
879 4279 1108 4351 impressionibus,
1127 4282 1214 4337 literoe
1234 4291 1323 4337 autem
1341 4300 1391 4353 per
1411 4300 1520 4338 manum
1541 4296 1668 4351 exaratae,

53 4365 103 4417 turi
123 4364 257 4419 finissent:
278 4365 311 4419 de
324 4373 406 4418 vento
424 4371 515 4418 autem
535 4363 623 4433 igneo,
638 4371 693 4419 tam
713 4364 803 4418 subito
815 4373 843 4418 et
879 4362 967 4416 unicoe
980 4369 1084 4417 tautum
1098 4362 1238 4434 scriptioni
1258 4363 1407 4425 sufficiantr
1428 4372 1474 4417 aut
1490 4364 1605 4419 fortasse
1619 4366 1669 4419 ite-

52 4443 182 4497 riolenter
195 4459 225 4496 se
242 4443 412 4514 expandente
427 4450 456 4496 et
475 4443 643 4508 exsufflante,
656 4444 704 4498 vix
722 4460 840 4514 unquam
880 4456 938 4493 rum
964 4458 1020 4495 non
1047 4443 1223 4506 advertentes,
1250 4449 1430 4496 stramentum
1456 4443 1496 4496 ita
1527 4444 1668 4514 inspissari

53 4521 156 4592 aliquid
169 4522 286 4590 alicujus
300 4523 497 4593 imaginationi,
511 4531 558 4576 aut
577 4522 737 4592 phantasiae,
752 4540 842 4579 occur·
879 4534 966 4588 posse,
980 4529 1011 4575 ut
1024 4521 1117 4592 tingat,
1131 4537 1186 4574 non
1200 4522 1278 4584 linat;
1299 4522 1448 4591 prasertim
1466 4521 1553 4577 literis
1567 4524 1668 4594 resupi-

52 4616 142 4656 surum
162 4602 276 4665 inissem
295 4609 391 4671 utpote
411 4603 487 4670 cujus
506 4601 662 4672 exemplum
675 4602 704 4655 in
717 4603 842 4671 proximo
878 4600 956 4663 uatis,
965 4606 991 4654 et
1004 4600 1180 4670 impressione
1192 4601 1262 4654 iacta
1275 4600 1405 4671 desuper;
1421 4601 1473 4655 hoc
1487 4602 1669 4671 pulcherrimo

52 4695 104 4734 non
117 4680 238 4743 vidisset,
253 4680 306 4735 uisi
326 4681 394 4734 forte
413 4681 443 4734 in
463 4688 542 4734 terrae
554 4688 636 4744 motu,
651 4688 697 4735 aut
716 4680 840 4747 fulmine,
879 4677 988 4733 invento
1000 4679 1084 4751 (quod
1094 4681 1128 4734 ad
1136 4680 1316 4734 doctrinarum
1329 4681 1552 4752 propagationem
1565 4691 1667 4736 tanturn

53 4777 111 4829 quse
119 4767 151 4814 nt
159 4759 418 4830 magnalianaturoe,
427 4767 455 4813 et
462 4776 516 4813 uon
524 4760 668 4813 imitabilia
676 4761 711 4814 ab
720 4760 840 4826 homine,
879 4756 955 4826 facit)
969 4774 1018 4827 per
1032 4767 1070 4813 tot
1084 4758 1175 4813 secula
1188 4766 1340 4814 caruerunt.

52 4837 175 4892 homines
189 4839 281 4893 statim
295 4838 423 4907 rejecturi
437 4838 559 4892 fuissent.
918 4836 993 4890 Solet
1016 4846 1108 4891 autem
1131 4854 1207 4892 mens
1230 4838 1357 4902 humana,
1379 4839 1407 4892 in
1430 4839 1483 4892 hoc
1504 4839 1667 4893 inventionis

90 4917 193 4973 Eodem
206 4918 295 4983 modo,
311 4920 335 4972 si
355 4926 417 4971 ante
431 4916 469 4970 fili
483 4916 636 4985 bombycini
649 4916 840 4982 inventionem,
879 4914 1019 4980 curriculo,
1032 4924 1088 4970 tam
1102 4916 1170 4970 laeva
1184 4933 1369 4987 sepenumero
1383 4924 1412 4971 et
1427 4919 1499 4972 male
1518 4918 1667 4987 composita

53 4996 185 5068 quispiam
217 4996 376 5066 hujusmodi
404 5012 554 5050 sermonem
582 4995 737 5064 injecisset;
771 4996 841 5052 Esse
879 5010 946 5057 esse,
958 5004 989 5048 ut
1010 4995 1097 5064 primo
1112 4995 1225 5060 diffidat,
1239 5004 1266 5050 et
1285 4995 1367 5067 paulo
1380 5006 1442 5066 post
1455 5014 1484 5051 se
1498 5005 1664 5059 contemnat;

54 5077 184 5145 quoddam
207 5077 247 5131 fili
268 5092 358 5148 genus
377 5075 516 5129 inventum
530 5076 564 5129 ad
578 5075 693 5130 vestium
707 5085 735 5130 et
753 5075 842 5145 supei-
878 5080 959 5142 atque
987 5074 1076 5143 primo
1101 5073 1259 5166 incredibiJc
1282 5076 1309 5129 ei
1332 5075 1460 5138 videatur,
1482 5075 1585 5145 aliquid
1612 5074 1665 5130 tale

53 5153 147 5211 lectilis
160 5173 250 5220 nsum,
265 5155 340 5227 quod
355 5154 430 5208 filum
442 5153 556 5208 linteum
569 5162 616 5208 aut
633 5153 742 5210 laneum
755 5155 841 5210 tenui·
878 5153 993 5205 inueniri
1005 5169 1100 5222 posse;
1115 5160 1257 5224 postquam
1271 5162 1360 5209 autem
1373 5155 1510 5207 inuentum
1524 5154 1567 5216 sit,
1581 5154 1667 5208 iucre-

53 5243 111 5298 tate,
119 5243 146 5290 et
158 5235 341 5292 nihilominus
356 5233 506 5297 tenacitate,
517 5249 548 5286 ac
563 5233 644 5287 etiam
658 5234 800 5303 splendore
815 5240 842 5288 et
878 5231 961 5284 dibile
985 5249 1076 5286 rursus
1099 5232 1227 5296 videatur,
1249 5233 1277 5286 id
1297 5233 1422 5287 homines
1447 5232 1550 5286 tamdiu
1571 5232 1666 5303 fugere

52 5313 165 5382 mollitie,
190 5316 274 5387 longe
297 5320 457 5384 superarem
477 5311 602 5366 homines
624 5312 715 5368 statim
737 5321 784 5368 aut
807 5313 841 5367 de
877 5312 1004 5382 potuisse.
1045 5311 1132 5383 Atque
1146 5311 1198 5364 hoc
1210 5313 1300 5381 ipsum
1315 5311 1349 5365 ad
1368 5328 1445 5381 spem
1462 5311 1513 5365 rite
1532 5311 1665 5377 trabitur3

53 5396 131 5451 scrico
157 5395 255 5468 aliquo
276 5390 435 5464 vegetabili,
453 5397 499 5445 aut
524 5389 558 5445 de
582 5392 706 5448 animalis
725 5392 841 5462 alicujus
878 5407 1019 5460 superesse
1040 5391 1168 5447 nimirum
1187 5391 1275 5445 adhuc
1295 5407 1424 5460 magnum
1437 5392 1608 5446 inventorum
1622 5409 1666 5446 cu-

52 5475 108 5543 pilis
119 5473 341 5537 ᾶεῑίαᾱοήδυι,
350 5477 399 5526 aut
409 5470 442 5524 de
453 5470 542 5524 arium
556 5470 657 5541 plumis
666 5477 693 5526 et
704 5471 841 5543 lanugine,
878 5470 988 5533 mulum,
1003 5471 1050 5540 qui
1069 5488 1124 5526 non
1140 5470 1228 5526 solnm
1248 5487 1284 5525 ex
1303 5469 1506 5541 operationibus
1519 5469 1666 5545 incognitis

401 5549 499 5604 202
