3800 5875
212 259 269 322 370
731 263 781 318 DE
803 261 1030 319 nuenarius
1051 258 1330 317 semustilatus.
1708 251 1772 307 Lm.
1791 251 1841 306 VI.

211 419 250 473 nil
263 421 361 475 attinet
373 421 479 476 dicere:
501 421 553 476 fuit
573 421 645 475 enim
659 421 793 476 nubecula
807 423 931 494 quasdam
945 423 1009 478 doc·
1047 419 1121 474 tione
1135 419 1224 483 affine,
1238 417 1331 488 reipsa
1341 417 1399 470 iere
1415 413 1589 471 contrarium.
1630 413 1693 468 Hoc
1707 411 1783 467 enim
1796 410 1845 465 ha-

211 500 296 565 trinae,
311 518 372 570 qma
385 501 440 554 cito
454 500 576 555 transiit:
598 518 642 554 rea
663 508 734 555 certe
749 502 832 556 simul
852 510 879 556 et
892 502 968 566 ieris,
982 509 1010 556 et
1046 499 1093 553 bet
1105 505 1217 569 unaque
1228 495 1373 551 methodus
1382 510 1533 558 commune,
1544 500 1575 548 ut
1586 491 1847 564 vulgussuditorum

212 579 335 633 scientiis
345 578 560 635 damnosissima
591 580 702 637 Etenim
712 580 1008 651 hujusmodihomines,
1047 578 1188 632 neclectis
1206 584 1332 648 separet,
1353 573 1422 630 illud
1440 574 1605 645 oppositum,
1618 573 1692 643 quod
1712 571 1788 642 prior
1807 570 1847 625 iu-

210 674 272 712 cum
286 658 408 713 methodi
422 676 478 713 aum
492 659 599 730 legibus
613 676 657 715 res
670 668 824 732 torqueant,
840 670 869 715 et
881 678 1010 733 quacun·
1048 656 1166 712 troducit
1178 656 1289 711 modum
1306 653 1429 710 tradendi
1450 653 1531 708 solito
1551 653 1728 725 apertiorem
1752 649 1848 714 altera,

211 754 263 807 que
277 737 307 792 iu
320 737 499 793 dichotomias
518 738 581 793 illas
600 756 656 793 nou
669 748 732 810 apte
746 740 855 806 cadunt,
870 750 918 796 aut
930 742 1010 796 omit·
1047 737 1080 791 de
1095 752 1150 808 qua
1159 736 1218 805 J'am
1232 736 1361 800 dicemus,
1375 732 1557 788 occultiorem.
1599 731 1641 787 Sit
1655 732 1741 801 igitur
1754 730 1848 783 diacri-

211 821 277 881 tant,
293 824 340 872 aut
363 824 463 887 prater
483 827 607 873 naturam
628 818 784 886 intlectant;
806 819 859 875 hoc
879 822 1008 885 efficiunt,
1046 833 1110 871 meu
1132 815 1195 881 tale,
1217 822 1248 870 ut
1267 813 1355 869 altera
1375 812 1519 869 methodus
1535 812 1571 869 sit
1590 810 1738 875 exoterica,
1759 809 1849 863 altera

211 902 241 950 ut
259 896 339 967 quasi
356 896 448 952 nuclei
468 905 497 951 et
516 915 602 970 grana
622 899 799 954 scientiarum
815 900 939 965 exiliant,
955 899 1008 972 ipsi
1047 895 1236 951 acroamatica.
1290 894 1399 949 Etenim
1423 910 1505 965 quam
1529 891 1636 964 antiqui
1663 890 1850 945 adhibuerunt

210 975 301 1030 aridas
315 984 420 1031 tautum
430 984 457 1030 et
471 976 591 1033 desemas
601 977 716 1049 siliquas
729 980 871 1051 stringant.
912 981 1009 1051 ltaque
1047 976 1185 1046 praecipue
1203 974 1233 1029 in
1255 974 1368 1029 edendis
1391 973 1469 1028 libris
1493 970 1691 1036 differentiam
1713 986 1776 1024 eam
1796 985 1848 1024 nos

210 1054 304 1108 inanis
323 1056 485 1127 compendia
506 1058 580 1128 parit
599 1057 652 1113 hoc
672 1076 760 1130 genus
776 1059 906 1124 methodi,
920 1058 1009 1115 solida
1048 1055 1234 1113 transierimus
1248 1053 1387 1124 adipsum
1401 1053 1512 1108 modum
1526 1050 1659 1107 tradendi.
1691 1047 1849 1111 Quinem

210 1133 385 1190 scientiarum
399 1135 519 1191 destruit.
1047 1134 1228 1188 acroamatica
1247 1134 1309 1204 ipsa
1329 1132 1401 1203 apud
1423 1140 1528 1187 veteres
1550 1132 1580 1185 in
1602 1148 1654 1186 usu
1677 1128 1740 1195 tuit,
1766 1136 1848 1198 atque

250 1211 536 1287 Constituaturigitur
549 1216 638 1288 prima
658 1218 812 1273 differentia
833 1216 965 1284 methodi,
978 1223 1010 1273 ut
1047 1214 1195 1284 prudenter
1208 1221 1235 1267 et
1253 1230 1315 1267 cum
1326 1212 1432 1280 jndicio
1453 1211 1589 1266 adhibita.
1631 1209 1669 1264 At
1687 1209 1849 1264 acroamati·

211 1292 248 1347 sit
261 1301 308 1348 aut
320 1295 493 1365 magistralis,
508 1305 555 1350 aut
567 1297 708 1352 initiatira.
757 1299 856 1369 Neque
870 1315 1008 1352 renover-
1047 1311 1108 1347 cum
1122 1292 1179 1347 sire
1192 1291 1395 1363 aenigmaticum
1408 1291 1482 1347 istud
1502 1289 1611 1345 dicendi
1628 1306 1718 1361 genus
1736 1289 1849 1359 posteri·

210 1371 275 1426 bum
288 1372 430 1429 initiativar
444 1375 483 1429 ita
495 1375 682 1447 intelligimus,
696 1378 774 1449 quasi
789 1377 849 1432 haec
864 1376 943 1431 initia
957 1376 1009 1432 sci·
1047 1374 1139 1427 oribus
1153 1373 1320 1443 temporibus
1333 1371 1539 1426 dehonestatum
1558 1376 1601 1425 est
1617 1386 1635 1423 a
1649 1368 1788 1439 plurimis
1802 1368 1849 1438 (1ῦί
1890 1430 1891 1443 ,

210 1453 346 1507 cunarum
360 1461 464 1509 tantum
480 1455 604 1520 maderet,
619 1455 668 1511 illa
684 1456 835 1511 doctrinam
854 1457 1007 1527 integram:
1047 1461 1234 1524 anteaquam
1255 1451 1358 1506 lumine
1379 1451 1509 1522 ambiguo
1522 1458 1552 1504 et
1564 1448 1665 1513 fallaci,
1683 1448 1764 1502 abrasi
1785 1457 1849 1501 sunt

209 1548 302 1587 verum
316 1543 410 1588 contra
425 1535 598 1603 (vocabulum
618 1553 635 1589 a
656 1536 740 1591 sacris
760 1532 932 1609 mutuantes)
946 1552 1009 1590 eam
1047 1532 1082 1586 ad
1104 1549 1209 1587 merces
1227 1548 1291 1586 suas
1311 1530 1478 1587 adulterinas
1489 1528 1685 1585 entrudeudas.
1730 1526 1849 1582 Intentio
1890 1550 1891 1605 3

210 1610 324 1666 dicimus
337 1613 496 1668 methodum
505 1614 675 1680 initiatiram,
687 1634 748 1688 quae
758 1617 819 1686 ipsa
830 1616 1009 1672 scientiarum
1046 1616 1138 1666 autem
1151 1612 1213 1680 ejus
1227 1628 1260 1665 es
1278 1627 1337 1665 esse
1358 1610 1472 1676 videtur,
1487 1617 1516 1665 ut
1530 1607 1686 1664 traditionis
1699 1605 1848 1661 involucris
1890 1634 1891 1671 ;

209 1692 340 1760 mysteria
349 1692 479 1760 recludat,
491 1701 518 1749 et
531 1695 655 1750 denudet
689 1694 860 1765 Magistralis
873 1695 1008 1767 siquidem
1045 1691 1144 1763 vulgus
1168 1690 1328 1762 (profanum
1352 1686 1472 1765 scilieet)
1492 1707 1511 1745 a
1535 1687 1647 1743 senectia
1671 1686 1848 1741 scientiarum

210 1769 301 1836 docet,
322 1772 458 1826 initiatira
467 1772 590 1829 intimat:
611 1774 778 1845 magistralis
792 1775 887 1845 poscit,
898 1784 928 1829 ut
941 1775 1009 1830 tides
1047 1778 1267 1835 summoveatur,
1297 1777 1380 1841 atqua
1399 1769 1442 1823 illi
1463 1776 1568 1824 tantum
1588 1766 1779 1832 admittantur,
1802 1766 1849 1838 qui
1890 1826 1891 1845 χ

209 1849 343 1905 habeatur
356 1852 399 1915 iia,
414 1869 474 1922 quas
489 1853 629 1918 dicunturc
644 1854 861 1909 initiativnsero
873 1854 1009 1925 potiusut
1047 1858 1093 1906 aut
1107 1868 1157 1921 per
1169 1866 1267 1905 manua
1277 1851 1469 1922 magistrorum
1480 1847 1673 1920 parabolarum
1688 1848 1849 1918 interpretur
1890 1916 1891 1923 ἵ

210 1945 326 1984 emmau
339 1931 470 1986 subeant:
491 1930 577 1987 altero
591 1934 719 1988 scientias
733 1934 896 1988 discentium
908 1934 1008 2005 vulgo,
1047 1931 1149 1985 tionem
1162 1930 1235 1985 nacti
1245 1936 1315 1995 suut,
1326 1938 1373 1984 aut
1380 1929 1490 2000 proprio
1498 1927 1601 2000 ingenii
1613 1926 1742 1982 acumina
1753 1935 1781 1981 et
1789 1924 1849 1980 sub
1890 1932 1891 1975 ἶ

210 2008 296 2064 altera
309 2018 438 2080 tauquam
452 2010 517 2066 tiliis
530 2011 707 2067 scientiarum
721 2014 819 2077 tradit;
840 2012 957 2084 denique
971 2013 1009 2067 al-
1048 2009 1144 2065 tilitate
1159 2010 1232 2065 intra
1245 2007 1336 2064 velum
1349 2015 1493 2081 penetrare
1507 2008 1621 2078 possint
1890 2000 1891 2017 ¹

210 2095 269 2142 tera
289 2106 339 2159 pro
358 2091 413 2143 tine
433 2089 518 2145 habet
532 2091 707 2147 scientiarum
724 2091 831 2164 (quales
848 2093 907 2161 jam
928 2090 1008 2166 sunt)
1087 2090 1213 2161 Sequitur
1227 2089 1302 2143 aliud
1321 2089 1444 2143 methodi
1461 2088 1615 2151 discrimen,
1629 2086 1849 2158 magniprorsus
1890 2076 1891 2133 l

209 2183 304 2233 usum3
325 2168 411 2223 altera
431 2170 578 2225 earundem
599 2172 829 2227 continuationem
850 2179 878 2227 et
899 2172 1008 2226 ulterio
1047 2169 1081 2223 ad
1095 2169 1223 2225 scientias
1237 2169 1387 2235 momenti,
1408 2185 1471 2223 cum
1484 2167 1589 2223 scilieet
1603 2164 1730 2221 scientim
1742 2164 1850 2218 nudun-
1890 2160 1891 2241 l

210 2263 268 2301 rem
282 2263 466 2319 progressum.
508 2250 615 2305 Harum
634 2252 769 2321 posterior
782 2252 828 2306 ria
840 2252 947 2306 ridetur
961 2251 1009 2305 de·
1047 2257 1098 2314 tur,
1120 2256 1166 2303 aut
1184 2265 1234 2319 per
1255 2247 1437 2318 aphorismos,
1460 2255 1508 2303 aut
1524 2245 1692 2302 methodica.
1742 2244 1850 2299 Notata
1890 2244 1891 2291 l

210 2332 284 2380 serta
300 2334 328 2381 et
345 2327 502 2383 interclusa.
545 2329 588 2384 Ita
608 2330 681 2385 enim
697 2331 787 2386 adbuc
801 2331 924 2386 suenda
939 2331 1009 2386 tradi
1047 2329 1120 2383 enim
1134 2328 1268 2399 imprimis
1282 2327 1394 2399 dignum
1408 2326 1731 2383 estinconsuetudinem
1740 2322 1850 2395 plerun-
1890 2326 1891 2401 l

209 2416 414 2473 consueverunt,
430 2408 508 2479 quasi
521 2424 558 2463 ex
571 2417 659 2480 pacto,
673 2417 731 2465 tam
744 2411 844 2466 docens
857 2428 939 2482 quarn
953 2411 1009 2465 dis·
1048 2425 1100 2480 que
1115 2407 1229 2472 venisse,
1243 2416 1273 2462 ut
1287 2407 1412 2462 homines
1431 2425 1467 2461 ex
1485 2405 1609 2478 pauculis
1622 2404 1810 2469 axiomatibus
1822 2413 1849 2457 et

210 2501 276 2540 cens
289 2501 393 2541 errores
414 2487 546 2542 asciscere
560 2489 680 2560 cupiant.
721 2490 832 2544 Etenim
852 2491 899 2561 qui
919 2491 1008 2557 docet,
1047 2487 1288 2552 observationibus,
1302 2487 1332 2541 in
1346 2486 1523 2558 quovismodo
1536 2486 1669 2555 subiecto,
1684 2491 1849 2539 urtemcou·

211 2580 245 2618 eo
258 2565 336 2620 docet
349 2566 436 2632 modo,
450 2584 504 2638 quo
517 2568 638 2623 manime
657 2570 737 2623 dictis
757 2571 815 2625 suia
835 2570 902 2624 fides
923 2576 1009 2624 astru·
1047 2567 1159 2622 stituaut
1172 2566 1251 2638 quasi
1265 2567 1428 2636 completam
1450 2573 1477 2620 et
1497 2563 1649 2630 solennem·
1664 2582 1727 2619 ⁰⁸1³
1745 2562 1848 2634 ingl-‘¹¹15
1890 2630 1891 2633 ,

211 2651 279 2711 atur,
293 2661 347 2699 nou
362 2663 416 2717 quo
428 2646 477 2702 illa
490 2648 706 2704 commodissime
722 2649 843 2704 examini
862 2650 1009 2718 subjiciar·
1048 2644 1487 2716 quibusdamcommentationibus
1495 2644 1705 2709 suffarciuando,
1713 2641 1849 2712 exemplis

209 2730 271 2778 tur:
293 2727 379 2795 etqui
392 2726 481 2791 discit,
500 2727 554 2782 sibi
568 2728 708 2798 extemplo
722 2729 859 2794 satisfieri,
872 2728 1010 2800 uonlegi·
1047 2725 1254 2792 illustrandaet
1267 2725 1396 2780 methodo
1414 2725 1597 2780 revincieudo.
1638 2722 1743 2778 Atilia
1762 2722 1850 2776 altera

210 2802 306 2858 timam
322 2805 538 2876 disquisitionem
558 2808 719 2877 prestolari,
734 2808 854 2880 expetiti
876 2815 907 2863 ut
920 2809 1009 2879 magis
1047 2796 1157 2861 madido
1173 2822 1223 2877 per
1243 2805 1415 2876 aphorismos
1439 2804 1558 2875 plurima
1580 2821 1676 2859 aecum
1701 2803 1756 2858 t'ert
1777 2818 1850 2856 com-

210 2882 247 2938 sit
260 2883 286 2938 ei
300 2885 375 2940 cordi
388 2901 442 2940 nou
456 2886 588 2952 dubitare,
603 2905 686 2959 quam
706 2905 763 2944 non
780 2904 881 2944 errare.
922 2889 966 2944 lta
978 2895 1009 2943 ut
1048 2885 1135 2952 moda,
1151 2885 1185 2940 nd
1199 2903 1261 2958 quar
1274 2884 1383 2941 traditio
1397 2883 1621 2940 methodicauou
1636 2883 1757 2955 attingit.
1789 2880 1851 2937 Pri·

210 2969 238 3018 et
250 2964 387 3035 magister,
401 2984 494 3022 amore
505 2966 608 3038 gloria,
619 2969 804 3023 infirmitatem
816 2967 937 3023 scientiae
951 2984 1009 3023 sura
1047 2983 1122 3020 mum
1133 2966 1206 3021 euim
1214 2966 1247 3020 de
1257 2965 1387 3036 scriptore
1401 2965 1541 3036 specimen
1555 2964 1610 3029 dat,
1618 2972 1713 3019 utrum
1721 2962 1771 3018 ille
1783 2961 1849 3017 levi-

209 3043 324 3114 prodere
337 3054 441 3111 carent,
456 3055 484 3101 et
496 3046 653 3118 discipulus,
664 3048 767 3103 laboris
777 3048 848 3113 odio,
862 3049 934 3102 vires
949 3064 1010 3118 pro·
1048 3054 1090 3100 ter
1115 3054 1142 3100 et
1166 3043 1347 3117 perfunctorie
1370 3045 1512 3100 scientiam
1532 3043 1663 3109 hauserit,
1686 3061 1723 3098 an
1743 3041 1849 3114 penitus

208 3122 284 3193 prins
303 3125 422 3194 experiri
443 3124 519 3181 nolit
562 3126 684 3182 Scientia
701 3145 774 3192 vero,
789 3145 850 3199 quse
871 3127 933 3180 aliis
948 3135 1009 3181 tan·
1047 3125 1194 3180 imbiberit.
1242 3123 1401 3196 Aphorismi
1428 3124 1509 3188 enim,
1536 3123 1590 3177 nisi
1618 3139 1732 3194 prorsus
1764 3123 1849 3176 forent

210 3220 292 3274 quam
314 3203 369 3258 tela
389 3206 557 3274 pertexenda
578 3207 700 3270 traditur,
714 3208 810 3262 eadem
824 3206 954 3261 methodo
968 3203 1009 3282 (si
1048 3204 1163 3269 ridiculi,
1185 3221 1295 3259 necesse
1317 3211 1367 3269 est,
1387 3211 1418 3259 ut
1439 3220 1475 3258 ex
1491 3202 1618 3258 medullis
1635 3211 1664 3258 et
1677 3199 1849 3257 interioribus

209 3282 270 3336 ticri
281 3279 382 3356 possit)
391 3284 484 3339 animo
494 3284 605 3341 alterius
614 3294 654 3341 est
667 3287 838 3352 insinuanda,
849 3303 902 3358 qua
913 3287 1009 3356 primi·
1048 3284 1224 3340 scientiarum
1247 3283 1434 3339 conficiantur.
1475 3283 1654 3338 Absciuditur
1679 3284 1757 3338 euim
1778 3280 1850 3335 illue
1890 3291 1891 3294 ’

210 3368 254 3416 tus
267 3362 376 3417 iuventa
389 3371 437 3417 est
478 3364 568 3437 Atque
586 3365 639 3419 hoc
657 3366 746 3436 ipsum
761 3366 820 3421 fieri
835 3382 900 3419 sane
918 3372 1010 3435 potest
1049 3364 1322 3429 tratioetexeursi03
1337 3363 1504 3418 abscinditur
1517 3361 1849 3433 varietasexemplorum;

209 3440 239 3495 iu
253 3442 369 3497 amenus
382 3460 432 3513 per
445 3443 628 3499 inductionem
644 3447 792 3517 acquisita:
813 3446 861 3500 sed
875 3445 1010 3499 inantici-
1048 3443 1216 3498 abscinditur
1239 3442 1364 3497 deductio
1388 3450 1417 3497 et
1440 3443 1591 3508 connexi03
1617 3441 1790 3497 abscinditur
1808 3441 1851 3494 de·
1890 3423 1891 3486 i

209 3528 275 3589 pata
295 3521 349 3576 ista
369 3529 395 3577 et
415 3534 578 3594 praematura
597 3526 712 3580 scientia
733 3523 804 3600 (qua
824 3521 941 3598 utimur)
956 3541 1010 3578 uon
1049 3523 1308 3594 scriptiopracticae:
1322 3518 1852 3593 utadmatericmaphorismorumnihil
1890 3573 1891 3576 ,

209 3600 290 3655 facile
308 3602 381 3656 dicat
401 3603 470 3672 quis,
484 3621 538 3674 quo
555 3605 653 3660 itincre
675 3604 710 3659 ad
730 3622 799 3670 eam,
814 3621 896 3676 quam
913 3613 1010 3660 nactus
1048 3602 1226 3673 relinquatur,
1240 3608 1339 3673 prater
1352 3604 1461 3673 copiam
1473 3602 1695 3656 observationum
1713 3601 1782 3655 bene
1796 3617 1852 3653 am·

210 3687 259 3744 est,
274 3681 416 3736 scientiam
431 3684 594 3752 pervenerit.
635 3683 763 3739 Attamen
781 3700 846 3739 sane
860 3684 1010 3739 secundum
1048 3682 1131 3754 plam.
1165 3683 1253 3754 Igitur
1266 3681 1302 3736 ad
1316 3682 1487 3753 aphorismos
1500 3698 1555 3735 non
1571 3681 1692 3736 sufficiet
1708 3679 1851 3752 quispiam,

209 3759 298 3827 majus
320 3768 348 3815 et
361 3762 452 3815 minus
472 3763 560 3832 possit
575 3764 637 3834 quis
657 3765 800 3818 scientiam
815 3765 954 3834 propriam
968 3782 1011 3818 re·
1048 3764 1105 3817 imo
1118 3761 1152 3817 dc
1166 3763 1207 3817 eis
1220 3778 1271 3817 nec
1285 3762 1415 3834 cogitabit
1431 3778 1505 3827 sane,
1520 3761 1568 3833 qui
1584 3778 1615 3815 sc
1628 3760 1792 3834 neutiquam
1808 3775 1852 3813 co·

210 3837 306 3905 visere,
321 3849 349 3894 et
363 3841 479 3912 vestigia
493 3859 550 3897 sura
570 3844 735 3915 cognitionis
749 3843 831 3898 simul
851 3851 878 3898 et
899 3860 1011 3898 consen·
1049 3843 1127 3914 pinse
1138 3850 1166 3896 et
1177 3842 1262 3897 solide
1272 3841 1432 3900 instructum
1442 3842 1477 3896 ad
1487 3840 1661 3897 scribendum
1672 3839 1852 3912 perspexerit

210 3935 257 3972 sus
275 3919 409 3985 remetiri,
431 3927 512 3991 atque
533 3921 587 3976 hoc
605 3931 685 3992 paeto
705 3924 847 3977 amentiam
868 3923 907 3978 sic
922 3931 1011 3978 naus·
1049 3921 1088 3977 At
1101 3922 1132 3977 iu
1145 3921 1298 3989 methodis,

210 3995 333 4067 plantare
354 3999 382 4053 in
404 4000 526 4055 animum
546 4001 674 4068 ahenum,
695 4002 766 4057 sicut
789 4002 875 4056 crevit
900 4002 929 4056 iu
952 4020 1009 4057 suo.
1224 4052 1271 4100 “T
1404 4053 1410 4064 .
1448 4053 1454 4065 .
1696 4069 1704 4082 ,

210 4077 323 4132 Artibus
337 4079 409 4132 enim
423 4079 496 4133 idem
512 4082 639 4136 usuvenit
653 4081 725 4153 quod
739 4081 858 4153 plantis:
879 4081 903 4135 si
916 4080 1011 4152 planta
1192 4079 1222 4091 '⁸
1272 4058 1354 4101 mm
1365 4058 1605 4122 ”mmmmm
1614 4051 1704 4114 Μ’

211 4156 305 4226 aliqua
317 4158 356 4212 uti
370 4158 400 4212 in
419 4160 511 4214 auimo
524 4158 636 4228 hahens,
651 4162 684 4216 de
705 4161 796 4217 radice
817 4161 882 4231 quid
902 4161 957 4226 fist,
972 4161 1011 4216 nil
1137 4111 1478 4172 Tmumdmdmmpm
1487 4111 1722 4171 mmmm„

210 4236 309 4291 refert:
331 4236 355 4291 si
374 4254 440 4292 vero
457 4240 603 4296 transferre
617 4242 712 4311 cupias
725 4241 754 4296 in
767 4241 842 4296 aliud
859 4239 955 4305 solum,
969 4248 1011 4295 tu·
1050 4243 1081 4291 ut
1094 4236 1216 4307 speciem
1225 4235 1299 4300 artis,
1314 4234 1409 4290 welo
1422 4234 1508 4303 ⁰⁰1⁰&
1517 4232 1650 4304 Pfflclffl
1663 4246 1855 4305 'milenum

211 4315 266 4371 tius
288 4322 330 4370 est
351 4317 498 4383 radicibus,
512 4320 561 4385 uti,
575 4338 657 4391 quam
676 4320 799 4376 surculis.
841 4320 887 4375 Sic
901 4320 1012 4375 traditio
1050 4323 1189 4387 reportent
1202 4333 1243 4378 ea,
1255 4315 1358 4385 quamsi
1371 4313 1517 4377 solvantur,
1528 4321 1720 4384 segregentur,
1728 4321 1758 4367 et
1771 4312 1855 4366 darin-

212 4392 376 4470 (quoenunc
389 4396 420 4450 in
434 4395 555 4474 usuest)
570 4400 683 4455 exhibet
695 4399 777 4471 plane
792 4408 922 4472 tanquam
936 4409 1011 4455 mun-
1050 4399 1153 4460 dentur,
1168 4396 1203 4450 ad
1216 4394 1336 4450 nihilum
1354 4395 1411 4448 iera
1426 4409 1556 4448 recasura
1569 4394 1669 4448 forent.
1714 4390 1854 4455 Secundo,

211 4490 258 4528 cos
270 4472 414 4550 (pulchros
428 4475 490 4531 illos
505 4474 631 4551 quidem)
646 4478 835 4544 scientiarum
858 4480 906 4535 sed
920 4488 1012 4534 tamen
1050 4475 1161 4530 traditio
1173 4475 1329 4529 methodica
1342 4473 1378 4529 ad
1391 4473 1471 4528 fidem
1491 4481 1520 4527 et
1533 4489 1698 4527 consensum
1711 4471 1798 4535 valen
1819 4470 1855 4524 ad

211 4553 314 4624 absque
329 4555 464 4612 radicibus
488 4557 565 4612 labro
584 4558 703 4629 lignario
716 4567 788 4612 certe
806 4558 969 4622 commodos,
984 4565 1013 4612 at
1050 4555 1231 4609 indicationes
1244 4555 1278 4609 de
1292 4554 1373 4624 praxi
1385 4553 1475 4608 minus
1482 4552 1580 4616 innuit,
1591 4552 1732 4621 siquidem
1743 4552 1855 4606 demon

212 4631 359 4703 plantatori
372 4635 492 4690 inutiles.
534 4636 610 4697 Quod
625 4638 658 4702 si,
669 4637 821 4707 disciplina
836 4646 866 4692 ut
879 4647 1011 4702 crescant,
1051 4635 1211 4690 strationem
1225 4635 1361 4705 quandam
1373 4633 1403 4687 in
1415 4632 1480 4688 orbe
1495 4649 1552 4702 prm
1566 4647 1595 4685 se
1610 4631 1673 4697 fert,
1681 4632 1810 4702 partibus
1824 4646 1853 4685 se

211 4712 262 4766 tibi
275 4714 348 4768 cordi
363 4715 407 4778 sit,
421 4714 455 4770 de
469 4716 572 4771 nuncia
592 4716 683 4771 minus
705 4716 743 4771 sis
764 4716 906 4781 solicitum
928 4717 1012 4772 adid
1050 4715 1167 4768 invicem
1181 4712 1406 4776 illuminantibus,
1419 4711 1535 4782 ideoque
1549 4710 1705 4766 intellectui
1720 4710 1855 4767 sadsmmt

211 4808 305 4847 curam
314 4793 423 4858 adhibe,
436 4801 467 4849 ut
479 4795 585 4850 radices
597 4794 702 4861 illesas
716 4796 801 4851 etiam
814 4814 877 4851 cnm
890 4796 1013 4867 aliquan·
1050 4793 1157 4864 magis3
1180 4794 1245 4864 qnia
1264 4809 1329 4846 vero
1348 4792 1468 4846 actiones
1489 4792 1519 4845 in
1537 4791 1594 4844 rita
1615 4791 1757 4846 communi
1779 4805 1854 4860 sper·

212 4871 270 4928 tulo
284 4880 363 4928 terrm
377 4874 550 4938 adhrerentis,
564 4874 753 4931 extrahantur.
797 4875 883 4944 Cujus
901 4876 1012 4947 quidem
1050 4880 1159 4944 guntur,
1173 4890 1228 4928 nou
1242 4873 1337 4927 ordine
1351 4876 1555 4942 componuntur,
1569 4867 1634 4924 ideo
1650 4872 1744 4942 magis
1757 4869 1853 4925 iisdem
1890 4897 1891 4904 ι

212 4953 321 5023 generis
345 4953 506 5016 traditionis,
528 4953 674 5008 methodus
697 4955 960 5020 mathematicorum,
982 4954 1013 5009 in
1051 4952 1203 5007 conducunt
1229 4952 1312 5007 etiam
1344 4967 1440 5021 sparsa
1471 4949 1643 5005 documenta.
1699 4950 1852 5012 Postremo,
1890 4967 1891 4986 ι

212 5047 247 5085 eo
260 5032 393 5101 subjecto,
408 5031 614 5087 similitudinem
627 5033 763 5104 quandam
778 5034 879 5100 habet3
900 5050 1014 5105 genera·
1051 5031 1211 5102 aphorismi,
1234 5049 1297 5086 cum
1318 5030 1492 5086 scientiamm
1511 5029 1651 5099 portiones
1672 5031 1806 5101 quasdam
1826 5036 1853 5080 et
1890 5023 1891 5084 ζ

212 5110 264 5165 tim
283 5123 443 5166 autemnon
463 5111 551 5177 rideo,
565 5111 638 5182 quod
651 5121 698 5168 aut
711 5114 740 5168 in
755 5130 806 5168 usu
819 5113 863 5178 sit,
877 5121 926 5167 aut
940 5113 1013 5184 quod
1052 5112 1129 5182 quasi
1144 5112 1232 5166 frusta
1246 5118 1352 5165 tantum
1360 5109 1517 5174 exhibeant,
1527 5108 1694 5175 invitant,ut
1708 5110 1759 5166 alii
1767 5108 1851 5163 etiam
1890 5135 1891 5146 ι

213 5190 275 5261 quis
288 5190 458 5262 inquisitioni
478 5190 537 5258 ejus
557 5191 663 5246 dederit
675 5209 802 5263 operam,
823 5193 936 5263 proinde
951 5208 1014 5246 eam
1051 5190 1157 5262 aliquid
1169 5191 1300 5259 adjiciant
1309 5198 1337 5244 et
1351 5195 1478 5261 erogeut3
1493 5187 1678 5243 traditiovero
1688 5188 1850 5250 methodica,

213 5270 285 5325 inter
304 5271 457 5325 desiderata
476 5271 686 5335 numerabimus,
706 5288 820 5344 eamque
839 5273 1013 5327 traditionem
1051 5270 1115 5325 dnm
1146 5270 1288 5325 scientiam
1315 5269 1450 5340 integram
1477 5274 1605 5331 ostentat,
1637 5284 1750 5325 securos
1775 5266 1852 5323 illico

214 5346 357 5420 lampadis,
371 5351 429 5404 sire
442 5349 600 5405 methodum
614 5350 650 5405 sd
662 5350 736 5405 tilios
750 5350 959 5422 appellabimus.
1052 5348 1178 5405 homines
1191 5349 1289 5416 reddit,
1304 5349 1383 5419 quasi
1393 5350 1452 5416 jam
1465 5363 1571 5402 mmma
1583 5347 1711 5419 adeptos.

255 5428 385 5498 Sequitur
408 5429 482 5484 alisrd
502 5430 625 5486 methodi
644 5429 799 5497 discmmen,
817 5430 903 5502 priori
926 5431 1013 5487 inten·
1091 5429 1221 5500 Sequitur
1235 5428 1308 5485 alind
1321 5428 1442 5483 methodi
1456 5425 1611 5493 discnmeu,
1627 5429 1723 5501 magni
1740 5435 1770 5483 et
1783 5422 1849 5481 illud
1890 5501 1891 5512 2
