3800 5875
657 330 825 390 lupulus
845 333 1131 390 PHILOSOPHlOl.
1652 331 1710 395 677

89 491 119 545 ln
131 506 162 545 ea
175 495 270 558 autem
281 508 363 563 quam
376 507 425 545 nos
437 490 607 555 adhibemus,
618 506 674 544 non
686 492 773 546 multo
785 493 874 562 major
912 492 984 559 dere,
999 494 1072 564 apud
1093 494 1219 565 antiquos
1238 491 1383 563 sapientes,
1403 493 1449 547 diu
1469 498 1533 546 ante
1554 493 1711 549 Graecorum

86 570 112 624 in
125 569 260 626 hominum
277 570 415 625 intellectu
434 571 536 625 eminet
552 571 733 641 inaequalitas,
749 588 831 643 quam
844 572 873 627 in
913 580 1042 644 tempora,
1064 574 1194 628 scientias
1212 579 1239 626 et
1258 571 1461 642 philosophiam
1481 572 1584 640 majore
1603 573 1709 634 virtute,

87 649 265 705 seusninesse
278 650 354 705 solet.
395 649 466 710 Quin
479 658 507 704 et
517 651 553 703 ab
563 651 734 721 ingeniorum
747 652 873 705 acumine
912 650 976 705 licet
989 652 1092 721 majore
1109 654 1193 707 etiam
1211 651 1325 705 sonasse
1344 651 1460 715 silentio,
1479 651 1613 715 floruisse,
1627 651 1710 721 idque

87 736 112 782 et
123 727 244 799 agilitate
259 731 300 799 (ut
317 730 417 784 dictum
431 728 485 799 est)
499 730 564 784 dum
583 745 632 784 suo
649 738 724 784 motu
741 730 872 794 feruntur,
912 731 1050 785 solennius
1072 731 1140 786 mihi
1162 732 1233 786 foret
1254 747 1289 785 ea
1309 748 1369 802 ques
1380 732 1438 799 jam
1453 730 1602 785 afferuntur
1614 730 1649 784 ad
1662 729 1711 784 ills

86 806 228 878 pericrdum
249 809 403 873 metuimus,
426 818 508 879 utque
534 810 564 863 in
585 826 619 863 eo
644 809 695 863 toti
717 825 819 871 murus,
843 817 873 863 ut
912 810 1021 875 referre,
1036 817 1065 865 ut
1078 812 1141 864 novi
1155 810 1281 865 homines
1295 810 1390 875 solent,
1405 811 1451 881 qui
1466 809 1639 864 nobilitatem
1662 809 1710 863 ali·

86 886 218 941 hominum
228 887 346 959 ingeniis
358 904 412 942 non
427 888 587 959 plumasaut
598 887 663 952 alas,
674 888 723 942 sed
733 888 874 959 plumbum
912 890 990 958 cujus
1013 890 1113 944 veteris
1133 890 1268 960 prosapiae
1288 906 1339 960 per
1351 890 1575 962 genealogiarum
1589 905 1710 943 rumores

87 974 112 1020 et
127 966 244 1036 pondera
264 967 405 1022 addamus.
446 967 533 1022 Nullo
553 968 626 1022 enim
647 968 728 1022 modo
750 968 874 1022 videntur
913 976 941 1023 et
954 970 1124 1038 conjecturas
1138 970 1191 1024 sibi
1204 969 1344 1040 affingunt.

86 1044 204 1101 homiues
217 1046 306 1102 adbuc
324 1062 413 1112 nome,
428 1063 510 1118 quam
528 1063 623 1101 severa
640 1047 677 1100 sit
695 1064 739 1102 res
752 1047 873 1103 veritatis
954 1048 1056 1103 Verum
1070 1048 1149 1104 nobis
1163 1057 1215 1103 stat
1229 1049 1370 1111 sententis,
1380 1047 1710 1111 remmevidentiairetis,

87 1131 222 1181 ducturae
235 1125 393 1198 inquisitio:
415 1142 551 1198 quamque
564 1143 662 1197 parum
675 1125 815 1182 hominnm
830 1143 873 1181 ar·
912 1144 1024 1182 omnem
1036 1127 1197 1198 imposturae
1206 1127 1398 1191 conditionem,
1409 1127 1582 1198 quantumvis
1596 1126 1633 1180 sit
1645 1125 1711 1181 licet

86 1203 162 1258 bitrio
187 1205 332 1277 relinquat
372 1206 472 1277 Neque
500 1213 592 1260 tanmn
618 1221 669 1260 nos
699 1207 872 1278 peregrinum
912 1206 986 1261 bella
1000 1213 1028 1260 et
1040 1208 1190 1269 commoda,
1203 1223 1338 1261 recusare.
1382 1207 1480 1276 ltaque
1499 1204 1633 1275 judicium
1650 1222 1712 1260 nos-

87 1282 214 1354 quiddam,
229 1293 277 1339 aut
289 1284 442 1355 mysticum,
460 1292 508 1341 aut
522 1285 612 1340 Deum
628 1286 761 1356 tragicum
777 1285 874 1339 advos
911 1293 984 1341 uum
997 1285 1031 1340 de
1050 1286 1105 1341 illis
1119 1286 1218 1341 seculis
1237 1303 1292 1340 non
1306 1287 1518 1355 interponimus,
1540 1284 1609 1339 illud
1621 1285 1711 1340 obiter

86 1362 243 1419 adducimm.
283 1364 334 1420 Nil
347 1363 423 1419 enim
436 1364 509 1419 aliud
523 1371 669 1419 adnostra
683 1365 734 1429 ria,
748 1365 802 1420 nisi
815 1364 874 1419 lite·
912 1365 1036 1431 dicimus,
1055 1365 1121 1420 licet
1142 1364 1282 1436 poetarum
1306 1365 1405 1420 fabulae
1428 1363 1562 1419 versatilis
1587 1365 1711 1419 materia:

86 1450 140 1496 rata
149 1443 326 1517 experientia,
335 1451 417 1515 atque
430 1460 474 1498 ers
484 1444 540 1498 sive
552 1443 757 1498 rationeturam
769 1445 874 1498 sincere
912 1445 974 1510 sint,
987 1454 1078 1500 tamen
1091 1462 1143 1500 nos
1156 1462 1210 1499 non
1224 1444 1339 1500 multum
1353 1445 1443 1499 arcani
1458 1452 1505 1499 aut
1523 1444 1647 1514 mysterii
1661 1444 1711 1498 hu·

86 1520 282 1592 interpretandi,
296 1530 325 1577 et
337 1524 385 1577 ria
397 1538 461 1577 sera
475 1539 492 1577 a
505 1539 587 1579 sensu
600 1523 635 1577 ad
647 1523 824 1578 intellectum.
910 1524 1030 1592 jusmodi
1045 1525 1244 1579 narrationibus
1258 1524 1370 1579 subesse
1384 1522 1457 1578 haud
1477 1530 1636 1579 cunctanter
1649 1538 1710 1593 pro

123 1597 220 1656 Verum
228 1618 320 1658 annon
330 1602 436 1666 videtis,
448 1601 508 1666 lilii,
519 1601 584 1673 quid
594 1619 643 1672 per
653 1601 720 1666 hmo,
730 1620 791 1674 qum
801 1603 873 1657 dixi·
911 1605 1127 1667 nuntiassemus:
1156 1606 1179 1660 sl
1202 1604 1238 1658 ab
1256 1604 1291 1657 iis
1309 1603 1429 1659 inventae
1447 1620 1465 1656 a
1484 1603 1584 1675 quibus
1604 1602 1710 1656 tradite

86 1681 282 1746 mmeh'ectum
290 1681 345 1737 ritl
377 1680 508 1744 Primum,
518 1681 638 1753 antiquis
647 1698 713 1736 snus
722 1681 810 1736 honos
818 1699 873 1737 ma·
911 1691 990 1748 sunt;
1012 1685 1084 1755 quod
1103 1701 1154 1738 nos
1174 1700 1253 1739 secus
1273 1699 1332 1738 esse
1347 1682 1550 1737 existimamus:
1572 1681 1709 1753 pleneque

87 1769 135 1813 net.
160 1760 233 1814 Nam
240 1760 270 1815 in
281 1761 325 1824 iis,
334 1778 395 1831 quae
402 1761 430 1814 in
440 1761 552 1832 ingenio
561 1769 588 1815 et
599 1761 774 1816 meditatione
785 1762 874 1832 posita
911 1763 986 1817 enim
1000 1764 1143 1819 traduntur
1156 1771 1287 1834 tanquam
1308 1762 1384 1833 prins
1403 1762 1513 1816 creditne
1535 1768 1563 1815 et
1584 1761 1707 1831 cognitae,

87 1845 149 1903 suut,
162 1838 203 1893 illi
224 1839 363 1896 mirabiles
375 1840 448 1893 viros
461 1856 491 1893 se
505 1841 670 1910 praestitere:
691 1856 779 1912 neque
793 1841 873 1895 nobis
910 1858 966 1896 non
980 1850 1109 1915 tanquam
1123 1859 1200 1898 novae
1215 1859 1247 1895 ac
1266 1851 1329 1897 tunc
1348 1841 1438 1914 primo
1451 1840 1568 1895 oblatae:
1590 1858 1651 1912 ques
1665 1857 1710 1895 nes

87 1932 146 1973 mae
156 1934 214 1973 eam
228 1919 303 1973 mam
314 1919 443 1990 ingressis
456 1918 538 1990 longo
551 1918 693 1974 intervallo
706 1936 800 1975 eorum
813 1937 873 1992 pro·
911 1938 1005 1977 earum
1019 1922 1251 1978 existimationem
1265 1921 1336 1992 apud
1354 1938 1404 1976 nos
1424 1921 1509 1983 auxit,
1524 1937 1555 1974 ac
1576 1920 1599 1974 si
1620 1927 1711 1974 essent

88 2012 189 2066 gressm
212 2015 330 2070 aequare,
353 2006 383 2053 ut
404 1998 573 2062 arbitramur,
598 1999 670 2053 vires
694 2000 871 2056 suffecissent.
911 2001 1033 2073 reliquiae
1048 2002 1171 2073 quadam
1191 2018 1276 2056 sacra
1289 2010 1442 2071 tempomm
1461 2000 1611 2055 meliorum.
1652 1999 1708 2054 Ve-

88 2075 192 2143 Deinde,
204 2077 360 2150 intelligitis
367 2078 591 2149 prolecto,minus
601 2078 873 2150 quiddamessehsnc
911 2097 972 2135 rum
992 2087 1125 2154 umunque
1148 2098 1181 2135 ea
1201 2097 1245 2136 res
1266 2096 1295 2134 se
1310 2079 1400 2143 habet,
1422 2096 1478 2134 non
1497 2077 1558 2149 plus
1578 2079 1709 2133 interesse

88 2156 253 2224 rejectiomm
264 2165 403 2212 anctorum
414 2156 583 2228 generalem:
598 2175 681 2230 quem
691 2158 714 2213 ai
726 2159 795 2213 alios
806 2160 874 2227 reje·
911 2166 1044 2230 putamus,
1055 2161 1103 2229 (ad
1116 2160 1145 2214 id
1159 2161 1231 2231 quod
1240 2160 1353 2231 agitant
1363 2168 1453 2214 utrum
1465 2176 1527 2231 qum
1540 2160 1598 2227 jam
1612 2174 1710 2228 propo

88 2233 217 2301 dumus,
234 2235 305 2291 alios
326 2237 525 2308 probassemus.
570 2236 640 2292 Tum
655 2238 728 2293 enim
740 2239 872 2307 judicium
910 2247 1020 2304 uantur,
1035 2249 1081 2295 aut
1094 2239 1151 2295 illis
1165 2241 1279 2294 fortasse
1299 2240 1411 2308 majora,
1426 2238 1546 2309 antiquis
1566 2237 1651 2292 etiam
1670 2239 1710 2291 in·

89 2314 211 2383 quoddam
226 2318 456 2379 exercuissemua3
478 2333 538 2371 cum
549 2332 620 2371 nunc
635 2318 820 2373 tantummodo
831 2321 874 2386 (nt
910 2319 1066 2383 notuerint:
1088 2336 1170 2392 quam
1180 2318 1337 2374 hominibus
1350 2336 1422 2372 curae
1432 2333 1492 2373 esse
1503 2315 1608 2381 debeat,
1619 2326 1709 2372 utrum

88 2391 249 2465 dictumest)
262 2395 542 2452 indiciumiaciamus.
570 2395 711 2452 Postremo
720 2398 803 2451 etiam
814 2415 873 2468 per·
910 2415 999 2454 novus
1012 2399 1085 2454 orbis
1098 2399 1180 2454 fuerit
1192 2398 1282 2453 insula
1294 2397 1343 2452 illa
1356 2396 1479 2461 Atlantia,
1494 2404 1522 2451 et
1536 2396 1620 2451 veteri
1635 2412 1711 2450 mun·

88 2471 183 2542 spicitis
193 2473 260 2546 quid
274 2476 353 2531 nobis
364 2492 475 2547 prorsus
488 2474 669 2547 relinquatur:
690 2477 747 2531 sive
761 2494 812 2531 nos
825 2475 874 2530 sli-
911 2478 947 2532 do
967 2478 1085 2549 cognita,
1108 2495 1143 2532 an
1160 2495 1234 2532 nunc
1253 2478 1371 2548 primum
1393 2484 1509 2548 reperta,
1524 2493 1614 2531 rerum
1636 2475 1709 2530 enim

89 2551 147 2623 quid
159 2568 274 2618 sumere,
289 2555 346 2610 sive
360 2555 422 2609 aliis
436 2553 539 2626 aliquid
555 2555 634 2610 nobis
647 2556 766 2611 tribuere
779 2556 872 2613 libeat.
911 2557 1034 2612 inventio
1056 2575 1073 2612 a
1094 2565 1197 2612 naturas
1222 2557 1283 2611 luce
1305 2555 1429 2627 petenda,
1448 2572 1502 2609 non
1525 2572 1540 2608 e
1564 2555 1709 2610 vetustatis

122 2631 183 2687 Nou
195 2633 308 2705 ingenii,
321 2651 376 2689 non
389 2633 567 2696 excellentia,
580 2651 636 2689 non
649 2635 788 2690 facultatis
805 2635 873 2700 laus,
912 2637 1031 2692 tenebris
1044 2638 1190 2707 repetenda
1203 2645 1254 2691 est.

88 2710 247 2768 tedfortnna
261 2714 393 2785 quedam,
407 2729 441 2768 ea
453 2714 542 2786 magis
561 2722 652 2769 vestra
673 2731 754 2786 quam
772 2723 871 2780 nostra,
950 2716 1014 2771 Jam
1034 2733 1106 2782 vero,
1126 2715 1184 2781 tilii,
1198 2716 1281 2771 etism
1302 2723 1405 2786 sponte,
1419 2731 1473 2769 non
1494 2713 1609 2768 fortasse
1628 2714 1709 2767 inter·

88 2805 143 2845 cum
161 2808 204 2847 res
218 2794 256 2847 sit
277 2794 366 2865 potius
385 2811 436 2849 usu
457 2793 602 2860 fructuosa,
616 2810 698 2866 quam
718 2795 873 2850 inventione
911 2794 1014 2866 pellati,
1028 2796 1064 2849 ab
1077 2796 1264 2867 expectatione
1285 2803 1377 2850 vestra
1398 2795 1431 2849 de
1451 2792 1628 2864 philosophia
1647 2793 1710 2847 che·

88 2869 253 2928 admirabilis.
290 2872 365 2928 Nam
373 2873 413 2928 uti
424 2890 472 2927 vos
484 2874 597 2929 ios-tasse
608 2874 753 2939 miramini,
765 2873 874 2945 qnando
911 2875 1053 2930 mistarum
1080 2876 1237 2947 opinionem
1265 2874 1468 2945 subjungemus.
1523 2872 1632 2926 Etenim
1660 2871 1710 2926 illa

88 2947 134 3004 hoe
153 2952 230 3007 nobis
251 2952 283 3007 in
304 2960 424 3008 mentem
443 2955 536 3008 venire
556 2956 691 3027 potuerit:
712 2955 751 3009 ita
774 2963 803 3009 et
823 2971 874 3009 nos
911 2963 1001 3010 vestra
1014 2955 1199 3027 philosophis,
1214 2953 1443 3027 disputationibus
1463 2960 1568 3023 potens,
1583 2952 1709 3022 operibus

87 3029 197 3085 nussim
216 3032 357 3097 miramur,
375 3034 509 3104 quomodo
529 3034 601 3089 idem
620 3034 683 3089 aliis
703 3035 733 3088 in
754 3041 872 3089 mentem
910 3034 1039 3100 invalida,
1061 3036 1127 3091 artis
1146 3035 1278 3091 chemise
1297 3032 1456 3088 nonnullam
1476 3032 1708 3087 existimationem

85 3106 137 3176 jam
154 3110 260 3180 pridem
280 3128 334 3166 non
355 3113 472 3176 venerit:
492 3129 548 3167 non
567 3113 617 3169 ulli
631 3113 785 3169 mortalium
798 3113 872 3167 cordi
911 3114 984 3183 apud
1005 3114 1137 3186 quosdam
1156 3115 1269 3185 peperit
1311 3113 1400 3184 Atque
1417 3127 1482 3165 sane
1497 3111 1569 3181 quod
1582 3110 1617 3163 ad
1630 3127 1708 3181 prac-

87 3196 128 3241 aut
148 3206 218 3246 curae
239 3190 333 3256 inisse,
356 3200 386 3247 nt
406 3191 555 3246 intellectui
578 3192 699 3247 humano
719 3192 824 3247 auxilia
846 3200 873 3249 et
911 3195 992 3248 ticam
1011 3193 1207 3248 chemistarnm
1227 3194 1332 3257 attinet,
1356 3190 1476 3246 fabulam
1497 3189 1574 3243 illam
1596 3189 1626 3244 in
1647 3206 1708 3245 eam

87 3268 246 3335 prasidiaad
255 3279 382 3327 naturam
391 3271 626 3341 contemplandam
637 3278 665 3326 at
675 3272 873 3343 experientiam
910 3281 1064 3343 competere
1082 3273 1277 3336 existimamus,
1291 3273 1325 3327 de
1347 3288 1420 3336 sene,
1435 3271 1481 3341 qui
1503 3268 1567 3323 filiis
1587 3270 1643 3324 suis
1663 3286 1709 3324 au-

86 3344 253 3417 digerendam
270 3359 454 3420 compararet:
475 3351 523 3404 sed
537 3353 628 3406 omnia
640 3351 685 3405 vel
698 3351 872 3407 traditionum
910 3368 971 3406 rum
985 3353 1013 3406 in
1028 3353 1108 3407 vinea
1121 3351 1258 3407 defossum
1274 3353 1337 3421 (nec
1351 3367 1381 3405 se
1395 3351 1460 3404 satis
1476 3349 1545 3404 scire
1560 3366 1615 3421 quo
1633 3349 1707 3415 loco)

86 3425 196 3499 caligini,
209 3429 256 3484 rel
271 3438 489 3502 argumentorum
507 3432 635 3502 vertigini
656 3439 684 3486 et
705 3432 814 3496 turbini,
828 3431 872 3486 vel
910 3430 1059 3503 legaverit:
1080 3432 1151 3487 unde
1165 3430 1228 3485 illos
1242 3431 1365 3502 protinus
1382 3430 1417 3483 ad
1431 3430 1538 3484 vineam
1553 3429 1709 3484 fodiendam

86 3520 157 3562 casus
177 3516 204 3562 et
221 3510 470 3579 experimentorum
492 3511 572 3565 uadis
591 3518 620 3565 et
639 3511 800 3583 ambagibus
813 3527 872 3581 per·
909 3510 1084 3576 incubuisse:
1105 3517 1188 3582 atqua
1209 3511 1267 3566 auri
1290 3510 1399 3583 quidem
1412 3508 1484 3564 nihil
1502 3516 1646 3578 repertum,
1661 3510 1710 3563 sed

86 3585 163 3640 missa
175 3603 242 3650 esse,
259 3604 311 3643 nec
324 3589 442 3644 mediam
455 3591 590 3660 quandam
603 3591 676 3644 mam
686 3591 757 3645 inter
767 3590 872 3660 experi-
910 3591 1075 3645 vindemiam
1095 3608 1128 3644 ea
1140 3589 1244 3645 cultura
1258 3590 1358 3645 iactam
1379 3589 1461 3644 inisse
1481 3588 1649 3644 uberiorem:
1670 3589 1708 3643 si·

86 3666 178 3721 endam
198 3676 225 3721 et
246 3667 377 3740 dogmata
400 3669 500 3739 aperiri
522 3670 664 3739 potuisset
705 3670 757 3724 Sed
781 3678 872 3725 tamen
910 3670 970 3723 mili
995 3672 1076 3724 modo
1097 3677 1125 3724 et
1144 3668 1260 3725 chemise
1279 3669 1338 3733 tilii,
1352 3669 1415 3723 dum
1436 3685 1531 3723 aurum
1553 3668 1622 3736 (sive
1635 3685 1707 3731 vere,

85 3745 170 3799 mirari
182 3746 341 3812 desinimus,
355 3763 416 3803 cum
430 3750 459 3802 in
472 3748 566 3803 multis
579 3749 659 3804 rebus
673 3749 765 3803 videre
779 3747 869 3813 liceat,
913 3748 970 3802 sive
979 3751 1071 3817 secus)
1082 3750 1111 3804 in
1122 3756 1298 3803 naturaarvo
1307 3749 1427 3803 abditum
1437 3756 1464 3801 et
1475 3747 1551 3818 quasi
1563 3747 1707 3811 delossum,

85 3832 194 3881 mentem
204 3827 353 3882 humanam
365 3837 421 3882 tam
440 3828 536 3884 laevam
556 3837 583 3882 et
601 3828 672 3884 male
692 3829 872 3899 compositam
909 3826 1051 3893 laboriose,
1070 3846 1163 3883 eruere
1176 3837 1324 3883 conantur:
1345 3827 1430 3882 multa
1444 3825 1580 3881 moliendo
1600 3834 1628 3878 et
1649 3831 1706 3880 ten·

85 3916 147 3968 csse,
159 3913 189 3959 ut
201 3907 292 3975 primo
305 3907 416 3972 diffidat,
430 3916 458 3962 et
476 3908 558 3977 paulo
575 3916 637 3977 post
656 3925 685 3962 se
699 3914 870 3963 contemnat:
910 3907 998 3970 tando,
1014 3925 1115 3980 magno
1126 3909 1269 3979 proventui
1283 3907 1440 3961 hominibus
1459 3913 1487 3959 et
1499 3904 1608 3958 utilitati
1623 3905 1707 3969 fuere,

85 3987 158 4052 atque
170 3986 260 4054 primo
269 3987 427 4041 incredibile
437 3988 567 4051 videatur,
578 3988 681 4059 aliquid
692 3987 745 4041 tale
755 3988 870 4042 inveniri
910 3994 938 4040 et
949 3987 1133 4058 compluribus
1146 3988 1264 4041 inventis
1277 4002 1332 4041 non
1352 3984 1557 4040 contemnendis
1576 3984 1659 4038 vitam
1680 3994 1708 4040 et

85 4073 174 4128 poste:
194 4073 338 4137 postquam
353 4075 444 4121 sutem
458 4067 597 4121 inventum
616 4069 659 4131 sit,
673 4084 765 4121 rursus
785 4068 871 4123 incre·
910 4083 954 4121 res
968 4067 1102 4122 humanas
1115 4066 1259 4121 donavere.

85 4137 161 4196 dibile
174 4144 299 4201 videatur
311 4145 339 4199 id
353 4144 477 4200 homines
492 4154 548 4200 tam
566 4147 611 4202 diu
625 4147 720 4218 iugere
734 4148 869 4217 potuisse:
949 4146 1133 4201 Veruntamen
1157 4145 1352 4217 speculativum
1377 4160 1468 4199 eorum
1490 4160 1547 4197 rem
1571 4143 1659 4199 levem
1679 4154 1708 4199 et

85 4219 128 4272 ted
144 4229 173 4276 ut
192 4224 264 4294 quod
284 4242 328 4279 res
346 4233 388 4279 est
407 4225 592 4295 proteramus:
614 4226 677 4280 huic
698 4227 739 4280 rei
761 4225 795 4279 de
816 4244 871 4299 qua
909 4226 999 4280 minus
1012 4243 1106 4280 sanam
1121 4242 1180 4280 esse
1191 4224 1357 4300 judicamus.
1398 4224 1472 4278 Nam
1490 4233 1520 4277 ut
1540 4222 1586 4277 ille
1600 4224 1706 4279 adoles·

84 4311 148 4353 nunc
166 4303 272 4373 agimus
286 4304 481 4376 impedimento
494 4305 546 4359 luit
561 4323 613 4359 non
629 4314 683 4360 tam
698 4307 737 4358 rei
752 4305 870 4360 obscuri·
908 4305 1032 4361 cautulus
1046 4304 1177 4360 delicatus
1191 4321 1252 4360 cum
1266 4303 1398 4358 scalmum
1409 4304 1437 4357 in
1450 4303 1541 4357 littore
1551 4304 1705 4373 reperisset,

85 4385 122 4430 tas
134 4388 178 4434 ant
190 4381 433 4455 difficultasquam
445 4385 573 4454 superbia
583 4385 709 4447 humana,
721 4385 764 4439 cui
775 4393 871 4440 natura
908 4400 1004 4438 navem
1025 4386 1159 4439 adificare
1172 4384 1344 4454 concupivit:
1365 4383 1404 4436 ita
1417 4392 1444 4437 et
1464 4382 1502 4446 hi,
1517 4383 1569 4436 arti
1589 4400 1646 4438 sura
1666 4385 1707 4438 in·

85 4452 289 4532 immagnaex
300 4472 472 4535 parteeaque
482 4465 585 4534 potiore
596 4465 739 4520 sordescit:
755 4482 869 4537 quaeque
908 4464 1059 4534 dulgentes,
1074 4480 1109 4517 ex
1124 4465 1218 4534 paucis
1232 4462 1350 4517 lomacis
1370 4462 1564 4533 experimentis
1584 4462 1706 4532 pbiloso-

84 4532 200 4594 bonine:
213 4556 247 4595 co
260 4540 404 4598 dementias
417 4544 550 4614 provehit,
564 4551 593 4598 ut
611 4545 724 4615 spiritus
738 4546 869 4615 proprios,
909 4544 1004 4613 phiam
1024 4544 1139 4598 condere
1163 4543 1286 4614 aggressi
1313 4550 1385 4596 sunt.
1436 4541 1526 4613 Atque
1546 4540 1599 4595 hoc
1619 4558 1706 4613 genus

84 4619 264 4688 nouspiritum
278 4633 383 4679 naturas
396 4623 554 4688 consulant:
575 4640 607 4678 sc
617 4625 640 4679 si
655 4633 727 4678 artes
741 4623 869 4690 facerent,
908 4623 1073 4678 theoriamm
1094 4631 1121 4677 et
1135 4623 1235 4693 saepius
1248 4631 1275 4677 et
1297 4621 1467 4676 manifestius
1483 4621 1610 4675 vanitatis
1629 4638 1704 4675 coar-

84 4707 132 4749 nou
144 4696 304 4756 invenirent.
908 4703 1001 4773 guitur
1021 4719 1102 4775 quam
1123 4702 1191 4756 illud
1212 4701 1344 4756 alterum:
1366 4700 1439 4772 quod
1459 4708 1534 4754 certe
1552 4701 1640 4770 magis
1661 4717 1705 4754 so·

119 4773 212 4848 Atque,
227 4779 286 4844 filii,
299 4782 369 4836 iuter
381 4782 463 4836 istam
477 4790 593 4837 vestram
609 4789 735 4853 tanquam
750 4800 800 4852 per
818 4791 869 4837 sta·
906 4783 996 4837 brinm
1019 4792 1046 4836 et
1066 4782 1155 4852 magis
1173 4789 1272 4835 tectum
1292 4789 1348 4846 est:
1369 4798 1434 4834 nam
1454 4778 1628 4850 philosophia
1645 4779 1705 4834 vul·

84 4855 139 4908 tuas
151 4858 319 4930 antiquorum
333 4861 587 4925 deambulationem,
602 4862 660 4914 lieri
675 4870 764 4931 potest
779 4871 807 4915 ut
821 4861 868 4915 ali·
908 4862 982 4932 garis
996 4862 1086 4915 omnia
1101 4877 1269 4930 percurrens,
1284 4872 1311 4914 et
1324 4859 1449 4915 nonnihil
1464 4859 1521 4913 iere
1541 4858 1575 4911 de
1589 4859 1705 4930 siugulis

83 4946 158 5000 quam
176 4946 280 5006 partem
302 4941 424 5012 porticus
443 4941 602 4995 notaveritis
621 4940 680 4995 velo
694 4957 754 4994 esse
767 4941 868 4996 discre-
907 4942 1063 5010 degustans,
1078 4957 1107 4994 se
1122 4940 1197 5011 apud
1210 4940 1359 4995 maximam
1379 4939 1521 4994 hominum
1535 4943 1640 5007 partem
1654 4955 1704 5009 op·

83 5015 141 5067 itm.
168 5015 210 5070 Ea
220 5025 284 5073 suut
297 5018 448 5090 penetralia
460 5020 631 5092 antiquitatis
645 5027 708 5074 ante
719 5021 869 5075 doctrinam
908 5020 973 5074 tium
998 5029 1096 5075 tuetur.
1149 5019 1201 5080 Qui
1224 5027 1314 5074 autem
1336 5036 1372 5073 ex
1395 5019 1498 5088 paucis,
1523 5016 1621 5087 quibus
1646 5018 1704 5088 ipse

84 5086 239 5152 Graecorum.
280 5097 334 5153 Sed
356 5099 423 5170 quid
443 5116 487 5154 me
507 5099 611 5154 vocatis
631 5099 666 5154 ad
685 5115 719 5152 ea
738 5106 868 5170 tempora,
907 5100 1026 5153 maxime
1040 5099 1166 5162 insuevit,
1179 5098 1285 5170 reliqua
1295 5097 1515 5160 comminiscitur,
1527 5096 1551 5150 is
1561 5103 1629 5150 etre
1643 5096 1705 5166 ipsa

82 5181 323 5237 summumst
342 5194 433 5232 rerum
454 5179 572 5251 vestigia
591 5179 775 5249 auhrgeruntl
815 5178 869 5232 An·
907 5187 979 5232 errat
994 5179 1091 5248 magis,
1105 5187 1133 5232 et
1146 5179 1217 5248 apud
1231 5178 1300 5232 alios
1312 5178 1399 5231 levior
1418 5182 1475 5238 est:
1496 5183 1577 5245 atque
1597 5193 1633 5229 ex
1650 5175 1703 5230 hoc

82 5259 131 5302 non
144 5252 289 5324 antiquitas
301 5257 350 5312 illa
367 5257 454 5312 instar
473 5259 552 5313 lama
565 5268 615 5325 est,
629 5276 691 5331 qum
704 5266 784 5328 caput
798 5259 869 5312 inter
908 5275 1007 5329 genere
1021 5258 1224 5328 philosophiam
1238 5257 1390 5312 chemicam
1404 5270 1463 5309 esse
1474 5271 1625 5308 censemus.

82 5326 167 5382 nubila
177 5334 268 5388 condit
280 5344 307 5391 et
316 5336 425 5392 fabulas
434 5344 535 5402 namet,
547 5339 618 5392 lacta
629 5347 656 5393 et
669 5337 771 5392 iniecta
785 5338 868 5392 simtrl
947 5337 1028 5390 Certe
1042 5337 1089 5391 illa
1103 5337 1240 5408 opinionis
1261 5335 1371 5398 fabrica,
1386 5351 1447 5404 quae
1467 5349 1561 5387 eorum
1582 5331 1702 5404 philoso-

82 5410 195 5462 :meust
246 5413 332 5487 Atque
353 5416 421 5470 satis
443 5417 508 5479 scio,
530 5418 553 5471 si
577 5418 666 5472 minus
688 5418 793 5471 sincera
816 5417 869 5472 lide
907 5417 982 5487 phiae
1003 5417 1076 5470 basis
1095 5426 1145 5482 est,
1165 5434 1225 5471 esse
1245 5415 1374 5468 nimirum
1397 5421 1511 5484 quatuor
1534 5430 1625 5468 rerum
1645 5429 1703 5466 ma-

83 5498 158 5555 ssere
171 5490 276 5559 vellem,
289 5511 344 5552 nou
357 5495 468 5551 difficile
492 5496 563 5552 ioret
582 5497 740 5553 hominibus
761 5513 869 5567 persua·
907 5498 987 5552 trices
1008 5497 1065 5550 sire
1086 5497 1229 5560 elementa,
1244 5496 1271 5548 in
1293 5492 1391 5563 quibus
1412 5493 1518 5546 semina
1535 5509 1625 5548 rerum
1646 5493 1702 5548 sive
