3800 5875
231 261 289 317 5⁴4
785 260 970 318 HISTORIA
989 261 1106 318 DENSI
1126 262 1176 318 ΕΤ
1197 260 1299 318 ΒΔΒΙ.

229 425 260 473 ut
273 419 359 490 possit
371 417 419 473 illa
432 419 543 474 flamma
553 426 626 474 recte
640 420 791 490 comparari
805 436 909 490 apum
925 427 1020 491 poten-
1097 422 1125 477 t.
1146 420 1258 476 Semina
1279 419 1442 491 plantarum,
1465 427 1497 473 ut
1519 418 1651 490 pisorum,
1671 418 1811 480 fabarum,
1835 426 1859 472 et
1884 425 1885 478 i

230 499 353 564 tissima,
368 516 383 551 e
397 499 507 553 flamma
520 506 549 553 et
569 502 632 554 aire
652 508 855 572 coagmentata,
870 501 927 555 sive
940 509 1020 556 rento
1058 501 1198 575 ejusmodi,
1222 508 1381 571 turgescunt
1401 499 1535 565 nonnihil,
1560 507 1707 570 autequam
1730 499 1859 553 emittant
1884 487 1885 526 ³

228 577 336 631 cuidam
349 578 439 648 igneo.
1057 580 1176 634 redicem
1189 586 1237 633 aut
1249 579 1365 634 caulem.

269 656 295 716 7.
317 657 547 718 Quemadmodum
561 664 651 712 autem
664 673 762 727 spuma
778 665 820 712 est
839 674 936 728 corpus
949 674 1020 713 com-
1097 657 1126 713 5.
1148 659 1266 713 Arbores
1293 657 1462 728 quaudoque,
1488 656 1589 727 spiritu
1611 662 1639 710 et
1659 672 1741 711 succo
1763 655 1859 710 natiso

228 737 389 806 positumex
399 736 461 792 aere
472 745 501 790 et
512 735 631 807 liquore3
645 738 685 791 ita
695 737 776 791 etiam
786 735 911 806 pulveres
925 754 1019 793 omues
1056 744 1244 803 tumescentes,
1264 738 1389 792 corticem
1407 743 1543 807 rumpunt,
1558 743 1587 791 et
1603 736 1732 790 emittunt
1750 736 1856 807 gummi
1884 763 1885 778 ι

229 823 292 869 sunt
305 816 448 885 compositi
461 832 498 870 ex
511 817 573 869 abre
587 823 616 869 et
629 817 751 871 minutiis
768 817 890 886 corporis
903 816 1020 887 pulveri-
1057 825 1085 871 et
1097 815 1240 885 lacrymas

228 895 301 958 sati3
323 902 353 949 ut
373 911 429 949 non
449 895 528 949 aliter
544 895 671 949 different
683 912 700 948 a
713 896 826 965 spumis,
841 912 922 965 quam
936 897 1020 951 conti·
1096 894 1125 951 6.
1147 895 1239 950 Etiam
1252 912 1368 965 mmmm
1385 894 1540 964 complures
1552 893 1680 947 ridentur
1697 910 1759 947 esse
1773 910 1855 964 erup
1884 887 1885 904 ¹

228 989 312 1043 guum
322 973 410 1028 differt
423 990 440 1027 a
453 974 595 1028 continuos
615 990 679 1029 uam
692 974 886 1044 magoamcles
898 977 1019 1046 ipsorum
1056 973 1143 1029 tiones
1170 991 1311 1030 succorum
1331 974 1470 1044 puriorum
1493 990 1529 1027 ex
1552 973 1683 1043 rupibusr
1710 989 1776 1027 sum
1799 980 1856 1026 tam

228 1053 349 1107 consistit
362 1069 398 1106 ex
407 1055 477 1115 abre,
492 1053 539 1124 qui
552 1060 642 1124 partes
654 1055 774 1124 corporis
787 1053 928 1120 sublevat3
943 1063 975 1110 ut
983 1073 1019 1110 ex
1056 1054 1161 1123 gummi
1183 1071 1264 1124 quam
1287 1069 1404 1125 gemmae
1421 1052 1529 1122 rupium
1549 1050 1793 1121 deprehendantur
1807 1055 1856 1119 (es
1884 1079 1885 1138 q

228 1131 321 1185 tabula
335 1132 452 1186 secunda
465 1139 493 1186 et
503 1133 583 1186 tertia
596 1131 691 1203 liquet.
1056 1132 1212 1202 splendore)
1227 1150 1288 1188 esse
1302 1132 1377 1186 succi
1396 1131 1527 1202 persoluti
1541 1138 1569 1185 et
1582 1131 1729 1201 deputati,
1743 1131 1815 1184 adeo
1828 1142 1856 1185 nt
1884 1143 1885 1198 1

267 1211 295 1265 8.
316 1211 399 1265 Fiunt
419 1219 538 1266 tumores
561 1210 591 1264 in
611 1220 706 1267 ventre
726 1211 893 1278 animalium,
908 1221 936 1267 et
955 1213 1018 1268 aliis
1056 1212 1140 1266 etiam
1160 1228 1228 1267 saxa
1249 1220 1276 1266 et
1298 1210 1404 1283 lapidee
1420 1210 1562 1265 rideantur
1583 1226 1621 1265 ex
1638 1210 1740 1280 spiritu
1761 1210 1854 1264 innato
1884 1215 1885 1280 1

227 1289 358 1359 partibus,
372 1306 408 1344 ex
427 1290 501 1354 tlstu,
522 1296 550 1343 et
571 1290 684 1345 humore
706 1307 794 1362 nqueo
813 1292 971 1362 introcepto,
990 1301 1019 1347 et
1055 1295 1212 1346 tumescere.

227 1368 365 1432 admiss03
387 1376 416 1423 ut
428 1370 457 1423 in
471 1369 601 1440 hydrope,
615 1371 773 1440 tympauite,
785 1377 814 1424 et
827 1371 970 1427 similibus.
1096 1367 1123 1430 7.
1143 1369 1243 1441 Neque
1261 1369 1373 1425 dubium
1393 1376 1444 1435 est,
1458 1369 1524 1440 quin
1544 1369 1574 1423 in
1593 1376 1733 1438 spermate
1747 1367 1852 1421 anima

268 1444 294 1501 9.
315 1449 366 1503 Est
393 1465 480 1519 genus
504 1447 697 1513 columbarum,
726 1449 804 1521 quod,
827 1452 916 1519 capite
943 1453 1017 1507 intrs
1055 1446 1121 1503 lium
1135 1449 1241 1518 primus
1254 1457 1329 1504 actus
1342 1448 1378 1503 ad
1390 1448 1581 1503 vivificandum
1601 1447 1641 1502 sit
1660 1449 1789 1519 quiedam
1801 1464 1851 1502 ex·

227 1526 327 1581 cossum
340 1536 457 1598 recepto,
471 1528 582 1582 inflatur
596 1537 625 1582 et
638 1536 731 1583 tumet
1054 1527 1152 1597 pensio
1162 1544 1266 1583 mama.

270 1606 313 1661 10.
335 1607 491 1676 Respiratio
516 1624 566 1677 per
597 1607 740 1676 pulmones
773 1607 892 1679 (follium
918 1608 1016 1679 instar)
1093 1606 1121 1660 8.
1142 1606 1288 1662 Vitriolum
1314 1607 1480 1677 erumpendo
1502 1615 1634 1678 tanquam
1655 1605 1800 1677 germinat,
1824 1612 1851 1660 et

226 1687 318 1740 aiirem
330 1686 443 1740 attrahit
456 1694 484 1739 et
496 1686 600 1753 reddit3
615 1687 746 1741 dilatante
760 1704 798 1752 se,
808 1703 857 1757 per
864 1689 944 1754 vices,
960 1688 1017 1760 pul-
1053 1684 1111 1740 fere
1124 1686 1281 1741 arborescit.

225 1781 313 1829 mone,
328 1772 357 1819 et
369 1765 512 1820 residente.
1094 1762 1122 1819 9.
1142 1764 1262 1835 Lapides
1276 1771 1396 1834 tempore
1410 1769 1440 1819 et
1459 1764 1535 1818 senio
1551 1766 1718 1834 (presertim
1735 1766 1766 1819 in
1784 1763 1848 1820 lotis
1884 1789 1885 1850 q

270 1843 313 1899 ll.
335 1843 475 1899 Fosmellre
504 1853 676 1916 pregnantes
702 1851 809 1900 tument
842 1845 1015 1913 mammillas,
1054 1842 1265 1912 humidioribus)
1277 1845 1403 1899 emittunt
1411 1842 1505 1907 salem
1514 1844 1746 1914 quiestenatura
1756 1844 1830 1898 nitri.
1884 1861 1885 1874 ¹

225 1922 314 1977 lacteo
327 1922 431 1979 scilicet
442 1921 556 1978 humore
570 1932 718 1995 turgentes.
1097 1922 1141 1977 10.
1162 1922 1258 1978 Omnis
1284 1923 1366 1994 gleba
1385 1930 1465 1978 terrra
1487 1930 1574 1977 tumet
1597 1924 1689 1977 uitro:
1711 1923 1804 1994 itaque
1825 1923 1847 1975 si
1884 1887 1885 1978 1

268 2001 313 2057 12.
336 2001 422 2055 Glans
442 2002 527 2072 virga
546 2003 575 2057 in
597 2002 732 2067 masculis,
754 2020 816 2058 cum
840 2002 967 2076 arrigitur
986 2005 1015 2059 in
1054 2007 1125 2055 terra
1139 2003 1241 2073 quavis
1255 2002 1434 2072 sitcooperta
1447 2001 1667 2066 etaccumulata,
1685 2002 1725 2055 ita
1738 2012 1770 2057 ut
1788 2018 1847 2056 sue·

226 2097 360 2145 venerem,
374 2080 489 2135 multum
502 2080 629 2135 dilatatur
642 2081 722 2136 mole.
1053 2097 1101 2135 cus
1114 2083 1174 2149 ejus
1187 2098 1241 2136 non
1252 2081 1429 2136 exhauriatur
1442 2098 1493 2151 per
1503 2081 1589 2136 solem
1603 2089 1631 2135 et
1645 2084 1747 2144 aerem
1754 2098 1805 2135 nec
1818 2098 1847 2135 se

268 2161 312 2214 13.
334 2159 443 2229 Inspice
455 2160 485 2213 in
497 2160 644 2230 speculum,
655 2169 682 2214 et
693 2168 759 2214 nota
772 2160 940 2217 latitudinem
951 2163 1016 2218 utn‘·
1053 2167 1193 2215 consumat
1202 2161 1232 2215 in
1245 2160 1392 2216 emittendo
1404 2160 1565 2233 vegetabili3
1580 2160 1688 2232 colligit
1701 2161 1809 2223 uiuum,
1820 2168 1848 2214 ut

225 2256 311 2310 usque
326 2238 397 2293 oculi
412 2239 542 2309 pupillas
565 2239 629 2294 dein
641 2239 737 2295 claude
751 2241 868 2296 alterum
887 2242 1013 2309 oculum,
1053 2238 1187 2294 internum
1200 2248 1343 2296 tumorem.
1385 2239 1451 2294 ideo
1464 2240 1493 2294 in
1504 2238 1643 2311 aliquibus
1657 2239 1777 2309 Europe
1790 2256 1849 2309 par·

225 2326 253 2371 et
263 2318 367 2373 ridebis
380 2317 512 2388 pupillam
527 2317 598 2374 oculi
611 2319 697 2388 aperti
711 2320 852 2374 manifeste
865 2321 1014 2388 dilatatam,
1053 2317 1124 2373 tibus
1146 2325 1252 2374 struunt
1269 2319 1387 2374 miseras
1406 2318 1562 2374 artificiales
1582 2319 1657 2384 nitri,
1678 2318 1848 2374 accumulata

225 2397 366 2467 spiritibus
387 2397 434 2467 qui
456 2398 563 2469 utrique
582 2398 662 2453 oculo
682 2398 865 2455 inserviebant
885 2400 915 2456 in
932 2418 1015 2457 unum
1054 2403 1132 2462 terra.
1141 2397 1170 2452 511
1180 2397 1305 2453 domibut
1313 2399 1347 2453 td
1355 2398 1408 2452 ΒΜ
1419 2399 1529 2469 Parati&
1538 2397 1846 2469 Pfflhibilssdlmffi*
1884 2419 1885 2486 ζ

224 2476 431 2531 confluentibus.
1096 2476 1142 2532 ll.
1164 2477 1282 2532 Sudores
1301 2478 1330 2531 in
1351 2477 1524 2542 animalibus,
1540 2494 1589 2547 per
1606 2486 1712 2532 motum
1729 2477 1846 2531 dilautis
1884 2547 1885 2554 ἵ

267 2554 313 2611 14.
335 2555 424 2610 Rima
437 2555 578 2627 globorum
592 2556 763 2623 lusoriorum,
778 2565 806 2612 et
824 2558 949 2614 similiter
964 2559 1015 2630 lig·
1052 2556 1201 2625 spiritibus,
1223 2565 1305 2630 atque
1322 2557 1482 2614 humoribus
1499 2555 1582 2611 veluti
1604 2558 1770 2629 liquefactis,
1789 2573 1846 2627 pro
1884 2561 1885 2642 ᾗ

223 2652 322 2689 ιιοιιιιιι
342 2634 465 2700 aliorum,
488 2651 505 2688 a
526 2636 648 2690 siccitate
669 2645 821 2702 contractis,
842 2655 891 2708 per
913 2640 1014 2694 immin
1053 2636 1173 2690 veniunt.
1884 2649 1885 2658 ¹

225 2714 336 2779 sionem,
345 2721 373 2769 et
382 2731 485 2769 moram
492 2714 650 2770 nonnullam
658 2716 687 2771 in
695 2733 774 2787 aqua,
781 2725 809 2772 et
817 2718 1014 2774 imbibitionem
1096 2714 1140 2770 12.
1161 2714 1259 2770 Pulsus
1272 2716 1359 2771 cordis
1373 2722 1400 2770 et
1419 2714 1580 2770 aneriarum
1598 2715 1629 2769 in
1643 2715 1806 2770 animalibus
1817 2714 1846 2768 fit

224 2792 312 2865 ipsius
325 2810 410 2864 aqua,
420 2794 568 2865 implentur
580 2805 610 2850 et
622 2795 832 2853 consolidantur.
1052 2810 1101 2864 per
1114 2794 1289 2866 irrequietum
1299 2794 1485 2849 dilatationem
1499 2794 1653 2865 spirituum,
1667 2802 1698 2848 et
1710 2801 1844 2865 receptum

267 2873 311 2927 15.
331 2873 383 2928 Est
405 2890 491 2945 genus
512 2871 654 2946 quoddam'
666 2874 753 2948 fungi,
767 2878 813 2948 qui
833 2878 965 2933 excrescit
979 2895 1014 2934 ex
1052 2873 1182 2945 iptorum,
1196 2890 1246 2945 per
1259 2876 1341 2930 vices.

224 2954 327 3018 arbore,
342 2970 423 3024 quem
436 2962 534 3009 vocant
546 2955 694 3010 auriculam
703 2956 801 3021 Judai,
816 2958 863 3029 qui
875 2959 1015 3013 immissus
1096 2954 1139 3009 13.
1161 2955 1232 3016 Quin
1245 2962 1274 3009 et
1286 2963 1376 3010 motus
1389 2952 1556 3008 voluntarius
1568 2954 1598 3008 iu
1613 2954 1787 3018 animahbus,
1800 2954 1842 3025 qui
1884 2990 1885 3059 q

223 3032 372 3105 inaquam
395 3050 559 3105 magnopere
579 3036 754 3092 intumescit:
775 3037 848 3107 quod
873 3054 928 3093 non
948 3036 1016 3093 iacit
1052 3034 1199 3104 expeditur
1226 3035 1268 3102 (in
1291 3032 1511 3106 perfectioribus)
1537 3050 1588 3104 per
1609 3050 1719 3100 nervos,
1741 3034 1844 3088 ridetur

224 3113 346 3183 spungia,
360 3114 496 3168 autlana.
1052 3114 1172 3168 radicem
1195 3111 1297 3168 habere
1320 3114 1349 3167 in
1376 3113 1576 3183 compressione
1599 3114 1730 3184 primum,
1752 3112 1843 3168 deinde

458 3193 548 3264 Atque
568 3192 602 3248 da
624 3193 866 3264 iutroceptiunibus
889 3196 1012 3266 corporis
1053 3191 1223 3248 relaxatione
1234 3193 1387 3263 spirituum.
1884 3228 1885 3261 ι

419 3271 502 3326 alieni
517 3273 591 3345 (qum
611 3282 673 3329 sunt
693 3274 1014 3346 pseudo-rarefactiones)
1096 3270 1142 3327 14.
1163 3272 1195 3326 ln
1209 3273 1282 3326 omni
1296 3270 1453 3327 contusione
1466 3271 1582 3325 membri
1598 3272 1718 3342 aliquus
1736 3271 1767 3326 in
1786 3271 1842 3326 ani·
1884 3306 1885 3351 l

223 3348 283 3402 haec
297 3349 426 3422 inquisita
437 3351 498 3405 sint
539 3352 744 3409 Transeundum
755 3355 789 3408 ad
803 3353 977 3409 dilatationes
988 3363 1015 3409 et
1052 3351 1176 3415 malibus,
1190 3352 1313 3423 sequitur
1333 3358 1438 3406 tumor:
1459 3350 1532 3405 idem
1553 3353 1646 3407 evenit
1664 3354 1695 3407 in
1712 3351 1842 3423 plerisque

223 3436 350 3493 tumores,
364 3447 425 3501 qua
444 3431 512 3485 fiunt
531 3430 562 3486 in
580 3433 746 3501 corporibus,
760 3451 797 3489 ex
810 3434 908 3505 spiritu
921 3435 1015 3489 innato
1052 3429 1199 3485 doloribus.

224 3507 295 3578 (sire
308 3508 350 3563 illi
363 3517 425 3563 aunt
435 3510 579 3576 naturales,
594 3520 623 3566 ut
635 3511 788 3583 loquuntur,
797 3514 855 3567 sire
869 3523 1015 3583 praterna·
1095 3511 1139 3565 15.
1161 3508 1256 3563 Aculei
1271 3525 1415 3579 vesparum
1429 3516 1458 3563 et
1471 3526 1554 3579 apum
1566 3509 1704 3578 majorem
1718 3510 1842 3564 inducunt

223 3587 336 3656 tursles)
350 3588 451 3659 absque
465 3589 537 3661 igne,
556 3598 603 3645 aut
621 3591 710 3646 calore
728 3593 873 3647 manifesto
886 3600 1013 3647 externo:
1053 3593 1193 3654 utmorem,
1202 3605 1284 3659 quam
1298 3604 1348 3658 pro
1361 3588 1478 3643 inflictu:
1499 3589 1529 3643 id
1541 3589 1629 3643 multo
1642 3591 1734 3661 magis
1747 3590 1842 3643 issimt

222 3665 288 3721 licet
297 3668 326 3721 in
341 3667 502 3739 hisquoquc
512 3678 639 3740 sequatur
653 3672 815 3743 quandoque
826 3673 948 3727 accessio
957 3673 1014 3727 sive
1052 3669 1212 3739 punctiones
1222 3675 1387 3738 serpentum.
1884 3674 1885 3711 l

222 3746 386 3817 introceptio
412 3747 543 3814 humoris,
571 3757 670 3821 prater
700 3751 791 3822 ipsam
823 3751 1013 3807 dilatationem
1095 3747 1139 3803 16.
1160 3747 1252 3801 Etiam
1271 3747 1367 3812 urtica,
1389 3746 1512 3816 mouit,
1528 3756 1558 3802 et
1577 3748 1635 3802 fllia
1655 3747 1793 3811 umull‘·
1811 3745 1841 3799 ¹*
1884 3724 1885 3803 i

223 3825 385 3898 simplicem.
1051 3827 1602 3891 rantcutem,etveaicasinillacausant
1884 3826 1885 3913 1

1094 3903 1138 3968 17.
1161 3906 1468 3976 Habeturproeridenti
1479 3906 1675 3977 signoreneai,
1686 3904 1840 3979 (prasertim
1884 3928 1885 3973 fi

243 4012 448 4053 aruris-rosas
463 4015 515 4054 aaa
530 4015 670 4056 sarnrrmr
684 4017 822 4058 runsrnrr
836 4019 870 4058 sa
889 4018 994 4059 exass-
1052 3986 1111 4054 91ιιε
1134 3986 1244 4056 8⁹³0?ss
1266 3986 1337 4057 q¹¹⁰d
1357 3992 1485 4056 ΟΜΝ
1504 4001 1541 4040 ⁸¹
1555 3985 1689 4055 indm
1709 3987 1838 4056 ’ΝΜ
1884 4056 1885 4059 ,

555 4096 681 4136 mm,
1052 4080 1106 4120 non
1120 4081 1169 4134 per
1183 4064 1359 4131 erosionem,)
1373 4067 1397 4118 si
1410 4064 1494 4119 iacies
1508 4071 1556 4120 sut
1569 4082 1670 4135 corpus
1678 4066 1837 4121 intumescat

1095 4143 1140 4199 18.
1163 4144 1197 4198 Ιιι
1216 4144 1424 4199 veneationibus
1443 4143 1509 4199 colli
1529 4151 1578 4199 aut
1600 4143 1714 4199 alterins
1735 4141 1838 4217 alicujus
1884 4140 1885 4205 i

265 4213 290 4269 l.
310 4215 450 4282 Most-uu,
459 4223 506 4271 aut
516 4217 630 4272 cervisia
643 4235 720 4283 nova,
734 4225 762 4274 et
774 4219 884 4285 similia,
894 4221 923 4274 in
933 4219 1014 4274 doliis
1052 4223 1146 4292 partis,
1175 4240 1236 4293 qua
1264 4223 1427 4279 adhibentur
1447 4224 1483 4277 ad
1506 4224 1662 4278 cumtiones
1685 4223 1837 4281 morbosum.
1884 4240 1885 4267 ³

222 4294 350 4365 reposita
365 4296 554 4359 intumescunt,
569 4305 597 4351 et
610 4300 754 4369 insurgunt
769 4299 931 4363 admodum
946 4299 1015 4353 adeo
1052 4301 1173 4373 assurgit
1190 4301 1288 4357 humor
1302 4319 1412 4373 aqueus,
1426 4302 1484 4357 sire
1504 4301 1591 4367 ichor,
1606 4303 1656 4373 qui
1670 4310 1774 4374 postes,
1786 4310 1836 4356 crte

222 4380 260 4437 ut,
274 4373 329 4428 nisi
343 4373 422 4429 detur
434 4376 606 4444 spiraculum,
617 4376 864 4450 dolisinfringant;
875 4380 1013 4443 cludetur,
1053 4381 1140 4437 scissa
1154 4388 1201 4436 aut
1214 4391 1321 4451 puncta,
1336 4382 1429 4437 effluit.

223 4469 253 4507 se
280 4453 410 4518 attollant,
438 4461 467 4509 et
493 4456 631 4510 exrmdent
657 4473 719 4511 cum
746 4474 851 4529 spuma,
876 4465 906 4512 ct
937 4459 1014 4529 quasi
1096 4458 1141 4515 19.
1163 4459 1265 4515 Omnes
1285 4461 1401 4531 pustula
1418 4477 1454 4515 ex
1472 4476 1556 4515 causa
1575 4460 1692 4525 interna,
1707 4468 1734 4516 et
1752 4461 1836 4529 hujus·

222 4531 365 4587 ebulliant.
1053 4539 1126 4593 modi
1140 4539 1343 4595 efflorescentia
1353 4547 1381 4594 et
1393 4545 1572 4610 apostemata,
1586 4541 1719 4596 inducunt
1731 4548 1836 4594 tnmom

263 4612 290 4666 2.
312 4611 445 4682 Liquores
455 4612 592 4681 spirituosi
606 4613 706 4669 aradus
720 4614 839 4670 conclusi
854 4616 898 4688 (ut
910 4616 940 4670 in
949 4615 1015 4670 utri·
1053 4625 1223 4688 apparentes,
1238 4626 1266 4673 et
1279 4617 1419 4674 sublevant
1432 4627 1531 4673 cutem.

222 4691 274 4746 bus
288 4691 393 4745 fortiter
405 4691 548 4762 obturatis)
559 4709 659 4765 magno
668 4694 771 4764 impetu
780 4711 853 4765 sape
863 4701 1013 4765 erumpunt,
1092 4697 1140 4753 20.
1162 4697 1305 4752 Iracundia
1328 4698 1419 4751 subito
1440 4698 1621 4754 effervescens
1644 4699 1687 4769 (in
1704 4694 1834 4753 nonnullis.

222 4776 252 4825 et
266 4770 392 4840 opercula
410 4786 458 4825 sua
472 4773 633 4844 quandoque
648 4773 767 4842 ejiciunt,
782 4779 911 4845 tanquam
930 4782 1015 4827 etur·
1052 4775 1130 4830 inflat
1142 4777 1256 4832 buccas:
1278 4775 1403 4831 similiter
1414 4784 1442 4831 et
1456 4777 1549 4831 fastus.
1884 4826 1885 4849 ,

221 4859 321 4905 mento.
1094 4853 1141 4909 21.
1163 4855 1249 4910 Rana
1259 4863 1286 4910 et
1298 4855 1414 4910 bufones
1427 4862 1544 4920 tument;
1559 4861 1588 4909 et
1596 4855 1834 4928 complanantur
1884 4856 1885 4871 ¹

261 4929 290 4984 3.
310 4927 409 4984 Audiri
431 4936 548 4984 mustum
564 4946 652 5001 nuper
665 4929 806 4995 calcatum,
821 4939 849 4986 et
865 4931 942 5003 quasi
960 4931 1015 4984 fer·
1053 4933 1090 4988 lia
1104 4951 1153 5004 per
1166 4934 1295 4989 ferociam
1310 4935 1418 5007 erigunt
1433 4936 1537 4998 crime,
1552 4940 1580 4989 et
1594 4935 1675 5005 pilos,
1684 4944 1712 4990 et
1724 4936 1833 5006 plumat:

222 5024 296 5073 rens,
314 5008 344 5062 in
364 5007 435 5062 vitro
454 5025 546 5063 crasso
565 5016 594 5063 et
616 5010 679 5065 forti
701 5010 856 5081 repositum,
880 5015 938 5079 (ore
953 5010 1015 5065 vitri
1054 5013 1126 5085 quod
1133 5013 1206 5069 fitex
1216 5014 1399 5068 connectione
1410 5015 1481 5069 cutis
1495 5031 1544 5084 per
1551 5023 1687 5069 tumorem
1697 5014 1833 5084 spirtum

221 5086 291 5142 bene
305 5087 391 5142 lutato
404 5095 432 5140 et
445 5088 545 5151 clauso,
559 5095 591 5142 ut
603 5095 722 5143 mustum
736 5106 786 5143 nce
807 5107 950 5161 erumpere
965 5107 1015 5144 nec
1092 5093 1140 5146 22.
1161 5092 1243 5157 Gelli,
1258 5108 1326 5163 quos
1341 5093 1457 5157 Indicos,
1466 5092 1515 5148 alii
1521 5092 1653 5148 'lurcicoe
1667 5088 1832 5154 vocantirati.
1884 5106 1885 5153 1

222 5167 391 5238 perfringere
410 5168 523 5235 posset)
538 5183 597 5241 nou
614 5169 767 5237 reperiente
787 5170 890 5224 exitum
910 5165 1015 5239 spiritu,
1052 5187 1219 5242 magnopere
1227 5179 1338 5236 tument,
1347 5180 1374 5226 et
1385 5189 1491 5244 pennas
1501 5179 1634 5244 tauquam
1644 5173 1725 5241 jubas
1732 5172 1833 5241 erigunt
1884 5156 1885 5179 ¹

222 5261 252 5298 se
266 5262 316 5315 per
329 5244 471 5299 continuas
491 5245 681 5300 circulationes
696 5254 723 5300 et
735 5248 892 5303 vexationes
903 5249 1015 5303 vertisse
1054 5250 1129 5304 Aves
1146 5267 1208 5305 cum
1225 5251 1380 5317 dormitant,
1394 5250 1507 5307 dilatato
1525 5253 1632 5322 spiritu,
1645 5269 1695 5323 per
1712 5257 1834 5319 reeepm
1884 5250 1885 5259 ’

222 5323 304 5393 plane
317 5323 347 5378 in
359 5331 503 5389 tartarum3
524 5331 554 5378 ut
571 5323 643 5378 nihil
656 5334 769 5380 restaret
782 5327 811 5379 in
824 5328 901 5393 vitro,
916 5336 1016 5397 prater
1055 5329 1153 5383 caloris
1167 5329 1202 5383 ad
1215 5330 1352 5395 interiora,
1368 5330 1494 5384 nonnihil
1507 5338 1621 5386 tument.

222 5416 318 5455 suram
332 5411 360 5457 et
371 5401 454 5457 iaces
466 5424 473 5457 ε
487 5418 581 5458 verum
594 5403 628 5458 dc
641 5403 693 5458 boc
708 5404 776 5459 mihi
790 5420 888 5476 parum
902 5413 1015 5461 conant.
1096 5407 1143 5463 23.
1166 5408 1200 5464 ln
1214 5410 1289 5465 omni
1301 5409 1376 5465 carie
1394 5415 1422 5464 et
1436 5409 1579 5481 putredine
1594 5420 1740 5466 tumescas
1751 5402 1834 5473 1πάΡὶ

261 3238 381 3282 comerio.
