3800 5875
233 269 291 324 346
751 268 801 321 DE
822 266 1048 322 AUGMENTIS
1069 266 1343 322 scientiarum.
1722 266 1776 322 Ina.
1793 268 1829 326 iv.

234 434 329 482 contra
342 428 471 483 scientias
491 426 604 481 medicis
625 426 732 494 objicit)
754 424 874 480 habeant
894 441 956 496 qum
976 425 1029 479 sibi
1066 432 1221 493 comparata
1235 432 1285 490 est,
1298 432 1331 479 ut
1343 424 1427 480 inerit
1445 425 1534 495 magu
1552 431 1690 488 ostentata,
1703 443 1777 495 quam
1788 428 1832 482 ela·

234 507 411 562 obversentur
423 508 530 576 objecta
543 512 600 559 tam
622 505 695 558 forda
711 512 739 558 et
753 505 849 569 tristia,
864 512 893 558 ut
906 504 1029 558 animum
1066 504 1176 557 borata:
1198 504 1281 558 etiam
1299 505 1389 575 magis
1411 502 1557 568 elaborata,
1579 521 1659 575 qnam
1677 503 1831 574 amplificum

234 586 269 639 ad
283 586 339 640 alia
351 587 484 642 abducere
498 586 533 640 iis
546 584 658 638 omnino
671 584 707 638 sit
720 600 805 653 opus;
828 583 964 654 (namqui
978 583 1029 637 bo·
1066 599 1129 636 cnm
1149 583 1257 637 labores
1279 584 1307 636 in
1335 601 1396 637 eam
1418 583 1557 652 insumpti,
1580 583 1670 653 potins
1691 583 1718 635 in
1743 584 1832 648 circulo,

234 665 322 720 mines
336 666 398 729 sint,
419 665 525 721 “Nihil
545 663 658 718 humani
673 681 691 716 a
709 680 740 718 se
759 662 878 718 alienum
896 663 1027 731 putent”)
1066 679 1148 732 quam
1162 662 1190 715 in
1210 678 1363 734 progressu,
1376 679 1406 716 sc
1427 662 1607 716 exercuerint.
1646 661 1759 715 Plurima
1775 666 1832 718 enin

235 745 284 799 sed
307 745 343 798 ob
363 744 416 799 hoc
437 746 536 815 ipsum,
558 743 591 798 de
612 759 666 813 quo
686 758 758 795 nunc
779 742 903 813 agimus,
930 757 1028 811 nempe
1066 741 1096 794 in
1116 758 1151 793 ea
1174 741 1254 795 rideo
1275 759 1292 796 a
1315 741 1491 811 scriptoribus
1515 741 1619 805 iterata,
1645 741 1732 794 addita
1754 759 1831 812 pauca

236 824 309 893 quod
322 824 492 888 arbitrentur,
503 839 599 893 parurn
611 821 680 892 ipsis
694 822 833 884 interesse,
848 819 892 875 sel
906 822 941 876 ad
955 821 1028 875 exis·
1066 819 1136 873 Earn
1155 819 1185 873 in
1206 829 1261 874 tres
1275 828 1366 891 partes
1380 820 1542 884 dividemus,
1557 838 1618 889 quae
1632 822 1682 873 tria
1699 821 1833 888 ejasoffisia

235 902 413 968 limationem,
428 902 471 955 rel
485 901 520 955 ad
537 900 649 965 lucmm,
663 908 754 955 utrum
773 901 840 954 artis
854 917 911 953 susa
925 899 1028 953 medio·
1065 899 1273 954 nominabimus.
1323 899 1446 953 Primum
1471 907 1514 953 est
1536 900 1703 952 conservatio
1722 901 1831 963 sanitatis,

235 982 366 1048 critatem,
376 999 411 1035 an
420 982 612 1051 perfectionem
622 981 650 1033 in
661 980 1026 1050 eamaJ‘oremassequantnr.
1066 977 1215 1032 secundnm
1241 978 1345 1032 curatio
1371 980 1531 1043 morborum,
1557 979 1665 1031 tertium
1688 977 1832 1050 prolongatio

235 1060 326 1115 Morbi
348 1062 421 1115 enim
445 1060 532 1123 taedia,
554 1060 617 1115 vitre
636 1058 757 1124 dulcedo,
780 1058 839 1129 spei
861 1057 978 1121 fallacia,
1001 1065 1029 1111 et
1065 1057 1136 1111 vitra.
1185 1057 1223 1110 At
1242 1059 1317 1111 istud
1337 1068 1513 1127 postremum,
1533 1073 1589 1111 non
1609 1058 1729 1111 sidentur
1747 1060 1830 1123 medici,

235 1141 383 1194 amicorum
396 1140 600 1203 commendatio,
615 1138 742 1201 efficiunt,
757 1145 787 1193 ut
806 1137 932 1192 homines
946 1137 1026 1191 facile
1066 1141 1196 1206 tanquam
1216 1146 1321 1208 partem
1340 1136 1520 1208 principalem
1539 1136 1607 1189 artis
1630 1154 1685 1190 suae
1707 1139 1829 1207 agnovisse,

235 1218 263 1272 in
277 1219 390 1273 medicis
403 1219 634 1290 qualibuscunque
649 1218 774 1272 fiduciam
789 1217 930 1271 collocent.
973 1217 1027 1269 Ve·
1065 1231 1159 1269 verum
1178 1216 1251 1270 idem
1271 1217 1383 1286 reliquis
1403 1216 1508 1270 duobus
1528 1216 1595 1269 satis
1616 1216 1734 1286 imperite
1749 1216 1830 1270 imnis

234 1314 294 1352 rum
307 1298 330 1352 ai
345 1299 408 1369 quis
427 1298 486 1353 hscc
504 1299 634 1353 attentius
654 1297 812 1368 perpendat,
827 1313 861 1350 ea
881 1296 972 1366 potins
993 1296 1027 1354 ad
1065 1294 1162 1348 cuisse.
1204 1295 1306 1349 Putant
1325 1296 1398 1350 enim
1418 1296 1441 1349 si
1462 1294 1654 1365 propulsentur
1668 1294 1755 1359 morbi,
1772 1306 1829 1349 ante·

234 1377 344 1447 culpam
362 1378 537 1441 medicorum,
557 1394 639 1448 qnam
659 1376 695 1430 ad
714 1375 802 1446 culpae
822 1376 1027 1430 excusationem
1065 1391 1147 1444 quarn
1173 1374 1307 1445 ingruant,
1332 1382 1362 1428 et
1384 1383 1511 1429 curentur
1533 1381 1680 1444 postquam
1701 1376 1829 1438 inumeriu,

235 1463 373 1526 spectant:
394 1474 483 1527 neque
498 1456 573 1510 enim
592 1473 669 1527 spem
691 1455 818 1523 abjicere,
831 1454 880 1508 aed
893 1454 965 1509 vires
978 1471 1027 1524 po-
1065 1452 1299 1524 prolongationem
1312 1454 1375 1508 sitae
1387 1455 1458 1510 ultro
1471 1454 1558 1524 sequi.
1600 1453 1677 1514 Quod
1694 1454 1753 1507 licet
1768 1456 1829 1508 nini·

234 1535 288 1589 tius
300 1537 440 1591 intendere
453 1536 609 1592 debuerant.
649 1536 724 1590 Nam
738 1534 763 1588 si
776 1534 820 1589 cui
833 1534 924 1603 placet
937 1535 1027 1589 obser·
1064 1550 1108 1586 me
1122 1533 1234 1587 dubium
1247 1534 1290 1598 sit,
1305 1541 1394 1588 tamen
1408 1551 1505 1603 parum
1517 1539 1596 1588 acute
1617 1533 1829 1604 prospiciuatbo·

234 1616 370 1670 sationem
392 1614 604 1686 expergefacere
621 1632 706 1679 suam,
721 1620 750 1667 et
766 1613 898 1684 paulatim
912 1613 1027 1668 circum-
1065 1628 1125 1664 rum
1144 1619 1287 1686 utrumque
1304 1612 1339 1666 ad
1359 1615 1466 1668 morbos
1487 1620 1592 1666 tanturn
1612 1613 1748 1681 pertinere,
1766 1622 1789 1666 et
1804 1613 1829 1664 ad

234 1693 348 1763 spicere,
370 1696 452 1749 enam
476 1712 513 1749 ex
535 1693 671 1764 exemplis
694 1693 781 1747 obviis
803 1700 831 1747 et
848 1692 1027 1747 familiaribus
1065 1707 1126 1743 cam
1139 1691 1307 1748 solummodo
1321 1692 1383 1746 vitae
1396 1692 1638 1763 prolongationem,
1652 1708 1737 1762 quaa
1751 1692 1829 1746 morbis

234 1772 315 1828 iacilc
329 1774 522 1844 deprehendet,
537 1781 668 1844 qnantum
682 1772 803 1826 obtineat
820 1771 929 1842 imperii
949 1772 1027 1826 intel·
1065 1769 1236 1826 abbreviatur
1249 1781 1278 1825 et
1290 1772 1476 1842 intercipitur:
1497 1772 1574 1842 atqui
1597 1771 1674 1827 filum
1691 1772 1828 1842 ipsumsita

233 1850 321 1907 lectus
335 1852 472 1908 subtilitas
485 1861 513 1907 et
526 1869 649 1916 acumen,
661 1851 862 1906 invariatatem
875 1852 932 1905 sive
945 1862 1027 1906 mate·
1064 1849 1220 1919 producere,
1233 1868 1265 1904 ac
1284 1859 1406 1915 mortem,
1419 1868 1469 1921 per
1488 1850 1681 1906 resolutionem
1700 1850 1828 1919 simplicant

234 1930 290 1995 riae,
305 1932 363 1987 sive
384 1932 479 1987 iormre
499 1948 597 1986 rerum.
637 1930 687 1985 Nil
708 1930 796 2000 magis
816 1931 930 1993 vanum,
945 1948 1027 2001 qnam
1065 1936 1092 1981 et
1104 1928 1257 1999 atrophiam
1278 1930 1400 1995 senilem,
1415 1930 1517 1986 munim
1538 1930 1763 2000 obrepentemad
1780 1938 1828 1983 teu

233 2007 377 2066 hominum
390 2011 475 2065 iacies
487 2017 516 2065 ει
528 2009 636 2076 vultus,
657 2026 751 2064 eorum
765 2017 857 2063 tamen
870 2009 1027 2064 discrimina
1064 2024 1115 2077 pus
1139 2025 1317 2075 summovere,
1340 2019 1530 2080 argumentum
1553 2017 1605 2071 est,
1627 2011 1698 2081 quod
1718 2027 1787 2064 nemo
1803 2026 1828 2061 ex

234 2088 342 2144 infinita
362 2090 461 2145 retinet
479 2090 629 2144 memoriae
657 2089 713 2143 imo
735 2088 823 2157 pictor
845 2105 882 2142 ex
902 2090 1027 2158 pauculis
1065 2087 1177 2141 medicis
1191 2105 1240 2157 pro
1254 2089 1386 2158 dignitate
1401 2090 1534 2144 tractavit
1577 2089 1676 2161 Neque
1688 2106 1746 2144 vero
1757 2090 1828 2142 subest

234 2169 357 2223 colorum
377 2169 462 2234 testis,
475 2170 535 2224 acie
555 2168 626 2222 oculi
646 2185 720 2232 usus,
735 2176 763 2221 et
776 2167 803 2221 vi
823 2167 984 2237 phantasia,
999 2177 1027 2224 ει
1064 2166 1169 2221 animos
1182 2166 1323 2223 hominum
1336 2168 1384 2223 ille
1398 2167 1547 2238 scrupulus,
1562 2186 1596 2222 ac
1616 2170 1640 2223 si
1658 2170 1715 2226 hac
1732 2186 1776 2232 res,
1787 2169 1828 2222 iare

234 2264 331 2302 manus
345 2248 506 2314 constantia,
521 2248 642 2302 omniurn
656 2248 747 2312 iacies,
763 2247 808 2317 qui
824 2254 894 2312 sunt,
909 2248 1026 2314 suerunt,
1064 2252 1092 2299 et
1111 2246 1209 2301 nune
1223 2249 1399 2317 providentiae
1416 2249 1567 2312 commissa,
1582 2249 1612 2303 in
1623 2250 1689 2304 artis
1701 2248 1800 2303 officium
1810 2258 1829 2298 et

234 2335 317 2397 atque
331 2328 415 2381 etiam
430 2328 467 2396 (si
480 2344 572 2381 coram
592 2327 861 2397 representarcnhrr)
876 2327 922 2398 qni
942 2327 1027 2382 sutori
1064 2326 1228 2394 munusjam
1237 2328 1357 2398 primum
1367 2344 1384 2381 a
1393 2329 1470 2382 nobis
1482 2336 1661 2384 revocaretis.
1687 2326 1829 2383 Pmsidentia

234 2413 306 2470 sunt,
319 2406 447 2476 penicillo
460 2406 561 2461 imitari
571 2424 602 2460 ac
614 2406 765 2460 describere
775 2413 876 2476 posset
898 2407 1027 2462 Humana
1064 2405 1137 2458 enim
1157 2406 1334 2476 proculdubio
1353 2416 1452 2462 mortes
1473 2424 1659 2479 quascunque,
1676 2408 1729 2462 sive
1746 2424 1777 2462 ea
1788 2406 1829 2459 sio

234 2500 299 2538 voce
313 2485 353 2538 nil
366 2486 456 2556 magis
468 2486 591 2551 varium
613 2486 696 2555 hujus
716 2485 984 2543 tamendiscrimina
997 2487 1027 2541 in
1064 2482 1156 2548 lentis,
1169 2486 1226 2540 sive
1240 2502 1276 2540 ex
1289 2487 1400 2551 morbis,
1414 2488 1471 2540 sive
1485 2504 1522 2542 ex
1541 2486 1660 2541 decursu
1678 2486 1765 2550 etatis,
1775 2485 1829 2556 pari·

234 2563 350 2635 singulis
373 2566 496 2635 personis
517 2565 597 2620 facilc
620 2565 847 2620 internoscimuss
877 2566 1027 2635 quinetiam
1065 2570 1106 2617 ter
1114 2565 1199 2634 regit:
1214 2581 1301 2636 neque
1312 2574 1403 2620 tamen
1416 2566 1478 2620 ideo
1490 2567 1688 2636 praesensiones
1701 2575 1726 2621 et
1735 2565 1829 2620 remedia

233 2659 288 2697 aon
311 2644 409 2698 desunt
432 2645 569 2699 moriones
592 2653 620 2699 ct
640 2643 799 2715 pantomimi
824 2645 944 2716 quidam,
971 2647 1026 2716 qui,
1064 2642 1192 2699 excludit.
1231 2643 1285 2699 Ars
1302 2652 1401 2710 autem,
1415 2652 1444 2700 et
1463 2645 1601 2700 industria
1617 2645 1829 2710 humanandum

235 2730 368 2794 quotquot
380 2723 497 2789 libuerit,
508 2725 619 2779 reddere
629 2725 725 2789 sciunt,
737 2734 766 2778 et
779 2723 814 2778 ad
828 2724 919 2779 vivum
934 2726 1026 2794 expri·
1064 2730 1092 2775 et
1112 2724 1168 2777 lato
1191 2739 1247 2777 non
1266 2723 1408 2794 imperant,
1428 2725 1477 2780 sed
1499 2725 1714 2780 subministrant.
1751 2724 1828 2777 Verum

234 2818 316 2860 mere.
337 2802 388 2857 Nil
398 2803 485 2874 ειεςὶε
495 2805 608 2868 sarium,
619 2821 701 2875 quam
714 2803 774 2857 soni
786 2802 929 2868 articulati,
944 2806 1027 2858 verba
1064 2801 1097 2855 de
1109 2802 1161 2856 hac
1171 2811 1247 2873 parte
1258 2803 1340 2872 paulo
1350 2813 1410 2875 post
1422 2805 1557 2868 dicemusr
1573 2803 1635 2859 haec
1645 2812 1742 2859 tantum
1749 2803 1829 2857 interea

188 2897 194 2908 ·
234 2882 352 2938 scilicet:
372 2883 418 2937 via
431 2890 521 2939 tamen
534 2884 602 2939 inita
615 2891 658 2939 εει
671 2899 704 2938 ea
716 2883 864 2939 reducendi
877 2883 912 2938 ad
925 2900 1026 2955 paucas
1063 2882 1223 2952 praetenue
1236 2883 1298 2955 quis
1311 2884 1421 2940 tertium
1434 2884 1506 2939 istud
1519 2884 1827 2940 officiummedicinecun

233 2960 326 3017 literas
344 2961 493 3033 alphabeti.
533 2962 622 3035 Atque
643 2963 710 3018 illud
724 2963 896 3019 verissimum
909 2971 957 3030 est,
971 2982 1026 3019 non
1063 2961 1168 3016 duobus
1178 2963 1314 3032 prioribus
1325 2965 1409 3037 (quod
1420 2964 1477 3020 iere
1490 2964 1582 3020 adhuc
1596 2966 1696 3020 iactum
1707 2963 1827 3031 est)impr·

234 3057 271 3095 ex
292 3059 333 3107 eo,
357 3043 428 3114 quod
449 3060 526 3098 mens
547 3043 667 3099 humana
688 3043 725 3097 sit
743 3043 834 3098 minus
850 3043 958 3098 subtilis
978 3052 1027 3100 aut
1064 3042 1114 3095 rite
1129 3042 1281 3097 consimilat.

234 3136 330 3191 capax,
344 3122 538 3193 perplexitates
551 3129 580 3177 et
600 3122 778 3192 acatalepsias
791 3124 822 3177 in
835 3123 956 3178 scientiis
970 3124 1026 3194 ple·
1103 3120 1179 3181 Quod
1193 3122 1227 3176 ad
1238 3122 1358 3177 officium
1372 3122 1480 3178 tuendis
1489 3123 1618 3179 sanitatis
1630 3122 1726 3179 attinet
1735 3123 1776 3190 (ex
1786 3120 1828 3171 offi-

233 3216 338 3270 rurique
353 3203 494 3271 provenire
505 3225 513 3267 ;
535 3201 583 3257 sed
596 3219 632 3257 ex
645 3219 679 3256 eo
692 3202 788 3273 potius,
803 3202 876 3273 quod
889 3203 1026 3270 obiectum
1063 3199 1114 3254 ciis
1127 3201 1262 3270 praedictis
1275 3203 1417 3256 medicinae
1436 3202 1568 3273 primurn)
1584 3203 1664 3259 multi
1676 3204 1708 3256 de
1726 3218 1755 3254 eo
1766 3199 1828 3266 scrip

233 3279 316 3334 nimis
330 3281 359 3333 in
373 3290 476 3335 remoto
488 3281 650 3337 collocatum
664 3283 707 3336 sit.
743 3282 820 3336 Sicut
833 3282 907 3336 enim
921 3299 1025 3349 sensus,
1064 3287 1164 3345 sensnt,
1175 3299 1236 3335 cum
1249 3282 1278 3335 in
1291 3281 1354 3335 aliis
1363 3283 1444 3336 rebus
1456 3283 1522 3336 satis
1535 3283 1670 3354 imperite,
1680 3280 1827 3337 mummium

233 3359 328 3428 procul
342 3360 376 3414 ab
390 3360 496 3429 objecto
508 3363 626 3425 dissitus,
639 3361 787 3431 plurimum
799 3361 914 3427 fallitur,
935 3362 1026 3417 debite
1065 3360 1108 3430 (nt
1127 3360 1302 3430 arbitramur)
1316 3361 1432 3416 delectui
1451 3361 1582 3427 ciborum,
1596 3363 1693 3427 minus,
1707 3376 1778 3432 quam
1790 3374 1826 3426 ΡΝ

234 3440 474 3511 appropinquatus,
488 3458 543 3494 non
563 3441 677 3495 multum
698 3448 784 3506 errat,
805 3441 888 3495 itant
906 3441 1026 3497 inintel-
1065 3447 1113 3503 est,
1127 3441 1274 3510 quantitati
1288 3458 1382 3495 eorum
1394 3441 1551 3497 tribuentes.
1588 3435 1827 3509 Quinetinquauti·

233 3516 315 3573 lectu.
357 3519 452 3573 Solent
475 3528 565 3575 autem
588 3520 713 3576 homines
740 3528 873 3585 naturam,
897 3528 1027 3594 tanquam
1065 3520 1637 3592 tateipsa,tanquamphilosophimorales,
1646 3519 1827 3577 mediocritatem

234 3614 270 3651 ex
285 3598 398 3667 praealta
411 3599 486 3662 turri,
497 3609 525 3654 et
537 3616 555 3654 a
567 3600 648 3671 longe
662 3600 809 3670 despicere,
822 3607 849 3654 et
858 3599 933 3654 circa
945 3619 1027 3673 gene-
1064 3597 1146 3653 nimis
1159 3599 1316 3654 laudarunt:
1338 3618 1401 3655 eum
1419 3610 1448 3655 et
1464 3599 1572 3668 jejunia
1586 3602 1617 3655 in
1636 3597 1827 3655 cometarium

234 3677 303 3730 ralia
323 3679 437 3733 nimium
450 3679 576 3749 occupari
588 3702 595 3744 3
617 3680 732 3752 quando,
747 3679 771 3734 si
785 3679 949 3735 descendere
967 3681 1027 3752 pla·
1064 3694 1150 3743 versa,
1165 3686 1194 3732 et
1211 3680 1299 3733 victus
1312 3679 1442 3743 liberalis,
1456 3680 1501 3733 cui
1514 3681 1576 3752 quia
1590 3679 1741 3741 asureverit,
1753 3673 1828 3731 melis

234 3756 327 3821 cuerit,
341 3765 370 3810 et
389 3758 425 3813 ad
443 3759 620 3829 particularia
634 3759 771 3823 accedere,
786 3775 883 3830 resque
897 3759 972 3830 ipsas
986 3769 1027 3815 at·
1065 3756 1208 3812 sanitatem
1229 3766 1361 3822 tueantur,
1383 3776 1465 3830 quam
1485 3759 1547 3813 istra
1570 3760 1828 3824 mediocribusque

233 3836 331 3891 tectim
346 3847 373 3890 et
386 3835 542 3908 diligentius
554 3839 697 3908 inspicere,
711 3839 800 3908 magis
819 3855 884 3893 scra
903 3847 932 3893 et
951 3840 1027 3895 utilia
1066 3845 1192 3892 naturam
1204 3837 1333 3909 ignaram
1347 3838 1404 3892 iere
1418 3838 1540 3903 reddunt,
1553 3856 1644 3911 neque
1660 3853 1780 3897 excessus
1791 3847 1827 3886 ιι·

233 3915 310 3969 fieret
326 3916 542 3986 comprehensio.
583 3919 679 3990 Itaque
699 3918 782 3987 hujus
802 3917 966 3972 incommodi
987 3937 1027 3974 re·
1065 3933 1117 3986 que
1131 3917 1296 3987 indigentiae,
1311 3936 1374 3973 cunr
1387 3935 1455 3989 opus
1468 3918 1557 3983 fuerit,
1572 3920 1726 3989 patientem.
1761 3916 1827 3969 Eser·

232 3994 360 4059 medium,
370 4013 426 4051 non
438 3997 468 4050 in
482 4014 515 4051 eo
529 3997 618 4053 solnm
632 4005 681 4063 est,
692 4004 723 4052 ut
736 4013 867 4069 organum
880 3998 970 4069 ipsum
983 3998 1027 4054 vel
1065 3995 1223 4050 citationum
1246 4005 1338 4051 antem
1358 3998 1471 4067 species,
1496 4015 1557 4069 quae
1576 4000 1606 4053 in
1627 3998 1734 4052 sanitate
1752 3990 1828 4048 tuenda

233 4082 339 4139 acuant,
353 4076 397 4129 vel
406 4076 539 4143 roborent,
553 4077 601 4131 sed
621 4076 746 4132 simulat
765 4077 800 4130 ad
819 4078 954 4145 objecmm
968 4095 1028 4148 pro
1065 4074 1213 4144 plurimum
1226 4076 1337 4146 pollent,
1350 4094 1432 4131 nemo
1453 4095 1489 4133 ex
1509 4078 1624 4132 medicis
1644 4078 1709 4133 bene
1722 4070 1827 4131 nsunt

232 4153 295 4223 pins
310 4155 446 4210 accedant.
488 4156 608 4228 ideoque
629 4156 805 4211 dubitandum
823 4173 878 4211 uon
898 4165 946 4224 est,
961 4158 1027 4230 quin
1066 4161 1112 4208 aut
1131 4156 1283 4220 annotarim
1305 4174 1368 4212 cum
1381 4158 1428 4210 six
1444 4157 1598 4211 inveniatur
1611 4149 1828 4228 aliqnainclinstio

233 4232 257 4285 si
270 4234 380 4300 medici,
394 4234 485 4290 missia
499 4235 638 4307 paulisper
657 4236 716 4290 istis
729 4235 910 4306 generalibus,
924 4246 1027 4292 naturae
1065 4232 1095 4287 in
1108 4235 1239 4299 morbum,
1254 4253 1315 4306 quse
1327 4252 1382 4290 non
1399 4237 1593 4291 exercitatione
1613 4237 1724 4308 quadam
1741 4228 1829 4303 propris

233 4311 341 4366 obviam
355 4313 404 4368 irae
418 4314 525 4381 sellem,
539 4322 677 4387 compotes
691 4315 750 4385 ejus
763 4316 867 4381 fierent,
878 4317 911 4371 de
926 4334 980 4389 quo
989 4319 1028 4371 ait
1065 4313 1166 4383 corrigi
1179 4315 1273 4384 possit.
1315 4315 1421 4370 Morbis
1434 4332 1530 4370 renum
1543 4316 1686 4387 globorum
1704 4315 1770 4368 lusus
1781 4325 1829 4362 sos

232 4390 331 4462 poeta:
1065 4392 1148 4457 venit,
1169 4393 1327 4463 pulmonum
1352 4396 1498 4465 sagittatio,
1520 4395 1654 4450 stomachi
1674 4387 1829 4447 deambulatio

291 4523 352 4571 “Et
377 4525 472 4572 uoniam
483 4526 575 4575 sanant
584 4526 659 4575 morbi
678 4526 820 4575 sanabimus
845 4533 904 4577 rtes·
1065 4480 1093 4525 et
1106 4473 1230 4564 gestatio’·
1243 4474 1399 4564 itqueaffis
1413 4474 1482 4567 ψ’
1523 4474 1696 4529 mecum
1708 4472 1827 4540 δωρεᾶ

319 4582 355 4629 Μ.
375 4597 388 4629 0
399 4583 555 4645 mimia
572 4585 637 4634 mine
648 4544 845 4634 nautium&
896 4565 904 4589 ι
1065 4550 1098 4604 de
1113 4551 1276 4606 valetudinis
1289 4563 1498 4618 conservatione,
1517 4555 1663 4609 secundum
1683 4561 1760 4607 totum
1775 4558 1828 4601 trae·

555 4622 561 4644 '
700 4682 702 4687 ,
1065 4637 1122 4685 tata
1134 4631 1177 4695 sit,
1191 4632 1310 4687 deiectus
1323 4633 1442 4688 minores
1458 4636 1586 4704 persequi
1600 4652 1654 4688 non
1666 4642 1706 4686 est
1717 4628 1789 4685 nosni
1799 4625 1828 4679 iu

233 4707 310 4768 Quod
323 4724 357 4760 eo
372 4707 460 4778 magis
473 4706 563 4765 facere
577 4710 683 4775 debent,
698 4709 763 4781 quia
781 4709 965 4782 philosophiae
983 4710 1027 4781 ip·
1066 4709 1163 4764 stituti.

232 4802 278 4848 sse,
300 4786 398 4858 quibus
420 4787 569 4844 innituntur
590 4790 697 4856 medici,
720 4791 778 4843 sive
799 4790 955 4853 methodici,
970 4791 1027 4844 sive
1105 4789 1183 4851 Quod
1195 4807 1260 4845 vero
1280 4790 1315 4844 ad
1336 4792 1502 4846 curationem
1521 4794 1675 4847 morborum
1691 4788 1781 4847 attinet,
1791 4780 1828 4835 ill8

232 4865 349 4921 chemici
373 4866 525 4942 (medicina
544 4876 633 4924 autem
652 4869 682 4924 in
702 4869 880 4941 philosophia
898 4887 954 4924 non
967 4869 1028 4925 iun·
1066 4867 1174 4923 demum
1187 4886 1251 4939 pars
1265 4880 1308 4924 est
1320 4872 1469 4936 medicinae,
1483 4872 1513 4926 in
1527 4889 1581 4943 qna
1593 4871 1734 4943 plurimum
1748 4861 1827 4919 lsb⁰fl⁵

232 4946 304 5011 dato,
318 4963 363 5001 rcs
382 4947 491 5001 infirma
504 4942 561 5021 est)
576 4949 653 5019 parvi
673 4965 767 5003 revers
784 4956 854 5004 sunt
896 4948 1027 5011 Quaresi
1065 4947 1095 5002 in
1108 4957 1247 5019 sumptum
1261 4958 1310 5013 est,
1324 4950 1389 5005 licet
1408 4950 1495 5005 fructu
1517 4952 1584 5005 satis
1606 4950 1688 5005 teum.
1725 4943 1827 5000 Condnst

231 5025 315 5081 nimis
335 5026 475 5096 generalia
495 5024 576 5102 (licet
595 5044 660 5081 vera
679 5021 783 5100 forent)
797 5028 851 5082 hoc
864 5029 961 5083 vitium
981 5028 1029 5083 ha·
1066 5035 1158 5081 autem
1168 5028 1319 5083 doctrinam
1331 5029 1365 5084 dc
1376 5030 1486 5094 morbis,
1497 5031 1594 5100 quibus
1603 5045 1697 5100 corpus
1707 5026 1827 5080 nummum

231 5104 321 5170 beant,
340 5107 412 5178 quod
431 5123 487 5160 non
507 5106 576 5160 bene
597 5106 721 5161 homines
738 5107 774 5161 ad
791 5109 927 5164 actionem
947 5108 1029 5163 dedu·
1066 5107 1215 5175 subjicitur,
1224 5126 1279 5162 nna
1289 5125 1351 5164 cum
1361 5110 1509 5164 eorundem
1518 5110 1614 5174 causis,
1625 5101 1826 5178 sympromdbus

232 5194 295 5239 cant
302 5207 310 5250 ;
331 5194 403 5239 certe
416 5186 504 5253 majus
518 5192 560 5238 est
571 5184 721 5255 pericnlum
734 5186 770 5240 ab
782 5186 838 5242 illis
847 5187 1028 5258 generalibus,
1066 5186 1227 5241 etmedelis.
1270 5186 1303 5242 in
1318 5188 1371 5243 hoc
1386 5189 1503 5243 secundo
1517 5189 1606 5244 officio
1618 5186 1750 5244 medicina
1761 5177 1827 5233 rrrttll⁸

233 5281 294 5334 quse
315 5264 345 5318 in
366 5281 396 5319 se
418 5263 489 5319 falsa
506 5271 584 5329 sunt,
616 5271 706 5335 atque,
729 5264 790 5319 loco
809 5267 967 5332 deducendi,
989 5285 1029 5321 se-
1066 5274 1135 5331 sunt,
1150 5285 1211 5336 quae
1225 5268 1425 5323 desiderantur:
1446 5286 1482 5323 ex
1503 5267 1547 5321 his
1567 5285 1659 5337 pauca,
1673 5265 1718 5321 sed
1731 5257 1826 5344 meust

232 5343 340 5397 ducunt
1065 5346 1193 5415 insignia,
1207 5363 1396 5417 proponemus,
1407 5365 1468 5418 qua
1482 5365 1651 5403 enumerasse
1664 5345 1726 5400 sads
1739 5341 1825 5395 dmen-

271 5420 411 5477 Medicina
425 5422 510 5494 igitur
530 5418 588 5497 (uti
608 5419 813 5497 perspeximus)
829 5425 918 5479 adhuc
939 5424 1030 5479 taliter
1066 5442 1134 5491 mers,
1149 5426 1251 5497 absque
1266 5422 1359 5498 aliqua
1372 5428 1474 5483 ordinis
1488 5435 1535 5481 aut
1549 5426 1666 5482 methodi
1678 5423 1742 5494 lege.
