<?xml version="1.0" encoding="UTF-8"?>
<!DOCTYPE html PUBLIC "-//W3C//DTD XHTML 1.0 Transitional//EN"
    "http://www.w3.org/TR/xhtml1/DTD/xhtml1-transitional.dtd">
<html xmlns="http://www.w3.org/1999/xhtml" xml:lang="en" lang="en">
 <head>
  <title>
</title>
<meta http-equiv="Content-Type" content="text/html;charset=utf-8" />
  <meta name='ocr-system' content='tesseract 3.04.00' />
  <meta name='ocr-capabilities' content='ocr_page ocr_carea ocr_par ocr_line ocrx_word'/>
</head>
<body>
  <div class='ocr_page' id='page_1' title='image "./workslordbaconw00bacogoog_0705.png"; bbox 0 0 3800 5875; ppageno 0'>
   <div class='ocr_carea' id='block_1_1' title="bbox 669 321 1713 387">
    <p class='ocr_par' dir='ltr' id='par_1_1' title="bbox 669 321 1713 387">
     <span class='ocr_line' id='line_1_1' title="bbox 669 321 1713 387; baseline -0.002 -8"><span class='ocrx_word' id='word_1_1' title='bbox 669 323 836 379; x_wconf 77' lang='lat' dir='ltr'><strong>IMPETUS</strong></span> <span class='ocrx_word' id='word_1_2' title='bbox 859 322 1142 378; x_wconf 87' lang='lat' dir='ltr'><strong>PHILOSOPHlCl.</strong></span> <span class='ocrx_word' id='word_1_3' title='bbox 1656 321 1713 387; x_wconf 78' lang='lat'><strong>679</strong></span> 
     </span>
    </p>
   </div>
   <div class='ocr_carea' id='block_1_2' title="bbox 73 478 1714 5564">
    <p class='ocr_par' dir='ltr' id='par_1_2' title="bbox 73 478 1714 5564">
     <span class='ocr_line' id='line_1_2' title="bbox 78 478 1713 554; baseline 0 -19"><span class='ocrx_word' id='word_1_4' title='bbox 78 480 172 552; x_wconf 88' lang='lat' dir='ltr'><strong>(quod</strong></span> <span class='ocrx_word' id='word_1_5' title='bbox 198 479 311 536; x_wconf 89' lang='lat' dir='ltr'><strong>fortasse</strong></span> <span class='ocrx_word' id='word_1_6' title='bbox 339 478 417 551; x_wconf 83' lang='lat' dir='ltr'><strong>facit)</strong></span> <span class='ocrx_word' id='word_1_7' title='bbox 450 486 533 553; x_wconf 90' lang='lat' dir='ltr'><strong>atque</strong></span> <span class='ocrx_word' id='word_1_8' title='bbox 565 481 674 536; x_wconf 88' lang='lat' dir='ltr'><strong>interim</strong></span> <span class='ocrx_word' id='word_1_9' title='bbox 701 481 763 550; x_wconf 89' lang='lat' dir='ltr'><strong>ejus</strong></span> <span class='ocrx_word' id='word_1_10' title='bbox 789 482 879 537; x_wconf 90' lang='lat' dir='ltr'><strong>incre·</strong></span> <span class='ocrx_word' id='word_1_11' title='bbox 918 489 975 538; x_wconf 89' lang='lat' dir='ltr'><strong>tate</strong></span> <span class='ocrx_word' id='word_1_12' title='bbox 986 483 1025 537; x_wconf 90' lang='lat' dir='ltr'><strong>rei</strong></span> <span class='ocrx_word' id='word_1_13' title='bbox 1040 491 1067 538; x_wconf 93' lang='lat' dir='ltr'><strong>et</strong></span> <span class='ocrx_word' id='word_1_14' title='bbox 1080 482 1241 553; x_wconf 88' lang='lat' dir='ltr'><strong>compendio</strong></span> <span class='ocrx_word' id='word_1_15' title='bbox 1254 481 1414 554; x_wconf 75' lang='lat' dir='ltr'><strong>gaudentes,</strong></span> <span class='ocrx_word' id='word_1_16' title='bbox 1433 480 1485 535; x_wconf 88' lang='lat' dir='ltr'><strong>sibi</strong></span> <span class='ocrx_word' id='word_1_17' title='bbox 1500 483 1668 551; x_wconf 76' lang='lat' dir='ltr'>gratulantur</span> <span class='ocrx_word' id='word_1_18' title='bbox 1681 500 1713 535; x_wconf 87' lang='lat' dir='ltr'><strong>ac</strong></span> 
     </span>
     <span class='ocr_line' id='line_1_3' title="bbox 77 559 1712 633; baseline 0 -18"><span class='ocrx_word' id='word_1_19' title='bbox 77 559 184 616; x_wconf 87' lang='lat' dir='ltr'><strong>mentis</strong></span> <span class='ocrx_word' id='word_1_20' title='bbox 198 567 226 617; x_wconf 91' lang='lat' dir='ltr'><strong>et</strong></span> <span class='ocrx_word' id='word_1_21' title='bbox 238 560 428 633; x_wconf 79' lang='lat' dir='ltr'><strong>progressibus</strong></span> <span class='ocrx_word' id='word_1_22' title='bbox 442 560 663 617; x_wconf 88' lang='lat' dir='ltr'><strong>nihilobfuisset.</strong></span> <span class='ocrx_word' id='word_1_23' title='bbox 706 561 879 617; x_wconf 89' lang='lat' dir='ltr'><strong>llludautem</strong></span> <span class='ocrx_word' id='word_1_24' title='bbox 916 561 958 616; x_wconf 91' lang='lat' dir='ltr'><strong>nil</strong></span> <span class='ocrx_word' id='word_1_25' title='bbox 977 562 1091 617; x_wconf 89' lang='lat' dir='ltr'><strong>ulterius</strong></span> <span class='ocrx_word' id='word_1_26' title='bbox 1111 569 1242 633; x_wconf 74' lang='lat' dir='ltr'><strong>quamnt,</strong></span> <span class='ocrx_word' id='word_1_27' title='bbox 1256 561 1304 615; x_wconf 88' lang='lat' dir='ltr'><strong>sed</strong></span> <span class='ocrx_word' id='word_1_28' title='bbox 1318 561 1353 614; x_wconf 92' lang='lat' dir='ltr'><strong>ad</strong></span> <span class='ocrx_word' id='word_1_29' title='bbox 1366 560 1415 615; x_wconf 87' lang='lat' dir='ltr'><strong>illa</strong></span> <span class='ocrx_word' id='word_1_30' title='bbox 1429 559 1582 615; x_wconf 90' lang='lat' dir='ltr'><strong>ministeria</strong></span> <span class='ocrx_word' id='word_1_31' title='bbox 1595 561 1712 626; x_wconf 82' lang='lat' dir='ltr'><strong>servilia,</strong></span> 
     </span>
     <span class='ocr_line' id='line_1_4' title="bbox 77 639 1712 713; baseline 0.001 -20"><span class='ocrx_word' id='word_1_32' title='bbox 77 640 173 712; x_wconf 87' lang='lat' dir='ltr'><strong>magis</strong></span> <span class='ocrx_word' id='word_1_33' title='bbox 185 641 354 706; x_wconf 88' lang='lat' dir='ltr'><strong>damnosum,</strong></span> <span class='ocrx_word' id='word_1_34' title='bbox 368 649 396 694; x_wconf 88' lang='lat' dir='ltr'><strong>et</strong></span> <span class='ocrx_word' id='word_1_35' title='bbox 408 640 598 711; x_wconf 87' lang='lat' dir='ltr'><strong>perniciosum,</strong></span> <span class='ocrx_word' id='word_1_36' title='bbox 613 639 685 713; x_wconf 88' lang='lat' dir='ltr'><strong>quod</strong></span> <span class='ocrx_word' id='word_1_37' title='bbox 697 640 808 696; x_wconf 76' lang='lat' dir='ltr'><strong>inventa</strong></span> <span class='ocrx_word' id='word_1_38' title='bbox 825 657 878 697; x_wconf 89' lang='lat' dir='ltr'><strong>non</strong></span> <span class='ocrx_word' id='word_1_39' title='bbox 918 659 980 712; x_wconf 75' lang='lat' dir='ltr'><strong>quaa</strong></span> <span class='ocrx_word' id='word_1_40' title='bbox 1001 641 1130 706; x_wconf 78' lang='lat' dir='ltr'><strong>diximus,</strong></span> <span class='ocrx_word' id='word_1_41' title='bbox 1152 658 1183 695; x_wconf 87' lang='lat' dir='ltr'><strong>se</strong></span> <span class='ocrx_word' id='word_1_42' title='bbox 1205 648 1370 695; x_wconf 88' lang='lat' dir='ltr'><strong>convertunt.</strong></span> <span class='ocrx_word' id='word_1_43' title='bbox 1421 640 1523 693; x_wconf 90' lang='lat' dir='ltr'><strong>Verum</strong></span> <span class='ocrx_word' id='word_1_44' title='bbox 1544 640 1631 704; x_wconf 91' lang='lat' dir='ltr'><strong>uobis,</strong></span> <span class='ocrx_word' id='word_1_45' title='bbox 1654 640 1712 705; x_wconf 90' lang='lat' dir='ltr'><strong>filii,</strong></span> 
     </span>
     <span class='ocr_line' id='line_1_5' title="bbox 78 717 1713 792; baseline 0 -17"><span class='ocrx_word' id='word_1_46' title='bbox 78 717 173 775; x_wconf 81' lang='lat' dir='ltr'><strong>solnm</strong></span> <span class='ocrx_word' id='word_1_47' title='bbox 186 736 242 774; x_wconf 89' lang='lat' dir='ltr'><strong>non</strong></span> <span class='ocrx_word' id='word_1_48' title='bbox 255 720 326 786; x_wconf 86' lang='lat' dir='ltr'><strong>edat,</strong></span> <span class='ocrx_word' id='word_1_49' title='bbox 341 719 389 775; x_wconf 86' lang='lat' dir='ltr'><strong>sed</strong></span> <span class='ocrx_word' id='word_1_50' title='bbox 403 720 485 774; x_wconf 90' lang='lat' dir='ltr'><strong>etiam</strong></span> <span class='ocrx_word' id='word_1_51' title='bbox 499 720 635 790; x_wconf 89' lang='lat' dir='ltr'><strong>opprimat</strong></span> <span class='ocrx_word' id='word_1_52' title='bbox 647 726 673 774; x_wconf 93' lang='lat' dir='ltr'><strong>et</strong></span> <span class='ocrx_word' id='word_1_53' title='bbox 687 720 839 791; x_wconf 78' lang='lat' dir='ltr'><strong>extinguat</strong></span> <span class='ocrx_word' id='word_1_54' title='bbox 918 737 969 790; x_wconf 90' lang='lat' dir='ltr'><strong>pro</strong></span> <span class='ocrx_word' id='word_1_55' title='bbox 980 728 1056 776; x_wconf 89' lang='lat' dir='ltr'><strong>certo</strong></span> <span class='ocrx_word' id='word_1_56' title='bbox 1073 721 1116 786; x_wconf 91' lang='lat' dir='ltr'><strong>sit,</strong></span> <span class='ocrx_word' id='word_1_57' title='bbox 1131 738 1192 792; x_wconf 82' lang='lat' dir='ltr'><strong>quaa</strong></span> <span class='ocrx_word' id='word_1_58' title='bbox 1212 720 1241 775; x_wconf 89' lang='lat' dir='ltr'><strong>in</strong></span> <span class='ocrx_word' id='word_1_59' title='bbox 1260 726 1358 774; x_wconf 89' lang='lat' dir='ltr'><strong>natura</strong></span> <span class='ocrx_word' id='word_1_60' title='bbox 1372 719 1484 775; x_wconf 87' lang='lat' dir='ltr'><strong>fundata</strong></span> <span class='ocrx_word' id='word_1_61' title='bbox 1500 726 1571 783; x_wconf 91' lang='lat' dir='ltr'><strong>sunt,</strong></span> <span class='ocrx_word' id='word_1_62' title='bbox 1585 727 1615 773; x_wconf 88' lang='lat' dir='ltr'><strong>ut</strong></span> <span class='ocrx_word' id='word_1_63' title='bbox 1628 736 1713 790; x_wconf 88' lang='lat' dir='ltr'><strong>aquas</strong></span> 
     </span>
     <span class='ocr_line' id='line_1_6' title="bbox 122 798 1714 870; baseline 0.001 -18"><span class='ocrx_word' id='word_1_64' title='bbox 122 799 201 854; x_wconf 90' lang='lat' dir='ltr'><strong>Nam</strong></span> <span class='ocrx_word' id='word_1_65' title='bbox 214 799 349 854; x_wconf 84' lang='lat' dir='ltr'><strong>affirmare</strong></span> <span class='ocrx_word' id='word_1_66' title='bbox 357 798 429 865; x_wconf 90' lang='lat' dir='ltr'><strong>iicet,</strong></span> <span class='ocrx_word' id='word_1_67' title='bbox 443 798 502 866; x_wconf 87' lang='lat' dir='ltr'><strong>filii,</strong></span> <span class='ocrx_word' id='word_1_68' title='bbox 516 799 663 864; x_wconf 79' lang='lat' dir='ltr'><strong>verissime,</strong></span> <span class='ocrx_word' id='word_1_69' title='bbox 678 798 832 854; x_wconf 79' lang='lat' dir='ltr'><strong>Aristotelis</strong></span> <span class='ocrx_word' id='word_1_70' title='bbox 845 799 879 853; x_wconf 89' lang='lat' dir='ltr'><strong>de</strong></span> <span class='ocrx_word' id='word_1_71' title='bbox 918 816 1059 869; x_wconf 90' lang='lat' dir='ltr'><strong>perennes,</strong></span> <span class='ocrx_word' id='word_1_72' title='bbox 1067 808 1199 870; x_wconf 90' lang='lat' dir='ltr'><strong>perpetuo</strong></span> <span class='ocrx_word' id='word_1_73' title='bbox 1208 815 1292 855; x_wconf 88' lang='lat' dir='ltr'><strong>noras</strong></span> <span class='ocrx_word' id='word_1_74' title='bbox 1301 798 1481 870; x_wconf 75' lang='lat' dir='ltr'>scaturigines</span> <span class='ocrx_word' id='word_1_75' title='bbox 1490 807 1517 852; x_wconf 93' lang='lat' dir='ltr'><strong>et</strong></span> <span class='ocrx_word' id='word_1_76' title='bbox 1527 800 1714 853; x_wconf 71' lang='lat' dir='ltr'><strong>emanationes</strong></span> 
     </span>
     <span class='ocr_line' id='line_1_7' title="bbox 79 875 1711 951; baseline 0.001 -20"><span class='ocrx_word' id='word_1_77' title='bbox 79 884 202 949; x_wconf 87' lang='lat' dir='ltr'><strong>quatuor</strong></span> <span class='ocrx_word' id='word_1_78' title='bbox 215 878 358 934; x_wconf 86' lang='lat' dir='ltr'><strong>clementis</strong></span> <span class='ocrx_word' id='word_1_79' title='bbox 371 886 562 945; x_wconf 88' lang='lat' dir='ltr'><strong>commentum,</strong></span> <span class='ocrx_word' id='word_1_80' title='bbox 573 895 631 934; x_wconf 88' lang='lat' dir='ltr'><strong>rem</strong></span> <span class='ocrx_word' id='word_1_81' title='bbox 644 885 716 933; x_wconf 89' lang='lat' dir='ltr'><strong>certe</strong></span> <span class='ocrx_word' id='word_1_82' title='bbox 731 878 839 934; x_wconf 82' lang='lat' dir='ltr'><strong>obviam</strong></span> <span class='ocrx_word' id='word_1_83' title='bbox 852 886 881 933; x_wconf 91' lang='lat' dir='ltr'><strong>et</strong></span> <span class='ocrx_word' id='word_1_84' title='bbox 918 878 1035 945; x_wconf 83' lang='lat' dir='ltr'><strong>habere;</strong></span> <span class='ocrx_word' id='word_1_85' title='bbox 1057 897 1118 951; x_wconf 81' lang='lat' dir='ltr'><strong>quae</strong></span> <span class='ocrx_word' id='word_1_86' title='bbox 1139 886 1230 933; x_wconf 88' lang='lat' dir='ltr'><strong>autem</strong></span> <span class='ocrx_word' id='word_1_87' title='bbox 1252 878 1280 933; x_wconf 91' lang='lat' dir='ltr'><strong>in</strong></span> <span class='ocrx_word' id='word_1_88' title='bbox 1301 879 1429 949; x_wconf 90' lang='lat' dir='ltr'><strong>opinione</strong></span> <span class='ocrx_word' id='word_1_89' title='bbox 1447 886 1595 942; x_wconf 85' lang='lat' dir='ltr'><strong>versantur,</strong></span> <span class='ocrx_word' id='word_1_90' title='bbox 1615 875 1711 932; x_wconf 84' lang='lat' dir='ltr'><strong>variari</strong></span> 
     </span>
     <span class='ocr_line' id='line_1_8' title="bbox 77 957 1280 1030; baseline 0.001 -19"><span class='ocrx_word' id='word_1_91' title='bbox 77 957 225 1030; x_wconf 81' lang='lat' dir='ltr'><strong>pinguem,</strong></span> <span class='ocrx_word' id='word_1_92' title='bbox 240 957 306 1029; x_wconf 89' lang='lat' dir='ltr'><strong>quia</strong></span> <span class='ocrx_word' id='word_1_93' title='bbox 319 958 476 1026; x_wconf 87' lang='lat' dir='ltr'><strong>hujusmodi</strong></span> <span class='ocrx_word' id='word_1_94' title='bbox 490 974 603 1028; x_wconf 88' lang='lat' dir='ltr'><strong>corpora</strong></span> <span class='ocrx_word' id='word_1_95' title='bbox 616 959 646 1012; x_wconf 92' lang='lat' dir='ltr'><strong>in</strong></span> <span class='ocrx_word' id='word_1_96' title='bbox 662 958 783 1013; x_wconf 88' lang='lat' dir='ltr'><strong>maxima</strong></span> <span class='ocrx_word' id='word_1_97' title='bbox 796 975 878 1029; x_wconf 80' lang='lat' dir='ltr'><strong>quan</strong></span> <span class='ocrx_word' id='word_1_98' title='bbox 918 958 1032 1014; x_wconf 83' lang='lat' dir='ltr'><strong>fortasse</strong></span> <span class='ocrx_word' id='word_1_99' title='bbox 1047 959 1096 1014; x_wconf 87' lang='lat' dir='ltr'><strong>sed</strong></span> <span class='ocrx_word' id='word_1_100' title='bbox 1108 975 1163 1013; x_wconf 92' lang='lat' dir='ltr'><strong>non</strong></span> <span class='ocrx_word' id='word_1_101' title='bbox 1177 958 1280 1029; x_wconf 87' lang='lat' dir='ltr'><strong>augeri.</strong></span> 
     </span>
     <span class='ocr_line' id='line_1_9' title="bbox 78 1036 1714 1108; baseline -0.001 -17"><span class='ocrx_word' id='word_1_102' title='bbox 78 1036 162 1093; x_wconf 89' lang='lat' dir='ltr'><strong>titate</strong></span> <span class='ocrx_word' id='word_1_103' title='bbox 176 1046 204 1093; x_wconf 87' lang='lat' dir='ltr'><strong>et</strong></span> <span class='ocrx_word' id='word_1_104' title='bbox 216 1038 288 1092; x_wconf 90' lang='lat' dir='ltr'><strong>mola</strong></span> <span class='ocrx_word' id='word_1_105' title='bbox 308 1044 453 1093; x_wconf 88' lang='lat' dir='ltr'><strong>cernuntur</strong></span> <span class='ocrx_word' id='word_1_106' title='bbox 467 1037 525 1106; x_wconf 91' lang='lat' dir='ltr'><strong>(cui</strong></span> <span class='ocrx_word' id='word_1_107' title='bbox 546 1046 637 1092; x_wconf 91' lang='lat' dir='ltr'><strong>tamen</strong></span> <span class='ocrx_word' id='word_1_108' title='bbox 652 1036 699 1092; x_wconf 88' lang='lat' dir='ltr'><strong>ille</strong></span> <span class='ocrx_word' id='word_1_109' title='bbox 713 1038 805 1107; x_wconf 89' lang='lat' dir='ltr'><strong>potius</strong></span> <span class='ocrx_word' id='word_1_110' title='bbox 818 1055 880 1092; x_wconf 88' lang='lat' dir='ltr'><strong>auc·</strong></span> <span class='ocrx_word' id='word_1_111' title='bbox 960 1038 1100 1093; x_wconf 88' lang='lat' dir='ltr'><strong>Habemus</strong></span> <span class='ocrx_word' id='word_1_112' title='bbox 1109 1046 1137 1092; x_wconf 90' lang='lat' dir='ltr'><strong>et</strong></span> <span class='ocrx_word' id='word_1_113' title='bbox 1146 1038 1222 1093; x_wconf 92' lang='lat' dir='ltr'><strong>aliud</strong></span> <span class='ocrx_word' id='word_1_114' title='bbox 1232 1038 1348 1108; x_wconf 86' lang='lat' dir='ltr'><strong>signum,</strong></span> <span class='ocrx_word' id='word_1_115' title='bbox 1359 1036 1383 1091; x_wconf 91' lang='lat' dir='ltr'><strong>si</strong></span> <span class='ocrx_word' id='word_1_116' title='bbox 1393 1037 1473 1091; x_wconf 91' lang='lat' dir='ltr'><strong>modo</strong></span> <span class='ocrx_word' id='word_1_117' title='bbox 1483 1037 1555 1108; x_wconf 88' lang='lat' dir='ltr'><strong>signi</strong></span> <span class='ocrx_word' id='word_1_118' title='bbox 1566 1036 1714 1107; x_wconf 77' lang='lat' dir='ltr'><strong>appellatio</strong></span> 
     </span>
     <span class='ocr_line' id='line_1_10' title="bbox 78 1116 1713 1188; baseline 0 -19"><span class='ocrx_word' id='word_1_119' title='bbox 78 1116 222 1172; x_wconf 88' lang='lat' dir='ltr'><strong>toritatem</strong></span> <span class='ocrx_word' id='word_1_120' title='bbox 236 1133 319 1188; x_wconf 89' lang='lat' dir='ltr'><strong>quam</strong></span> <span class='ocrx_word' id='word_1_121' title='bbox 338 1116 502 1188; x_wconf 89' lang='lat' dir='ltr'><strong>principium</strong></span> <span class='ocrx_word' id='word_1_122' title='bbox 517 1116 605 1182; x_wconf 77' lang='lat' dir='ltr'><strong>dedit3</strong></span> <span class='ocrx_word' id='word_1_123' title='bbox 629 1133 690 1171; x_wconf 89' lang='lat' dir='ltr'><strong>cum</strong></span> <span class='ocrx_word' id='word_1_124' title='bbox 704 1116 879 1187; x_wconf 80' lang='lat' dir='ltr'><strong>Empedoclis</strong></span> <span class='ocrx_word' id='word_1_125' title='bbox 918 1117 947 1171; x_wconf 94' lang='lat' dir='ltr'><strong>in</strong></span> <span class='ocrx_word' id='word_1_126' title='bbox 961 1116 1014 1173; x_wconf 90' lang='lat' dir='ltr'><strong>hoc</strong></span> <span class='ocrx_word' id='word_1_127' title='bbox 1028 1117 1176 1188; x_wconf 83' lang='lat' dir='ltr'><strong>competit:</strong></span> <span class='ocrx_word' id='word_1_128' title='bbox 1204 1134 1266 1172; x_wconf 89' lang='lat' dir='ltr'><strong>cum</strong></span> <span class='ocrx_word' id='word_1_129' title='bbox 1288 1118 1379 1186; x_wconf 90' lang='lat' dir='ltr'><strong>potius</strong></span> <span class='ocrx_word' id='word_1_130' title='bbox 1402 1116 1585 1172; x_wconf 86' lang='lat' dir='ltr'><strong>testimonium</strong></span> <span class='ocrx_word' id='word_1_131' title='bbox 1600 1116 1643 1181; x_wconf 90' lang='lat' dir='ltr'><strong>sit,</strong></span> <span class='ocrx_word' id='word_1_132' title='bbox 1657 1116 1713 1170; x_wconf 90' lang='lat' dir='ltr'><strong>imo</strong></span> 
     </span>
     <span class='ocr_line' id='line_1_11' title="bbox 78 1195 1714 1268; baseline 0 -18"><span class='ocrx_word' id='word_1_133' title='bbox 78 1203 167 1263; x_wconf 81' lang='lat' dir='ltr'><strong>esset,</strong></span> <span class='ocrx_word' id='word_1_134' title='bbox 181 1212 199 1251; x_wconf 89' lang='lat' dir='ltr'><strong>a</strong></span> <span class='ocrx_word' id='word_1_135' title='bbox 213 1196 362 1268; x_wconf 81' lang='lat' dir='ltr'><strong>quostiam</strong></span> <span class='ocrx_word' id='word_1_136' title='bbox 375 1196 474 1251; x_wconf 89' lang='lat' dir='ltr'><strong>melius</strong></span> <span class='ocrx_word' id='word_1_137' title='bbox 485 1203 542 1251; x_wconf 90' lang='lat' dir='ltr'><strong>erat</strong></span> <span class='ocrx_word' id='word_1_138' title='bbox 556 1196 682 1266; x_wconf 90' lang='lat' dir='ltr'><strong>positum,</strong></span> <span class='ocrx_word' id='word_1_139' title='bbox 696 1196 770 1268; x_wconf 90' lang='lat' dir='ltr'><strong>quod</strong></span> <span class='ocrx_word' id='word_1_140' title='bbox 782 1204 880 1267; x_wconf 90' lang='lat' dir='ltr'><strong>postea</strong></span> <span class='ocrx_word' id='word_1_141' title='bbox 918 1197 1131 1253; x_wconf 81' lang='lat' dir='ltr'><strong>testimoniorum</strong></span> <span class='ocrx_word' id='word_1_142' title='bbox 1140 1197 1260 1252; x_wconf 90' lang='lat' dir='ltr'><strong>omnium</strong></span> <span class='ocrx_word' id='word_1_143' title='bbox 1271 1196 1474 1259; x_wconf 85' lang='lat' dir='ltr'><strong>validissimum,</strong></span> <span class='ocrx_word' id='word_1_144' title='bbox 1485 1195 1538 1249; x_wconf 92' lang='lat' dir='ltr'><strong>hoc</strong></span> <span class='ocrx_word' id='word_1_145' title='bbox 1549 1203 1599 1261; x_wconf 90' lang='lat' dir='ltr'><strong>est,</strong></span> <span class='ocrx_word' id='word_1_146' title='bbox 1610 1197 1714 1265; x_wconf 89' lang='lat' dir='ltr'><strong>propri·</strong></span> 
     </span>
     <span class='ocr_line' id='line_1_12' title="bbox 77 1275 1714 1348; baseline 0 -19"><span class='ocrx_word' id='word_1_147' title='bbox 77 1275 163 1331; x_wconf 85' lang='lat' dir='ltr'><strong>aride</strong></span> <span class='ocrx_word' id='word_1_148' title='bbox 182 1291 201 1331; x_wconf 87' lang='lat' dir='ltr'><strong>a</strong></span> <span class='ocrx_word' id='word_1_149' title='bbox 217 1275 331 1332; x_wconf 87' lang='lat' dir='ltr'><strong>medicis</strong></span> <span class='ocrx_word' id='word_1_150' title='bbox 351 1284 497 1346; x_wconf 85' lang='lat' dir='ltr'><strong>arreptam,</strong></span> <span class='ocrx_word' id='word_1_151' title='bbox 518 1280 634 1348; x_wconf 89' lang='lat' dir='ltr'><strong>quatuor</strong></span> <span class='ocrx_word' id='word_1_152' title='bbox 651 1275 879 1346; x_wconf 85' lang='lat' dir='ltr'><strong>complexionum,</strong></span> <span class='ocrx_word' id='word_1_153' title='bbox 918 1290 962 1330; x_wconf 85' lang='lat' dir='ltr'><strong>arn</strong></span> <span class='ocrx_word' id='word_1_154' title='bbox 972 1284 1118 1342; x_wconf 88' lang='lat' dir='ltr'><strong>auctorum,</strong></span> <span class='ocrx_word' id='word_1_155' title='bbox 1130 1293 1243 1347; x_wconf 89' lang='lat' dir='ltr'><strong>quorum</strong></span> <span class='ocrx_word' id='word_1_156' title='bbox 1252 1276 1314 1332; x_wconf 88' lang='lat' dir='ltr'><strong>fidei</strong></span> <span class='ocrx_word' id='word_1_157' title='bbox 1325 1292 1373 1330; x_wconf 83' lang='lat' dir='ltr'><strong>vos</strong></span> <span class='ocrx_word' id='word_1_158' title='bbox 1382 1275 1558 1340; x_wconf 88' lang='lat' dir='ltr'><strong>committitis,</strong></span> <span class='ocrx_word' id='word_1_159' title='bbox 1568 1275 1714 1329; x_wconf 85' lang='lat' dir='ltr'><strong>confessio</strong></span> 
     </span>
     <span class='ocr_line' id='line_1_13' title="bbox 78 1353 1712 1427; baseline -0.001 -17"><span class='ocrx_word' id='word_1_160' title='bbox 78 1363 203 1427; x_wconf 86' lang='lat' dir='ltr'><strong>quatuor</strong></span> <span class='ocrx_word' id='word_1_161' title='bbox 227 1355 379 1420; x_wconf 87' lang='lat' dir='ltr'><strong>humorum,</strong></span> <span class='ocrx_word' id='word_1_162' title='bbox 407 1363 522 1427; x_wconf 86' lang='lat' dir='ltr'><strong>quatuor</strong></span> <span class='ocrx_word' id='word_1_163' title='bbox 547 1356 696 1426; x_wconf 87' lang='lat' dir='ltr'><strong>primarum</strong></span> <span class='ocrx_word' id='word_1_164' title='bbox 718 1353 879 1426; x_wconf 77' lang='lat' dir='ltr'><strong>qualitatum</strong></span> <span class='ocrx_word' id='word_1_165' title='bbox 918 1371 981 1409; x_wconf 90' lang='lat' dir='ltr'><strong>nem</strong></span> <span class='ocrx_word' id='word_1_166' title='bbox 995 1363 1023 1411; x_wconf 89' lang='lat' dir='ltr'><strong>et</strong></span> <span class='ocrx_word' id='word_1_167' title='bbox 1034 1357 1175 1425; x_wconf 88' lang='lat' dir='ltr'><strong>judicium.</strong></span> <span class='ocrx_word' id='word_1_168' title='bbox 1216 1357 1291 1411; x_wconf 90' lang='lat' dir='ltr'><strong>Nam</strong></span> <span class='ocrx_word' id='word_1_169' title='bbox 1308 1363 1337 1409; x_wconf 87' lang='lat' dir='ltr'><strong>et</strong></span> <span class='ocrx_word' id='word_1_170' title='bbox 1354 1354 1395 1409; x_wconf 89' lang='lat' dir='ltr'><strong>illi</strong></span> <span class='ocrx_word' id='word_1_171' title='bbox 1408 1355 1471 1426; x_wconf 89' lang='lat' dir='ltr'><strong>ipsi,</strong></span> <span class='ocrx_word' id='word_1_172' title='bbox 1487 1354 1533 1425; x_wconf 93' lang='lat' dir='ltr'><strong>qui</strong></span> <span class='ocrx_word' id='word_1_173' title='bbox 1548 1354 1712 1408; x_wconf 84' lang='lat' dir='ltr'><strong>dictaturam</strong></span> 
     </span>
     <span class='ocr_line' id='line_1_14' title="bbox 76 1434 1712 1507; baseline -0.002 -18"><span class='ocrx_word' id='word_1_174' title='bbox 76 1434 290 1507; x_wconf 81' lang='lat' dir='ltr'><strong>conjugationes</strong></span> <span class='ocrx_word' id='word_1_175' title='bbox 303 1441 366 1506; x_wconf 88' lang='lat' dir='ltr'><strong>post</strong></span> <span class='ocrx_word' id='word_1_176' title='bbox 378 1450 407 1489; x_wconf 89' lang='lat' dir='ltr'><strong>se</strong></span> <span class='ocrx_word' id='word_1_177' title='bbox 422 1434 535 1504; x_wconf 85' lang='lat' dir='ltr'><strong>traxit);</strong></span> <span class='ocrx_word' id='word_1_178' title='bbox 550 1441 679 1506; x_wconf 88' lang='lat' dir='ltr'><strong>tanquam</strong></span> <span class='ocrx_word' id='word_1_179' title='bbox 689 1434 837 1506; x_wconf 85' lang='lat' dir='ltr'><strong>malignum</strong></span> <span class='ocrx_word' id='word_1_180' title='bbox 851 1443 880 1490; x_wconf 89' lang='lat' dir='ltr'><strong>et</strong></span> <span class='ocrx_word' id='word_1_181' title='bbox 918 1438 1054 1506; x_wconf 89' lang='lat' dir='ltr'><strong>quandam</strong></span> <span class='ocrx_word' id='word_1_182' title='bbox 1067 1435 1097 1491; x_wconf 91' lang='lat' dir='ltr'><strong>iu</strong></span> <span class='ocrx_word' id='word_1_183' title='bbox 1115 1436 1235 1491; x_wconf 87' lang='lat' dir='ltr'><strong>scientiis</strong></span> <span class='ocrx_word' id='word_1_184' title='bbox 1254 1436 1420 1500; x_wconf 78' lang='lat' dir='ltr'><strong>invaserunt,</strong></span> <span class='ocrx_word' id='word_1_185' title='bbox 1434 1442 1461 1489; x_wconf 92' lang='lat' dir='ltr'><strong>et</strong></span> <span class='ocrx_word' id='word_1_186' title='bbox 1476 1440 1549 1487; x_wconf 90' lang='lat' dir='ltr'><strong>tanta</strong></span> <span class='ocrx_word' id='word_1_187' title='bbox 1568 1434 1666 1488; x_wconf 89' lang='lat' dir='ltr'><strong>fiducia</strong></span> <span class='ocrx_word' id='word_1_188' title='bbox 1679 1434 1712 1486; x_wconf 83' lang='lat' dir='ltr'><strong>de</strong></span> 
     </span>
     <span class='ocr_line' id='line_1_15' title="bbox 77 1513 1711 1586; baseline 0 -18"><span class='ocrx_word' id='word_1_189' title='bbox 77 1514 235 1570; x_wconf 87' lang='lat' dir='ltr'><strong>infaustum</strong></span> <span class='ocrx_word' id='word_1_190' title='bbox 249 1515 332 1579; x_wconf 89' lang='lat' dir='ltr'><strong>sidus,</strong></span> <span class='ocrx_word' id='word_1_191' title='bbox 346 1514 492 1583; x_wconf 81' lang='lat' dir='ltr'><strong>infinitam,</strong></span> <span class='ocrx_word' id='word_1_192' title='bbox 508 1522 535 1569; x_wconf 89' lang='lat' dir='ltr'><strong>et</strong></span> <span class='ocrx_word' id='word_1_193' title='bbox 556 1514 704 1579; x_wconf 81' lang='lat' dir='ltr'><strong>medicinae,</strong></span> <span class='ocrx_word' id='word_1_194' title='bbox 719 1521 746 1568; x_wconf 92' lang='lat' dir='ltr'><strong>et</strong></span> <span class='ocrx_word' id='word_1_195' title='bbox 759 1513 879 1585; x_wconf 90' lang='lat' dir='ltr'><strong>complu·</strong></span> <span class='ocrx_word' id='word_1_196' title='bbox 918 1516 999 1570; x_wconf 91' lang='lat' dir='ltr'><strong>rebus</strong></span> <span class='ocrx_word' id='word_1_197' title='bbox 1012 1517 1208 1586; x_wconf 74' lang='lat' dir='ltr'><strong>pronunciaut3</strong></span> <span class='ocrx_word' id='word_1_198' title='bbox 1229 1523 1318 1571; x_wconf 90' lang='lat' dir='ltr'><strong>tamen</strong></span> <span class='ocrx_word' id='word_1_199' title='bbox 1332 1532 1382 1585; x_wconf 89' lang='lat' dir='ltr'><strong>per</strong></span> <span class='ocrx_word' id='word_1_200' title='bbox 1394 1513 1546 1578; x_wconf 81' lang='lat' dir='ltr'><strong>intervalla,</strong></span> <span class='ocrx_word' id='word_1_201' title='bbox 1557 1530 1619 1567; x_wconf 90' lang='lat' dir='ltr'><strong>cum</strong></span> <span class='ocrx_word' id='word_1_202' title='bbox 1633 1513 1667 1566; x_wconf 89' lang='lat' dir='ltr'><strong>ad</strong></span> <span class='ocrx_word' id='word_1_203' title='bbox 1681 1529 1711 1568; x_wconf 92' lang='lat' dir='ltr'><strong>se</strong></span> 
     </span>
     <span class='ocr_line' id='line_1_16' title="bbox 77 1591 1712 1667; baseline -0.001 -20"><span class='ocrx_word' id='word_1_204' title='bbox 77 1592 160 1649; x_wconf 90' lang='lat' dir='ltr'><strong>ribus</strong></span> <span class='ocrx_word' id='word_1_205' title='bbox 180 1593 263 1650; x_wconf 88' lang='lat' dir='ltr'><strong>rebus</strong></span> <span class='ocrx_word' id='word_1_206' title='bbox 286 1592 453 1650; x_wconf 86' lang='lat' dir='ltr'><strong>mechanicis</strong></span> <span class='ocrx_word' id='word_1_207' title='bbox 473 1591 641 1649; x_wconf 87' lang='lat' dir='ltr'><strong>sterilitatem</strong></span> <span class='ocrx_word' id='word_1_208' title='bbox 664 1593 795 1658; x_wconf 90' lang='lat' dir='ltr'><strong>attulisse,</strong></span> <span class='ocrx_word' id='word_1_209' title='bbox 815 1594 878 1649; x_wconf 89' lang='lat' dir='ltr'><strong>dum</strong></span> <span class='ocrx_word' id='word_1_210' title='bbox 917 1595 1038 1661; x_wconf 89' lang='lat' dir='ltr'><strong>redeunt,</strong></span> <span class='ocrx_word' id='word_1_211' title='bbox 1053 1596 1088 1650; x_wconf 90' lang='lat' dir='ltr'><strong>ad</strong></span> <span class='ocrx_word' id='word_1_212' title='bbox 1109 1595 1300 1667; x_wconf 65' lang='lat' dir='ltr'><strong>querimonias</strong></span> <span class='ocrx_word' id='word_1_213' title='bbox 1319 1595 1427 1649; x_wconf 89' lang='lat' dir='ltr'><strong>demum</strong></span> <span class='ocrx_word' id='word_1_214' title='bbox 1441 1593 1475 1647; x_wconf 89' lang='lat' dir='ltr'><strong>de</strong></span> <span class='ocrx_word' id='word_1_215' title='bbox 1489 1600 1594 1647; x_wconf 76' lang='lat' dir='ltr'><strong>natura</strong></span> <span class='ocrx_word' id='word_1_216' title='bbox 1608 1592 1712 1646; x_wconf 86' lang='lat' dir='ltr'><strong>subtili·</strong></span> 
     </span>
     <span class='ocr_line' id='line_1_17' title="bbox 77 1670 1710 1748; baseline -0.001 -21"><span class='ocrx_word' id='word_1_217' title='bbox 77 1671 220 1739; x_wconf 89' lang='lat' dir='ltr'><strong>homines,</strong></span> <span class='ocrx_word' id='word_1_218' title='bbox 239 1689 290 1745; x_wconf 89' lang='lat' dir='ltr'><strong>per</strong></span> <span class='ocrx_word' id='word_1_219' title='bbox 309 1670 466 1748; x_wconf 86' lang='lat' dir='ltr'><strong>hujusmodi</strong></span> <span class='ocrx_word' id='word_1_220' title='bbox 488 1673 683 1728; x_wconf 84' lang='lat' dir='ltr'><strong>concinnitates</strong></span> <span class='ocrx_word' id='word_1_221' title='bbox 706 1681 734 1728; x_wconf 88' lang='lat' dir='ltr'><strong>et</strong></span> <span class='ocrx_word' id='word_1_222' title='bbox 754 1690 879 1744; x_wconf 90' lang='lat' dir='ltr'><strong>compen·</strong></span> <span class='ocrx_word' id='word_1_223' title='bbox 917 1680 981 1740; x_wconf 90' lang='lat' dir='ltr'><strong>tate,</strong></span> <span class='ocrx_word' id='word_1_224' title='bbox 995 1692 1085 1730; x_wconf 90' lang='lat' dir='ltr'><strong>rerum</strong></span> <span class='ocrx_word' id='word_1_225' title='bbox 1102 1676 1273 1741; x_wconf 87' lang='lat' dir='ltr'><strong>obscuritate,</strong></span> <span class='ocrx_word' id='word_1_226' title='bbox 1287 1674 1402 1729; x_wconf 88' lang='lat' dir='ltr'><strong>humani</strong></span> <span class='ocrx_word' id='word_1_227' title='bbox 1422 1673 1527 1743; x_wconf 89' lang='lat' dir='ltr'><strong>ingenii</strong></span> <span class='ocrx_word' id='word_1_228' title='bbox 1544 1671 1710 1736; x_wconf 86' lang='lat' dir='ltr'><strong>infirmitate,</strong></span> 
     </span>
     <span class='ocr_line' id='line_1_18' title="bbox 78 1750 1710 1826; baseline -0.001 -19"><span class='ocrx_word' id='word_1_229' title='bbox 78 1750 176 1807; x_wconf 84' lang='lat' dir='ltr'><strong>diosas</strong></span> <span class='ocrx_word' id='word_1_230' title='bbox 189 1752 306 1824; x_wconf 86' lang='lat' dir='ltr'><strong>ineptias</strong></span> <span class='ocrx_word' id='word_1_231' title='bbox 319 1753 372 1808; x_wconf 90' lang='lat' dir='ltr'><strong>sibi</strong></span> <span class='ocrx_word' id='word_1_232' title='bbox 386 1753 513 1808; x_wconf 80' lang='lat' dir='ltr'><strong>satisfieri</strong></span> <span class='ocrx_word' id='word_1_233' title='bbox 532 1752 678 1824; x_wconf 91' lang='lat' dir='ltr'><strong>patientes,</strong></span> <span class='ocrx_word' id='word_1_234' title='bbox 698 1751 739 1807; x_wconf 90' lang='lat' dir='ltr'><strong>nil</strong></span> <span class='ocrx_word' id='word_1_235' title='bbox 761 1753 879 1825; x_wconf 89' lang='lat' dir='ltr'><strong>amplius</strong></span> <span class='ocrx_word' id='word_1_236' title='bbox 917 1762 944 1808; x_wconf 92' lang='lat' dir='ltr'><strong>et</strong></span> <span class='ocrx_word' id='word_1_237' title='bbox 959 1755 1060 1810; x_wconf 86' lang='lat' dir='ltr'><strong>similia</strong></span> <span class='ocrx_word' id='word_1_238' title='bbox 1070 1772 1099 1810; x_wconf 92' lang='lat' dir='ltr'><strong>se</strong></span> <span class='ocrx_word' id='word_1_239' title='bbox 1113 1761 1289 1809; x_wconf 85' lang='lat' dir='ltr'><strong>convertunt:</strong></span> <span class='ocrx_word' id='word_1_240' title='bbox 1310 1770 1399 1826; x_wconf 85' lang='lat' dir='ltr'><strong>neque</strong></span> <span class='ocrx_word' id='word_1_241' title='bbox 1413 1759 1564 1823; x_wconf 89' lang='lat' dir='ltr'><strong>propterea,</strong></span> <span class='ocrx_word' id='word_1_242' title='bbox 1579 1751 1637 1816; x_wconf 87' lang='lat' dir='ltr'><strong>tilii,</strong></span> <span class='ocrx_word' id='word_1_243' title='bbox 1651 1751 1710 1806; x_wconf 82' lang='lat' dir='ltr'><strong>hrac</strong></span> 
     </span>
     <span class='ocr_line' id='line_1_19' title="bbox 77 1831 1711 1904; baseline -0.002 -17"><span class='ocrx_word' id='word_1_244' title='bbox 77 1839 197 1887; x_wconf 86' lang='lat' dir='ltr'><strong>curant:</strong></span> <span class='ocrx_word' id='word_1_245' title='bbox 218 1832 329 1886; x_wconf 84' lang='lat' dir='ltr'><strong>etriras</strong></span> <span class='ocrx_word' id='word_1_246' title='bbox 342 1839 369 1887; x_wconf 93' lang='lat' dir='ltr'><strong>et</strong></span> <span class='ocrx_word' id='word_1_247' title='bbox 382 1832 463 1889; x_wconf 92' lang='lat' dir='ltr'><strong>utiles</strong></span> <span class='ocrx_word' id='word_1_248' title='bbox 476 1849 568 1887; x_wconf 90' lang='lat' dir='ltr'><strong>rerum</strong></span> <span class='ocrx_word' id='word_1_249' title='bbox 588 1832 788 1888; x_wconf 85' lang='lat' dir='ltr'><strong>observationes</strong></span> <span class='ocrx_word' id='word_1_250' title='bbox 806 1850 879 1904; x_wconf 90' lang='lat' dir='ltr'><strong>pror·</strong></span> <span class='ocrx_word' id='word_1_251' title='bbox 917 1834 1056 1889; x_wconf 78' lang='lat' dir='ltr'><strong>modestice</strong></span> <span class='ocrx_word' id='word_1_252' title='bbox 1070 1842 1116 1889; x_wconf 91' lang='lat' dir='ltr'><strong>aut</strong></span> <span class='ocrx_word' id='word_1_253' title='bbox 1130 1832 1285 1899; x_wconf 85' lang='lat' dir='ltr'><strong>humilitati,</strong></span> <span class='ocrx_word' id='word_1_254' title='bbox 1298 1832 1443 1888; x_wconf 85' lang='lat' dir='ltr'><strong>virtutibus</strong></span> <span class='ocrx_word' id='word_1_255' title='bbox 1453 1832 1483 1886; x_wconf 93' lang='lat' dir='ltr'><strong>iu</strong></span> <span class='ocrx_word' id='word_1_256' title='bbox 1496 1831 1578 1886; x_wconf 83' lang='lat' dir='ltr'><strong>rebus</strong></span> <span class='ocrx_word' id='word_1_257' title='bbox 1593 1831 1711 1886; x_wconf 87' lang='lat' dir='ltr'><strong>intellec-</strong></span> 
     </span>
     <span class='ocr_line' id='line_1_20' title="bbox 78 1911 1710 1983; baseline -0.001 -17"><span class='ocrx_word' id='word_1_258' title='bbox 78 1926 129 1967; x_wconf 83' lang='lat' dir='ltr'><strong>sus</strong></span> <span class='ocrx_word' id='word_1_259' title='bbox 142 1911 301 1966; x_wconf 80' lang='lat' dir='ltr'><strong>omiserrmt</strong></span> <span class='ocrx_word' id='word_1_260' title='bbox 331 1912 426 1983; x_wconf 90' lang='lat' dir='ltr'><strong>ltaque</strong></span> <span class='ocrx_word' id='word_1_261' title='bbox 440 1912 652 1977; x_wconf 83' lang='lat' dir='ltr'><strong>siilludrerum,</strong></span> <span class='ocrx_word' id='word_1_262' title='bbox 667 1917 683 1944; x_wconf 83' lang='lat'><strong>‘¹</strong></span> <span class='ocrx_word' id='word_1_263' title='bbox 693 1912 738 1967; x_wconf 84' lang='lat' dir='ltr'><strong>Ex</strong></span> <span class='ocrx_word' id='word_1_264' title='bbox 746 1911 879 1969; x_wconf 88' lang='lat' dir='ltr'><strong>fructibus</strong></span> <span class='ocrx_word' id='word_1_265' title='bbox 917 1913 1034 1969; x_wconf 90' lang='lat' dir='ltr'><strong>tualibus</strong></span> <span class='ocrx_word' id='word_1_266' title='bbox 1056 1913 1176 1968; x_wconf 88' lang='lat' dir='ltr'><strong>amnium</strong></span> <span class='ocrx_word' id='word_1_267' title='bbox 1199 1913 1374 1975; x_wconf 74' lang='lat' dir='ltr'><strong>felicissimis,</strong></span> <span class='ocrx_word' id='word_1_268' title='bbox 1390 1911 1544 1982; x_wconf 86' lang='lat' dir='ltr'><strong>deputetis:</strong></span> <span class='ocrx_word' id='word_1_269' title='bbox 1575 1927 1630 1965; x_wconf 91' lang='lat' dir='ltr'><strong>non</strong></span> <span class='ocrx_word' id='word_1_270' title='bbox 1654 1918 1710 1964; x_wconf 87' lang='lat' dir='ltr'><strong>tam</strong></span> 
     </span>
     <span class='ocr_line' id='line_1_21' title="bbox 77 1990 1711 2063; baseline 0 -18"><span class='ocrx_word' id='word_1_271' title='bbox 77 1991 205 2055; x_wconf 88' lang='lat' dir='ltr'><strong>eorum‚’&#39;</strong></span> <span class='ocrx_word' id='word_1_272' title='bbox 219 1991 317 2046; x_wconf 82' lang='lat' dir='ltr'><strong>ridetis</strong></span> <span class='ocrx_word' id='word_1_273' title='bbox 330 1999 403 2047; x_wconf 88' lang='lat' dir='ltr'><strong>certe</strong></span> <span class='ocrx_word' id='word_1_274' title='bbox 418 2007 473 2063; x_wconf 90' lang='lat' dir='ltr'><strong>quo</strong></span> <span class='ocrx_word' id='word_1_275' title='bbox 482 2008 527 2047; x_wconf 83' lang='lat' dir='ltr'><strong>rea</strong></span> <span class='ocrx_word' id='word_1_276' title='bbox 540 1991 660 2047; x_wconf 84' lang='lat' dir='ltr'><strong>redierit.</strong></span> <span class='ocrx_word' id='word_1_277' title='bbox 917 1991 1019 2059; x_wconf 80' lang='lat' dir='ltr'><strong>faciles,</strong></span> <span class='ocrx_word' id='word_1_278' title='bbox 1034 2000 1081 2048; x_wconf 91' lang='lat' dir='ltr'><strong>aut</strong></span> <span class='ocrx_word' id='word_1_279' title='bbox 1094 1993 1158 2047; x_wconf 90' lang='lat' dir='ltr'><strong>boni</strong></span> <span class='ocrx_word' id='word_1_280' title='bbox 1171 1993 1295 2048; x_wconf 85' lang='lat' dir='ltr'><strong>fueritis:</strong></span> <span class='ocrx_word' id='word_1_281' title='bbox 1327 2008 1389 2047; x_wconf 90' lang='lat' dir='ltr'><strong>cum</strong></span> <span class='ocrx_word' id='word_1_282' title='bbox 1404 1997 1499 2046; x_wconf 87' lang='lat' dir='ltr'><strong>contra</strong></span> <span class='ocrx_word' id='word_1_283' title='bbox 1516 1990 1569 2045; x_wconf 91' lang='lat' dir='ltr'><strong>ista</strong></span> <span class='ocrx_word' id='word_1_284' title='bbox 1582 2007 1637 2045; x_wconf 91' lang='lat' dir='ltr'><strong>non</strong></span> <span class='ocrx_word' id='word_1_285' title='bbox 1649 2008 1711 2045; x_wconf 91' lang='lat' dir='ltr'><strong>con-</strong></span> 
     </span>
     <span class='ocr_line' id='line_1_22' title="bbox 121 2068 1709 2143; baseline 0.001 -20"><span class='ocrx_word' id='word_1_286' title='bbox 121 2070 206 2142; x_wconf 81' lang='lat' dir='ltr'><strong>Agite</strong></span> <span class='ocrx_word' id='word_1_287' title='bbox 217 2087 290 2136; x_wconf 82' lang='lat' dir='ltr'><strong>vero,</strong></span> <span class='ocrx_word' id='word_1_288' title='bbox 300 2070 358 2136; x_wconf 91' lang='lat' dir='ltr'><strong>tilii,</strong></span> <span class='ocrx_word' id='word_1_289' title='bbox 369 2078 396 2125; x_wconf 91' lang='lat' dir='ltr'><strong>et</strong></span> <span class='ocrx_word' id='word_1_290' title='bbox 406 2072 485 2143; x_wconf 89' lang='lat' dir='ltr'><strong>signa</strong></span> <span class='ocrx_word' id='word_1_291' title='bbox 495 2088 531 2126; x_wconf 87' lang='lat' dir='ltr'><strong>ex</strong></span> <span class='ocrx_word' id='word_1_292' title='bbox 541 2071 714 2126; x_wconf 89' lang='lat' dir='ltr'><strong>incrementis</strong></span> <span class='ocrx_word' id='word_1_293' title='bbox 724 2072 877 2143; x_wconf 82' lang='lat' dir='ltr'><strong>capiamus:</strong></span> <span class='ocrx_word' id='word_1_294' title='bbox 917 2073 1006 2138; x_wconf 91' lang='lat' dir='ltr'><strong>fessio,</strong></span> <span class='ocrx_word' id='word_1_295' title='bbox 1026 2072 1073 2128; x_wconf 91' lang='lat' dir='ltr'><strong>aed</strong></span> <span class='ocrx_word' id='word_1_296' title='bbox 1093 2072 1234 2143; x_wconf 85' lang='lat' dir='ltr'><strong>professio,</strong></span> <span class='ocrx_word' id='word_1_297' title='bbox 1258 2072 1315 2127; x_wconf 85' lang='lat' dir='ltr'><strong>sive</strong></span> <span class='ocrx_word' id='word_1_298' title='bbox 1338 2068 1495 2143; x_wconf 75' lang='lat' dir='ltr'><strong>pradicatio</strong></span> <span class='ocrx_word' id='word_1_299' title='bbox 1517 2086 1554 2125; x_wconf 81' lang='lat' dir='ltr'><strong>ex</strong></span> <span class='ocrx_word' id='word_1_300' title='bbox 1575 2070 1709 2141; x_wconf 88' lang='lat' dir='ltr'><strong>superbia,</strong></span> 
     </span>
     <span class='ocr_line' id='line_1_23' title="bbox 77 2150 1712 2224; baseline 0 -19"><span class='ocrx_word' id='word_1_301' title='bbox 77 2151 200 2215; x_wconf 66' lang='lat' dir='ltr'><strong>certast</strong></span> <span class='ocrx_word' id='word_1_302' title='bbox 214 2150 267 2204; x_wconf 87' lang='lat' dir='ltr'><strong>ista</strong></span> <span class='ocrx_word' id='word_1_303' title='bbox 280 2151 401 2206; x_wconf 88' lang='lat' dir='ltr'><strong>doctrina</strong></span> <span class='ocrx_word' id='word_1_304' title='bbox 415 2150 495 2221; x_wconf 91' lang='lat' dir='ltr'><strong>plane</strong></span> <span class='ocrx_word' id='word_1_305' title='bbox 508 2152 594 2205; x_wconf 91' lang='lat' dir='ltr'><strong>instar</strong></span> <span class='ocrx_word' id='word_1_306' title='bbox 606 2151 735 2222; x_wconf 85' lang='lat' dir='ltr'><strong>plantaea</strong></span> <span class='ocrx_word' id='word_1_307' title='bbox 748 2152 878 2223; x_wconf 89' lang='lat' dir='ltr'><strong>stirpibus</strong></span> <span class='ocrx_word' id='word_1_308' title='bbox 916 2152 1025 2217; x_wconf 81' lang='lat' dir='ltr'><strong>invidia,</strong></span> <span class='ocrx_word' id='word_1_309' title='bbox 1043 2159 1124 2224; x_wconf 91' lang='lat' dir='ltr'><strong>atque</strong></span> <span class='ocrx_word' id='word_1_310' title='bbox 1145 2151 1174 2206; x_wconf 91' lang='lat' dir='ltr'><strong>id</strong></span> <span class='ocrx_word' id='word_1_311' title='bbox 1187 2168 1274 2224; x_wconf 87' lang='lat' dir='ltr'><strong>genus</strong></span> <span class='ocrx_word' id='word_1_312' title='bbox 1295 2151 1437 2206; x_wconf 80' lang='lat' dir='ltr'><strong>affectibus</strong></span> <span class='ocrx_word' id='word_1_313' title='bbox 1458 2158 1547 2205; x_wconf 90' lang='lat' dir='ltr'><strong>ortum</strong></span> <span class='ocrx_word' id='word_1_314' title='bbox 1568 2166 1618 2220; x_wconf 91' lang='lat' dir='ltr'><strong>pro</strong></span> <span class='ocrx_word' id='word_1_315' title='bbox 1638 2157 1712 2205; x_wconf 87' lang='lat' dir='ltr'><strong>certo</strong></span> 
     </span>
     <span class='ocr_line' id='line_1_24' title="bbox 78 2228 1711 2303; baseline 0.001 -20"><span class='ocrx_word' id='word_1_316' title='bbox 78 2228 140 2284; x_wconf 85' lang='lat' dir='ltr'><strong>auis</strong></span> <span class='ocrx_word' id='word_1_317' title='bbox 154 2229 269 2285; x_wconf 79' lang='lat' dir='ltr'><strong>revulsae</strong></span> <span class='ocrx_word' id='word_1_318' title='bbox 286 2246 341 2285; x_wconf 91' lang='lat' dir='ltr'><strong>non</strong></span> <span class='ocrx_word' id='word_1_319' title='bbox 355 2238 436 2296; x_wconf 90' lang='lat' dir='ltr'><strong>esset,</strong></span> <span class='ocrx_word' id='word_1_320' title='bbox 454 2230 502 2284; x_wconf 89' lang='lat' dir='ltr'><strong>sed</strong></span> <span class='ocrx_word' id='word_1_321' title='bbox 519 2230 625 2303; x_wconf 88' lang='lat' dir='ltr'><strong>gremio</strong></span> <span class='ocrx_word' id='word_1_322' title='bbox 641 2238 671 2286; x_wconf 88' lang='lat' dir='ltr'><strong>et</strong></span> <span class='ocrx_word' id='word_1_323' title='bbox 684 2238 761 2286; x_wconf 89' lang='lat' dir='ltr'><strong>utero</strong></span> <span class='ocrx_word' id='word_1_324' title='bbox 774 2240 878 2288; x_wconf 75' lang='lat' dir='ltr'><strong>naturae</strong></span> <span class='ocrx_word' id='word_1_325' title='bbox 916 2231 1035 2297; x_wconf 86' lang='lat' dir='ltr'><strong>babeat;</strong></span> <span class='ocrx_word' id='word_1_326' title='bbox 1056 2232 1084 2286; x_wconf 95' lang='lat' dir='ltr'><strong>id</strong></span> <span class='ocrx_word' id='word_1_327' title='bbox 1095 2232 1167 2286; x_wconf 91' lang='lat' dir='ltr'><strong>enim</strong></span> <span class='ocrx_word' id='word_1_328' title='bbox 1179 2248 1288 2302; x_wconf 89' lang='lat' dir='ltr'><strong>prorsus</strong></span> <span class='ocrx_word' id='word_1_329' title='bbox 1297 2231 1398 2297; x_wconf 80' lang='lat' dir='ltr'><strong>volunt,</strong></span> <span class='ocrx_word' id='word_1_330' title='bbox 1410 2230 1539 2302; x_wconf 89' lang='lat' dir='ltr'><strong>quicquid</strong></span> <span class='ocrx_word' id='word_1_331' title='bbox 1549 2229 1578 2283; x_wconf 90' lang='lat' dir='ltr'><strong>in</strong></span> <span class='ocrx_word' id='word_1_332' title='bbox 1589 2230 1711 2285; x_wconf 88' lang='lat' dir='ltr'><strong>scientiis</strong></span> 
     </span>
     <span class='ocr_line' id='line_1_25' title="bbox 78 2307 1711 2383; baseline 0 -19"><span class='ocrx_word' id='word_1_333' title='bbox 78 2307 243 2374; x_wconf 77' lang='lat' dir='ltr'><strong>adhaereret,</strong></span> <span class='ocrx_word' id='word_1_334' title='bbox 267 2315 349 2380; x_wconf 91' lang='lat' dir='ltr'><strong>atque</strong></span> <span class='ocrx_word' id='word_1_335' title='bbox 372 2310 407 2365; x_wconf 90' lang='lat' dir='ltr'><strong>ab</strong></span> <span class='ocrx_word' id='word_1_336' title='bbox 431 2309 527 2364; x_wconf 87' lang='lat' dir='ltr'><strong>eadem</strong></span> <span class='ocrx_word' id='word_1_337' title='bbox 549 2310 681 2375; x_wconf 68' lang='lat' dir='ltr'><strong>aleretun</strong></span> <span class='ocrx_word' id='word_1_338' title='bbox 707 2310 737 2365; x_wconf 88' lang='lat' dir='ltr'><strong>id</strong></span> <span class='ocrx_word' id='word_1_339' title='bbox 762 2311 877 2366; x_wconf 89' lang='lat' dir='ltr'><strong>minime</strong></span> <span class='ocrx_word' id='word_1_340' title='bbox 916 2308 968 2365; x_wconf 85' lang='lat' dir='ltr'><strong>sibi</strong></span> <span class='ocrx_word' id='word_1_341' title='bbox 981 2311 1049 2383; x_wconf 89' lang='lat' dir='ltr'><strong>ipsis</strong></span> <span class='ocrx_word' id='word_1_342' title='bbox 1060 2318 1108 2365; x_wconf 90' lang='lat' dir='ltr'><strong>aut</strong></span> <span class='ocrx_word' id='word_1_343' title='bbox 1121 2311 1260 2383; x_wconf 84' lang='lat' dir='ltr'><strong>magistris</strong></span> <span class='ocrx_word' id='word_1_344' title='bbox 1272 2311 1330 2366; x_wconf 90' lang='lat' dir='ltr'><strong>suis</strong></span> <span class='ocrx_word' id='word_1_345' title='bbox 1342 2310 1511 2381; x_wconf 87' lang='lat' dir='ltr'><strong>incognitum</strong></span> <span class='ocrx_word' id='word_1_346' title='bbox 1522 2317 1569 2363; x_wconf 91' lang='lat' dir='ltr'><strong>aut</strong></span> <span class='ocrx_word' id='word_1_347' title='bbox 1579 2308 1711 2364; x_wconf 89' lang='lat' dir='ltr'><strong>intactum</strong></span> 
     </span>
     <span class='ocr_line' id='line_1_26' title="bbox 78 2388 1708 2461; baseline -0.001 -18"><span class='ocrx_word' id='word_1_348' title='bbox 78 2395 243 2443; x_wconf 78' lang='lat' dir='ltr'><strong>eventurum</strong></span> <span class='ocrx_word' id='word_1_349' title='bbox 264 2388 368 2454; x_wconf 83' lang='lat' dir='ltr'><strong>fuisset,</strong></span> <span class='ocrx_word' id='word_1_350' title='bbox 384 2390 457 2460; x_wconf 91' lang='lat' dir='ltr'><strong>quod</strong></span> <span class='ocrx_word' id='word_1_351' title='bbox 478 2405 528 2459; x_wconf 90' lang='lat' dir='ltr'><strong>per</strong></span> <span class='ocrx_word' id='word_1_352' title='bbox 549 2405 636 2445; x_wconf 87' lang='lat' dir='ltr'><strong>annos</strong></span> <span class='ocrx_word' id='word_1_353' title='bbox 657 2390 700 2444; x_wconf 92' lang='lat' dir='ltr'><strong>his</strong></span> <span class='ocrx_word' id='word_1_354' title='bbox 722 2389 798 2445; x_wconf 88' lang='lat' dir='ltr'><strong>mille</strong></span> <span class='ocrx_word' id='word_1_355' title='bbox 818 2391 878 2459; x_wconf 84' lang='lat' dir='ltr'><strong>J‘am</strong></span> <span class='ocrx_word' id='word_1_356' title='bbox 915 2389 1004 2456; x_wconf 90' lang='lat' dir='ltr'><strong>fuerit,</strong></span> <span class='ocrx_word' id='word_1_357' title='bbox 1018 2391 1047 2445; x_wconf 91' lang='lat' dir='ltr'><strong>id</strong></span> <span class='ocrx_word' id='word_1_358' title='bbox 1061 2397 1138 2446; x_wconf 81' lang='lat' dir='ltr'><strong>extra</strong></span> <span class='ocrx_word' id='word_1_359' title='bbox 1150 2391 1279 2446; x_wconf 89' lang='lat' dir='ltr'><strong>terminos</strong></span> <span class='ocrx_word' id='word_1_360' title='bbox 1292 2390 1436 2461; x_wconf 85' lang='lat' dir='ltr'><strong>possibiles</strong></span> <span class='ocrx_word' id='word_1_361' title='bbox 1447 2389 1512 2460; x_wconf 90' lang='lat' dir='ltr'><strong>poni</strong></span> <span class='ocrx_word' id='word_1_362' title='bbox 1523 2396 1551 2442; x_wconf 91' lang='lat' dir='ltr'><strong>et</strong></span> <span class='ocrx_word' id='word_1_363' title='bbox 1563 2390 1708 2443; x_wconf 79' lang='lat' dir='ltr'><strong>removeri:</strong></span> 
     </span>
     <span class='ocr_line' id='line_1_27' title="bbox 78 2466 1494 2541; baseline 0.001 -20"><span class='ocrx_word' id='word_1_364' title='bbox 78 2466 141 2522; x_wconf 89' lang='lat' dir='ltr'><strong>fieri</strong></span> <span class='ocrx_word' id='word_1_365' title='bbox 156 2468 287 2533; x_wconf 87' lang='lat' dir='ltr'><strong>ridemus,</strong></span> <span class='ocrx_word' id='word_1_366' title='bbox 298 2475 329 2523; x_wconf 89' lang='lat' dir='ltr'><strong>ut</strong></span> <span class='ocrx_word' id='word_1_367' title='bbox 342 2468 462 2524; x_wconf 76' lang='lat' dir='ltr'><strong>scientia</strong></span> <span class='ocrx_word' id='word_1_368' title='bbox 475 2469 504 2522; x_wconf 92' lang='lat' dir='ltr'><strong>in</strong></span> <span class='ocrx_word' id='word_1_369' title='bbox 519 2469 614 2524; x_wconf 88' lang='lat' dir='ltr'><strong>eodem</strong></span> <span class='ocrx_word' id='word_1_370' title='bbox 627 2469 684 2524; x_wconf 89' lang='lat' dir='ltr'><strong>fere</strong></span> <span class='ocrx_word' id='word_1_371' title='bbox 698 2476 771 2525; x_wconf 91' lang='lat' dir='ltr'><strong>statu</strong></span> <span class='ocrx_word' id='word_1_372' title='bbox 784 2486 877 2525; x_wconf 91' lang='lat' dir='ltr'><strong>mane-</strong></span> <span class='ocrx_word' id='word_1_373' title='bbox 915 2468 975 2525; x_wconf 80' lang='lat' dir='ltr'><strong>hoec</strong></span> <span class='ocrx_word' id='word_1_374' title='bbox 989 2478 1031 2525; x_wconf 86' lang='lat' dir='ltr'><strong>eat</strong></span> <span class='ocrx_word' id='word_1_375' title='bbox 1043 2469 1093 2524; x_wconf 86' lang='lat' dir='ltr'><strong>illa</strong></span> <span class='ocrx_word' id='word_1_376' title='bbox 1105 2470 1236 2526; x_wconf 87' lang='lat' dir='ltr'><strong>modestia</strong></span> <span class='ocrx_word' id='word_1_377' title='bbox 1250 2477 1330 2541; x_wconf 91' lang='lat' dir='ltr'><strong>atque</strong></span> <span class='ocrx_word' id='word_1_378' title='bbox 1344 2469 1494 2524; x_wconf 89' lang='lat' dir='ltr'><strong>humilitas.</strong></span> 
     </span>
     <span class='ocr_line' id='line_1_28' title="bbox 78 2546 1710 2622; baseline 0.001 -21"><span class='ocrx_word' id='word_1_379' title='bbox 78 2553 128 2601; x_wconf 85' lang='lat' dir='ltr'><strong>ant</strong></span> <span class='ocrx_word' id='word_1_380' title='bbox 142 2554 170 2600; x_wconf 90' lang='lat' dir='ltr'><strong>et</strong></span> <span class='ocrx_word' id='word_1_381' title='bbox 179 2546 310 2614; x_wconf 82' lang='lat' dir='ltr'><strong>haereant,</strong></span> <span class='ocrx_word' id='word_1_382' title='bbox 323 2564 413 2619; x_wconf 91' lang='lat' dir='ltr'><strong>neque</strong></span> <span class='ocrx_word' id='word_1_383' title='bbox 427 2556 603 2620; x_wconf 88' lang='lat' dir='ltr'><strong>augmentum</strong></span> <span class='ocrx_word' id='word_1_384' title='bbox 622 2548 732 2621; x_wconf 86' lang='lat' dir='ltr'><strong>aliquod</strong></span> <span class='ocrx_word' id='word_1_385' title='bbox 745 2565 878 2604; x_wconf 86' lang='lat' dir='ltr'><strong>memora·</strong></span> <span class='ocrx_word' id='word_1_386' title='bbox 956 2549 1052 2622; x_wconf 90' lang='lat' dir='ltr'><strong>Itaque</strong></span> <span class='ocrx_word' id='word_1_387' title='bbox 1066 2549 1185 2621; x_wconf 90' lang='lat' dir='ltr'><strong>pessimo</strong></span> <span class='ocrx_word' id='word_1_388' title='bbox 1199 2550 1311 2605; x_wconf 82' lang='lat' dir='ltr'><strong>ratores</strong></span> <span class='ocrx_word' id='word_1_389' title='bbox 1324 2550 1434 2621; x_wconf 85' lang='lat' dir='ltr'><strong>geritur.</strong></span> <span class='ocrx_word' id='word_1_390' title='bbox 1477 2547 1527 2601; x_wconf 88' lang='lat' dir='ltr'><strong>Nil</strong></span> <span class='ocrx_word' id='word_1_391' title='bbox 1542 2547 1654 2601; x_wconf 89' lang='lat' dir='ltr'><strong>enimin</strong></span> <span class='ocrx_word' id='word_1_392' title='bbox 1666 2548 1710 2602; x_wconf 93' lang='lat' dir='ltr'><strong>his</strong></span> 
     </span>
     <span class='ocr_line' id='line_1_29' title="bbox 78 2626 1710 2702; baseline 0 -20"><span class='ocrx_word' id='word_1_393' title='bbox 78 2626 136 2682; x_wconf 90' lang='lat' dir='ltr'><strong>bile</strong></span> <span class='ocrx_word' id='word_1_394' title='bbox 147 2627 320 2698; x_wconf 79' lang='lat' dir='ltr'><strong>sumpserint</strong></span> <span class='ocrx_word' id='word_1_395' title='bbox 360 2626 504 2683; x_wconf 89' lang='lat' dir='ltr'><strong>Poliuntur</strong></span> <span class='ocrx_word' id='word_1_396' title='bbox 514 2628 626 2684; x_wconf 87' lang='lat' dir='ltr'><strong>fortasse</strong></span> <span class='ocrx_word' id='word_1_397' title='bbox 636 2644 831 2702; x_wconf 89' lang='lat' dir='ltr'><strong>nonnunquam</strong></span> <span class='ocrx_word' id='word_1_398' title='bbox 842 2630 878 2684; x_wconf 91' lang='lat' dir='ltr'><strong>ab</strong></span> <span class='ocrx_word' id='word_1_399' title='bbox 916 2645 1007 2685; x_wconf 88' lang='lat' dir='ltr'><strong>rerum</strong></span> <span class='ocrx_word' id='word_1_400' title='bbox 1020 2629 1200 2685; x_wconf 90' lang='lat' dir='ltr'><strong>humanarum</strong></span> <span class='ocrx_word' id='word_1_401' title='bbox 1218 2629 1351 2700; x_wconf 90' lang='lat' dir='ltr'><strong>angustiis</strong></span> <span class='ocrx_word' id='word_1_402' title='bbox 1365 2635 1411 2682; x_wconf 90' lang='lat' dir='ltr'><strong>aut</strong></span> <span class='ocrx_word' id='word_1_403' title='bbox 1432 2626 1467 2681; x_wconf 90' lang='lat' dir='ltr'><strong>ad</strong></span> <span class='ocrx_word' id='word_1_404' title='bbox 1489 2643 1608 2697; x_wconf 66' lang='lat' dir='ltr'><strong>praesens</strong></span> <span class='ocrx_word' id='word_1_405' title='bbox 1622 2630 1710 2698; x_wconf 84' lang='lat' dir='ltr'><strong>magis</strong></span> 
     </span>
     <span class='ocr_line' id='line_1_30' title="bbox 78 2705 1709 2780; baseline 0 -19"><span class='ocrx_word' id='word_1_406' title='bbox 78 2706 183 2777; x_wconf 87' lang='lat' dir='ltr'><strong>aliquo,</strong></span> <span class='ocrx_word' id='word_1_407' title='bbox 191 2705 404 2773; x_wconf 87' lang='lat' dir='ltr'><strong>etillustrantur,</strong></span> <span class='ocrx_word' id='word_1_408' title='bbox 412 2714 440 2761; x_wconf 92' lang='lat' dir='ltr'><strong>et</strong></span> <span class='ocrx_word' id='word_1_409' title='bbox 449 2708 692 2774; x_wconf 70' lang='lat' dir='ltr'><strong>accommodantia,</strong></span> <span class='ocrx_word' id='word_1_410' title='bbox 702 2708 778 2780; x_wconf 89' lang='lat' dir='ltr'><strong>(dum</strong></span> <span class='ocrx_word' id='word_1_411' title='bbox 786 2715 877 2765; x_wconf 87' lang='lat' dir='ltr'><strong>tamen</strong></span> <span class='ocrx_word' id='word_1_412' title='bbox 914 2708 1092 2780; x_wconf 89' lang='lat' dir='ltr'><strong>deploratum,</strong></span> <span class='ocrx_word' id='word_1_413' title='bbox 1114 2716 1161 2764; x_wconf 89' lang='lat' dir='ltr'><strong>aut</strong></span> <span class='ocrx_word' id='word_1_414' title='bbox 1183 2709 1352 2764; x_wconf 85' lang='lat' dir='ltr'><strong>infuturum</strong></span> <span class='ocrx_word' id='word_1_415' title='bbox 1372 2706 1462 2778; x_wconf 90' lang='lat' dir='ltr'><strong>magis</strong></span> <span class='ocrx_word' id='word_1_416' title='bbox 1483 2706 1636 2760; x_wconf 89' lang='lat' dir='ltr'><strong>ominosum</strong></span> <span class='ocrx_word' id='word_1_417' title='bbox 1660 2716 1709 2771; x_wconf 86' lang='lat' dir='ltr'><strong>est,</strong></span> 
     </span>
     <span class='ocr_line' id='line_1_31' title="bbox 79 2784 1710 2861; baseline 0.001 -22"><span class='ocrx_word' id='word_1_418' title='bbox 79 2786 192 2841; x_wconf 90' lang='lat' dir='ltr'><strong>interim</strong></span> <span class='ocrx_word' id='word_1_419' title='bbox 212 2785 249 2839; x_wconf 89' lang='lat' dir='ltr'><strong>ab</strong></span> <span class='ocrx_word' id='word_1_420' title='bbox 270 2785 385 2841; x_wconf 85' lang='lat' dir='ltr'><strong>infinitis</strong></span> <span class='ocrx_word' id='word_1_421' title='bbox 408 2786 567 2853; x_wconf 87' lang='lat' dir='ltr'><strong>lacerentur,</strong></span> <span class='ocrx_word' id='word_1_422' title='bbox 590 2792 617 2842; x_wconf 91' lang='lat' dir='ltr'><strong>et</strong></span> <span class='ocrx_word' id='word_1_423' title='bbox 637 2787 828 2855; x_wconf 81' lang='lat' dir='ltr'><strong>deformentur,</strong></span> <span class='ocrx_word' id='word_1_424' title='bbox 849 2797 877 2844; x_wconf 91' lang='lat' dir='ltr'><strong>et</strong></span> <span class='ocrx_word' id='word_1_425' title='bbox 916 2805 999 2860; x_wconf 90' lang='lat' dir='ltr'><strong>quam</strong></span> <span class='ocrx_word' id='word_1_426' title='bbox 1012 2789 1086 2861; x_wconf 87' lang='lat' dir='ltr'><strong>quod</strong></span> <span class='ocrx_word' id='word_1_427' title='bbox 1105 2788 1230 2844; x_wconf 90' lang='lat' dir='ltr'><strong>homines</strong></span> <span class='ocrx_word' id='word_1_428' title='bbox 1250 2788 1432 2860; x_wconf 89' lang='lat' dir='ltr'><strong>ignorantiam</strong></span> <span class='ocrx_word' id='word_1_429' title='bbox 1450 2785 1533 2840; x_wconf 89' lang='lat' dir='ltr'><strong>etiam</strong></span> <span class='ocrx_word' id='word_1_430' title='bbox 1552 2784 1710 2857; x_wconf 68' lang='lat' dir='ltr'><strong>ignominias</strong></span> 
     </span>
     <span class='ocr_line' id='line_1_32' title="bbox 78 2862 1710 2944; baseline 0.001 -25"><span class='ocrx_word' id='word_1_431' title='bbox 78 2862 278 2937; x_wconf 64' lang='lat' dir='ltr'><strong>inquinemus)</strong></span> <span class='ocrx_word' id='word_1_432' title='bbox 294 2865 342 2920; x_wconf 89' lang='lat' dir='ltr'><strong>sed</strong></span> <span class='ocrx_word' id='word_1_433' title='bbox 355 2872 490 2938; x_wconf 89' lang='lat' dir='ltr'><strong>utcunque</strong></span> <span class='ocrx_word' id='word_1_434' title='bbox 510 2883 565 2921; x_wconf 90' lang='lat' dir='ltr'><strong>non</strong></span> <span class='ocrx_word' id='word_1_435' title='bbox 585 2865 741 2933; x_wconf 88' lang='lat' dir='ltr'><strong>dilatantur,</strong></span> <span class='ocrx_word' id='word_1_436' title='bbox 756 2875 803 2923; x_wconf 90' lang='lat' dir='ltr'><strong>aut</strong></span> <span class='ocrx_word' id='word_1_437' title='bbox 821 2885 877 2924; x_wconf 89' lang='lat' dir='ltr'><strong>am·</strong></span> <span class='ocrx_word' id='word_1_438' title='bbox 915 2866 963 2944; x_wconf 88' lang='lat' dir='ltr'><strong>(ut</strong></span> <span class='ocrx_word' id='word_1_439' title='bbox 975 2885 1047 2924; x_wconf 88' lang='lat' dir='ltr'><strong>nunc</strong></span> <span class='ocrx_word' id='word_1_440' title='bbox 1060 2865 1105 2944; x_wconf 91' lang='lat' dir='ltr'><strong>tit)</strong></span> <span class='ocrx_word' id='word_1_441' title='bbox 1126 2870 1257 2933; x_wconf 75' lang='lat' dir='ltr'><strong>eximant,</strong></span> <span class='ocrx_word' id='word_1_442' title='bbox 1270 2876 1351 2941; x_wconf 87' lang='lat' dir='ltr'><strong>atque</strong></span> <span class='ocrx_word' id='word_1_443' title='bbox 1373 2866 1439 2921; x_wconf 88' lang='lat' dir='ltr'><strong>artis</strong></span> <span class='ocrx_word' id='word_1_444' title='bbox 1453 2882 1510 2920; x_wconf 86' lang='lat' dir='ltr'><strong>suae</strong></span> <span class='ocrx_word' id='word_1_445' title='bbox 1522 2865 1710 2920; x_wconf 81' lang='lat' dir='ltr'><strong>infirmitatem</strong></span> 
     </span>
     <span class='ocr_line' id='line_1_33' title="bbox 78 2944 1710 3018; baseline 0.001 -19"><span class='ocrx_word' id='word_1_446' title='bbox 78 2944 245 3016; x_wconf 82' lang='lat' dir='ltr'><strong>plificantur.</strong></span> <span class='ocrx_word' id='word_1_447' title='bbox 295 2946 329 3000; x_wconf 88' lang='lat' dir='ltr'><strong>In</strong></span> <span class='ocrx_word' id='word_1_448' title='bbox 352 2946 455 3001; x_wconf 88' lang='lat' dir='ltr'><strong>artibus</strong></span> <span class='ocrx_word' id='word_1_449' title='bbox 478 2953 570 3002; x_wconf 91' lang='lat' dir='ltr'><strong>autem</strong></span> <span class='ocrx_word' id='word_1_450' title='bbox 591 2947 758 3004; x_wconf 91' lang='lat' dir='ltr'><strong>mechanicis</strong></span> <span class='ocrx_word' id='word_1_451' title='bbox 781 2956 877 3005; x_wconf 91' lang='lat' dir='ltr'><strong>contra</strong></span> <span class='ocrx_word' id='word_1_452' title='bbox 914 2948 1060 3005; x_wconf 83' lang='lat' dir='ltr'><strong>innaturra</strong></span> <span class='ocrx_word' id='word_1_453' title='bbox 1073 2949 1237 3004; x_wconf 87' lang='lat' dir='ltr'><strong>calumniam</strong></span> <span class='ocrx_word' id='word_1_454' title='bbox 1251 2956 1371 3003; x_wconf 85' lang='lat' dir='ltr'><strong>vertant:</strong></span> <span class='ocrx_word' id='word_1_455' title='bbox 1399 2954 1428 3002; x_wconf 88' lang='lat' dir='ltr'><strong>et</strong></span> <span class='ocrx_word' id='word_1_456' title='bbox 1445 2945 1575 3018; x_wconf 89' lang='lat' dir='ltr'><strong>quicquid</strong></span> <span class='ocrx_word' id='word_1_457' title='bbox 1596 2962 1641 3000; x_wconf 91' lang='lat' dir='ltr'><strong>ars</strong></span> <span class='ocrx_word' id='word_1_458' title='bbox 1661 2945 1710 3001; x_wconf 87' lang='lat' dir='ltr'><strong>ills</strong></span> 
     </span>
     <span class='ocr_line' id='line_1_34' title="bbox 78 3024 1710 3100; baseline 0 -20"><span class='ocrx_word' id='word_1_459' title='bbox 78 3026 191 3080; x_wconf 84' lang='lat' dir='ltr'><strong>evenire</strong></span> <span class='ocrx_word' id='word_1_460' title='bbox 211 3024 352 3091; x_wconf 79' lang='lat' dir='ltr'><strong>videmus3</strong></span> <span class='ocrx_word' id='word_1_461' title='bbox 373 3044 434 3098; x_wconf 75' lang='lat' dir='ltr'><strong>qum</strong></span> <span class='ocrx_word' id='word_1_462' title='bbox 455 3033 487 3081; x_wconf 89' lang='lat' dir='ltr'><strong>ut</strong></span> <span class='ocrx_word' id='word_1_463' title='bbox 504 3027 601 3098; x_wconf 89' lang='lat' dir='ltr'><strong>spiritu</strong></span> <span class='ocrx_word' id='word_1_464' title='bbox 622 3027 740 3099; x_wconf 89' lang='lat' dir='ltr'><strong>quodam</strong></span> <span class='ocrx_word' id='word_1_465' title='bbox 762 3029 877 3099; x_wconf 80' lang='lat' dir='ltr'><strong>repletae</strong></span> <span class='ocrx_word' id='word_1_466' title='bbox 914 3045 964 3084; x_wconf 93' lang='lat' dir='ltr'><strong>sua</strong></span> <span class='ocrx_word' id='word_1_467' title='bbox 975 3045 1033 3084; x_wconf 89' lang='lat' dir='ltr'><strong>non</strong></span> <span class='ocrx_word' id='word_1_468' title='bbox 1046 3030 1164 3100; x_wconf 89' lang='lat' dir='ltr'><strong>attingit,</strong></span> <span class='ocrx_word' id='word_1_469' title='bbox 1182 3029 1210 3083; x_wconf 91' lang='lat' dir='ltr'><strong>id</strong></span> <span class='ocrx_word' id='word_1_470' title='bbox 1231 3046 1267 3083; x_wconf 87' lang='lat' dir='ltr'><strong>ex</strong></span> <span class='ocrx_word' id='word_1_471' title='bbox 1280 3027 1419 3083; x_wconf 87' lang='lat' dir='ltr'><strong>artescitu</strong></span> <span class='ocrx_word' id='word_1_472' title='bbox 1433 3034 1481 3081; x_wconf 88' lang='lat' dir='ltr'><strong>aut</strong></span> <span class='ocrx_word' id='word_1_473' title='bbox 1500 3026 1574 3080; x_wconf 89' lang='lat' dir='ltr'><strong>factu</strong></span> <span class='ocrx_word' id='word_1_474' title='bbox 1587 3025 1710 3095; x_wconf 86' lang='lat' dir='ltr'><strong>impossi-</strong></span> 
     </span>
     <span class='ocr_line' id='line_1_35' title="bbox 78 3106 1708 3181; baseline 0 -21"><span class='ocrx_word' id='word_1_475' title='bbox 78 3110 211 3177; x_wconf 82' lang='lat' dir='ltr'><strong>vegetant</strong></span> <span class='ocrx_word' id='word_1_476' title='bbox 224 3111 254 3159; x_wconf 89' lang='lat' dir='ltr'><strong>et</strong></span> <span class='ocrx_word' id='word_1_477' title='bbox 267 3112 398 3172; x_wconf 85' lang='lat' dir='ltr'><strong>crescunt,</strong></span> <span class='ocrx_word' id='word_1_478' title='bbox 409 3106 498 3176; x_wconf 88' lang='lat' dir='ltr'><strong>primo</strong></span> <span class='ocrx_word' id='word_1_479' title='bbox 511 3106 599 3172; x_wconf 90' lang='lat' dir='ltr'><strong>rudes,</strong></span> <span class='ocrx_word' id='word_1_480' title='bbox 610 3107 709 3163; x_wconf 90' lang='lat' dir='ltr'><strong>deinde</strong></span> <span class='ocrx_word' id='word_1_481' title='bbox 719 3109 875 3175; x_wconf 76' lang='lat' dir='ltr'><strong>commodas,</strong></span> <span class='ocrx_word' id='word_1_482' title='bbox 914 3108 970 3163; x_wconf 88' lang='lat' dir='ltr'><strong>bile</strong></span> <span class='ocrx_word' id='word_1_483' title='bbox 989 3117 1151 3181; x_wconf 76' lang='lat' dir='ltr'><strong>supponant</strong></span> <span class='ocrx_word' id='word_1_484' title='bbox 1192 3110 1291 3180; x_wconf 90' lang='lat' dir='ltr'><strong>Neque</strong></span> <span class='ocrx_word' id='word_1_485' title='bbox 1313 3124 1379 3163; x_wconf 90' lang='lat' dir='ltr'><strong>sane</strong></span> <span class='ocrx_word' id='word_1_486' title='bbox 1400 3106 1523 3160; x_wconf 89' lang='lat' dir='ltr'><strong>damnari</strong></span> <span class='ocrx_word' id='word_1_487' title='bbox 1546 3111 1635 3175; x_wconf 85' lang='lat' dir='ltr'><strong>potest</strong></span> <span class='ocrx_word' id='word_1_488' title='bbox 1656 3122 1708 3171; x_wconf 90' lang='lat' dir='ltr'><strong>ara,</strong></span> 
     </span>
     <span class='ocr_line' id='line_1_36' title="bbox 78 3184 1710 3260; baseline 0 -22"><span class='ocrx_word' id='word_1_489' title='bbox 78 3184 281 3255; x_wconf 82' lang='lat' dir='ltr'><strong>postexcultoe,</strong></span> <span class='ocrx_word' id='word_1_490' title='bbox 295 3184 344 3239; x_wconf 87' lang='lat' dir='ltr'><strong>sed</strong></span> <span class='ocrx_word' id='word_1_491' title='bbox 356 3192 488 3256; x_wconf 89' lang='lat' dir='ltr'><strong>perpetuo</strong></span> <span class='ocrx_word' id='word_1_492' title='bbox 501 3192 602 3241; x_wconf 81' lang='lat' dir='ltr'><strong>auctae:</strong></span> <span class='ocrx_word' id='word_1_493' title='bbox 633 3186 816 3260; x_wconf 77' lang='lat' dir='ltr'><strong>philosophice</strong></span> <span class='ocrx_word' id='word_1_494' title='bbox 830 3205 876 3244; x_wconf 89' lang='lat' dir='ltr'><strong>au·</strong></span> <span class='ocrx_word' id='word_1_495' title='bbox 914 3203 976 3242; x_wconf 91' lang='lat' dir='ltr'><strong>cum</strong></span> <span class='ocrx_word' id='word_1_496' title='bbox 990 3189 1050 3259; x_wconf 89' lang='lat' dir='ltr'><strong>ipsa</strong></span> <span class='ocrx_word' id='word_1_497' title='bbox 1062 3188 1182 3257; x_wconf 70' lang='lat' dir='ltr'><strong>judicet,</strong></span> <span class='ocrx_word' id='word_1_498' title='bbox 1211 3204 1248 3243; x_wconf 88' lang='lat' dir='ltr'><strong>ex</strong></span> <span class='ocrx_word' id='word_1_499' title='bbox 1260 3188 1313 3243; x_wconf 92' lang='lat' dir='ltr'><strong>hoc</strong></span> <span class='ocrx_word' id='word_1_500' title='bbox 1328 3187 1402 3242; x_wconf 91' lang='lat' dir='ltr'><strong>fonte</strong></span> <span class='ocrx_word' id='word_1_501' title='bbox 1417 3185 1491 3241; x_wconf 85' lang='lat' dir='ltr'><strong>haud</strong></span> <span class='ocrx_word' id='word_1_502' title='bbox 1505 3201 1605 3254; x_wconf 89' lang='lat' dir='ltr'><strong>paucas</strong></span> <span class='ocrx_word' id='word_1_503' title='bbox 1623 3185 1710 3254; x_wconf 83' lang='lat' dir='ltr'><strong>opini-</strong></span> 
     </span>
     <span class='ocr_line' id='line_1_37' title="bbox 78 3264 1709 3338; baseline -0.001 -19"><span class='ocrx_word' id='word_1_504' title='bbox 78 3272 136 3319; x_wconf 84' lang='lat' dir='ltr'><strong>tem</strong></span> <span class='ocrx_word' id='word_1_505' title='bbox 149 3271 179 3319; x_wconf 90' lang='lat' dir='ltr'><strong>et</strong></span> <span class='ocrx_word' id='word_1_506' title='bbox 193 3264 314 3319; x_wconf 76' lang='lat' dir='ltr'><strong>scientim</strong></span> <span class='ocrx_word' id='word_1_507' title='bbox 327 3264 489 3331; x_wconf 89' lang='lat' dir='ltr'><strong>intellectus,</strong></span> <span class='ocrx_word' id='word_1_508' title='bbox 504 3273 655 3321; x_wconf 86' lang='lat' dir='ltr'><strong>statuarum</strong></span> <span class='ocrx_word' id='word_1_509' title='bbox 667 3283 750 3331; x_wconf 89' lang='lat' dir='ltr'><strong>more,</strong></span> <span class='ocrx_word' id='word_1_510' title='bbox 765 3269 877 3324; x_wconf 89' lang='lat' dir='ltr'><strong>adoran-</strong></span> <span class='ocrx_word' id='word_1_511' title='bbox 915 3283 981 3322; x_wconf 90' lang='lat' dir='ltr'><strong>ones</strong></span> <span class='ocrx_word' id='word_1_512' title='bbox 994 3275 1023 3323; x_wconf 88' lang='lat' dir='ltr'><strong>et</strong></span> <span class='ocrx_word' id='word_1_513' title='bbox 1034 3268 1135 3338; x_wconf 89' lang='lat' dir='ltr'><strong>placita</strong></span> <span class='ocrx_word' id='word_1_514' title='bbox 1155 3269 1183 3322; x_wconf 93' lang='lat' dir='ltr'><strong>iu</strong></span> <span class='ocrx_word' id='word_1_515' title='bbox 1197 3266 1373 3338; x_wconf 88' lang='lat' dir='ltr'><strong>philosophia</strong></span> <span class='ocrx_word' id='word_1_516' title='bbox 1394 3265 1544 3336; x_wconf 89' lang='lat' dir='ltr'><strong>reperiatis,</strong></span> <span class='ocrx_word' id='word_1_517' title='bbox 1558 3281 1619 3336; x_wconf 76' lang='lat' dir='ltr'><strong>quaa</strong></span> <span class='ocrx_word' id='word_1_518' title='bbox 1638 3265 1709 3319; x_wconf 91' lang='lat' dir='ltr'><strong>nihil</strong></span> 
     </span>
     <span class='ocr_line' id='line_1_38' title="bbox 77 3343 1708 3419; baseline 0.001 -21"><span class='ocrx_word' id='word_1_519' title='bbox 77 3349 122 3399; x_wconf 87' lang='lat' dir='ltr'><strong>tur</strong></span> <span class='ocrx_word' id='word_1_520' title='bbox 141 3351 171 3399; x_wconf 91' lang='lat' dir='ltr'><strong>et</strong></span> <span class='ocrx_word' id='word_1_521' title='bbox 187 3343 368 3410; x_wconf 88' lang='lat' dir='ltr'><strong>celebrantur,</strong></span> <span class='ocrx_word' id='word_1_522' title='bbox 387 3344 436 3400; x_wconf 85' lang='lat' dir='ltr'><strong>sed</strong></span> <span class='ocrx_word' id='word_1_523' title='bbox 456 3361 511 3399; x_wconf 91' lang='lat' dir='ltr'><strong>non</strong></span> <span class='ocrx_word' id='word_1_524' title='bbox 531 3354 681 3401; x_wconf 85' lang='lat' dir='ltr'><strong>morentur.</strong></span> <span class='ocrx_word' id='word_1_525' title='bbox 721 3347 875 3408; x_wconf 86' lang='lat' dir='ltr'><strong>Quinetiam</strong></span> <span class='ocrx_word' id='word_1_526' title='bbox 914 3345 996 3413; x_wconf 89' lang='lat' dir='ltr'><strong>aliud,</strong></span> <span class='ocrx_word' id='word_1_527' title='bbox 1012 3363 1093 3419; x_wconf 86' lang='lat' dir='ltr'><strong>quam</strong></span> <span class='ocrx_word' id='word_1_528' title='bbox 1115 3348 1256 3419; x_wconf 78' lang='lat' dir='ltr'><strong>quaesitam</strong></span> <span class='ocrx_word' id='word_1_529' title='bbox 1277 3349 1366 3410; x_wconf 90' lang='lat' dir='ltr'><strong>istam,</strong></span> <span class='ocrx_word' id='word_1_530' title='bbox 1387 3354 1414 3400; x_wconf 94' lang='lat' dir='ltr'><strong>et</strong></span> <span class='ocrx_word' id='word_1_531' title='bbox 1435 3344 1618 3408; x_wconf 87' lang='lat' dir='ltr'><strong>artificiosam,</strong></span> <span class='ocrx_word' id='word_1_532' title='bbox 1632 3352 1659 3399; x_wconf 90' lang='lat' dir='ltr'><strong>et</strong></span> <span class='ocrx_word' id='word_1_533' title='bbox 1679 3346 1708 3399; x_wconf 94' lang='lat' dir='ltr'><strong>in</strong></span> 
     </span>
     <span class='ocr_line' id='line_1_39' title="bbox 76 3422 1709 3498; baseline 0 -20"><span class='ocrx_word' id='word_1_534' title='bbox 76 3422 105 3478; x_wconf 90' lang='lat' dir='ltr'><strong>in</strong></span> <span class='ocrx_word' id='word_1_535' title='bbox 124 3422 217 3493; x_wconf 89' lang='lat' dir='ltr'><strong>primo</strong></span> <span class='ocrx_word' id='word_1_536' title='bbox 229 3439 423 3495; x_wconf 88' lang='lat' dir='ltr'><strong>nonnunquam</strong></span> <span class='ocrx_word' id='word_1_537' title='bbox 442 3431 551 3480; x_wconf 88' lang='lat' dir='ltr'><strong>auctore</strong></span> <span class='ocrx_word' id='word_1_538' title='bbox 569 3425 688 3480; x_wconf 85' lang='lat' dir='ltr'><strong>maxime</strong></span> <span class='ocrx_word' id='word_1_539' title='bbox 705 3426 818 3483; x_wconf 85' lang='lat' dir='ltr'><strong>florent:</strong></span> <span class='ocrx_word' id='word_1_540' title='bbox 849 3436 877 3483; x_wconf 90' lang='lat' dir='ltr'><strong>et</strong></span> <span class='ocrx_word' id='word_1_541' title='bbox 914 3427 1109 3498; x_wconf 86' lang='lat' dir='ltr'><strong>cognoscendo,</strong></span> <span class='ocrx_word' id='word_1_542' title='bbox 1124 3434 1151 3482; x_wconf 93' lang='lat' dir='ltr'><strong>et</strong></span> <span class='ocrx_word' id='word_1_543' title='bbox 1165 3427 1194 3481; x_wconf 92' lang='lat' dir='ltr'><strong>in</strong></span> <span class='ocrx_word' id='word_1_544' title='bbox 1207 3426 1345 3498; x_wconf 88' lang='lat' dir='ltr'><strong>operando</strong></span> <span class='ocrx_word' id='word_1_545' title='bbox 1359 3424 1582 3495; x_wconf 87' lang='lat' dir='ltr'><strong>desperationem,</strong></span> <span class='ocrx_word' id='word_1_546' title='bbox 1596 3424 1631 3478; x_wconf 93' lang='lat' dir='ltr'><strong>ad</strong></span> <span class='ocrx_word' id='word_1_547' title='bbox 1644 3425 1709 3478; x_wconf 84' lang='lat' dir='ltr'><strong>artis</strong></span> 
     </span>
     <span class='ocr_line' id='line_1_40' title="bbox 75 3501 1707 3578; baseline 0 -20"><span class='ocrx_word' id='word_1_548' title='bbox 75 3502 209 3573; x_wconf 85' lang='lat' dir='ltr'><strong>deinceps</strong></span> <span class='ocrx_word' id='word_1_549' title='bbox 219 3501 364 3567; x_wconf 87' lang='lat' dir='ltr'><strong>declinant,</strong></span> <span class='ocrx_word' id='word_1_550' title='bbox 378 3511 407 3558; x_wconf 89' lang='lat' dir='ltr'><strong>et</strong></span> <span class='ocrx_word' id='word_1_551' title='bbox 420 3511 589 3559; x_wconf 84' lang='lat' dir='ltr'><strong>exarescant.</strong></span> <span class='ocrx_word' id='word_1_552' title='bbox 914 3506 996 3561; x_wconf 89' lang='lat' dir='ltr'><strong>decus</strong></span> <span class='ocrx_word' id='word_1_553' title='bbox 1009 3515 1038 3561; x_wconf 89' lang='lat' dir='ltr'><strong>et</strong></span> <span class='ocrx_word' id='word_1_554' title='bbox 1056 3507 1172 3578; x_wconf 87' lang='lat' dir='ltr'><strong>gloriam</strong></span> <span class='ocrx_word' id='word_1_555' title='bbox 1189 3507 1372 3577; x_wconf 88' lang='lat' dir='ltr'><strong>perditissimo</strong></span> <span class='ocrx_word' id='word_1_556' title='bbox 1394 3505 1446 3559; x_wconf 89' lang='lat' dir='ltr'><strong>hoc</strong></span> <span class='ocrx_word' id='word_1_557' title='bbox 1469 3504 1550 3558; x_wconf 91' lang='lat' dir='ltr'><strong>modo</strong></span> <span class='ocrx_word' id='word_1_558' title='bbox 1571 3503 1707 3569; x_wconf 87' lang='lat' dir='ltr'><strong>tuendum,</strong></span> 
     </span>
     <span class='ocr_line' id='line_1_41' title="bbox 115 3582 1635 3656; baseline 0 -18"><span class='ocrx_word' id='word_1_559' title='bbox 115 3582 219 3654; x_wconf 87' lang='lat' dir='ltr'><strong>Neque</strong></span> <span class='ocrx_word' id='word_1_560' title='bbox 240 3599 305 3637; x_wconf 81' lang='lat' dir='ltr'><strong>vero</strong></span> <span class='ocrx_word' id='word_1_561' title='bbox 318 3583 417 3638; x_wconf 90' lang='lat' dir='ltr'><strong>mirum</strong></span> <span class='ocrx_word' id='word_1_562' title='bbox 431 3591 473 3638; x_wconf 91' lang='lat' dir='ltr'><strong>est</strong></span> <span class='ocrx_word' id='word_1_563' title='bbox 485 3584 538 3638; x_wconf 86' lang='lat' dir='ltr'><strong>ista</strong></span> <span class='ocrx_word' id='word_1_564' title='bbox 553 3584 709 3639; x_wconf 91' lang='lat' dir='ltr'><strong>discrimina</strong></span> <span class='ocrx_word' id='word_1_565' title='bbox 732 3585 802 3641; x_wconf 90' lang='lat' dir='ltr'><strong>inter</strong></span> <span class='ocrx_word' id='word_1_566' title='bbox 818 3604 875 3641; x_wconf 90' lang='lat' dir='ltr'><strong>me·</strong></span> <span class='ocrx_word' id='word_1_567' title='bbox 914 3585 1022 3656; x_wconf 89' lang='lat' dir='ltr'><strong>sapiant</strong></span> <span class='ocrx_word' id='word_1_568' title='bbox 1036 3594 1062 3640; x_wconf 88' lang='lat' dir='ltr'><strong>et</strong></span> <span class='ocrx_word' id='word_1_569' title='bbox 1075 3586 1191 3641; x_wconf 83' lang='lat' dir='ltr'><strong>foveant</strong></span> <span class='ocrx_word' id='word_1_570' title='bbox 1632 3631 1635 3638; x_wconf 89' lang='lat'><strong>.</strong></span> 
     </span>
     <span class='ocr_line' id='line_1_42' title="bbox 74 3661 1707 3735; baseline 0 -18"><span class='ocrx_word' id='word_1_571' title='bbox 74 3661 225 3717; x_wconf 90' lang='lat' dir='ltr'><strong>chanicam</strong></span> <span class='ocrx_word' id='word_1_572' title='bbox 251 3669 279 3717; x_wconf 86' lang='lat' dir='ltr'><strong>et</strong></span> <span class='ocrx_word' id='word_1_573' title='bbox 306 3661 511 3734; x_wconf 89' lang='lat' dir='ltr'><strong>philosophiam</strong></span> <span class='ocrx_word' id='word_1_574' title='bbox 534 3664 663 3735; x_wconf 90' lang='lat' dir='ltr'><strong>conspici,</strong></span> <span class='ocrx_word' id='word_1_575' title='bbox 687 3681 749 3720; x_wconf 88' lang='lat' dir='ltr'><strong>cum</strong></span> <span class='ocrx_word' id='word_1_576' title='bbox 772 3665 801 3720; x_wconf 92' lang='lat' dir='ltr'><strong>in</strong></span> <span class='ocrx_word' id='word_1_577' title='bbox 827 3667 876 3721; x_wconf 89' lang='lat' dir='ltr'><strong>illa</strong></span> <span class='ocrx_word' id='word_1_578' title='bbox 956 3665 1029 3720; x_wconf 84' lang='lat' dir='ltr'><strong>Hinc</strong></span> <span class='ocrx_word' id='word_1_579' title='bbox 1055 3665 1149 3720; x_wconf 89' lang='lat' dir='ltr'><strong>schola</strong></span> <span class='ocrx_word' id='word_1_580' title='bbox 1175 3664 1348 3732; x_wconf 83' lang='lat' dir='ltr'><strong>Academica,</strong></span> <span class='ocrx_word' id='word_1_581' title='bbox 1372 3681 1432 3735; x_wconf 79' lang='lat' dir='ltr'><strong>quae</strong></span> <span class='ocrx_word' id='word_1_582' title='bbox 1455 3663 1648 3733; x_wconf 90' lang='lat' dir='ltr'><strong>acatalepsiam</strong></span> <span class='ocrx_word' id='word_1_583' title='bbox 1672 3681 1707 3717; x_wconf 85' lang='lat' dir='ltr'><strong>ex</strong></span> 
     </span>
     <span class='ocr_line' id='line_1_43' title="bbox 75 3740 1707 3816; baseline 0 -19"><span class='ocrx_word' id='word_1_584' title='bbox 75 3740 251 3813; x_wconf 85' lang='lat' dir='ltr'><strong>singulorum</strong></span> <span class='ocrx_word' id='word_1_585' title='bbox 260 3742 372 3814; x_wconf 90' lang='lat' dir='ltr'><strong>ingenis</strong></span> <span class='ocrx_word' id='word_1_586' title='bbox 381 3742 551 3808; x_wconf 89' lang='lat' dir='ltr'><strong>misceantur,</strong></span> <span class='ocrx_word' id='word_1_587' title='bbox 563 3743 592 3798; x_wconf 93' lang='lat' dir='ltr'><strong>in</strong></span> <span class='ocrx_word' id='word_1_588' title='bbox 605 3744 659 3798; x_wconf 91' lang='lat' dir='ltr'><strong>hac</strong></span> <span class='ocrx_word' id='word_1_589' title='bbox 670 3754 877 3816; x_wconf 88' lang='lat' dir='ltr'><strong>corrumpantur</strong></span> <span class='ocrx_word' id='word_1_590' title='bbox 915 3744 1037 3815; x_wconf 86' lang='lat' dir='ltr'><strong>professo</strong></span> <span class='ocrx_word' id='word_1_591' title='bbox 1051 3746 1145 3809; x_wconf 91' lang='lat' dir='ltr'><strong>tenuit,</strong></span> <span class='ocrx_word' id='word_1_592' title='bbox 1160 3751 1189 3799; x_wconf 88' lang='lat' dir='ltr'><strong>et</strong></span> <span class='ocrx_word' id='word_1_593' title='bbox 1202 3743 1327 3798; x_wconf 86' lang='lat' dir='ltr'><strong>homines</strong></span> <span class='ocrx_word' id='word_1_594' title='bbox 1339 3744 1375 3797; x_wconf 87' lang='lat' dir='ltr'><strong>ad</strong></span> <span class='ocrx_word' id='word_1_595' title='bbox 1388 3743 1567 3814; x_wconf 87' lang='lat' dir='ltr'><strong>sempiternas</strong></span> <span class='ocrx_word' id='word_1_596' title='bbox 1581 3743 1707 3797; x_wconf 90' lang='lat' dir='ltr'><strong>tenebras</strong></span> 
     </span>
     <span class='ocr_line' id='line_1_44' title="bbox 75 3822 1707 3895; baseline -0.001 -18"><span class='ocrx_word' id='word_1_597' title='bbox 75 3828 106 3877; x_wconf 89' lang='lat' dir='ltr'><strong>et</strong></span> <span class='ocrx_word' id='word_1_598' title='bbox 114 3822 300 3877; x_wconf 90' lang='lat' dir='ltr'><strong>destruantur.</strong></span> <span class='ocrx_word' id='word_1_599' title='bbox 342 3822 525 3895; x_wconf 89' lang='lat' dir='ltr'><strong>Quodsiquis</strong></span> <span class='ocrx_word' id='word_1_600' title='bbox 535 3823 683 3890; x_wconf 82' lang='lat' dir='ltr'><strong>existimet,</strong></span> <span class='ocrx_word' id='word_1_601' title='bbox 694 3824 875 3891; x_wconf 89' lang='lat' dir='ltr'><strong>scientiarum,</strong></span> <span class='ocrx_word' id='word_1_602' title='bbox 915 3824 1060 3878; x_wconf 86' lang='lat' dir='ltr'><strong>damnarit.</strong></span> <span class='ocrx_word' id='word_1_603' title='bbox 1095 3824 1168 3878; x_wconf 87' lang='lat' dir='ltr'><strong>Hinc</strong></span> <span class='ocrx_word' id='word_1_604' title='bbox 1176 3824 1275 3894; x_wconf 91' lang='lat' dir='ltr'><strong>opinio,</strong></span> <span class='ocrx_word' id='word_1_605' title='bbox 1284 3824 1356 3895; x_wconf 90' lang='lat' dir='ltr'><strong>quod</strong></span> <span class='ocrx_word' id='word_1_606' title='bbox 1366 3824 1460 3878; x_wconf 83' lang='lat' dir='ltr'><strong>formae</strong></span> <span class='ocrx_word' id='word_1_607' title='bbox 1471 3823 1527 3876; x_wconf 86' lang='lat' dir='ltr'><strong>sive</strong></span> <span class='ocrx_word' id='word_1_608' title='bbox 1536 3839 1608 3877; x_wconf 86' lang='lat' dir='ltr'><strong>verae</strong></span> <span class='ocrx_word' id='word_1_609' title='bbox 1617 3839 1707 3876; x_wconf 87' lang='lat' dir='ltr'><strong>rerum</strong></span> 
     </span>
     <span class='ocr_line' id='line_1_45' title="bbox 74 3897 1707 3976; baseline -0.001 -21"><span class='ocrx_word' id='word_1_610' title='bbox 74 3909 105 3956; x_wconf 94' lang='lat' dir='ltr'><strong>ut</strong></span> <span class='ocrx_word' id='word_1_611' title='bbox 128 3917 223 3956; x_wconf 87' lang='lat' dir='ltr'><strong>reram</strong></span> <span class='ocrx_word' id='word_1_612' title='bbox 246 3909 411 3968; x_wconf 76' lang='lat' dir='ltr'><strong>crateramm,</strong></span> <span class='ocrx_word' id='word_1_613' title='bbox 430 3919 490 3957; x_wconf 88' lang='lat' dir='ltr'><strong>esse</strong></span> <span class='ocrx_word' id='word_1_614' title='bbox 512 3904 647 3973; x_wconf 89' lang='lat' dir='ltr'><strong>quendam</strong></span> <span class='ocrx_word' id='word_1_615' title='bbox 671 3911 779 3970; x_wconf 91' lang='lat' dir='ltr'><strong>statum,</strong></span> <span class='ocrx_word' id='word_1_616' title='bbox 796 3904 876 3976; x_wconf 90' lang='lat' dir='ltr'><strong>idque</strong></span> <span class='ocrx_word' id='word_1_617' title='bbox 914 3903 1074 3959; x_wconf 81' lang='lat' dir='ltr'><strong>differentiae</strong></span> <span class='ocrx_word' id='word_1_618' title='bbox 1094 3904 1207 3958; x_wconf 81' lang='lat' dir='ltr'><strong>inventu</strong></span> <span class='ocrx_word' id='word_1_619' title='bbox 1228 3902 1410 3972; x_wconf 85' lang='lat' dir='ltr'><strong>impossibiles</strong></span> <span class='ocrx_word' id='word_1_620' title='bbox 1424 3909 1504 3967; x_wconf 78' lang='lat' dir='ltr'><strong>sunt3</strong></span> <span class='ocrx_word' id='word_1_621' title='bbox 1534 3909 1563 3955; x_wconf 91' lang='lat' dir='ltr'><strong>ut</strong></span> <span class='ocrx_word' id='word_1_622' title='bbox 1583 3897 1707 3955; x_wconf 79' lang='lat' dir='ltr'><strong>homines</strong></span> 
     </span>
     <span class='ocr_line' id='line_1_46' title="bbox 74 3980 1707 4054; baseline -0.001 -19"><span class='ocrx_word' id='word_1_623' title='bbox 74 3980 136 4036; x_wconf 83' lang='lat' dir='ltr'><strong>fere</strong></span> <span class='ocrx_word' id='word_1_624' title='bbox 150 3981 182 4034; x_wconf 91' lang='lat' dir='ltr'><strong>in</strong></span> <span class='ocrx_word' id='word_1_625' title='bbox 195 3988 303 4051; x_wconf 86' lang='lat' dir='ltr'><strong>tempus</strong></span> <span class='ocrx_word' id='word_1_626' title='bbox 316 3981 396 4036; x_wconf 89' lang='lat' dir='ltr'><strong>unius</strong></span> <span class='ocrx_word' id='word_1_627' title='bbox 409 3982 527 4036; x_wconf 89' lang='lat' dir='ltr'><strong>auctoris</strong></span> <span class='ocrx_word' id='word_1_628' title='bbox 540 3983 668 4047; x_wconf 88' lang='lat' dir='ltr'><strong>incidere,</strong></span> <span class='ocrx_word' id='word_1_629' title='bbox 683 3984 730 4054; x_wconf 90' lang='lat' dir='ltr'><strong>qui</strong></span> <span class='ocrx_word' id='word_1_630' title='bbox 744 3983 877 4039; x_wconf 89' lang='lat' dir='ltr'><strong>beneficio</strong></span> <span class='ocrx_word' id='word_1_631' title='bbox 914 3983 943 4037; x_wconf 94' lang='lat' dir='ltr'><strong>in</strong></span> <span class='ocrx_word' id='word_1_632' title='bbox 958 3984 1034 4038; x_wconf 88' lang='lat' dir='ltr'><strong>atriis</strong></span> <span class='ocrx_word' id='word_1_633' title='bbox 1047 3990 1152 4038; x_wconf 68' lang='lat' dir='ltr'><strong>naturas</strong></span> <span class='ocrx_word' id='word_1_634' title='bbox 1164 3989 1299 4053; x_wconf 90' lang='lat' dir='ltr'><strong>perpetuo</strong></span> <span class='ocrx_word' id='word_1_635' title='bbox 1312 3981 1495 4044; x_wconf 88' lang='lat' dir='ltr'><strong>obambulent,</strong></span> <span class='ocrx_word' id='word_1_636' title='bbox 1510 3998 1559 4035; x_wconf 92' lang='lat' dir='ltr'><strong>nec</strong></span> <span class='ocrx_word' id='word_1_637' title='bbox 1574 3982 1644 4035; x_wconf 89' lang='lat' dir='ltr'><strong>intra</strong></span> <span class='ocrx_word' id='word_1_638' title='bbox 1658 3998 1707 4050; x_wconf 90' lang='lat' dir='ltr'><strong>pa-</strong></span> 
     </span>
     <span class='ocr_line' id='line_1_47' title="bbox 73 4059 1707 4133; baseline 0.001 -19"><span class='ocrx_word' id='word_1_639' title='bbox 73 4059 209 4131; x_wconf 86' lang='lat' dir='ltr'><strong>temporis</strong></span> <span class='ocrx_word' id='word_1_640' title='bbox 222 4077 295 4126; x_wconf 91' lang='lat' dir='ltr'><strong>usus,</strong></span> <span class='ocrx_word' id='word_1_641' title='bbox 310 4069 406 4116; x_wconf 79' lang='lat' dir='ltr'><strong>atsuoe</strong></span> <span class='ocrx_word' id='word_1_642' title='bbox 420 4062 507 4116; x_wconf 79' lang='lat' dir='ltr'><strong>aetatis</strong></span> <span class='ocrx_word' id='word_1_643' title='bbox 521 4062 656 4133; x_wconf 89' lang='lat' dir='ltr'><strong>princeps,</strong></span> <span class='ocrx_word' id='word_1_644' title='bbox 670 4063 800 4133; x_wconf 88' lang='lat' dir='ltr'><strong>inspectis</strong></span> <span class='ocrx_word' id='word_1_645' title='bbox 813 4064 877 4119; x_wconf 90' lang='lat' dir='ltr'><strong>reli·</strong></span> <span class='ocrx_word' id='word_1_646' title='bbox 915 4062 1010 4117; x_wconf 92' lang='lat' dir='ltr'><strong>latium</strong></span> <span class='ocrx_word' id='word_1_647' title='bbox 1024 4063 1128 4117; x_wconf 89' lang='lat' dir='ltr'><strong>aditum</strong></span> <span class='ocrx_word' id='word_1_648' title='bbox 1142 4062 1195 4115; x_wconf 88' lang='lat' dir='ltr'><strong>sibi</strong></span> <span class='ocrx_word' id='word_1_649' title='bbox 1208 4062 1339 4116; x_wconf 87' lang='lat' dir='ltr'><strong>muniant.</strong></span> <span class='ocrx_word' id='word_1_650' title='bbox 1388 4061 1461 4115; x_wconf 87' lang='lat' dir='ltr'><strong>Hinc</strong></span> <span class='ocrx_word' id='word_1_651' title='bbox 1484 4061 1634 4130; x_wconf 89' lang='lat' dir='ltr'><strong>positiones</strong></span> <span class='ocrx_word' id='word_1_652' title='bbox 1652 4060 1707 4115; x_wconf 76' lang='lat' dir='ltr'><strong>illm</strong></span> 
     </span>
     <span class='ocr_line' id='line_1_48' title="bbox 74 4139 1708 4213; baseline -0.001 -19"><span class='ocrx_word' id='word_1_653' title='bbox 74 4140 140 4211; x_wconf 88' lang='lat' dir='ltr'><strong>quis</strong></span> <span class='ocrx_word' id='word_1_654' title='bbox 154 4139 331 4211; x_wconf 88' lang='lat' dir='ltr'><strong>scriptoribus</strong></span> <span class='ocrx_word' id='word_1_655' title='bbox 342 4148 371 4194; x_wconf 88' lang='lat' dir='ltr'><strong>et</strong></span> <span class='ocrx_word' id='word_1_656' title='bbox 381 4140 517 4209; x_wconf 83' lang='lat' dir='ltr'><strong>judicatis,</strong></span> <span class='ocrx_word' id='word_1_657' title='bbox 530 4142 657 4196; x_wconf 89' lang='lat' dir='ltr'><strong>scientias</strong></span> <span class='ocrx_word' id='word_1_658' title='bbox 672 4143 746 4213; x_wconf 92' lang='lat' dir='ltr'><strong>ipsas</strong></span> <span class='ocrx_word' id='word_1_659' title='bbox 757 4143 878 4199; x_wconf 87' lang='lat' dir='ltr'><strong>absolvat</strong></span> <span class='ocrx_word' id='word_1_660' title='bbox 914 4141 1116 4206; x_wconf 75' lang='lat' dir='ltr'><strong>infirmissima,</strong></span> <span class='ocrx_word' id='word_1_661' title='bbox 1134 4141 1252 4196; x_wconf 88' lang='lat' dir='ltr'><strong>calorem</strong></span> <span class='ocrx_word' id='word_1_662' title='bbox 1268 4141 1334 4196; x_wconf 89' lang='lat' dir='ltr'><strong>solis</strong></span> <span class='ocrx_word' id='word_1_663' title='bbox 1348 4149 1377 4196; x_wconf 90' lang='lat' dir='ltr'><strong>et</strong></span> <span class='ocrx_word' id='word_1_664' title='bbox 1390 4140 1462 4211; x_wconf 81' lang='lat' dir='ltr'><strong>ignis</strong></span> <span class='ocrx_word' id='word_1_665' title='bbox 1477 4147 1532 4193; x_wconf 92' lang='lat' dir='ltr'><strong>toto</strong></span> <span class='ocrx_word' id='word_1_666' title='bbox 1545 4157 1645 4210; x_wconf 88' lang='lat' dir='ltr'><strong>genere</strong></span> <span class='ocrx_word' id='word_1_667' title='bbox 1659 4140 1708 4193; x_wconf 84' lang='lat' dir='ltr'><strong>dif-</strong></span> 
     </span>
     <span class='ocr_line' id='line_1_49' title="bbox 74 4219 1707 4293; baseline 0 -19"><span class='ocrx_word' id='word_1_668' title='bbox 74 4227 104 4274; x_wconf 89' lang='lat' dir='ltr'><strong>et</strong></span> <span class='ocrx_word' id='word_1_669' title='bbox 117 4219 258 4290; x_wconf 58' lang='lat' dir='ltr'><strong>perficiam</strong></span> <span class='ocrx_word' id='word_1_670' title='bbox 280 4219 352 4291; x_wconf 91' lang='lat' dir='ltr'><strong>quod</strong></span> <span class='ocrx_word' id='word_1_671' title='bbox 366 4226 510 4292; x_wconf 90' lang='lat' dir='ltr'><strong>postquam</strong></span> <span class='ocrx_word' id='word_1_672' title='bbox 524 4221 625 4277; x_wconf 89' lang='lat' dir='ltr'><strong>factum</strong></span> <span class='ocrx_word' id='word_1_673' title='bbox 635 4222 677 4286; x_wconf 92' lang='lat' dir='ltr'><strong>sit,</strong></span> <span class='ocrx_word' id='word_1_674' title='bbox 689 4222 812 4290; x_wconf 87' lang='lat' dir='ltr'><strong>juniores</strong></span> <span class='ocrx_word' id='word_1_675' title='bbox 825 4224 876 4278; x_wconf 90' lang='lat' dir='ltr'><strong>rite</strong></span> <span class='ocrx_word' id='word_1_676' title='bbox 915 4222 993 4288; x_wconf 88' lang='lat' dir='ltr'><strong>ferre,</strong></span> <span class='ocrx_word' id='word_1_677' title='bbox 1004 4229 1086 4293; x_wconf 88' lang='lat' dir='ltr'><strong>atque</strong></span> <span class='ocrx_word' id='word_1_678' title='bbox 1097 4221 1321 4291; x_wconf 88' lang='lat' dir='ltr'><strong>compositionem</strong></span> <span class='ocrx_word' id='word_1_679' title='bbox 1332 4238 1400 4292; x_wconf 90' lang='lat' dir='ltr'><strong>opus</strong></span> <span class='ocrx_word' id='word_1_680' title='bbox 1413 4220 1540 4284; x_wconf 91' lang='lat' dir='ltr'><strong>hominis,</strong></span> <span class='ocrx_word' id='word_1_681' title='bbox 1553 4220 1707 4274; x_wconf 91' lang='lat' dir='ltr'><strong>mistionem</strong></span> 
     </span>
     <span class='ocr_line' id='line_1_50' title="bbox 75 4298 1708 4372; baseline -0.001 -19"><span class='ocrx_word' id='word_1_682' title='bbox 75 4298 187 4370; x_wconf 87' lang='lat' dir='ltr'><strong>palmas</strong></span> <span class='ocrx_word' id='word_1_683' title='bbox 200 4299 333 4354; x_wconf 86' lang='lat' dir='ltr'><strong>secundas</strong></span> <span class='ocrx_word' id='word_1_684' title='bbox 346 4307 437 4370; x_wconf 90' lang='lat' dir='ltr'><strong>petere</strong></span> <span class='ocrx_word' id='word_1_685' title='bbox 452 4306 482 4354; x_wconf 93' lang='lat' dir='ltr'><strong>ut</strong></span> <span class='ocrx_word' id='word_1_686' title='bbox 494 4299 650 4369; x_wconf 85' lang='lat' dir='ltr'><strong>hujusmodi</strong></span> <span class='ocrx_word' id='word_1_687' title='bbox 664 4303 781 4356; x_wconf 89' lang='lat' dir='ltr'><strong>auctoris</strong></span> <span class='ocrx_word' id='word_1_688' title='bbox 794 4320 878 4372; x_wconf 87' lang='lat' dir='ltr'><strong>opera</strong></span> <span class='ocrx_word' id='word_1_689' title='bbox 915 4317 984 4372; x_wconf 87' lang='lat' dir='ltr'><strong>opus</strong></span> <span class='ocrx_word' id='word_1_690' title='bbox 1003 4301 1203 4356; x_wconf 83' lang='lat' dir='ltr'><strong>soliusnaturae</strong></span> <span class='ocrx_word' id='word_1_691' title='bbox 1225 4316 1301 4355; x_wconf 85' lang='lat' dir='ltr'><strong>esse:</strong></span> <span class='ocrx_word' id='word_1_692' title='bbox 1331 4318 1365 4354; x_wconf 88' lang='lat' dir='ltr'><strong>ne</strong></span> <span class='ocrx_word' id='word_1_693' title='bbox 1380 4300 1447 4354; x_wconf 89' lang='lat' dir='ltr'><strong>forte</strong></span> <span class='ocrx_word' id='word_1_694' title='bbox 1468 4315 1513 4353; x_wconf 91' lang='lat' dir='ltr'><strong>ars</strong></span> <span class='ocrx_word' id='word_1_695' title='bbox 1532 4307 1664 4362; x_wconf 90' lang='lat' dir='ltr'><strong>naturam,</strong></span> <span class='ocrx_word' id='word_1_696' title='bbox 1680 4309 1708 4353; x_wconf 90' lang='lat' dir='ltr'><strong>ut</strong></span> 
     </span>
     <span class='ocr_line' id='line_1_51' title="bbox 75 4377 1708 4450; baseline -0.001 -18"><span class='ocrx_word' id='word_1_697' title='bbox 75 4378 123 4432; x_wconf 76' lang='lat' dir='ltr'><strong>rel</strong></span> <span class='ocrx_word' id='word_1_698' title='bbox 137 4377 277 4448; x_wconf 84' lang='lat' dir='ltr'><strong>explicent</strong></span> <span class='ocrx_word' id='word_1_699' title='bbox 286 4378 329 4433; x_wconf 86' lang='lat' dir='ltr'><strong>vel</strong></span> <span class='ocrx_word' id='word_1_700' title='bbox 343 4378 474 4450; x_wconf 88' lang='lat' dir='ltr'><strong>digerant,</strong></span> <span class='ocrx_word' id='word_1_701' title='bbox 488 4378 533 4434; x_wconf 85' lang='lat' dir='ltr'><strong>vel</strong></span> <span class='ocrx_word' id='word_1_702' title='bbox 546 4396 596 4450; x_wconf 94' lang='lat' dir='ltr'><strong>pro</strong></span> <span class='ocrx_word' id='word_1_703' title='bbox 608 4381 649 4436; x_wconf 92' lang='lat' dir='ltr'><strong>sui</strong></span> <span class='ocrx_word' id='word_1_704' title='bbox 663 4380 747 4435; x_wconf 89' lang='lat' dir='ltr'><strong>seculi</strong></span> <span class='ocrx_word' id='word_1_705' title='bbox 759 4383 877 4437; x_wconf 89' lang='lat' dir='ltr'><strong>rationes</strong></span> <span class='ocrx_word' id='word_1_706' title='bbox 915 4381 1054 4436; x_wconf 87' lang='lat' dir='ltr'><strong>Vulcanus</strong></span> <span class='ocrx_word' id='word_1_707' title='bbox 1068 4380 1222 4435; x_wconf 81' lang='lat' dir='ltr'><strong>Minervam</strong></span> <span class='ocrx_word' id='word_1_708' title='bbox 1236 4378 1371 4434; x_wconf 89' lang='lat' dir='ltr'><strong>aolicitare</strong></span> <span class='ocrx_word' id='word_1_709' title='bbox 1386 4387 1434 4433; x_wconf 89' lang='lat' dir='ltr'><strong>aut</strong></span> <span class='ocrx_word' id='word_1_710' title='bbox 1446 4395 1605 4450; x_wconf 83' lang='lat' dir='ltr'><strong>expugnare</strong></span> <span class='ocrx_word' id='word_1_711' title='bbox 1624 4386 1708 4433; x_wconf 90' lang='lat' dir='ltr'><strong>tentet</strong></span> 
     </span>
     <span class='ocr_line' id='line_1_52' title="bbox 75 4455 1708 4532; baseline 0.001 -21"><span class='ocrx_word' id='word_1_712' title='bbox 75 4455 173 4529; x_wconf 80' lang='lat' dir='ltr'><strong>palato</strong></span> <span class='ocrx_word' id='word_1_713' title='bbox 194 4458 398 4513; x_wconf 88' lang='lat' dir='ltr'><strong>accommodent</strong></span> <span class='ocrx_word' id='word_1_714' title='bbox 418 4467 445 4514; x_wconf 87' lang='lat' dir='ltr'><strong>et</strong></span> <span class='ocrx_word' id='word_1_715' title='bbox 468 4465 591 4514; x_wconf 80' lang='lat' dir='ltr'><strong>vertant:</strong></span> <span class='ocrx_word' id='word_1_716' title='bbox 620 4460 724 4514; x_wconf 75' lang='lat' dir='ltr'><strong>nmilia</strong></span> <span class='ocrx_word' id='word_1_717' title='bbox 746 4462 877 4529; x_wconf 78' lang='lat' dir='ltr'><strong>maiorem</strong></span> <span class='ocrx_word' id='word_1_718' title='bbox 915 4468 963 4515; x_wconf 89' lang='lat' dir='ltr'><strong>aut</strong></span> <span class='ocrx_word' id='word_1_719' title='bbox 976 4468 1082 4532; x_wconf 85' lang='lat' dir='ltr'><strong>speret;</strong></span> <span class='ocrx_word' id='word_1_720' title='bbox 1112 4470 1140 4514; x_wconf 91' lang='lat' dir='ltr'><strong>et</strong></span> <span class='ocrx_word' id='word_1_721' title='bbox 1163 4459 1313 4530; x_wconf 91' lang='lat' dir='ltr'><strong>compluria</strong></span> <span class='ocrx_word' id='word_1_722' title='bbox 1334 4458 1498 4529; x_wconf 86' lang='lat' dir='ltr'><strong>hujusmodi,</strong></span> <span class='ocrx_word' id='word_1_723' title='bbox 1522 4476 1583 4529; x_wconf 78' lang='lat' dir='ltr'><strong>quaa</strong></span> <span class='ocrx_word' id='word_1_724' title='bbox 1603 4466 1658 4513; x_wconf 89' lang='lat' dir='ltr'><strong>tam</strong></span> <span class='ocrx_word' id='word_1_725' title='bbox 1674 4459 1708 4512; x_wconf 90' lang='lat' dir='ltr'><strong>ad</strong></span> 
     </span>
     <span class='ocr_line' id='line_1_53' title="bbox 75 4535 1708 4610; baseline -0.002 -17"><span class='ocrx_word' id='word_1_726' title='bbox 75 4535 162 4593; x_wconf 85' lang='lat' dir='ltr'><strong>rebus</strong></span> <span class='ocrx_word' id='word_1_727' title='bbox 172 4535 301 4593; x_wconf 82' lang='lat' dir='ltr'><strong>humanis</strong></span> <span class='ocrx_word' id='word_1_728' title='bbox 311 4537 493 4609; x_wconf 71' lang='lat' dir='ltr'><strong>psallentiam,</strong></span> <span class='ocrx_word' id='word_1_729' title='bbox 501 4546 530 4593; x_wconf 87' lang='lat' dir='ltr'><strong>et</strong></span> <span class='ocrx_word' id='word_1_730' title='bbox 540 4539 670 4606; x_wconf 88' lang='lat' dir='ltr'><strong>ordinem,</strong></span> <span class='ocrx_word' id='word_1_731' title='bbox 680 4546 708 4593; x_wconf 90' lang='lat' dir='ltr'><strong>et</strong></span> <span class='ocrx_word' id='word_1_732' title='bbox 719 4540 876 4595; x_wconf 85' lang='lat' dir='ltr'><strong>felicitatem</strong></span> <span class='ocrx_word' id='word_1_733' title='bbox 915 4539 1112 4595; x_wconf 89' lang='lat' dir='ltr'><strong>confessionem</strong></span> <span class='ocrx_word' id='word_1_734' title='bbox 1125 4540 1264 4594; x_wconf 89' lang='lat' dir='ltr'><strong>tenuitatis</strong></span> <span class='ocrx_word' id='word_1_735' title='bbox 1279 4539 1402 4610; x_wconf 82' lang='lat' dir='ltr'><strong>propriae,</strong></span> <span class='ocrx_word' id='word_1_736' title='bbox 1421 4554 1502 4608; x_wconf 90' lang='lat' dir='ltr'><strong>quam</strong></span> <span class='ocrx_word' id='word_1_737' title='bbox 1524 4538 1560 4591; x_wconf 85' lang='lat' dir='ltr'><strong>ad</strong></span> <span class='ocrx_word' id='word_1_738' title='bbox 1580 4539 1708 4609; x_wconf 88' lang='lat' dir='ltr'><strong>repressi-</strong></span> 
     </span>
     <span class='ocr_line' id='line_1_54' title="bbox 76 4616 1423 4692; baseline 0 -20"><span class='ocrx_word' id='word_1_739' title='bbox 76 4616 182 4682; x_wconf 87' lang='lat' dir='ltr'><strong>tribuit,</strong></span> <span class='ocrx_word' id='word_1_740' title='bbox 193 4633 276 4688; x_wconf 89' lang='lat' dir='ltr'><strong>quam</strong></span> <span class='ocrx_word' id='word_1_741' title='bbox 286 4617 406 4688; x_wconf 82' lang='lat' dir='ltr'><strong>experiri</strong></span> <span class='ocrx_word' id='word_1_742' title='bbox 419 4618 461 4674; x_wconf 89' lang='lat' dir='ltr'><strong>fas</strong></span> <span class='ocrx_word' id='word_1_743' title='bbox 471 4626 521 4683; x_wconf 83' lang='lat' dir='ltr'><strong>est,</strong></span> <span class='ocrx_word' id='word_1_744' title='bbox 532 4635 576 4672; x_wconf 91' lang='lat' dir='ltr'><strong>res</strong></span> <span class='ocrx_word' id='word_1_745' title='bbox 586 4618 659 4673; x_wconf 87' lang='lat' dir='ltr'><strong>enim</strong></span> <span class='ocrx_word' id='word_1_746' title='bbox 670 4636 763 4675; x_wconf 90' lang='lat' dir='ltr'><strong>casum</strong></span> <span class='ocrx_word' id='word_1_747' title='bbox 773 4620 876 4692; x_wconf 89' lang='lat' dir='ltr'><strong>recipit,</strong></span> <span class='ocrx_word' id='word_1_748' title='bbox 916 4635 996 4674; x_wconf 90' lang='lat' dir='ltr'><strong>onem</strong></span> <span class='ocrx_word' id='word_1_749' title='bbox 1009 4618 1148 4674; x_wconf 73' lang='lat' dir='ltr'><strong>industria</strong></span> <span class='ocrx_word' id='word_1_750' title='bbox 1162 4618 1265 4681; x_wconf 85' lang='lat' dir='ltr'><strong>alienae,</strong></span> <span class='ocrx_word' id='word_1_751' title='bbox 1282 4619 1423 4688; x_wconf 82' lang='lat' dir='ltr'><strong>pertinent</strong></span> 
     </span>
     <span class='ocr_line' id='line_1_55' title="bbox 75 4694 1708 4771; baseline -0.001 -20"><span class='ocrx_word' id='word_1_752' title='bbox 75 4695 134 4751; x_wconf 89' lang='lat' dir='ltr'><strong>nisi</strong></span> <span class='ocrx_word' id='word_1_753' title='bbox 147 4696 222 4768; x_wconf 88' lang='lat' dir='ltr'><strong>quod</strong></span> <span class='ocrx_word' id='word_1_754' title='bbox 235 4697 342 4752; x_wconf 85' lang='lat' dir='ltr'><strong>vanitas</strong></span> <span class='ocrx_word' id='word_1_755' title='bbox 351 4696 492 4752; x_wconf 91' lang='lat' dir='ltr'><strong>hominnm</strong></span> <span class='ocrx_word' id='word_1_756' title='bbox 503 4697 585 4751; x_wconf 91' lang='lat' dir='ltr'><strong>etiam</strong></span> <span class='ocrx_word' id='word_1_757' title='bbox 597 4698 706 4752; x_wconf 89' lang='lat' dir='ltr'><strong>fortuita</strong></span> <span class='ocrx_word' id='word_1_758' title='bbox 719 4700 747 4753; x_wconf 92' lang='lat' dir='ltr'><strong>in</strong></span> <span class='ocrx_word' id='word_1_759' title='bbox 759 4699 877 4755; x_wconf 89' lang='lat' dir='ltr'><strong>deterius</strong></span> <span class='ocrx_word' id='word_1_760' title='bbox 957 4699 1052 4770; x_wconf 89' lang='lat' dir='ltr'><strong>ltaque</strong></span> <span class='ocrx_word' id='word_1_761' title='bbox 1072 4699 1229 4771; x_wconf 88' lang='lat' dir='ltr'><strong>neutiquam</strong></span> <span class='ocrx_word' id='word_1_762' title='bbox 1245 4699 1327 4763; x_wconf 90' lang='lat' dir='ltr'><strong>robis,</strong></span> <span class='ocrx_word' id='word_1_763' title='bbox 1342 4697 1400 4764; x_wconf 87' lang='lat' dir='ltr'><strong>filii,</strong></span> <span class='ocrx_word' id='word_1_764' title='bbox 1414 4713 1465 4769; x_wconf 91' lang='lat' dir='ltr'><strong>pro</strong></span> <span class='ocrx_word' id='word_1_765' title='bbox 1478 4713 1569 4752; x_wconf 88' lang='lat' dir='ltr'><strong>amore</strong></span> <span class='ocrx_word' id='word_1_766' title='bbox 1583 4704 1610 4751; x_wconf 90' lang='lat' dir='ltr'><strong>et</strong></span> <span class='ocrx_word' id='word_1_767' title='bbox 1623 4694 1708 4750; x_wconf 84' lang='lat' dir='ltr'><strong>indui·</strong></span> 
     </span>
     <span class='ocr_line' id='line_1_56' title="bbox 77 4775 1709 4850; baseline -0.001 -20"><span class='ocrx_word' id='word_1_768' title='bbox 77 4775 231 4846; x_wconf 88' lang='lat' dir='ltr'><strong>detorquet.</strong></span> <span class='ocrx_word' id='word_1_769' title='bbox 281 4776 432 4831; x_wconf 85' lang='lat' dir='ltr'><strong>Namrere</strong></span> <span class='ocrx_word' id='word_1_770' title='bbox 446 4777 485 4831; x_wconf 92' lang='lat' dir='ltr'><strong>sic</strong></span> <span class='ocrx_word' id='word_1_771' title='bbox 500 4793 529 4831; x_wconf 91' lang='lat' dir='ltr'><strong>se</strong></span> <span class='ocrx_word' id='word_1_772' title='bbox 544 4794 588 4832; x_wconf 91' lang='lat' dir='ltr'><strong>res</strong></span> <span class='ocrx_word' id='word_1_773' title='bbox 602 4777 703 4843; x_wconf 74' lang='lat' dir='ltr'><strong>habet,</strong></span> <span class='ocrx_word' id='word_1_774' title='bbox 733 4787 877 4850; x_wconf 85' lang='lat' dir='ltr'><strong>postquam</strong></span> <span class='ocrx_word' id='word_1_775' title='bbox 916 4779 1009 4849; x_wconf 84' lang='lat' dir='ltr'><strong>gentis</strong></span> <span class='ocrx_word' id='word_1_776' title='bbox 1023 4786 1115 4832; x_wconf 86' lang='lat' dir='ltr'><strong>nostra</strong></span> <span class='ocrx_word' id='word_1_777' title='bbox 1129 4777 1295 4841; x_wconf 81' lang='lat' dir='ltr'><strong>consuluere,</strong></span> <span class='ocrx_word' id='word_1_778' title='bbox 1311 4785 1340 4832; x_wconf 92' lang='lat' dir='ltr'><strong>ut</strong></span> <span class='ocrx_word' id='word_1_779' title='bbox 1360 4794 1422 4832; x_wconf 91' lang='lat' dir='ltr'><strong>cum</strong></span> <span class='ocrx_word' id='word_1_780' title='bbox 1442 4777 1523 4832; x_wconf 89' lang='lat' dir='ltr'><strong>rebus</strong></span> <span class='ocrx_word' id='word_1_781' title='bbox 1543 4793 1597 4830; x_wconf 90' lang='lat' dir='ltr'><strong>uon</strong></span> <span class='ocrx_word' id='word_1_782' title='bbox 1621 4775 1709 4830; x_wconf 89' lang='lat' dir='ltr'><strong>solum</strong></span> 
     </span>
     <span class='ocr_line' id='line_1_57' title="bbox 77 4854 1709 4930; baseline -0.002 -19"><span class='ocrx_word' id='word_1_783' title='bbox 77 4854 197 4911; x_wconf 79' lang='lat' dir='ltr'><strong>scientia</strong></span> <span class='ocrx_word' id='word_1_784' title='bbox 210 4854 303 4925; x_wconf 88' lang='lat' dir='ltr'><strong>aliqua</strong></span> <span class='ocrx_word' id='word_1_785' title='bbox 316 4854 460 4910; x_wconf 91' lang='lat' dir='ltr'><strong>multorum</strong></span> <span class='ocrx_word' id='word_1_786' title='bbox 475 4857 662 4911; x_wconf 83' lang='lat' dir='ltr'><strong>observatione</strong></span> <span class='ocrx_word' id='word_1_787' title='bbox 676 4864 704 4911; x_wconf 90' lang='lat' dir='ltr'><strong>et</strong></span> <span class='ocrx_word' id='word_1_788' title='bbox 724 4858 875 4930; x_wconf 88' lang='lat' dir='ltr'><strong>diligentia,</strong></span> <span class='ocrx_word' id='word_1_789' title='bbox 916 4858 1074 4928; x_wconf 85' lang='lat' dir='ltr'><strong>desperatis,</strong></span> <span class='ocrx_word' id='word_1_790' title='bbox 1089 4859 1137 4912; x_wconf 89' lang='lat' dir='ltr'><strong>sed</strong></span> <span class='ocrx_word' id='word_1_791' title='bbox 1152 4866 1180 4910; x_wconf 88' lang='lat' dir='ltr'><strong>et</strong></span> <span class='ocrx_word' id='word_1_792' title='bbox 1194 4857 1380 4927; x_wconf 87' lang='lat' dir='ltr'><strong>desperationi</strong></span> <span class='ocrx_word' id='word_1_793' title='bbox 1395 4857 1501 4911; x_wconf 86' lang='lat' dir='ltr'><strong>devotis</strong></span> <span class='ocrx_word' id='word_1_794' title='bbox 1515 4856 1638 4909; x_wconf 79' lang='lat' dir='ltr'><strong>fortunas</strong></span> <span class='ocrx_word' id='word_1_795' title='bbox 1651 4871 1709 4908; x_wconf 88' lang='lat' dir='ltr'><strong>res·</strong></span> 
     </span>
     <span class='ocr_line' id='line_1_58' title="bbox 77 4932 1709 5007; baseline -0.003 -17"><span class='ocrx_word' id='word_1_796' title='bbox 77 4933 144 4990; x_wconf 86' lang='lat' dir='ltr'><strong>dum</strong></span> <span class='ocrx_word' id='word_1_797' title='bbox 159 4932 230 4988; x_wconf 87' lang='lat' dir='ltr'><strong>alius</strong></span> <span class='ocrx_word' id='word_1_798' title='bbox 244 4932 299 4987; x_wconf 85' lang='lat' dir='ltr'><strong>alia</strong></span> <span class='ocrx_word' id='word_1_799' title='bbox 312 4934 498 5005; x_wconf 88' lang='lat' dir='ltr'><strong>apprehendit,</strong></span> <span class='ocrx_word' id='word_1_800' title='bbox 513 4952 563 5006; x_wconf 88' lang='lat' dir='ltr'><strong>per</strong></span> <span class='ocrx_word' id='word_1_801' title='bbox 577 4943 670 5006; x_wconf 90' lang='lat' dir='ltr'><strong>partes</strong></span> <span class='ocrx_word' id='word_1_802' title='bbox 688 4942 789 4991; x_wconf 87' lang='lat' dir='ltr'><strong>tentata</strong></span> <span class='ocrx_word' id='word_1_803' title='bbox 805 4938 877 4992; x_wconf 88' lang='lat' dir='ltr'><strong>serio</strong></span> <span class='ocrx_word' id='word_1_804' title='bbox 916 4945 972 4990; x_wconf 90' lang='lat' dir='ltr'><strong>tras</strong></span> <span class='ocrx_word' id='word_1_805' title='bbox 983 4937 1128 4991; x_wconf 87' lang='lat' dir='ltr'><strong>misceatis.</strong></span> <span class='ocrx_word' id='word_1_806' title='bbox 1170 4936 1279 5001; x_wconf 87' lang='lat' dir='ltr'><strong>Verum,</strong></span> <span class='ocrx_word' id='word_1_807' title='bbox 1292 4936 1349 5000; x_wconf 86' lang='lat' dir='ltr'><strong>filii,</strong></span> <span class='ocrx_word' id='word_1_808' title='bbox 1361 4945 1467 5007; x_wconf 89' lang='lat' dir='ltr'><strong>tempus</strong></span> <span class='ocrx_word' id='word_1_809' title='bbox 1475 4935 1553 5005; x_wconf 87' lang='lat' dir='ltr'><strong>fugit,</strong></span> <span class='ocrx_word' id='word_1_810' title='bbox 1565 4934 1709 5003; x_wconf 89' lang='lat' dir='ltr'><strong>dumcapti</strong></span> 
     </span>
     <span class='ocr_line' id='line_1_59' title="bbox 78 5012 1709 5085; baseline -0.001 -18"><span class='ocrx_word' id='word_1_811' title='bbox 78 5020 106 5067; x_wconf 95' lang='lat' dir='ltr'><strong>et</strong></span> <span class='ocrx_word' id='word_1_812' title='bbox 121 5018 238 5068; x_wconf 85' lang='lat' dir='ltr'><strong>tractata</strong></span> <span class='ocrx_word' id='word_1_813' title='bbox 250 5012 294 5078; x_wconf 88' lang='lat' dir='ltr'><strong>sit,</strong></span> <span class='ocrx_word' id='word_1_814' title='bbox 309 5020 367 5068; x_wconf 92' lang='lat' dir='ltr'><strong>tum</strong></span> <span class='ocrx_word' id='word_1_815' title='bbox 382 5015 480 5068; x_wconf 81' lang='lat' dir='ltr'><strong>exoriri</strong></span> <span class='ocrx_word' id='word_1_816' title='bbox 495 5014 614 5085; x_wconf 89' lang='lat' dir='ltr'><strong>aliquem</strong></span> <span class='ocrx_word' id='word_1_817' title='bbox 632 5027 723 5070; x_wconf 88' lang='lat' dir='ltr'><strong>mente</strong></span> <span class='ocrx_word' id='word_1_818' title='bbox 741 5016 876 5084; x_wconf 85' lang='lat' dir='ltr'><strong>fidentem,</strong></span> <span class='ocrx_word' id='word_1_819' title='bbox 916 5032 1007 5069; x_wconf 88' lang='lat' dir='ltr'><strong>amore</strong></span> <span class='ocrx_word' id='word_1_820' title='bbox 1022 5024 1049 5070; x_wconf 91' lang='lat' dir='ltr'><strong>et</strong></span> <span class='ocrx_word' id='word_1_821' title='bbox 1066 5034 1155 5070; x_wconf 87' lang='lat' dir='ltr'><strong>rerum</strong></span> <span class='ocrx_word' id='word_1_822' title='bbox 1170 5024 1197 5071; x_wconf 91' lang='lat' dir='ltr'><strong>et</strong></span> <span class='ocrx_word' id='word_1_823' title='bbox 1215 5025 1333 5071; x_wconf 86' lang='lat' dir='ltr'><strong>vestrum</strong></span> <span class='ocrx_word' id='word_1_824' title='bbox 1349 5016 1593 5075; x_wconf 84' lang='lat' dir='ltr'><strong>circumvectamur,</strong></span> <span class='ocrx_word' id='word_1_825' title='bbox 1608 5030 1640 5065; x_wconf 87' lang='lat' dir='ltr'><strong>ac</strong></span> <span class='ocrx_word' id='word_1_826' title='bbox 1655 5031 1709 5066; x_wconf 86' lang='lat' dir='ltr'><strong>om·</strong></span> 
     </span>
     <span class='ocr_line' id='line_1_60' title="bbox 76 5091 1709 5166; baseline -0.001 -20"><span class='ocrx_word' id='word_1_827' title='bbox 76 5091 176 5164; x_wconf 89' lang='lat' dir='ltr'><strong>lingua</strong></span> <span class='ocrx_word' id='word_1_828' title='bbox 183 5099 330 5163; x_wconf 87' lang='lat' dir='ltr'><strong>potentem,</strong></span> <span class='ocrx_word' id='word_1_829' title='bbox 339 5092 468 5148; x_wconf 90' lang='lat' dir='ltr'><strong>methodo</strong></span> <span class='ocrx_word' id='word_1_830' title='bbox 479 5094 620 5159; x_wconf 87' lang='lat' dir='ltr'><strong>celebrem,</strong></span> <span class='ocrx_word' id='word_1_831' title='bbox 631 5096 677 5166; x_wconf 92' lang='lat' dir='ltr'><strong>qui</strong></span> <span class='ocrx_word' id='word_1_832' title='bbox 687 5112 785 5166; x_wconf 90' lang='lat' dir='ltr'><strong>corpus</strong></span> <span class='ocrx_word' id='word_1_833' title='bbox 794 5113 876 5151; x_wconf 87' lang='lat' dir='ltr'><strong>unum</strong></span> <span class='ocrx_word' id='word_1_834' title='bbox 915 5096 962 5149; x_wconf 91' lang='lat' dir='ltr'><strong>nia</strong></span> <span class='ocrx_word' id='word_1_835' title='bbox 981 5112 1128 5159; x_wconf 86' lang='lat' dir='ltr'><strong>movemus,</strong></span> <span class='ocrx_word' id='word_1_836' title='bbox 1143 5102 1171 5149; x_wconf 89' lang='lat' dir='ltr'><strong>et</strong></span> <span class='ocrx_word' id='word_1_837' title='bbox 1192 5095 1374 5149; x_wconf 90' lang='lat' dir='ltr'><strong>initiationem</strong></span> <span class='ocrx_word' id='word_1_838' title='bbox 1392 5094 1464 5148; x_wconf 90' lang='lat' dir='ltr'><strong>hanc</strong></span> <span class='ocrx_word' id='word_1_839' title='bbox 1485 5101 1609 5155; x_wconf 83' lang='lat' dir='ltr'><strong>vestram,</strong></span> <span class='ocrx_word' id='word_1_840' title='bbox 1624 5093 1709 5146; x_wconf 88' lang='lat' dir='ltr'><strong>instar</strong></span> 
     </span>
     <span class='ocr_line' id='line_1_61' title="bbox 78 5169 1710 5247; baseline -0.001 -21"><span class='ocrx_word' id='word_1_841' title='bbox 78 5189 115 5226; x_wconf 84' lang='lat' dir='ltr'><strong>ex</strong></span> <span class='ocrx_word' id='word_1_842' title='bbox 129 5169 247 5243; x_wconf 86' lang='lat' dir='ltr'><strong>singulis</strong></span> <span class='ocrx_word' id='word_1_843' title='bbox 257 5187 307 5242; x_wconf 89' lang='lat' dir='ltr'><strong>pro</strong></span> <span class='ocrx_word' id='word_1_844' title='bbox 316 5188 365 5227; x_wconf 89' lang='lat' dir='ltr'><strong>suo</strong></span> <span class='ocrx_word' id='word_1_845' title='bbox 375 5173 488 5227; x_wconf 90' lang='lat' dir='ltr'><strong>arbitrio</strong></span> <span class='ocrx_word' id='word_1_846' title='bbox 498 5174 597 5229; x_wconf 83' lang='lat' dir='ltr'><strong>efficiat</strong></span> <span class='ocrx_word' id='word_1_847' title='bbox 607 5183 635 5229; x_wconf 91' lang='lat' dir='ltr'><strong>et</strong></span> <span class='ocrx_word' id='word_1_848' title='bbox 645 5176 762 5247; x_wconf 90' lang='lat' dir='ltr'><strong>posteris</strong></span> <span class='ocrx_word' id='word_1_849' title='bbox 773 5176 876 5231; x_wconf 88' lang='lat' dir='ltr'><strong>tradat:</strong></span> <span class='ocrx_word' id='word_1_850' title='bbox 918 5173 1020 5244; x_wconf 81' lang='lat' dir='ltr'><strong>hpriiis</strong></span> <span class='ocrx_word' id='word_1_851' title='bbox 1031 5185 1078 5229; x_wconf 89' lang='lat' dir='ltr'><strong>aut</strong></span> <span class='ocrx_word' id='word_1_852' title='bbox 1088 5174 1159 5229; x_wconf 84' lang='lat' dir='ltr'><strong>veris</strong></span> <span class='ocrx_word' id='word_1_853' title='bbox 1168 5176 1316 5243; x_wconf 73' lang='lat' dir='ltr'><strong>cuiusdam,</strong></span> <span class='ocrx_word' id='word_1_854' title='bbox 1327 5176 1362 5228; x_wconf 92' lang='lat' dir='ltr'><strong>ad</strong></span> <span class='ocrx_word' id='word_1_855' title='bbox 1372 5172 1589 5243; x_wconf 88' lang='lat' dir='ltr'><strong>congelationem</strong></span> <span class='ocrx_word' id='word_1_856' title='bbox 1602 5186 1710 5225; x_wconf 89' lang='lat' dir='ltr'><strong>ornnem</strong></span> 
     </span>
     <span class='ocr_line' id='line_1_62' title="bbox 78 5250 1710 5323; baseline 0.001 -19"><span class='ocrx_word' id='word_1_857' title='bbox 78 5250 220 5323; x_wconf 86' lang='lat' dir='ltr'><strong>plerisque</strong></span> <span class='ocrx_word' id='word_1_858' title='bbox 235 5253 368 5323; x_wconf 90' lang='lat' dir='ltr'><strong>corruptis</strong></span> <span class='ocrx_word' id='word_1_859' title='bbox 385 5259 413 5307; x_wconf 92' lang='lat' dir='ltr'><strong>et</strong></span> <span class='ocrx_word' id='word_1_860' title='bbox 428 5253 588 5323; x_wconf 86' lang='lat' dir='ltr'><strong>depravatis,</strong></span> <span class='ocrx_word' id='word_1_861' title='bbox 603 5261 632 5309; x_wconf 88' lang='lat' dir='ltr'><strong>et</strong></span> <span class='ocrx_word' id='word_1_862' title='bbox 648 5273 710 5309; x_wconf 92' lang='lat' dir='ltr'><strong>cum</strong></span> <span class='ocrx_word' id='word_1_863' title='bbox 728 5255 877 5310; x_wconf 89' lang='lat' dir='ltr'><strong>certissima</strong></span> <span class='ocrx_word' id='word_1_864' title='bbox 916 5262 943 5307; x_wconf 92' lang='lat' dir='ltr'><strong>et</strong></span> <span class='ocrx_word' id='word_1_865' title='bbox 957 5254 1162 5310; x_wconf 88' lang='lat' dir='ltr'><strong>obstinationem</strong></span> <span class='ocrx_word' id='word_1_866' title='bbox 1178 5254 1333 5310; x_wconf 87' lang='lat' dir='ltr'><strong>solvendam</strong></span> <span class='ocrx_word' id='word_1_867' title='bbox 1347 5260 1374 5307; x_wconf 90' lang='lat' dir='ltr'><strong>et</strong></span> <span class='ocrx_word' id='word_1_868' title='bbox 1394 5250 1568 5322; x_wconf 88' lang='lat' dir='ltr'><strong>aperiendam</strong></span> <span class='ocrx_word' id='word_1_869' title='bbox 1582 5267 1642 5304; x_wconf 87' lang='lat' dir='ltr'><strong>esse</strong></span> <span class='ocrx_word' id='word_1_870' title='bbox 1666 5268 1710 5305; x_wconf 89' lang='lat' dir='ltr'><strong>cu·</strong></span> 
     </span>
     <span class='ocr_line' id='line_1_63' title="bbox 79 5330 1015 5406; baseline 0.001 -20"><span class='ocrx_word' id='word_1_871' title='bbox 79 5330 229 5386; x_wconf 82' lang='lat' dir='ltr'><strong>omissione</strong></span> <span class='ocrx_word' id='word_1_872' title='bbox 251 5331 379 5395; x_wconf 90' lang='lat' dir='ltr'><strong>omnium,</strong></span> <span class='ocrx_word' id='word_1_873' title='bbox 396 5349 457 5403; x_wconf 82' lang='lat' dir='ltr'><strong>quae</strong></span> <span class='ocrx_word' id='word_1_874' title='bbox 478 5332 588 5387; x_wconf 87' lang='lat' dir='ltr'><strong>altiores</strong></span> <span class='ocrx_word' id='word_1_875' title='bbox 607 5342 635 5387; x_wconf 91' lang='lat' dir='ltr'><strong>ct</strong></span> <span class='ocrx_word' id='word_1_876' title='bbox 657 5334 796 5406; x_wconf 86' lang='lat' dir='ltr'><strong>digniores</strong></span> <span class='ocrx_word' id='word_1_877' title='bbox 813 5350 875 5388; x_wconf 88' lang='lat' dir='ltr'><strong>con·</strong></span> <span class='ocrx_word' id='word_1_878' title='bbox 918 5333 1015 5402; x_wconf 87' lang='lat' dir='ltr'><strong>pimus.</strong></span> 
     </span>
     <span class='ocr_line' id='line_1_64' title="bbox 78 5409 1709 5484; baseline -0.002 -18"><span class='ocrx_word' id='word_1_879' title='bbox 78 5410 274 5481; x_wconf 83' lang='lat' dir='ltr'><strong>templationes</strong></span> <span class='ocrx_word' id='word_1_880' title='bbox 287 5410 418 5466; x_wconf 83' lang='lat' dir='ltr'><strong>exhibere</strong></span> <span class='ocrx_word' id='word_1_881' title='bbox 438 5412 550 5481; x_wconf 87' lang='lat' dir='ltr'><strong>possint,</strong></span> <span class='ocrx_word' id='word_1_882' title='bbox 565 5418 595 5467; x_wconf 94' lang='lat' dir='ltr'><strong>ut</strong></span> <span class='ocrx_word' id='word_1_883' title='bbox 608 5413 767 5484; x_wconf 89' lang='lat' dir='ltr'><strong>opinionum</strong></span> <span class='ocrx_word' id='word_1_884' title='bbox 782 5416 876 5468; x_wconf 89' lang='lat' dir='ltr'><strong>immo·</strong></span> <span class='ocrx_word' id='word_1_885' title='bbox 958 5413 1050 5468; x_wconf 86' lang='lat' dir='ltr'><strong>Restat</strong></span> <span class='ocrx_word' id='word_1_886' title='bbox 1059 5414 1166 5484; x_wconf 85' lang='lat' dir='ltr'><strong>signnm</strong></span> <span class='ocrx_word' id='word_1_887' title='bbox 1176 5413 1354 5467; x_wconf 86' lang='lat' dir='ltr'><strong>certissimum</strong></span> <span class='ocrx_word' id='word_1_888' title='bbox 1366 5412 1398 5465; x_wconf 91' lang='lat' dir='ltr'><strong>de</strong></span> <span class='ocrx_word' id='word_1_889' title='bbox 1410 5410 1505 5465; x_wconf 90' lang='lat' dir='ltr'><strong>modis.</strong></span> <span class='ocrx_word' id='word_1_890' title='bbox 1548 5409 1625 5463; x_wconf 89' lang='lat' dir='ltr'><strong>Modi</strong></span> <span class='ocrx_word' id='word_1_891' title='bbox 1637 5409 1709 5464; x_wconf 85' lang='lat' dir='ltr'><strong>enirn</strong></span> 
     </span>
     <span class='ocr_line' id='line_1_65' title="bbox 79 5490 1711 5564; baseline -0.001 -19"><span class='ocrx_word' id='word_1_892' title='bbox 79 5490 203 5547; x_wconf 80' lang='lat' dir='ltr'><strong>dicatum</strong></span> <span class='ocrx_word' id='word_1_893' title='bbox 214 5498 242 5546; x_wconf 88' lang='lat' dir='ltr'><strong>et</strong></span> <span class='ocrx_word' id='word_1_894' title='bbox 254 5490 504 5564; x_wconf 81' lang='lat' dir='ltr'><strong>extravagantium:</strong></span> <span class='ocrx_word' id='word_1_895' title='bbox 526 5498 552 5546; x_wconf 95' lang='lat' dir='ltr'><strong>et</strong></span> <span class='ocrx_word' id='word_1_896' title='bbox 565 5493 664 5563; x_wconf 88' lang='lat' dir='ltr'><strong>posteri</strong></span> <span class='ocrx_word' id='word_1_897' title='bbox 678 5511 778 5559; x_wconf 88' lang='lat' dir='ltr'><strong>rursus,</strong></span> <span class='ocrx_word' id='word_1_898' title='bbox 791 5493 875 5548; x_wconf 90' lang='lat' dir='ltr'><strong>facili·</strong></span> <span class='ocrx_word' id='word_1_899' title='bbox 919 5492 1032 5549; x_wconf 89' lang='lat' dir='ltr'><strong>faciendi</strong></span> <span class='ocrx_word' id='word_1_900' title='bbox 1048 5502 1122 5560; x_wconf 88' lang='lat' dir='ltr'><strong>sunt,</strong></span> <span class='ocrx_word' id='word_1_901' title='bbox 1138 5495 1263 5564; x_wconf 87' lang='lat' dir='ltr'><strong>potentia,</strong></span> <span class='ocrx_word' id='word_1_902' title='bbox 1280 5509 1322 5546; x_wconf 84' lang='lat' dir='ltr'><strong>res</strong></span> <span class='ocrx_word' id='word_1_903' title='bbox 1336 5493 1418 5561; x_wconf 63' lang='lat' dir='ltr'><strong>ipsam</strong></span> <span class='ocrx_word' id='word_1_904' title='bbox 1442 5499 1469 5545; x_wconf 87' lang='lat' dir='ltr'><strong>et</strong></span> <span class='ocrx_word' id='word_1_905' title='bbox 1489 5498 1566 5561; x_wconf 91' lang='lat' dir='ltr'><strong>prout</strong></span> <span class='ocrx_word' id='word_1_906' title='bbox 1581 5490 1649 5545; x_wconf 82' lang='lat' dir='ltr'><strong>bene</strong></span> <span class='ocrx_word' id='word_1_907' title='bbox 1665 5499 1711 5543; x_wconf 85' lang='lat' dir='ltr'><strong>aut</strong></span> 
     </span>
    </p>
   </div>
   <div class='ocr_carea' id='block_1_3' title="bbox 0 0 1904 5875">
    <p class='ocr_par' dir='ltr' id='par_1_3' title="bbox 0 0 1904 5875">
     <span class='ocr_line' id='line_1_66' title="bbox 0 0 1904 5875; baseline 0 0"><span class='ocrx_word' id='word_1_908' title='bbox 0 0 1904 5875; x_wconf 95' lang='lat' dir='ltr'><strong> </strong></span> 
     </span>
    </p>
   </div>
  </div>
 </body>
</html>
