3800 5875
638 340 850 403 1NQU1sluto
872 341 922 395 DE
944 340 1062 396 MOTU.
1605 338 1665 395 ata

54 502 196 574 perducant.
227 501 299 555 Nam
310 506 337 554 ct
350 499 404 570 ipsi
418 499 570 562 statuimus,
579 505 664 553 artem
679 499 832 554 inveniendi
873 500 1052 555 reverentiam
1075 498 1229 553 conservari
1250 513 1339 569 posse,
1362 496 1443 569 idque
1470 512 1524 550 non
1552 497 1666 552 artiticio

55 580 410 636 adolescerecuminveutis:
427 580 561 651 nequead
574 578 677 649 aliquid
691 579 831 634 immotum
872 580 999 649 quodam,
1021 579 1068 634 sed
1090 595 1126 633 er
1149 580 1175 632 vi
1202 579 1263 649 ipsa
1285 578 1332 632 rei.
1373 576 1572 631 Existimamus
1592 579 1665 632 enim

55 670 78 716 et
90 660 239 715 inviolabile
253 659 407 713 inveniendi
422 660 575 723 artificium,
589 658 731 713 homiuum
745 658 833 712 iudus-
871 659 1021 714 subituram
1043 658 1148 712 animos
1168 657 1310 712 hominum
1332 656 1532 728 cogitationem,
1552 672 1617 710 num
1637 666 1666 710 et

55 741 124 795 triam
139 747 167 794 et
186 739 342 794 felicitatem
360 739 582 810 astringendam:
604 738 669 791 artis
683 739 756 793 enim
770 754 832 808 per·
870 737 911 791 illi
932 737 1087 817 hujusmodi
1104 736 1276 809 diligentiam
1293 735 1473 800 adhibuerint,
1495 743 1543 790 aut
1562 734 1664 805 placita

56 821 183 874 sectionem
206 820 272 873 artis
295 834 374 872 usum
395 818 534 881 remorari,
555 813 624 870 nihil
645 825 686 871 est
710 834 831 873 necesse.
871 826 899 870 et
926 817 1067 887 opiniones
1090 834 1153 871 suas
1177 832 1194 869 a
1215 816 1263 871 tali
1284 816 1457 870 fundamento
1479 815 1664 869 excitaverint.

56 900 121 960 Quod
140 906 230 953 autem
244 898 314 952 viam
335 914 433 951 novam
446 898 589 951 seientiam
603 896 717 951 docendi
732 904 759 951 et
779 904 831 950 tra·
870 895 962 966 Atque
984 913 1050 951 sana
1071 896 1123 950 hoc
1144 896 1257 950 dubium
1276 894 1359 949 alicui
1373 895 1458 949 videri
1479 894 1619 963 potuisset,
1640 896 1664 948 si

55 979 123 1033 dandi
141 978 256 1050 ingressi
275 993 376 1042 sumus,
391 977 463 1048 quod
482 977 630 1030 doctrinam
648 983 676 1030 et
693 983 829 1047 praecepta
870 975 1013 1045 opiniones
1026 991 1119 1030 eorum
1134 983 1238 1030 tautum
1248 975 1283 1030 ad
1296 991 1346 1028 uos
1361 975 1557 1044 pervenissent,
1567 972 1664 1028 modus

56 1058 120 1129 quasi
145 1063 346 1128 pretereuntes,
371 1064 399 1111 et
425 1056 500 1110 aliud
522 1063 634 1127 agentes
661 1055 830 1120 distulimus3
869 1063 963 1109 autern
982 1055 1166 1125 inquisitionis
1180 1065 1208 1108 et
1221 1054 1458 1109 demonstrationis
1476 1069 1530 1107 non
1549 1068 1665 1122 apparu-

55 1148 123 1209 atquc
146 1137 174 1190 iu
201 1136 329 1207 exemplo
360 1136 497 1207 precipue
524 1134 741 1190 elaboravimuse
775 1134 828 1189 hoc
868 1133 946 1190 isset.
986 1134 1055 1188 Tum
1074 1135 1148 1189 enim
1167 1134 1221 1189 tale
1243 1134 1383 1205 quippiam
1404 1134 1432 1187 in
1452 1140 1570 1186 mentem
1584 1132 1663 1187 nobis

55 1234 146 1271 mmma
158 1217 263 1271 ratione
275 1233 327 1271 uos
340 1215 437 1270 fecisse
445 1215 615 1270 arbitramur.
650 1215 749 1284 Neque
764 1230 830 1268 sane
868 1214 988 1268 venisset
1007 1215 1135 1285 cogitare,
1154 1213 1217 1269 illos
1236 1211 1414 1283 proculdubio
1427 1227 1445 1265 a
1458 1211 1663 1267 meditationum

54 1296 164 1351 homines
176 1295 262 1350 latere
271 1294 401 1359 volumus,
410 1295 477 1367 quid
488 1295 517 1349 in
526 1294 579 1348 hae
590 1311 619 1348 re
627 1294 713 1348 secuti
724 1309 830 1348 sumum
869 1309 978 1347 suarum
987 1293 1314 1365 principiomagnamvim
1322 1301 1350 1345 et
1359 1292 1466 1362 copiam
1475 1290 1663 1362 exemplorum

53 1374 238 1430 mmobtiuere
252 1374 435 1429 inhominem
450 1374 578 1445 aequitate
592 1374 709 1443 positum
724 1381 774 1436 eat,
788 1372 831 1427 vel
869 1374 1015 1443 patavinae,
1034 1389 1148 1443 eamque
1169 1373 1253 1427 simili
1275 1388 1331 1443 quo
1353 1388 1403 1425 nos
1426 1371 1527 1436 ordine,
1547 1370 1591 1425 vel
1611 1370 1664 1424 for·

53 1455 170 1523 mtiusin
183 1454 291 1509 fonuna
304 1454 449 1508 communi.
481 1452 738 1508 Resenimhumani
750 1468 831 1523 gene·
869 1460 940 1505 tasse
954 1451 1065 1506 meliore
1083 1453 1259 1523 disposuisse.
1301 1451 1354 1506 Sed
1376 1459 1519 1522 postquam
1536 1466 1566 1505 re
1588 1466 1662 1504 com·

53 1535 187 1606 riaagitur,
201 1550 257 1588 non
271 1542 371 1589 nostra.
401 1532 524 1588 Primum
536 1533 590 1588 hoe
598 1531 720 1586 videmur
728 1531 828 1602 adepti,
868 1538 953 1601 perta,
976 1531 1032 1586 illis
1052 1533 1228 1602 pronuntiare
1251 1531 1339 1585 visum
1363 1538 1452 1593 esset3
1476 1540 1533 1584 tum
1554 1529 1663 1583 demum

54 1614 113 1683 quod
124 1614 273 1667 maximum
286 1620 336 1678 est,
350 1622 382 1667 ut
399 1612 481 1684 plane
499 1611 694 1683 intelligamur.
734 1610 830 1682 Longe
868 1612 1044 1681 pmnuntiata
1058 1619 1087 1666 et
1106 1628 1200 1666 eorum
1213 1609 1409 1680 explicationes
1429 1618 1459 1663 et
1476 1608 1662 1664 connexiones

54 1693 115 1748 enim
127 1692 197 1746 aliud
211 1700 254 1747 est
276 1692 391 1763 singulis
409 1692 552 1763 praecptis
572 1690 698 1760 exempla
717 1690 831 1745 subuec·
868 1691 898 1743 in
911 1691 1180 1763 scriptaredegisse3
1203 1690 1294 1745 addito
1307 1689 1424 1761 sparsim
1437 1705 1492 1743 uno
1511 1696 1557 1742 aut
1576 1687 1662 1742 altero

53 1781 116 1827 tere:
135 1772 214 1838 aliud,
235 1772 357 1827 universi
380 1772 471 1842 operis
491 1773 606 1846 figuram
632 1769 781 1840 perfectam
804 1776 831 1823 et
868 1769 995 1842 exemplo
1009 1771 1043 1824 ad
1064 1770 1176 1825 docendi
1199 1770 1306 1825 lumen:
1328 1770 1376 1823 sed
1397 1768 1545 1839 primordia
1565 1767 1614 1821 illa
1633 1774 1661 1821 et

53 1852 118 1920 quasi
131 1851 243 1906 solidam
258 1858 414 1906 construere
428 1859 457 1906 et
476 1857 678 1923 representare.
720 1849 830 1904 Etenim
867 1858 955 1913 notas,
970 1867 1001 1902 ac
1015 1850 1099 1906 veluti
1119 1849 1260 1906 codicillos
1280 1857 1309 1904 et
1328 1848 1536 1903 commentarios
1549 1864 1612 1902 sum
1632 1847 1662 1900 in

53 1930 76 1984 iu
95 1931 297 1995 mathematicis,
311 1930 433 1986 adstante
452 1931 580 1985 maehina
597 1937 644 1984 aut
663 1928 773 1993 fabrica,
788 1945 829 1983 se·
868 1927 957 1984 lucem
972 1929 1058 1995 edere,
1073 1935 1101 1983 et
1123 1945 1318 2000 supervacuum
1332 1936 1360 1982 et
1376 1927 1520 1983 molestum
1535 1935 1660 1995 putasse:

53 2011 130 2080 quitur
138 2010 330 2065 demonstratio
343 2011 432 2065 facilis
446 2019 473 2064 et
487 2010 647 2081 perspicua:
664 2009 711 2063 aed
725 2007 829 2079 absque
870 2007 967 2080 ltaque
985 2009 1081 2062 fecisse
1102 2017 1134 2063 nt
1152 2010 1182 2063 in
1199 2007 1358 2065 edificando
1377 2006 1467 2061 facere
1481 2007 1576 2061 decet:
1597 2021 1661 2059 nam

53 2087 97 2143 hac
109 2090 305 2154 commoditate,
320 2091 410 2144 omnia
418 2090 543 2144 videntur
556 2088 685 2151 insoluta,
699 2095 733 2152 et,
748 2104 831 2158 quam
869 2097 930 2156 post
943 2089 1034 2158 operis
1046 2088 1132 2159 ipsius
1145 2096 1316 2153 structuram,
1331 2086 1473 2141 machinas
1483 2093 1512 2141 et
1526 2084 1620 2151 malas,
1635 2091 1663 2138 et

53 2186 133 2223 resera
143 2177 214 2234 suut,
229 2168 381 2225 subtiliora.
411 2169 501 2240 Atque
515 2170 598 2223 etiam
608 2168 675 2222 illud
688 2167 829 2231 usuvenit,
868 2165 1023 2235 hujusmodi
1037 2168 1218 2223 instrumenta
1237 2185 1254 2222 a
1268 2174 1412 2237 conspectu
1427 2165 1576 2220 amovenda
1590 2181 1660 2219 esse.

54 2257 79 2300 ut
89 2265 138 2319 qno
149 2249 280 2320 grandius
293 2248 500 2304 instrumentum
518 2248 756 2303 demonstrationis
774 2247 829 2310 fiat,
869 2245 971 2302 Verum
985 2248 1043 2301 hese
1058 2248 1091 2301 de
1106 2248 1174 2318 ipsis
1193 2248 1323 2319 cogitare,
1337 2246 1416 2301 nobis
1438 2263 1488 2316 per
1504 2246 1579 2316 ipsos
1592 2244 1663 2298 inte·

53 2329 122 2383 eosit
132 2337 160 2383 et
172 2327 280 2384 fidelius
298 2336 326 2384 ct
346 2329 485 2384 illustrius
524 2329 616 2383 Etiam
636 2334 762 2396 putamus
781 2342 831 2380 nos
868 2342 947 2396 mum
961 2344 1014 2381 nou
1028 2336 1087 2381 est:
1109 2327 1224 2382 formam
1240 2327 1314 2381 enim
1332 2335 1360 2381 et
1377 2326 1511 2380 rationem
1530 2341 1609 2379 suam
1622 2324 1663 2377 in·

54 2406 155 2478 aliquem
169 2408 312 2464 modestiae
326 2417 353 2463 et
366 2408 548 2480 simplicitatis
559 2406 674 2462 fructum
689 2406 830 2476 percipere
869 2407 1000 2476 quirendi,
1011 2414 1038 2460 et
1050 2407 1103 2476 ipsi
1116 2407 1279 2477 profitentem,
1289 2413 1317 2461 et
1327 2406 1428 2476 scripta
1438 2420 1531 2459 eorum
1540 2404 1661 2473 ejusdem

52 2502 127 2555 posse,
141 2489 210 2559 quod
224 2504 277 2543 nee
290 2488 346 2542 vim
363 2506 413 2543 nee
426 2488 540 2542 insidias
559 2486 701 2541 hominum
721 2485 831 2555 judiciis
869 2502 1029 2555 expressam
1049 2487 1197 2558 imaginem
1215 2503 1272 2557 pras
1291 2503 1320 2540 se
1340 2485 1438 2539 ferunt
1479 2485 1521 2538 Ea
1539 2500 1593 2537 non
1607 2482 1663 2536 alia

53 2566 152 2621 fecimus
164 2577 210 2622 aut
223 2568 398 2639 paravimus:
420 2568 467 2622 sed
483 2585 541 2623 rem
552 2567 653 2621 nudam
669 2573 696 2620 et
710 2573 831 2636 apertam
869 2565 927 2629 fuit,
942 2583 1024 2637 quam
1039 2572 1069 2619 ut
1082 2566 1117 2618 ab
1128 2565 1261 2636 exemplis
1275 2564 1442 2637 quibusdam,
1454 2563 1552 2635 quibus
1567 2578 1662 2616 sensus

53 2645 217 2702 exhibuimus
260 2648 352 2701 Nemo
380 2647 452 2702 enim
477 2654 541 2701 autc
568 2662 625 2710 nos,
650 2646 776 2700 homines
796 2644 830 2698 ad
869 2644 1016 2714 plurimum
1030 2645 1239 2709 assueverat,ad
1252 2644 1439 2700 conclusiones
1452 2642 1664 2714 maximegene·

53 2726 235 2782 imtesnaturas
248 2734 279 2781 et
288 2743 331 2781 res
345 2727 420 2798 ipsas
435 2727 612 2790 adduxerunt,
626 2732 657 2780 ut
669 2725 698 2779 in
711 2724 830 2780 medium
869 2724 947 2790 ralea,
973 2727 1029 2778 sive
1057 2725 1191 2796 principia
1217 2725 1399 2787 scientiarum,
1427 2722 1600 2776 advolarent:
1627 2721 1662 2774 ad

52 2805 221 2861 coumlereute
242 2806 292 2860 sed
312 2806 440 2878 exempla
459 2814 487 2862 et
504 2806 700 2876 experientiam
721 2804 755 2858 ad
777 2804 830 2858 dic·
869 2822 982 2875 quorum
1003 2805 1143 2859 immotam
1156 2804 1298 2858 veritatem
1310 2802 1497 2858 conclusiones
1518 2801 1661 2855 inferiores

53 2894 127 2941 torum
140 2887 457 2952 suorumfidem,nonad
470 2886 553 2942 alieni
564 2883 830 2954 judieiilibertatem‚
869 2885 1030 2955 permedia
1053 2884 1212 2940 derivarent
1253 2883 1297 2939 Ex
1315 2882 1413 2955 quibus
1435 2889 1492 2937 arte
1507 2881 1661 2945 constituta,

53 2964 235 3023 adhibuerunt:
257 2973 290 3021 ut
308 2966 451 3038 dupliciter
469 2984 519 3021 noa
538 2967 571 3021 de
591 2966 711 3021 humano
732 2981 831 3036 genera
869 2971 927 3019 tum
941 2965 1057 3031 demum,
1072 2966 1095 3020 si
1110 2982 1165 3036 qua
1177 2965 1361 3019 controversia
1374 2963 1408 3017 de
1427 2962 1521 3033 aliquo
1534 2960 1663 3030 exemplo

53 3046 149 3101 meritos
161 3047 360 3112 existimemus,
374 3046 442 3102 duaa
460 3064 512 3111 res,
530 3047 651 3102 maxime
671 3044 831 3099 mortalibus
869 3052 942 3098 mota
965 3053 1043 3110 esset,
1065 3046 1135 3116 quod
1158 3044 1267 3115 placitis
1287 3044 1343 3099 suis
1366 3042 1498 3114 refragari
1518 3041 1662 3104 videretur,

53 3124 137 3180 charas
158 3135 185 3182 et
204 3133 308 3199 gratas,
329 3134 490 3197 potestatem
513 3136 542 3181 et
564 3125 726 3190 libertatem,
751 3123 832 3178 simul
869 3123 936 3178 illud
959 3141 1007 3195 per
1028 3124 1215 3179 distinctiones
1236 3130 1283 3179 aut
1305 3123 1459 3194 regularum
1484 3137 1592 3174 marum
1616 3136 1662 3173 ex·

54 3202 207 3261 deierantes:
227 3213 392 3278 potestatem
411 3222 532 3277 operum,
553 3205 707 3260 libertatem
726 3203 831 3272 judicii.
870 3204 1039 3273 planationes
1053 3205 1082 3258 in
1097 3204 1218 3259 ordinem
1232 3203 1405 3275 redigerent:
1426 3207 1472 3256 aut
1486 3201 1510 3255 si
1524 3200 1558 3254 de
1572 3216 1663 3254 rerum

54 3281 86 3336 le
97 3285 173 3340 veluti
186 3286 215 3341 in
234 3287 348 3355 judiciis
364 3285 489 3341 civilibus
501 3302 536 3340 ea
545 3285 663 3340 maxime
676 3285 832 3354 incorrupta
870 3285 1071 3354 particularium
1086 3284 1176 3339 causis
1189 3285 1292 3338 mentio
1308 3282 1471 3351 injiceretur,
1486 3279 1582 3334 cased
1602 3296 1663 3350 spe·

53 3370 75 3414 et
91 3374 157 3419 recta
179 3374 250 3430 aunt,
275 3365 322 3420 ubi
345 3367 487 3420 minimum
510 3373 647 3420 oratorum
668 3363 785 3418 licentiae
805 3370 833 3416 et
870 3362 1020 3418 caledones
1040 3380 1103 3418 suas
1120 3362 1260 3435 ingeniose
1283 3362 1525 3417 accommodarent.
1567 3360 1662 3430 ltaque

54 3442 134 3508 tarbis,
147 3453 192 3499 aut
205 3445 291 3499 etiam
305 3446 466 3517 eloquentiae
487 3445 655 3510 conceditur;
677 3443 724 3497 sed
744 3443 832 3497 omnis
869 3460 913 3498 res
927 3451 956 3498 et
969 3444 1158 3498 totiuserroris
1171 3458 1312 3513 processus
1326 3458 1437 3512 prorsus
1450 3447 1543 3512 patet:
1557 3454 1622 3492 nam
1636 3445 1664 3493 et

54 3521 102 3575 fere
121 3541 199 3595 opera
219 3532 247 3579 et
270 3533 377 3595 tempus
397 3525 511 3580 testibus
532 3524 715 3580 eonsumiturs
737 3522 831 3577 eodem
869 3523 964 3577 missio
974 3523 1151 3594 experientia
1164 3538 1336 3594 praepropera
1351 3521 1416 3575 fuit:
1437 3528 1466 3575 et
1478 3518 1663 3573 conclusiones

53 3602 153 3657 modoet
161 3604 193 3658 de
201 3612 300 3658 natura
312 3604 415 3673 judicia
425 3613 585 3660 exercentur
595 3603 704 3675 optima,
712 3619 774 3657 cum
782 3618 832 3656 nec
870 3603 967 3657 mediae
985 3607 1058 3675 (quae
1080 3619 1193 3673 operum
1215 3603 1279 3657 vitae
1296 3602 1371 3669 sunt)
1391 3609 1437 3655 aut
1457 3598 1596 3670 neglectae,
1616 3605 1664 3652 aut

52 3684 156 3752 pugnaci
169 3700 218 3738 nec
232 3682 371 3755 probabili
381 3684 496 3739 orationi
505 3692 552 3740 aut
562 3683 737 3754 disputationi
746 3682 832 3737 maxi·
870 3681 977 3736 infirmo
997 3683 1171 3737 fundamento
1189 3682 1324 3753 impositae
1345 3689 1425 3745 sunt;
1447 3687 1475 3734 et
1497 3678 1589 3733 sensui
1607 3678 1662 3746 ipsi

53 3775 96 3813 mae
119 3772 206 3831 partes
225 3763 389 3828 tribuuntur,
404 3765 453 3819 sed
474 3764 651 3835 experientias
672 3761 832 3817 testimoniis
870 3762 930 3834 (qui
953 3778 1005 3817 non
1028 3764 1247 3832 repraesentatur)
1268 3761 1373 3832 ingenii
1394 3759 1517 3831 quedam
1536 3758 1609 3812 facts
1622 3764 1663 3811 est

54 3839 209 3897 evidentibus
222 3851 251 3897 et
262 3844 427 3899 coacervatis
441 3859 484 3897 res
498 3843 644 3897 coniicitur.
673 3842 746 3896 Nam
760 3849 831 3896 certe
870 3842 1026 3897 substitutio
1045 3841 1189 3913 illegitima
1208 3848 1236 3894 et
1257 3841 1362 3905 infelix,
1378 3848 1405 3893 ει
1423 3842 1446 3894 εἰ
1461 3856 1515 3911 qua
1535 3838 1664 3908 frequens

55 3917 77 3970 iu
88 3931 219 3977 auctorum
234 3923 397 3977 testimoniis
413 3922 497 3977 libido
515 3930 543 3977 et
557 3921 682 3978 stimulus
695 3928 831 3975 versatur:
869 3921 970 3975 alicubi
991 3923 1061 3976 inter
1082 3938 1175 3975 eorum
1192 3920 1290 3990 scripta
1310 3919 1463 3974 inveniatur
1476 3916 1662 3987 exemplorum

54 4013 132 4054 rerum
153 4009 245 4056 autem
267 4002 421 4056 testimonia
438 4009 465 4055 et
481 4019 616 4072 respousa,
633 4000 769 4054 interdum
788 4000 832 4054 ob
870 4007 897 4053 et
916 4000 1120 4071 particularium
1139 4000 1248 4063 mentio,
1262 3998 1291 4052 id
1311 4016 1379 4062 sero,
1395 4007 1421 4053 et
1442 4004 1585 4068 postquam
1604 3998 1662 4065 jam

54 4091 121 4132 mura
134 4089 160 4134 et
174 4080 315 4151 perplexa,
330 4082 377 4135 sed
391 4098 498 4151 semper
512 4083 618 4136 sincera
631 4088 658 4134 et
678 4080 833 4149 ineormpta
870 4079 1006 4134 decretum
1020 4088 1092 4134 esset
1105 4080 1138 4133 de
1158 4079 1265 4151 placitis
1279 4079 1344 4142 suis,
1359 4077 1459 4131 factum
1473 4094 1532 4131 esse
1546 4084 1661 4131 constat.

54 4165 113 4210 suut
150 4158 273 4215 Liberati
287 4162 370 4214 etiam
386 4161 508 4214 videmur
521 4177 622 4231 magno
636 4159 715 4222 malo,
730 4176 766 4214 ex
782 4158 832 4212 ho-
869 4160 973 4213 Nostra
986 4168 1075 4214 autem
1089 4160 1158 4213 ratio
1171 4158 1235 4212 huic
1244 4159 1362 4212 maxime
1373 4157 1506 4211 contraria
1516 4163 1575 4210 est:
1591 4156 1664 4226 quod

54 4229 143 4291 uiuum
169 4238 280 4294 fastidio
303 4248 332 4294 et
358 4240 522 4310 prejudicio.
561 4237 659 4308 §olent
684 4238 757 4292 enim
779 4238 832 4292 viri
872 4239 972 4293 tabulae
985 4239 1089 4293 affatim
1099 4247 1176 4293 extra
1186 4239 1395 4292 connoversiam
1407 4244 1518 4306 ponunt.
1559 4235 1663 4296 Quibus

53 4316 192 4382 prudentes,
201 4327 230 4373 et
240 4318 716 4391 graraaetcunctatores,novitatem
725 4333 834 4373 omnem
871 4318 969 4388 positis
983 4327 1011 4372 et
1023 4317 1089 4374 illud
1103 4318 1233 4389 sequitur,
1248 4316 1462 4380 admirationem,
1477 4334 1538 4387 quae
1553 4315 1663 4387 quibus·

54 4390 156 4450 levitatis
164 4399 326 4453 etvanitatis
339 4399 448 4453 nomine
459 4397 736 4468 suspectamhabere3
750 4413 834 4452 novas
871 4397 980 4451 dumea
994 4398 1111 4469 antiquis
1125 4405 1173 4450 aut
1187 4396 1234 4451 alii
1246 4397 1365 4467 cuipiam
1385 4396 1518 4460 tribuitur,
1533 4396 1663 4450 intactam

53 4481 131 4529 autem
150 4484 239 4531 sectas
260 4485 289 4531 et
307 4495 377 4533 nova
398 4477 498 4549 placita
519 4484 548 4532 ut
567 4477 658 4531 larvas
678 4484 706 4530 et
724 4475 834 4531 umbras
871 4484 899 4530 et
911 4478 1080 4531 imminutam
1094 4493 1212 4531 manere.
1254 4477 1327 4530 Nam
1340 4476 1368 4530 in
1382 4476 1425 4540 iis,
1440 4494 1500 4547 quae
1510 4475 1539 4528 in
1553 4474 1664 4545 ingenio

53 4555 195 4621 aspernari:
217 4573 306 4627 neque
333 4558 405 4611 euim
431 4556 546 4611 multum
570 4557 702 4611 interesse
727 4563 832 4626 putant,
871 4564 899 4610 et
914 4556 1089 4611 meditatione
1099 4556 1188 4626 posita
1203 4563 1274 4620 suut,
1289 4555 1330 4610 illi
1344 4555 1484 4610 mirabiles
1494 4554 1619 4609 homines
1633 4569 1664 4607 ae

54 4638 131 4687 utram
150 4634 277 4691 homiues
298 4637 327 4690 in
343 4636 455 4691 theoriis
467 4636 638 4691 consentiant
651 4642 697 4690 aut
710 4635 834 4689 dissenti-
871 4636 1062 4706 praestiterunt
1102 4636 1205 4690 Nostra
1218 4644 1309 4690 autem
1328 4634 1394 4689 talia
1412 4643 1557 4705 suntque
1578 4632 1665 4687 homi·

53 4718 108 4774 ant;
125 4714 177 4768 nisi
191 4715 263 4786 quod
277 4725 370 4771 vetera
383 4724 412 4770 et
425 4723 534 4788 recepta
547 4715 637 4788 magis
647 4715 710 4779 sint,
724 4715 761 4768 ob
773 4731 834 4768 eon·
871 4733 936 4769 num
947 4716 1059 4787 ingenia
1072 4723 1099 4770 et
1113 4715 1253 4770 facultates
1268 4714 1323 4769 fere
1338 4724 1454 4786 aequant
1488 4715 1563 4768 Nam
1573 4729 1665 4783 quem·

53 4804 150 4847 tensum
176 4802 205 4849 et
233 4811 330 4860 morea,
363 4795 443 4851 rebus
470 4796 596 4866 gerendis
624 4793 833 4850 accommodata.
872 4794 1015 4849 admodum
1029 4796 1063 4849 ad
1082 4794 1144 4860 hoe,
1158 4802 1187 4850 nt
1207 4793 1279 4848 linea
1303 4803 1376 4849 reete
1390 4793 1563 4857 describatur,
1577 4792 1664 4861 pluri·

54 4867 118 4924 linis
131 4874 202 4928 malo
215 4890 270 4928 uon
284 4875 358 4930 aliud
371 4875 520 4930 remedium
533 4874 724 4945 reperiebatur,
737 4873 791 4928 nisi
805 4882 836 4928 ut
872 4891 946 4928 mum
960 4882 1002 4929 est
1015 4875 1044 4928 in
1057 4890 1154 4929 manus
1167 4881 1194 4927 et
1206 4874 1280 4928 visus
1295 4873 1430 4939 facultate,
1441 4873 1465 4929 si
1479 4890 1528 4943 per
1541 4877 1664 4927 constan·

53 4950 218 5018 amplitudine
230 4954 358 5026 exempli,
368 4955 480 5025 inipsoa
489 4955 630 5009 bominum
641 4971 736 5009 seusus
746 4953 786 5008 ita
795 4952 836 5007 iu·
872 4954 938 5007 tiam
951 4970 1048 5008 manus
1069 4962 1096 5009 et
1109 4953 1247 5008 oculorum
1259 4953 1392 5022 judicium
1406 4962 1509 5008 tantum
1518 4968 1562 5006 res
1576 4958 1663 5005 tenta·

53 5042 188 5096 curamus,
201 5040 240 5098 ut,
253 5034 341 5104 primo
353 5040 470 5105 aspectu,
485 5035 574 5106 quivis
586 5034 729 5088 mediocris
740 5033 835 5102 judicii
872 5041 931 5098 tur;
946 5033 989 5086 sin
1003 5051 1052 5103 per
1064 5033 1187 5104 regulam
1201 5033 1344 5099 admotam,
1352 5050 1406 5088 non
1420 5032 1549 5088 multum:
1565 5036 1618 5093 aut,
1633 5037 1665 5083 ut

53 5121 103 5160 rem
115 5109 228 5166 solidam
237 5121 264 5166 et
273 5114 391 5168 sobriam
401 5130 468 5178 esse,
476 5122 556 5185 atque
565 5130 648 5185 opera
657 5121 684 5168 et
692 5112 836 5168 utilitatem
873 5112 955 5167 etiam
969 5113 1120 5183 simplicius
1133 5113 1216 5167 verba
1229 5111 1369 5178 faciamus,
1384 5109 1608 5183 quemadmodum
1629 5109 1665 5163 ad

53 5187 206 5255 spirantem
221 5200 249 5245 et
262 5208 278 5244 a
292 5210 370 5248 novae
385 5192 466 5248 acolis
483 5202 531 5247 aut
548 5210 624 5247 novae
638 5201 720 5248 sectae
733 5193 835 5246 ratione
872 5192 934 5256 hoe,
964 5200 994 5247 ut
1019 5190 1103 5262 longa
1130 5191 1215 5246 oratio
1242 5193 1368 5247 recitetur
1394 5192 1555 5251 memoriter,
1580 5188 1665 5242 homo

53 5269 275 5325 etcomuetudine
289 5289 398 5344 prorsus
411 5271 535 5338 alienam,
549 5274 640 5327 statim
651 5272 797 5343 perspiciat
810 5279 837 5326 ει
873 5272 1005 5325 memoria
1029 5270 1133 5341 pollens
1161 5272 1197 5326 ab
1222 5270 1333 5327 homine
1358 5272 1489 5325 oblivioso
1513 5269 1610 5324 mirum
1634 5269 1664 5323 iu

54 5356 180 5412 amomi.
222 5347 367 5420 Speremus
387 5353 469 5406 etiarn
488 5352 540 5406 hoc
563 5354 735 5423 potissimum
748 5351 835 5416 modo,
873 5351 983 5405 modum
1010 5352 1116 5418 differt3
1138 5352 1180 5406 sin
1203 5352 1236 5405 de
1258 5353 1367 5423 scripto,
1389 5367 1444 5405 non
1463 5351 1546 5405 item:
1568 5347 1665 5402 eadem

54 5425 161 5497 antiquis
175 5434 202 5483 et
215 5428 284 5495 aliis,
299 5432 345 5503 qui
366 5431 395 5485 in
413 5430 590 5503 philosophia
610 5432 714 5503 aliquid
733 5432 836 5502 opinati
873 5432 987 5497 ιιιίοιιε,
1009 5440 1037 5485 et
1056 5434 1085 5486 iu
1109 5432 1337 5501 contemplatione
1359 5447 1458 5495 rerum,
1480 5447 1541 5503 qua>
1562 5427 1665 5482 mentis

55 5512 117 5570 sunt,
135 5507 320 5566 auctoritatem
344 5519 373 5567 et
394 5512 474 5567 tidem
495 5511 638 5584 abrogari:
659 5512 791 5567 bonorem
811 5520 838 5567 et
874 5511 976 5566 viribus
998 5511 1086 5567 solum
1106 5511 1245 5577 incumbit,
1264 5510 1347 5566 homo
1366 5509 1471 5566 homini
1491 5513 1602 5583 praestat
1620 5506 1665 5563 vel
