3800 5875
618 295 670 351 DE
691 294 893 353 SAPIENTIA
914 296 1111 353 VETERUM.
1622 297 1677 360 721

66 451 417 525 illsmpoeaamlsniationis
427 451 668 509 viscsrnmsubiit
709 453 844 511 illudnon
881 456 1051 528 gestientem,
1078 470 1207 511 excessus
1234 453 1393 524 perdiderit.
1442 453 1580 512 Excessus
1605 453 1680 511 enim

66 536 131 593 aliud
149 551 205 589 esse
226 533 338 597 ridetur,
353 550 435 604 quam
449 533 520 604 quod
542 533 675 598 homines,
694 534 797 589 artibus
817 543 845 589 et
881 535 937 590 iere
948 537 1091 604 juvenum
1113 535 1234 590 defectus
1247 550 1350 598 senum,
1362 533 1495 588 vitiaesse
1508 532 1606 589 solent.
1634 533 1680 588 Ex

67 612 368 677 scientiamultainflati‚
381 613 465 667 etism
478 611 639 683 sapientiam
653 613 772 668 diuinam
785 631 845 668 sen·
882 615 988 669 semitis
1009 623 1100 668 tamen
1123 614 1204 669 malis
1226 621 1254 667 et
1273 614 1394 667 noscivis
1415 612 1499 683 elegit
1524 612 1617 667 Icarus
1641 612 1679 681 (si

66 695 131 749 sibus
148 700 175 747 et
193 692 289 747 rationi
308 691 442 761 subjicere
465 692 567 762 saepius
591 700 710 757 tentent;
732 711 768 747 ex
790 710 844 763 quo
882 694 962 763 plane
984 695 1150 764 pereundum
1172 695 1242 758 erat)
1266 693 1412 747 meliorem.
1454 692 1584 745 Defectus
1605 692 1679 746 enim

66 773 198 829 certissime
208 772 329 843 sequitur
338 772 437 826 mentis
450 770 579 825 laceratio
589 779 617 824 et
626 771 774 826 stimulatio
785 789 844 842 per·
882 782 954 827 recte
969 774 1135 827 estimantur
1149 771 1306 826 excessibus
1320 773 1467 842 praviores.
1509 771 1679 840 Quandoqui-

65 859 138 922 petua
159 860 184 906 et
202 851 356 922 irrequieta.
399 851 495 922 Itaque
517 857 607 904 mente
628 850 719 904 sobria
740 859 769 904 et
783 852 843 904 suh
882 854 944 907 dem
969 853 1094 906 excessui
1121 851 1247 905 nonnihil
1270 851 1504 921 magnanimitatis
1533 850 1626 913 subsit,
1651 860 1679 903 et

65 932 139 986 missa
150 931 335 1002 distinguenda
356 938 419 984 sunt
438 930 560 984 humana
582 937 609 983 et
632 930 739 994 divina3
761 938 843 1000 atque
882 932 1051 1002 cognationis
1066 948 1129 985 cum
1143 931 1220 995 coelo,
1243 930 1376 984 adinstar
1394 928 1527 983 volucris:
1557 930 1679 984 defectus

66 1011 161 1065 oracula
173 1026 266 1065 sensns
277 1018 304 1064 et
318 1009 395 1074 fidei,
415 1010 470 1063 nisi
481 1008 550 1063 forte
562 1016 589 1062 et
599 1008 697 1079 religio
705 1008 842 1074 haeretica,
882 1029 947 1065 vero
969 1010 1046 1065 humi
1066 1017 1164 1079 serpat,
1179 1010 1264 1063 instar
1277 1010 1392 1079 reptilis.
1434 1008 1567 1062 Praectare
1587 1009 1677 1062 Hera·

65 1100 88 1144 et
110 1088 276 1159 philosophia
300 1088 486 1143 commentitia
508 1087 665 1142 hominibus
692 1089 767 1142 cordi
795 1089 841 1143 sit.
882 1091 978 1145 clitus:
1014 1089 1146 1144 “Lumen
1160 1090 1269 1152 siccum,
1285 1090 1388 1158 optima
1402 1089 1518 1142 anima.’'
1565 1088 1639 1141 Nam
1653 1089 1677 1142 si

65 1169 150 1223 Restat
163 1168 285 1222 ultimum
305 1168 374 1221 illud
388 1166 504 1221 deludis
517 1166 676 1221 Promethei
689 1185 752 1222 cum
767 1168 844 1222 taedis
882 1187 918 1224 ex
932 1170 1016 1223 humo
1030 1169 1171 1223 humorem
1186 1168 1328 1222 contrahat
1344 1169 1441 1229 anima,
1457 1184 1567 1237 prorsus
1588 1168 1676 1237 depri-

63 1247 212 1302 ardentibus.
255 1247 316 1300 Hoc
337 1262 429 1302 rursus
442 1246 562 1300 adartes
576 1255 603 1299 et
618 1247 744 1301 scientias
762 1248 844 1317 perti·
881 1250 965 1303 mitur
978 1257 1005 1302 et
1019 1249 1181 1319 degenerat:
1204 1249 1313 1301 interim
1327 1256 1418 1301 tamen
1438 1248 1533 1300 modus
1548 1247 1676 1300 adhiben-

54 1336 110 1393 ἠοῖ,
126 1328 193 1380 sicut
211 1327 284 1397 ignis
297 1325 352 1389 ille,
366 1327 401 1379 ad
419 1327 496 1395 cujus
511 1326 669 1379 memoriam
684 1336 712 1380 et
726 1326 844 1381 celebra·
882 1329 931 1382 dus
946 1336 995 1391 est,
1011 1336 1040 1381 ut
1063 1329 1098 1380 ab
1119 1327 1168 1380 illa
1189 1328 1309 1380 siccitate
1332 1326 1442 1380 laudata
1455 1325 1547 1379 lumen
1565 1327 1677 1380 reddata

64 1406 153 1461 donem
164 1405 318 1474 hujusmodi
330 1404 386 1461 ludi
399 1403 514 1460 instituti
531 1413 606 1469 sunt;
628 1414 709 1476 atque
723 1407 843 1460 continet
882 1407 1016 1469 subtilius,
1041 1423 1094 1461 non
1116 1407 1278 1476 corripiatur
1302 1406 1464 1460 incendium.
1505 1405 1594 1475 Atque
1616 1405 1675 1459 haec

63 1484 87 1539 in
104 1502 131 1541 se
144 1485 281 1551 monitum,
296 1485 378 1555 idque
398 1484 647 1556 prudentissimum,
663 1493 693 1537 ut
712 1485 844 1555 perfectio
881 1488 968 1541 cuivis
981 1486 1037 1540 fere
1052 1496 1116 1539 nota
1130 1496 1199 1540 sunt.
1240 1486 1277 1539 At
1290 1486 1335 1539 vin
1347 1486 1395 1539 ills
1409 1485 1438 1538 in
1449 1483 1675 1539 intellectualibus

63 1564 248 1619 scientiaruma
257 1564 435 1629 successione,
447 1580 501 1617 non
516 1564 551 1616 ab
561 1565 643 1617 unius
655 1563 770 1632 alicujus
783 1581 843 1634 per-
881 1568 953 1620 inter
974 1564 1093 1634 Scyllam
1107 1573 1136 1619 et
1150 1565 1318 1633 Charybdim
1332 1573 1404 1619 certe
1418 1572 1445 1617 et
1459 1564 1586 1633 peritiam
1601 1565 1676 1617 nasi·

63 1643 160 1698 uicitate
174 1652 220 1698 aut
234 1643 371 1707 facultate,
386 1651 563 1712 exspectetur.
612 1642 722 1696 Etenim
737 1643 785 1714 qui
807 1644 843 1697 ad
881 1646 963 1717 gandi
978 1652 1004 1698 et
1019 1645 1179 1698 felicitatem
1194 1644 1338 1699 desiderat.
1380 1644 1410 1698 Si
1424 1643 1496 1696 enim
1511 1643 1539 1695 in
1554 1642 1675 1710 Scyllam

63 1740 158 1778 cunum
178 1732 205 1777 et
228 1725 428 1779 contentionem
448 1721 611 1776 velocissimi
632 1728 660 1774 et
679 1721 842 1777 validissimi
880 1726 1098 1789 incidantnaves,
1107 1723 1247 1778 illiduntur
1255 1723 1391 1778 cautibus:
1406 1722 1449 1777 sin
1459 1723 1487 1774 in
1498 1721 1674 1789 Charybdim,

62 1811 121 1867 sunt,
134 1803 152 1856 ii
166 1803 200 1856 ad
213 1804 301 1857 facem
315 1820 391 1856 snam
406 1818 547 1856 accensam
558 1799 717 1854 servandam
729 1801 841 1857 fortasse
880 1805 1067 1860 absorbentur.
1109 1803 1194 1872 Cujus
1216 1802 1353 1873 parabolae
1374 1819 1408 1856 ea
1424 1802 1530 1855 videtur
1550 1801 1674 1865 essenis,

62 1881 141 1937 minus
160 1893 221 1936 sunt
245 1882 360 1947 habiles,
374 1898 436 1935 cum
460 1898 477 1934 a
497 1897 577 1934 cursu
598 1878 795 1952 rapidumque,
810 1899 841 1936 ac
881 1881 980 1957 (quam
990 1899 1040 1937 nos
1052 1882 1171 1937 breviter
1183 1883 1405 1953 perstringemus,
1420 1879 1527 1933 tametsi
1541 1880 1674 1935 infinitam

62 1961 225 2026 nimistardo,
239 1960 390 2031 periculum
413 1959 586 2014 extinctionis
600 1958 750 2014 immineat.
792 1961 841 2015 Isti
881 1963 971 2018 trahat
998 1957 1280 2036 contemplationem)
1302 1967 1332 2014 ut
1355 1962 1384 2014 in
1406 1959 1479 2013 omni
1502 1958 1626 2012 doctrina
1646 1968 1676 2014 et

62 2049 141 2095 sutem
160 2040 290 2096 luminum
304 2057 398 2095 cursus
412 2050 439 2093 et
453 2039 602 2093 certamina
620 2038 785 2108 jampridem
799 2040 841 2094 in·
880 2043 1000 2105 scientia,
1023 2058 1169 2112 earumque
1195 2040 1297 2111 regulis
1321 2050 1349 2094 et
1372 2038 1559 2102 axiomatibus,
1578 2038 1675 2094 modus

62 2121 173 2176 nimissa
185 2121 317 2185 videntur,
329 2137 390 2174 cum
400 2119 522 2173 scientiae
536 2118 564 2172 in
578 2118 674 2188 primis
689 2118 841 2190 quibusque
881 2130 1002 2177 teneatur
1012 2122 1083 2176 inter
1092 2122 1294 2175 distinctionum
1305 2118 1437 2189 scopulos,
1446 2128 1472 2171 et
1483 2117 1675 2173 universalium

62 2200 207 2265 auctoribus,
228 2198 383 2264 Aristotele,
407 2198 519 2262 Galerio,
540 2197 662 2262 Euclide,
685 2195 840 2265 Ptolemaeo,
879 2202 1029 2272 voragines.
1073 2202 1140 2255 Haec
1165 2200 1239 2254 eninr
1259 2200 1313 2253 duo
1331 2197 1482 2270 naufragiis
1503 2197 1675 2268 ingeniorum

61 2279 166 2334 maxime
180 2281 277 2334 florere
291 2287 450 2343 cernentum
472 2287 551 2348 atquc
566 2276 700 2332 successio
713 2276 753 2331 nil
767 2294 841 2350 mag·
880 2292 906 2336 et
919 2283 1018 2337 artium
1029 2281 1134 2335 famosa
1148 2288 1220 2334 suut.

61 2357 86 2410 ni
102 2358 215 2414 effecerit
238 2366 286 2413 aut
308 2358 364 2412 fere
387 2359 537 2412 tentaverit.
578 2356 667 2428 Atque
690 2358 841 2427 optandum

60 2445 128 2503 esset,
146 2447 174 2492 ut
188 2438 232 2493 isti
248 2438 305 2491 ludi
319 2439 347 2491 in
362 2437 491 2491 honorem
503 2435 661 2490 Promethei
675 2436 732 2491 sive
746 2435 841 2492 huma-

60 2531 97 2570 ne
115 2526 212 2573 naturae
236 2518 459 2580 instaurarentur,
484 2526 565 2587 atque
588 2532 632 2569 res
653 2522 791 2570 certamen
814 2524 841 2570 et
919 2518 1074 2573 Taanrrua
1089 2514 1198 2584 Sphinx
1218 2512 1301 2566 fuisse
1315 2519 1465 2565 monstrum
1478 2510 1569 2579 specie
1583 2508 1674 2564 multia

60 2596 246 2652 emulationem
259 2605 286 2651 et
295 2597 393 2651 bonam
405 2596 539 2651 fortunam
552 2595 692 2665 reciperet,
706 2611 794 2666 neque
805 2612 840 2650 ex
879 2597 980 2660 forme;
1003 2597 1071 2650 facie
1086 2604 1114 2648 et
1127 2609 1192 2647 voce
1207 2591 1339 2661 virginis3
1372 2590 1468 2660 pennis
1482 2588 1604 2653 volucris,
1624 2606 1674 2643 un-

60 2675 129 2730 unias
141 2677 293 2748 cujuspiam
307 2676 365 2730 face
386 2674 500 2730 tremula
518 2682 600 2745 atque
620 2674 723 2744 agitata
737 2675 839 2744 pende·
879 2678 977 2747 guibus
990 2674 1110 2747 gryphi:
1136 2674 1234 2743 jugum
1249 2677 1340 2724 autem
1354 2668 1454 2722 montis
1468 2668 1496 2721 in
1518 2668 1674 2738 agroThe·

60 2762 101 2808 ret
139 2756 231 2828 ltaque
255 2754 380 2810 homines
393 2754 519 2809 monendi
542 2762 611 2818 sunt,
626 2761 657 2807 ut
670 2769 699 2806 se
720 2753 774 2823 ipsi
790 2771 839 2808 ex·
878 2757 949 2811 bano
963 2756 1074 2811 tenebat
1087 2761 1116 2807 et
1129 2753 1187 2806 rias
1207 2749 1363 2804 obsidebat:
1392 2764 1450 2801 mos
1465 2753 1556 2801 sutem
1571 2748 1596 2801 ei
1617 2757 1674 2802 erat

59 2834 217 2901 carmentet
230 2835 306 2889 vires
319 2842 400 2906 atque
411 2835 492 2887 etiam
503 2834 576 2887 vices
586 2849 648 2887 suas
659 2833 839 2902 experiantur,
878 2838 996 2891 viatores
1021 2853 1058 2890 ex
1080 2832 1187 2887 insidiis
1209 2830 1336 2885 invadere
1366 2844 1397 2881 ac
1423 2826 1673 2896 comprehendere:

59 2928 136 2984 acque
149 2915 177 2970 in
197 2932 348 2986 paucorum
362 2914 502 2969 hominum
517 2911 645 2968 animulis
659 2920 684 2967 et
698 2911 840 2968 cerebellis
878 2916 976 2988 quibus
999 2916 1028 2970 in
1052 2920 1212 2987 potestatem
1237 2907 1360 2972 redactis,
1385 2907 1531 2978 aenigmata
1551 2906 1674 2977 quaedam

59 2995 138 3047 omnia
150 3005 261 3065 ponant.
303 2996 371 3049 Haec
395 3001 456 3049 sunt
472 2993 528 3057 illa,
544 3011 605 3064 quae
625 2993 654 3046 in
675 2991 767 3045 fabula
788 2993 841 3046 ista
878 2998 993 3052 obscura
1006 3006 1034 3050 et
1047 2992 1181 3065 perplexa
1192 2989 1369 3061 proponebat,
1385 3005 1445 3059 quae
1459 3004 1476 3039 a
1494 2986 1583 3040 Musis
1604 3003 1674 3057 prae·

57 3071 150 3143 vulgari
159 3084 185 3130 et
192 3075 336 3128 decantata
346 3073 424 3128 nobis
435 3073 591 3127 adumbrari
601 3072 736 3136 videnturr
750 3088 839 3143 neque
878 3076 937 3130 bita
949 3083 977 3130 et
990 3083 1101 3144 accepta
1115 3071 1287 3142 putabantur.
1333 3067 1376 3121 Ea
1388 3067 1412 3120 si
1427 3064 1531 3121 solvere
1546 3074 1574 3119 et
1589 3066 1674 3120 inter·

58 3157 137 3207 ¹³⁰¹?ss
152 3154 312 3216 inficiamur,
327 3152 367 3206 illi
389 3154 499 3207 subesse
523 3151 597 3205 haud
616 3168 711 3221 panca,
726 3169 787 3223 quta
806 3152 841 3206 sd
878 3155 981 3227 pretori
998 3154 1091 3209 miseri
1113 3151 1214 3221 captivi
1233 3165 1288 3203 non
1310 3153 1435 3218 possent;
1466 3145 1631 3209 haesitantes,
1647 3152 1675 3198 et

58 3228 210 3287 Christiane
232 3233 297 3287 fidei
321 3233 449 3301 mysteria
462 3231 532 3285 miro
553 3247 686 3284 consensu
705 3231 839 3298 innuant;
878 3235 1004 3290 confusos
1026 3235 1055 3288 in
1080 3232 1144 3296 illis,
1158 3246 1258 3300 magna
1281 3227 1384 3282 soevitia
1407 3225 1563 3279 dilaniabat
1606 3224 1674 3277 Hac

58 3321 112 3365 ante
125 3313 214 3366 omnia
227 3311 368 3383 navigatio
382 3310 430 3365 illa
445 3310 572 3365 Herculis
586 3310 614 3363 in
629 3324 710 3364 urceo
724 3310 759 3364 ad
771 3309 840 3365 libe·
878 3315 1019 3371 calamitas
1029 3330 1090 3367 cum
1105 3313 1152 3366 diu
1165 3317 1339 3381 grassaretur,
1351 3306 1493 3376 praemium
1506 3304 1675 3374 propositum

57 3390 158 3445 randum
168 3390 371 3456 Prometheum,
382 3390 529 3462 imaginem
539 3389 593 3443 Dei
604 3389 698 3454 Verbi,
710 3389 739 3444 iu
750 3406 839 3455 carne,
879 3404 919 3450 est
941 3412 958 3448 a
978 3392 1116 3449 Thebanis
1140 3391 1242 3459 (ipsum
1261 3386 1418 3441 Thebarum
1437 3385 1595 3454 imperium)
1615 3384 1675 3439 viro

57 3477 174 3540 tanquam
196 3470 291 3544 fragili
313 3469 430 3534 vasculo,
445 3471 479 3525 ad
501 3469 714 3539 redemptionem
732 3470 840 3539 generis
879 3474 926 3546 qui
941 3474 1074 3545 Sphingis
1084 3470 1232 3540 aenigmata
1243 3466 1380 3537 explicare
1391 3464 1475 3535 possit
1490 3464 1674 3533 (nequeenim

55 3544 157 3602 humani
172 3550 354 3622 PiOPerassfib
369 3566 425 3620 1³¹ae
440 3567 469 3604 ὅθ
489 3549 558 3603 ferre
575 3550 687 3603 Videtur·
737 3548 840 3603 Verum
879 3555 933 3608 alia
946 3552 1106 3623 superandae
1120 3547 1276 3604 illiusratio
1294 3546 1373 3612 erat).
1422 3543 1510 3597 Tanto
1523 3543 1611 3612 pretio
1625 3561 1674 3596 ex·

55 3643 100 3681 nos
111 3644 216 3684 omnem
231 3630 262 3683 in
275 3628 328 3683 hoc
338 3646 438 3700 genere
449 3628 586 3682 licentiam
601 3628 679 3682 nobis
692 3628 745 3699 ipsi
755 3628 840 3682 iuter·
878 3636 976 3689 citatus
999 3632 1123 3701 OEdipun
1146 3629 1187 3682 vir
1204 3643 1268 3680 acer
1289 3631 1318 3679 et
1339 3623 1465 3694 prudens,
1488 3622 1535 3675 sed
1560 3621 1673 3691 pedibus

56 3704 167 3773 dicimus,
185 3726 220 3763 ne
241 3709 311 3763 forte
330 3710 393 3781 igne
414 3718 543 3763 extraneo
566 3707 601 3760 ad
624 3706 708 3762 altare
729 3707 841 3762 Domini
878 3714 952 3768 laesis
966 3721 994 3767 et
1007 3709 1159 3783 perforatis,
1174 3705 1357 3762 conditionem
1377 3702 1489 3771 accepit,
1508 3710 1535 3754 et
1552 3702 1672 3770 experiri

55 3794 161 3844 fllifflffl'·
879 3793 980 3847 statuit
1026 3791 1176 3861 Postquam
1191 3794 1282 3841 autern
1302 3784 1388 3838 fidens
1402 3781 1485 3835 animi
1500 3789 1526 3833 et
1541 3779 1630 3833 alacer
1643 3797 1673 3834 ae

879 3890 970 3927 coram
984 3871 1107 3942 Sphinge
1122 3868 1254 3929 stitissetr
1282 3864 1331 3917 illa
1351 3862 1433 3916 abeo
1447 3859 1578 3930 quaesivit,
1593 3859 1674 3929 quale

56 3930 137 3972 xxvii.
157 3934 398 3983 terrariorum
420 3931 839 3980 transcrtnmcasitrnms,
879 3952 987 4005 tandem
1010 3949 1078 4005 illud
1101 3944 1202 4002 animal
1226 3952 1304 4008 esset,
1325 3942 1396 4014 quod
1410 3941 1498 4011 primo
1521 3939 1673 4009 quadrupes

329 4014 393 4052 ⁸¹⁹³
407 4013 453 4051 ’Ἠ
468 4013 566 4051 ΜΛ·
878 4040 980 4094 natum,
995 4040 1090 4100 postea
1103 4024 1181 4096 bipes
1202 4025 1303 4078 factum
1324 4030 1403 4085 esset,
1418 4019 1515 4073 deinde
1533 4015 1623 4087 tripes,
1639 4018 1674 4072 ad

88 4106 300 4172 Maniocairas,
316 4110 372 4163 sire
390 4107 435 4162 via
455 4109 552 4170 media,
566 4107 595 4160 in
616 4106 765 4160 moralibus
784 4105 841 4160 lau·
879 4120 1031 4165 extremum
1045 4123 1136 4163 rursus
1157 4104 1320 4176 quadrupes.
1364 4100 1414 4155 Ille
1436 4099 1561 4169 prasenti
1583 4098 1673 4151 animo

54 4184 184 4243 ditissima
198 4197 258 4253 est;
288 4188 316 4241 in
338 4185 568 4242 intellectualibus
589 4187 678 4240 minus
697 4184 839 4249 celebrata,
880 4191 1026 4260 respondit,
1035 4188 1102 4242 iilud
1110 4188 1139 4240 in
1147 4184 1285 4239 hominem
1296 4190 1457 4250 competere,
1469 4178 1515 4248 qui
1524 4177 1574 4230 sub
1584 4177 1673 4246 ipsum

54 4265 96 4317 sed
115 4283 167 4321 non
186 4268 278 4322 minus
297 4267 372 4322 utilis
386 4277 414 4321 et
431 4267 518 4330 bona;
543 4266 572 4319 in
596 4264 715 4335 politicis
737 4273 841 4319 tantum
879 4281 987 4339 parrum
1007 4278 1034 4322 et
1057 4266 1200 4321 infantiam
1223 4261 1377 4334 quadrupes
1397 4256 1561 4328 provolvitur
1585 4258 1674 4312 strix

54 4355 177 4414 militem,
192 4356 219 4400 01
230 4364 293 4401 cum
304 4347 408 4415 judicio
422 4345 584 4399 adhibenda
625 4344 736 4398 Morum
749 4351 840 4397 autem
880 4366 974 4419 repere
989 4354 1081 4412 tentat,
1095 4362 1145 4399 nec
1169 4345 1208 4397 ita
1228 4340 1313 4395 multo
1336 4346 1397 4410 post
1420 4347 1524 4391 erectus
1546 4343 1573 4390 et
1595 4335 1674 4407 bipes

53 4424 245 4480 mediocritates
259 4443 308 4496 per
321 4427 393 4480 viam
405 4426 482 4479 Icaro
493 4424 696 4494 praescriptam
717 4422 841 4477 intellec·
880 4429 996 4492 incedit;
1024 4427 1053 4480 in
1075 4431 1213 4479 senectute
1227 4429 1319 4474 autem
1340 4417 1437 4472 baculo
1453 4413 1576 4470 innititur
1598 4425 1625 4469 et
1643 4433 1673 4470 se

53 4502 263 4560 mabumautem
276 4521 325 4576 per
335 4505 406 4559 mam
416 4505 487 4558 inter
498 4503 617 4573 Scyllam
627 4511 654 4557 et
665 4501 842 4571 Charybdim,
881 4513 1020 4570 sustentat,
1034 4514 1063 4559 ut
1080 4514 1209 4574 tanquam
1224 4499 1309 4569 tripes
1323 4500 1462 4560 videatur;
1493 4505 1614 4549 extrema
1628 4512 1674 4548 au·

53 4580 84 4635 ⁰b
93 4583 280 4640 fflffissulffltem
290 4592 316 4639 ei
326 4583 483 4655 periculum,
495 4583 666 4637 decantatam
677 4581 712 4634 ab
723 4580 842 4651 antiquit
881 4597 935 4641 tem
949 4595 1029 4642 aetate
1050 4584 1202 4654 decrepitus
1227 4596 1313 4633 senex
1326 4577 1479 4630 labantibus
1497 4576 1595 4638 nervis,
1611 4591 1675 4645 qua-

53 4668 178 4719 notantur.
236 4663 315 4718 Icaro
334 4664 465 4735 pracepit
485 4670 569 4733 pater,
591 4677 653 4715 cum
673 4677 748 4714 marc
771 4667 844 4714 estet
881 4667 980 4736 drupes
1002 4664 1144 4725 decumbit,
1167 4669 1196 4715 et
1220 4659 1292 4713 lecto
1315 4657 1443 4727 affigitur.
1492 4654 1586 4724 ltaque
1610 4670 1674 4706 vero

52 4743 299 4808 Pfaeiflmltmdum,
312 4752 343 4797 ui
361 4743 433 4796 Viam
456 4750 502 4795 ΜΠ
518 4740 601 4794 ssiffiiss
622 4740 772 4802 ⁸¹¹bli¹110ms
796 4746 843 4792 aul
882 4763 1011 4815 responso
1038 4742 1178 4798 victoriam
1199 4740 1320 4807 adeptus,
1345 4736 1496 4806 Sphingem
1518 4733 1673 4794 interemit;

51 4820 127 4876 nimis
140 4821 276 4878 humilem
290 4830 406 4875 careret.
449 4820 517 4874 Cum
528 4819 601 4873 enim
615 4818 665 4873 alae
679 4835 742 4873 cera
753 4824 844 4872 essent
882 4827 959 4894 cujus
980 4841 1078 4894 corpus
1101 4820 1186 4875 asello
1207 4817 1373 4888 impositum,
1388 4814 1470 4868 veluti
1487 4813 1516 4864 in
1536 4809 1674 4880 triumpho

52 4900 249 4970 conglutinatae,
256 4900 404 4971 periculum
413 4909 470 4954 erat
478 4899 503 4953 si
510 4898 592 4952 altius
600 4897 771 4961 efferetur,ne
782 4913 844 4950 cera
882 4905 1046 4968 ducebam„
1075 4903 1134 4973 ipse
1156 4907 1247 4954 aurem
1261 4914 1296 4951 ex
1311 4896 1399 4967 pactis
1420 4910 1469 4948 rex
1482 4890 1675 4944 Thebanorum

51 4981 160 5035 exsulis
184 4980 282 5034 ardore
306 4979 473 5051 liquefieret;
500 4979 541 5032 sin
557 4978 591 5033 ad
608 4994 738 5047 vaporem
760 4976 844 5030 maris
882 4993 988 5038 creatus
1002 4991 1051 5037 est,

51 5060 157 5127 propius
177 5076 207 5115 se
228 5060 403 5122 submitteret,
425 5075 460 5112 ne
483 5058 518 5111 ab
539 5056 652 5112 humore
673 5072 736 5109 cera
754 5055 845 5109 minus
922 5063 1027 5117 Fabula
1050 5060 1171 5130 elegans,
1186 5074 1236 5111 nee
1256 5057 1347 5110 minus
1370 5052 1486 5123 prudens
1508 5057 1564 5113 est;
1593 5055 1674 5118 atquc

51 5140 303 5194 tenucfficeretur.
346 5138 396 5194 itte
406 5154 471 5192 vero
481 5153 548 5191 ausu
560 5134 674 5205 juvenili
685 5135 714 5189 ia
728 5133 844 5189 celsiora
884 5143 989 5196 videtur
1015 5141 1130 5195 conficta
1150 5138 1184 5192 de
1212 5135 1333 5198 scientia,
1357 5129 1507 5203 praesertim
1530 5128 1676 5195 conjuncta

50 5219 189 5283 “madii
203 5226 286 5288 {tique
300 5219 328 5273 in
344 5234 466 5288 princeps
480 5215 573 5284 lflpwss
586 5223 637 5269 ⁸⁸1·
883 5222 1016 5290 practicae.
1052 5219 1192 5290 Siquidem
1203 5215 1317 5270 scientia
1330 5228 1384 5266 non
1399 5209 1513 5263 absurde
1527 5215 1675 5263 monstrum

87 5291 224 5351 Parabola
240 5298 329 5352 facilis
342 5306 370 5352 et
383 5298 496 5367 vulgata
509 5303 566 5348 est:
588 5295 695 5349 virtutis
709 5293 782 5348 enim
797 5291 843 5345 via
883 5301 936 5355 dici
959 5299 1051 5371 possit,
1073 5316 1136 5353 cum
1154 5294 1341 5367 ignorantibus
1364 5299 1391 5345 et
1412 5287 1544 5359 imperitis
1565 5303 1675 5357 prorsus

50 5374 116 5430 inter
136 5394 282 5431 excessum
306 5387 333 5431 et
346 5377 483 5433 defectum
502 5382 577 5427 recto
591 5374 700 5428 tramite
714 5372 843 5443 aperitur.
882 5380 1056 5435 admirationi
1069 5379 1113 5433 sit.
1154 5376 1257 5447 Figura
1266 5379 1357 5427 auten
1367 5376 1394 5425 et
1403 5369 1492 5438 specie
1503 5365 1675 5421 mulntormis

50 5451 143 5525 N‘qsse
168 5457 269 5510 misum
294 5465 351 5511 erat
372 5456 396 5511 Εἰ
424 5454 538 5517 Icarum,
561 5452 676 5521 iuvenili
705 5452 844 5508 alacritate
883 5471 931 5527 est,
942 5461 977 5517 ob
988 5461 1148 5515 immensam
1158 5457 1316 5511 varietatem
1326 5449 1449 5519 subjecti,
1460 5449 1488 5503 in
1499 5463 1553 5519 qua
1563 5444 1676 5501 scientis

86 5563 147 5604 ror.
170 5563 205 5604 ιι.
414 5549 471 5602 ar

1043 2421 1144 2462 xxviii.
1167 2419 1279 2467 sralnx,
1294 2417 1360 2456 aiiii
1373 2416 1511 2456 scieritis.
