3800 5875
688 273 868 330 HISTORIA
889 274 1115 329 VENTORUM.
1652 276 1709 330 519

82 428 134 483 alii
147 428 195 484 hic
210 430 284 501 apud
296 446 347 485 nos
359 432 389 485 in
401 431 480 487 imo?
520 430 742 501 Quandoquidem
760 433 882 487 observa·
920 433 976 486 sint
988 432 1060 486 venti
1071 432 1227 496 cardinales,
1239 432 1285 503 qui
1298 433 1591 501 spirantacardinibus
1601 436 1707 489 mundi:

82 516 144 563 tum
162 517 207 563 est
225 526 242 563 a
259 510 404 576 nonnullis,
425 510 561 564 interdum
584 510 671 564 nubes
689 511 752 565 ierri
773 512 801 564 in
821 529 883 565 con·
920 511 1148 576 semicardinales,
1160 514 1206 583 qui
1220 513 1250 565 in
1264 512 1401 566 dimidiis:
1423 513 1549 576 mediani,
1564 514 1610 582 qui
1623 515 1652 566 in
1665 516 1707 567 in·

81 589 199 643 trarium
213 590 347 643 versionis
365 588 520 660 pinnaculi:
540 589 624 643 etiam
641 589 728 644 nubes
742 590 805 644 ferri
819 592 882 645 forti
920 590 1076 644 termediis:
1099 592 1180 645 etiam
1202 608 1237 645 ex
1260 591 1427 644 intermediis
1448 592 1567 646 mediani
1592 594 1707 660 majores

81 685 157 733 aura,
171 686 236 722 curn
251 668 298 723 hic
311 671 383 738 apud
396 686 445 723 nos
460 668 541 723 suerit
554 686 661 723 summa
673 669 860 739 tranquillitas.
919 677 1055 733 vocentur,
1067 671 1113 740 qui
1127 670 1289 741 iuquadris;
1310 670 1428 724 minores
1438 669 1544 740 reliqui.
1585 670 1706 725 Particu-

122 748 171 801 26.
193 747 259 802 Fiat
269 749 415 818 descriptio
428 748 545 819 diligens
558 748 704 802 admodum
718 758 745 802 et
762 750 879 818 particu—
918 747 985 802 laris
998 756 1089 804 autem
1103 749 1201 803 divisio
1213 767 1246 804 ea
1259 759 1308 814 est,
1320 766 1381 818 quse
1394 750 1522 819 sequitur.

78 825 147 879 laria
162 833 256 881 motus
266 836 407 883 ventorum
421 829 451 882 in
463 827 582 897 impulsu
594 828 704 881 navium
717 845 766 898 per
779 827 847 882 vela

120 904 170 966 27.
180 906 247 959 Fiat
256 906 405 978 descriptio
413 915 502 961 motus
512 917 653 961 ventorum
661 907 691 960 in
701 907 770 960 velis
780 907 880 961 molen·
1046 921 1171 962 canora.
1456 921 1580 961 casura.

79 985 209 1039 diuorum
224 986 259 1039 ad
273 996 398 1050 ventum,
419 987 449 1040 in
462 987 554 1040 volatu
567 988 724 1056 accipitrum
739 986 879 1049 starium,
918 985 1028 1040 Boreas.
1330 985 1426 1049 Eurus,
1441 986 1497 1039 sive
1512 985 1685 1040 Subsolanus.

78 1064 164 1118 etiam
178 1064 209 1117 in
223 1064 383 1136 vulgaribus
397 1075 425 1119 et
436 1065 556 1129 ludicris,
569 1064 654 1119 veluti
675 1066 814 1135 signanum
833 1082 880 1120 ex·
917 1064 1019 1119 Boreas
1037 1065 1105 1120 lad
1118 1065 1228 1120 Eurum.
1331 1065 1419 1119 Eunu
1436 1064 1657 1119 l.adAustn1m.
1720 1073 1725 1107 ¹
1757 1109 1759 1112 .

77 1142 253 1213 plicatorum,
267 1146 417 1200 draconum
429 1145 589 1210 volantium,
604 1144 756 1199 duellorum
770 1144 804 1198 ad
817 1162 879 1199 ven-
1030 1160 1102 1198 nso.
1118 1160 1186 1201 nar.
1441 1159 1510 1197 asan.
1523 1160 1585 1198 nar.

76 1232 144 1288 tum,
159 1231 216 1277 etc.
916 1222 1103 1277 Boreas2.·ad
1117 1224 1295 1288 Eurum‚sise
1329 1221 1416 1276 Eurus
1444 1224 1471 1275 2.
1507 1223 1541 1276 ad
1567 1222 1703 1287 Austrum,

158 1301 185 1355 A
200 1302 319 1357 motibus
331 1308 473 1357 ventorum
487 1309 607 1357 transeat
618 1301 759 1372 inquisitio
772 1303 806 1356 ad
823 1303 878 1356 vim
955 1302 1066 1373 Aquilo.
1367 1302 1425 1355 sive
1440 1299 1595 1356 Vulturnus.

115 1387 145 1433 et
160 1389 312 1451 potestates
326 1382 454 1450 ipsorum.
915 1381 1018 1435 Boreas
1032 1381 1060 1436 3.
1069 1382 1103 1434 ad
1116 1382 1228 1446 Eurum,
1235 1383 1294 1437 sive
1329 1380 1417 1435 Eurus
1432 1380 1458 1434 3.
1473 1382 1507 1434 ad
1521 1381 1657 1435 Austrum.

321 1462 368 1514 28.
389 1461 459 1521 Quid
472 1462 577 1531 possint
586 1467 613 1514 et
622 1468 706 1531 agant
719 1462 792 1515 venti
807 1462 878 1514 eirca
956 1460 1057 1515 Meses.

280 1548 418 1594 currentes
432 1547 460 1594 et
469 1548 551 1595 aestus
561 1557 698 1611 aquarum,
710 1546 738 1593 et
748 1540 820 1593 circa
833 1540 877 1594 de·
1040 1555 1172 1595 samona.
1453 1554 1584 1594 sarrrcsa.

280 1619 421 1686 tentiones,
440 1619 627 1683 immissiones,
643 1628 670 1674 et
687 1619 877 1674 inundationes
915 1617 1114 1673 Euro-Boreas.
1328 1616 1520 1672 Euro-Auster.

73 1695 226 1764 ipsarum?
914 1696 1003 1751 Eurus
1020 1697 1044 1752 l.
1059 1715 1076 1750 a
1090 1698 1185 1752 Borea.
1329 1694 1426 1750 Auster
1440 1697 1464 1751 l.
1477 1697 1512 1750 sb
1522 1698 1602 1751 Euro.

114 1775 167 1830 29.
190 1776 265 1837 Quid
281 1778 355 1831 circa
374 1777 480 1846 plantas
495 1785 522 1831 et
543 1779 654 1843 insecta,
668 1777 819 1831 inducendo
838 1777 876 1831 lo
1024 1793 1093 1831 uso.
1108 1793 1173 1831 saar.
1436 1791 1504 1830 uso.
1517 1792 1583 1831 raas.

70 1864 177 1920 costas,
193 1873 298 1920 erucas,
310 1856 396 1911 malos
410 1857 506 1911 rores?
914 1854 1003 1908 Eurus
1025 1857 1052 1910 2.
1077 1873 1094 1908 a
1116 1857 1212 1919 Borea,
1236 1856 1292 1909 sive
1329 1854 1427 1908 Auster
1441 1854 1469 1909 2.
1490 1856 1524 1909 ab
1544 1856 1625 1920 Euro,
1644 1858 1700 1911 sive

113 1933 165 1987 30.
187 1935 259 1996 Quid
273 1937 347 1990 circa
360 1937 550 2007 purgationem
564 1944 591 1990 et
604 1935 778 1990 infectionem
795 1936 874 1997 siris,
953 1933 1065 1988 Caeciae.
1367 1933 1531 1988 Phoenicias

71 2022 100 2067 et
113 2013 192 2066 circa
207 2014 386 2083 pestilentias,
399 2016 516 2080 morbos,
531 2023 558 2070 et
571 2017 684 2070 affectus
695 2013 875 2069 animalium?
913 2011 1002 2067 Eurus
1016 2013 1042 2068 3.
1058 2031 1075 2066 a
1085 2013 1181 2068 Borea
1328 2012 1427 2067 Auster
1440 2013 1467 2067 3.
1482 2013 1517 2066 ab
1531 2014 1612 2069 Euro.

112 2092 163 2146 31.
186 2093 874 2165 Quidcircadelationemspecierum(quasvocant)
1045 2108 1161 2148 canora.
1456 2108 1570 2147 casura.

70 2172 251 2242 spiritalium,
267 2182 296 2228 ut
310 2190 444 2238 sonorum,
459 2174 603 2239 radiorum,
618 2181 646 2227 et
659 2174 813 2228 similium?
913 2169 1018 2234 Auster,
1034 2172 1091 2225 sive
1104 2172 1204 2226 Notus.
1327 2170 1479 2240 Zephyrus,
1488 2173 1545 2225 sive
1555 2172 1699 2227 Favonius.

154 2255 181 2305 A
195 2253 378 2322 potestatibus
397 2261 538 2307 ventorum
552 2260 671 2307 transeat
684 2252 826 2323 inquisitio
840 2252 875 2306 ad
912 2248 1010 2304 Auster
1024 2250 1091 2304 lad
1105 2251 1271 2320 Zephyrum.
1327 2249 1469 2319 Zephyrus
1483 2248 1507 2304 l.
1522 2250 1556 2303 ad
1567 2251 1689 2306 Boream.

110 2332 294 2401 prognostica
316 2339 465 2397 ventorum,
483 2349 537 2386 non
556 2332 643 2387 solum
665 2339 775 2402 propter
795 2348 873 2386 usum
1025 2346 1094 2384 uro.
1110 2346 1176 2385 saar.
1433 2345 1505 2384 iren.
1521 2345 1583 2384 nar.

110 2411 334 2481 praedictionum,
348 2412 397 2465 sed
411 2413 475 2482 quia
489 2427 572 2466 manu
589 2412 690 2465 ducunt
707 2411 742 2464 ad
761 2426 872 2465 causas:
912 2407 1010 2462 Auster
1023 2409 1050 2463 2.
1066 2409 1099 2461 ad
1111 2409 1275 2479 Zephyrum,
1325 2407 1468 2477 Zephyrus
1482 2409 1509 2463 2.
1524 2409 1559 2462 sd
1576 2409 1698 2473 Boream,

110 2491 294 2560 prognostica
307 2492 381 2544 euim
401 2500 448 2544 aut
469 2492 678 2561 praeparationes
692 2507 781 2544 rerum
794 2507 873 2543 mou·
950 2488 1007 2542 sire
1020 2487 1177 2543 Libonotus.
1364 2488 1421 2541 sive
1436 2488 1530 2542 Corus.

109 2575 211 2632 amant,
226 2576 375 2640 antequam
393 2571 574 2641 perducantur
590 2571 625 2623 ad
643 2576 746 2634 actum,
767 2575 814 2622 aut
834 2570 874 2623 in·
911 2567 1012 2621 Auster
1025 2567 1051 2621 3.
1067 2567 1101 2620 ad
1116 2563 1282 2636 Zephyrum.
1324 2565 1467 2636 Zephyrus
1483 2567 1508 2622 3.
1524 2568 1559 2621 ad
1574 2568 1697 2623 Boream.

108 2648 284 2715 choationes,
300 2657 444 2721 antequam
459 2650 639 2719 perducantur
651 2649 686 2702 ad
702 2665 819 2703 sensum.
1034 2661 1169 2701 resarcis.
1441 2662 1574 2701 senrcas.

185 2789 191 2800 ,
316 2729 362 2783 32.
385 2727 870 2799 colligantur,cumdiligeutiabona,
911 2725 1157 2795 Zephyro-Auster,
1172 2726 1228 2780 sive
1323 2724 1575 2794 Zephyro-Boreas.

69 2789 223 2881 “ffiffiff
273 2803 873 2880 prognosticaventorumomuigena,(praeter
949 2804 1032 2874 Lybs.
1323 2804 1424 2857 Boreas
1452 2806 1475 2858 l.
1499 2822 1516 2857 a
1537 2805 1671 2875 Zephyro,

275 2887 491 2960 astrologicam
504 2888 602 2959 quibus
616 2886 872 2957 superiusdiximus
910 2883 1052 2955 Zephyrus
1066 2883 1091 2939 l.
1106 2883 1142 2938 ab
1155 2882 1261 2939 Austro.
1360 2885 1418 2940 sive
1432 2884 1586 2940 Thraecias.

69 2977 207 3039 quatenus
222 2969 279 3021 sint
291 2963 477 3041 inquirenda,)
492 2969 548 3022 sire
559 2974 685 3037 petantur
698 2983 734 3020 ex
747 2967 871 3020 meteori-
1027 2981 1095 3019 usn.
1111 2979 1174 3018 nar.
1438 2981 1506 3018 nen.
1523 2980 1585 3018 asar.

67 3049 118 3113 eis,
133 3049 194 3102 sire
210 3064 249 3101 ex
263 3048 349 3118 aquis,
369 3048 426 3102 sive
439 3064 475 3101 ex
492 3047 623 3101 instinctu
643 3044 809 3110 animalium,
824 3054 872 3100 aut
910 3043 1053 3113 Zephyrus
1074 3045 1101 3097 2.
1124 3044 1159 3097 sb
1178 3042 1285 3107 Austro,
1321 3042 1422 3097 Boreas
1435 3045 1463 3098 2.
1485 3061 1501 3096 a
1523 3044 1657 3114 Zephyro,

69 3129 169 3197 quovis
183 3125 242 3180 alio
256 3126 346 3181 modo.
949 3123 1006 3177 sire
1019 3123 1134 3177 Africus.
1360 3124 1417 3176 sive
1431 3123 1546 3178 Circius.

149 3206 299 3260 Postremo
313 3205 515 3276 inquisitionem
527 3204 653 3268 claudito,
667 3203 829 3274 inquirendo
836 3203 869 3258 de
910 3202 1054 3272 Zephyrus
1069 3202 1095 3256 3.
1107 3203 1143 3255 ab
1156 3201 1264 3256 Austro.
1319 3200 1422 3256 Boreas
1436 3202 1463 3255 3.
1475 3219 1492 3255 a
1506 3202 1642 3273 Zephyro.

108 3286 294 3339 imitamentis
307 3293 456 3348 ventorum,
470 3288 527 3340 sive
541 3286 570 3338 in
587 3283 755 3338 naturalibus
769 3283 827 3337 sive
841 3283 871 3338 in

109 3364 315 3420 artificialibus.
949 3360 1018 3415 Sunt
1030 3371 1058 3415 et
1071 3360 1126 3414 alia
1141 3367 1281 3414 ventorum
1295 3361 1405 3414 nomina
1418 3359 1587 3432 Apheliotes,
1599 3361 1696 3431 Arges-

317 3444 364 3497 33.
388 3443 521 3515 lnquirito
535 3443 568 3496 de
586 3441 762 3496 imitamentis
776 3449 870 3496 vento·
909 3447 958 3504 tes,
968 3440 1115 3510 Olympias,
1130 3439 1233 3504 Sciron,
1249 3439 1461 3509 Hellespontius,
1473 3442 1566 3511 Iapyx.
1608 3441 1696 3494 Eanil

93 3508 245 3600 ᾞξῧῗέ
276 3523 374 3578 rumin
384 3523 564 3584 naturalibus;
580 3520 742 3593 qualiasunt
750 3521 831 3575 flatus
840 3521 869 3575 in
908 3536 1053 3574 moramur.
1094 3520 1168 3574 Satis
1182 3520 1218 3573 sit
1231 3519 1342 3573 nomina
1357 3531 1499 3574 veutomm
1512 3538 1547 3574 ex
1561 3521 1654 3574 ordine
1669 3528 1696 3574 et

277 3603 435 3673 corporibus
455 3601 621 3664 animalium,
635 3600 714 3654 flatus
728 3600 757 3654 in
777 3617 869 3670 recep·
908 3599 1096 3654 distributione
1119 3598 1261 3670 plagarum
1282 3599 1344 3652 coeli
1368 3600 1422 3652 lixa
1444 3600 1614 3670 imposuisse.
1663 3599 1694 3653 ln

68 3683 170 3738 iaculis
184 3682 402 3745 distillationem,
414 3688 465 3736 etc.
908 3679 1127 3748 interpretatione
1140 3686 1278 3733 auctorum
1291 3694 1346 3731 uon
1359 3677 1474 3733 multum
1487 3680 1619 3749 ponimus,
1634 3696 1695 3733 cum

108 3764 251 3835 Inquisito
263 3763 298 3816 de
310 3762 383 3815 auris
397 3761 474 3815 sactis
489 3767 515 3814 et
527 3760 617 3814 ventis
632 3763 826 3829 artificialibus,
841 3771 870 3819 ut
907 3758 937 3812 iu
950 3759 1018 3828 ipsis
1031 3757 1186 3813 auctoribus
1199 3774 1295 3827 parum
1308 3758 1352 3811 sit.

67 3841 191 3909 iollsbus,
205 3840 418 3914 refrigeratoriis
430 3841 460 3895 iu
473 3840 628 3908 coenaculis,
637 3849 688 3897 etc.

99 1523 232 1567 Potatstes

98 1577 229 1616 ventorum

1192 3913 1279 3952 verm
1301 3912 1407 3952 traam.

109 4000 229 4056 Articuli
240 4000 309 4054 tales
318 3999 379 4054 sint.
420 3999 519 4071 Neque
533 4000 612 4055 nobis
622 4001 733 4056 dubium
744 4007 792 4066 est,
804 4002 869 4073 quin
949 4004 975 4058 l.
997 4006 1063 4059 Nou
1082 4012 1123 4059 est
1142 4005 1225 4076 plaga
1237 4005 1308 4069 coeli,
1321 4005 1391 4059 unde
1403 4011 1500 4058 ventus

67 4081 103 4134 ad
117 4080 268 4134 nonnullos
283 4078 380 4133 horum
389 4079 544 4148 responderi
557 4096 613 4134 nou
627 4081 712 4150 possit
721 4081 868 4134 secundum
907 4100 961 4138 non
982 4085 1081 4154 spiret:
1102 4085 1167 4154 quin
1182 4084 1205 4136 si
1223 4084 1320 4154 plagas
1340 4084 1401 4137 coeli
1419 4085 1449 4137 iu
1461 4091 1502 4137 tot

67 4161 179 4230 copiam
189 4159 466 4229 experientiae,quam
476 4159 618 4214 habemus.
660 4160 762 4215 Verum
773 4176 868 4229 quem·
907 4173 997 4233 partes
1011 4163 1121 4224 dividas,
1137 4163 1207 4233 quod
1225 4171 1289 4216 sunt
1303 4163 1400 4233 gradus
1415 4164 1443 4216 in
1456 4162 1605 4227 horizonte,
1620 4163 1694 4217 inve·

67 4240 219 4294 admodum
244 4240 274 4291 in
299 4238 387 4291 causis
404 4237 538 4301 civilibus,
564 4238 630 4308 quid
649 4256 732 4293 eausa
752 4238 868 4308 postulet
906 4244 966 4296 nias
980 4252 1073 4296 ventos
1087 4241 1231 4311 aliquando
1244 4241 1502 4312 alieubiasingulis
1515 4242 1622 4296 flantes.

67 4328 97 4373 ut
112 4320 309 4389 interrogetur,
328 4316 433 4371 noverit
450 4318 658 4385 jurisconsultus
680 4319 781 4381 bonus;
804 4319 868 4388 quid
946 4322 973 4374 2.
996 4321 1062 4374 Sunt
1082 4322 1207 4392 regiones
1229 4329 1299 4385 totae,
1315 4322 1342 4374 in
1362 4322 1460 4392 quibus
1479 4338 1535 4375 non
1556 4321 1632 4391 pluit,
1647 4332 1695 4377 aut

67 4407 156 4452 testes
179 4396 345 4466 respondere
366 4396 480 4465 possint,
504 4412 560 4449 non
577 4398 665 4452 norit:
697 4397 769 4450 idem
791 4397 868 4450 nobis
905 4416 968 4454 raro
982 4401 1142 4455 admodum:
1164 4409 1193 4454 st
1206 4416 1261 4454 non
1275 4408 1338 4454 sunt
1351 4402 1485 4471 regiones,
1499 4401 1547 4455 ubi
1560 4418 1615 4456 nou
1630 4402 1694 4456 flent

67 4479 144 4531 eirca
171 4476 326 4532 Historiam
352 4481 458 4530 naturae
485 4476 591 4531 accidit.
636 4476 741 4530 Posteri
769 4484 869 4530 cmtera
906 4480 987 4544 venti,
1002 4488 1029 4533 et
1044 4481 1153 4550 saepius.

66 4557 197 4611 viderint.

1161 4617 1245 4655 vassi
1267 4616 1436 4656 cessasses.

945 4711 987 4765 De
1012 4710 1099 4764 ventis
1123 4709 1295 4780 generalibus
1321 4710 1499 4780 phaenomena

905 4806 974 4845 rara.
1015 4789 1065 4844 Nil
1082 4790 1187 4853 mimm,
1207 4806 1268 4843 cum
1288 4790 1359 4843 intra
1379 4792 1497 4861 tropicos

309 4868 430 4923 Nomina
450 4869 547 4933 sentis,
567 4871 657 4939 potius
677 4887 713 4925 ex
732 4872 825 4925 ordine
839 4879 867 4926 et
905 4870 1040 4940 praecipue
1054 4869 1251 4938 perspiciantur
1264 4868 1324 4922 loca
1337 4870 1462 4924 damnata
1476 4870 1547 4938 apud
1557 4869 1691 4939 antiquos

270 4948 398 5019 gradibus
408 4955 556 5012 numerata,
569 4966 649 5019 quam
660 4967 695 5004 ex
705 4950 865 5021 antiquitate
945 4949 1059 5003 Constat
1071 4947 1263 5018 navigantibus
1277 4948 1348 5003 iuter
1356 4951 1472 5019 tropicos
1486 4948 1570 5001 libero
1582 4965 1691 5016 aequore

65 5031 188 5099 propria,
203 5027 388 5096 imponimus:
409 5027 461 5081 hoc
475 5029 674 5098 perspicuitatis
688 5035 716 5083 et
729 5030 865 5084 memoria
904 5030 970 5082 flare
987 5035 1095 5082 ventum
1114 5035 1281 5082 constantem
1300 5035 1326 5081 et
1347 5028 1442 5098 jugem
1457 5025 1573 5102 (bricam
1595 5036 1692 5080 vocant

65 5109 168 5179 gratia.
217 5106 273 5161 Sed
296 5105 429 5160 vocabula
452 5108 564 5176 antiqua
591 5108 731 5176 adjicimus
759 5126 865 5180 quoque
904 5104 1008 5180 nautae)
1022 5107 1057 5160 ab
1071 5107 1172 5161 oriente
1186 5107 1215 5160 in
1226 5108 1399 5162 occidentem.
1442 5107 1532 5160 lsuon
1546 5106 1584 5159 ita
1597 5106 1691 5175 segnis

64 5196 180 5258 propter
194 5185 328 5256 suffragia
341 5192 480 5240 auctomm
494 5193 620 5250 veterum,
636 5188 783 5259 exquibus
803 5205 865 5242 cum
904 5196 953 5250 est,
969 5187 1033 5257 quin
1051 5186 1151 5256 partim
1166 5187 1231 5239 flatu
1250 5188 1368 5257 proprio,
1389 5187 1487 5256 partim
1502 5184 1620 5254 regendo
1632 5201 1691 5239 cur-

64 5266 241 5337 haudpauca
249 5264 540 5335 (licetanxioquodam
546 5265 659 5334 judicio)
668 5268 864 5337 exceperimus,
903 5275 1008 5320 rentem
1035 5265 1125 5328 maris,
1145 5266 1172 5319 id
1196 5266 1302 5329 efficiat,
1324 5274 1354 5318 ut
1374 5270 1509 5336 nequeant
1533 5264 1691 5335 navigantes

64 5363 122 5400 non
136 5352 322 5415 agnoscentur
334 5344 455 5408 icreilla,
470 5343 522 5397 nisi
538 5345 587 5397 sub
600 5346 753 5400 nominibus
767 5348 865 5419 quibus
902 5362 996 5399 versus
1014 5344 1156 5399 Pemviam
1177 5346 1271 5399 eadem
1295 5344 1390 5408 redire,
1405 5360 1459 5413 qua
1477 5343 1688 5412 proficiscuntur,

65 5425 109 5480 illi
123 5442 176 5481 usu
189 5430 262 5480 sunt.
303 5423 419 5478 Partitis
432 5431 525 5478 autem
539 5425 673 5495 generalis
687 5432 804 5481 caesto:
827 5426 866 5480 Ut
902 5426 953 5480 via.
1341 5439 1348 5452 ‘

318 4776 432 4816 Numan
454 4777 620 4817 VENTURUM.
1548 4762 1582 4805 Ad
1590 4764 1636 4805 art
1646 4766 1666 4804 2

104 4917 231 4959 nuans.
