3800 5875
224 307 281 359 612
751 300 932 357 ARTICULI
955 299 1070 357 0ch
1090 300 1318 358 trinetatis.

224 462 303 533 pidia.
339 461 371 515 lu
386 460 514 515 vertendo
526 460 555 515 in
569 460 721 530 rubiginem
731 459 785 514 duo
795 460 930 532 precipue
941 475 1013 530 qure-
1049 477 1099 515 nec
1114 476 1185 532 aqua
1202 459 1292 530 stygia
1305 458 1386 514 simul
1399 476 1461 515 eum
1481 460 1554 531 igne,
1569 460 1716 532 quidquam
1729 461 1838 531 operari
1879 519 1880 532 χ

224 543 324 604 reuda;
346 541 443 611 quibus
457 541 483 594 id
497 541 640 595 corrosivis
654 540 715 602 fiat3
736 547 764 593 et
777 540 806 593 iu
820 556 889 610 quos
908 539 1013 593 colores
1050 541 1160 610 poterin
1188 540 1319 593 sitamen
1333 538 1396 594 talis
1408 541 1519 595 omnino
1531 541 1627 594 finano
1641 540 1782 610 possibilis
1793 543 1838 595 sit.

224 620 338 675 mutatio
351 621 393 673 sit.
434 620 471 673 Ut
485 620 623 690 plumbum
637 620 665 672 iu
678 618 777 680 album,
791 619 862 689 qnod
876 634 1012 672 cerussam
1050 618 1193 673 Proximus
1213 626 1262 683 est,
1284 618 1391 689 quando
1410 618 1484 690 iguis
1505 619 1630 689 simplex,
1644 620 1746 690 absque
1768 636 1840 690 aqna

224 702 333 754 dicunt:
355 699 454 753 sermm
468 700 497 753 in
517 699 626 763 flavum,
641 698 712 768 quod
732 714 826 752 crocus
839 699 933 751 martis
948 697 1012 751 dici-
1049 697 1141 769 aliqua
1154 698 1252 767 stygis,
1266 696 1336 751 nihil
1349 697 1476 752 movebit
1517 698 1671 762 Proximus,
1681 699 1840 768 quandovis

225 787 282 844 tur3
304 787 444 847 argentum
465 778 555 831 vivum
569 777 598 829 in
612 777 794 831 cinnabarim:
816 793 855 831 rsa
868 777 898 830 in
911 776 1011 847 erugi-
1049 779 1114 831 artis
1128 775 1317 845 exploratorias
1335 775 1399 830 ferri
1413 776 1522 846 poterit.
1565 776 1718 838 Proximus,
1733 779 1839 848 quando

223 874 294 923 nem,
309 874 389 928 quam
401 857 486 911 viride
500 857 561 910 saris
574 864 678 910 vocant.
1048 856 1140 927 ignem
1154 853 1218 910 folle
1229 870 1282 909 uon
1293 856 1440 910 excitatum
1453 856 1523 910 ferre
1534 859 1627 926 possit,
1638 856 1756 910 mlemm
1769 859 1839 927 ignis

263 938 306 991 De
327 936 503 990 calcinntione
527 935 716 1006 quaerendum
742 934 877 1006 quomodo
903 932 1012 1004 singula
1049 935 1169 1006 gradum.
1210 933 1355 989 Proximus
1377 943 1424 998 est,
1447 935 1556 1006 quaudo
1580 936 1674 1007 ignem
1696 936 1768 989 ferre
1787 954 1839 990 non

224 1015 334 1070 metalla
345 1012 521 1077 calcincntur3
542 1022 570 1069 et
591 1015 620 1068 in
640 1013 719 1085 quale
740 1029 845 1083 corpus,
859 1021 888 1067 et
901 1030 963 1083 qum
975 1015 1012 1068 sit
1049 1016 1142 1083 possit,
1166 1015 1214 1069 sed
1238 1020 1328 1067 tamen
1353 1012 1452 1069 malleo
1477 1014 1594 1069 ducitur.
1647 1014 1768 1068 Ultimus
1790 1024 1838 1080 est,

224 1094 373 1148 calcinandi
387 1093 432 1147 via
445 1093 666 1163 exquisitissima.
1049 1093 1156 1164 quando
1177 1111 1227 1148 nec
1249 1093 1363 1156 ducitur,
1387 1110 1438 1147 nec
1461 1101 1554 1147 tamen
1576 1094 1643 1157 fluit,
1668 1094 1718 1148 sed
1741 1105 1838 1164 stupet.

264 1173 398 1234 Quantum
422 1171 457 1227 ad
478 1172 704 1235 sublimationem,
728 1170 923 1242 quaerendum
944 1187 1011 1243 quo·
1049 1172 1094 1226 Sic
1108 1180 1137 1227 et
1149 1171 1318 1227 volatilitatis
1331 1187 1451 1226 summus
1470 1172 1570 1242 gradus
1584 1182 1635 1238 est,
1650 1172 1765 1243 quando
1780 1174 1839 1227 abs-

223 1253 304 1307 modo
317 1253 363 1306 fiat
376 1251 539 1315 sublimatio,
553 1259 581 1304 et
595 1269 655 1321 quas
668 1250 779 1304 metalla
791 1249 1010 1305 sublimationem
1048 1268 1099 1321 qne
1113 1252 1200 1306 reditu
1213 1250 1339 1305 avolabit
1379 1250 1530 1315 Proximus,
1544 1253 1655 1322 quando
1669 1269 1775 1306 sursum
1794 1270 1839 1305 vo·

223 1333 387 1395 sustineant;
409 1339 437 1384 et
451 1331 585 1401 quodnam
598 1346 697 1399 eorpus
709 1329 884 1384 sublimatum
902 1331 1009 1384 efficiet.
1048 1330 1122 1397 labit,
1137 1339 1164 1385 et
1178 1348 1234 1385 non
1250 1329 1393 1384 difficulter
1409 1331 1519 1385 redibit.
1561 1331 1718 1394 Proximus,
1737 1333 1839 1402 quando

263 1410 393 1464 Similiter
412 1410 483 1480 quod
501 1410 535 1464 ad
548 1409 799 1479 praecipitationem,
820 1409 1009 1479 quaerendum
1048 1426 1153 1465 sursum
1167 1408 1269 1464 volabit
1282 1425 1365 1478 supra
1377 1416 1465 1480 caput,
1480 1426 1529 1479 per
1542 1428 1630 1482 genus
1646 1411 1837 1481 quoddsmex·

223 1489 320 1561 quibus
334 1489 412 1558 aquis
425 1489 521 1558 stygiis
537 1487 645 1558 singula
661 1486 771 1541 metalla
790 1488 1009 1557 pmcipitantun
1048 1489 1215 1554 sufflationis,
1229 1489 1298 1542 citra
1309 1490 1521 1559 vaporationem.
1562 1490 1721 1554 Proximus,
1735 1491 1838 1560 quando

222 1578 269 1624 sut
283 1569 442 1639 quibuscum
456 1567 658 1632 additamentis,
680 1574 707 1621 et
722 1583 776 1637 quo
790 1574 927 1636 tempore;
941 1574 969 1621 et
982 1568 1011 1621 in
1047 1567 1186 1638 liquescet,
1198 1568 1304 1622 tametsi
1316 1583 1370 1623 non
1383 1569 1522 1623 ascendat.
1561 1568 1720 1633 Proximus,
1735 1571 1838 1640 qumdo

222 1648 295 1719 quod
307 1664 414 1717 corpus.
1048 1648 1196 1712 mollescet,
1210 1647 1318 1702 tametsi
1331 1664 1385 1701 nou
1405 1646 1546 1719 liquescat
1586 1648 1630 1702 De
1653 1647 1700 1702 hia
1719 1650 1838 1702 omnimn

261 1728 306 1781 Sic
320 1728 400 1781 etiam
416 1725 448 1779 de
462 1724 756 1795 amalgsmatinatione3
777 1742 838 1795 qum
857 1722 968 1778 metalla
979 1724 1011 1778 il·
1048 1726 1659 1798 diligenterquaerendum,invariismetallis,
1673 1728 1837 1799 ingradibm
1881 1721 1882 1750 ³

221 1805 276 1860 lam
290 1805 441 1876 patientum
478 1805 611 1875 quomodo
623 1805 684 1867 fiet3
705 1810 732 1857 et
745 1804 775 1856 iu
789 1804 870 1874 quale
884 1819 990 1873 corpus
1048 1807 1197 1876 prmsertim
1211 1806 1330 1860 maxime
1344 1806 1464 1859 remotis.

260 1885 303 1940 De
319 1884 506 1939 vitrificatione
520 1899 642 1954 quoque;
669 1899 730 1953 quas
744 1881 855 1936 metalla
877 1898 937 1937 eam
951 1899 1010 1937 sus·
1087 1883 1164 1946 Quod
1186 1885 1221 1938 ad
1243 1885 1502 1949 transmutationem,
1525 1884 1583 1939 sive
1611 1884 1784 1947 versionem
1815 1886 1837 1939 ti

221 1964 341 2027 tinesnt;
362 1963 459 2033 quibus
470 1962 536 2016 item
556 1963 604 2015 fiat
617 1962 731 2024 mediiss
752 1962 781 2015 in
798 1978 879 2031 quem
893 1959 1009 2015 colorem
1049 1964 1130 2020 realis
1144 1974 1173 2019 et
1193 1982 1259 2018 vera
1275 1965 1318 2028 rit,
1332 1980 1452 2018 summus
1475 1973 1518 2019 est
1538 1963 1607 2019 artis
1632 1981 1717 2035 apex.
1756 1963 1838 2019 Caute

221 2043 335 2098 mutatio
350 2043 413 2096 fist:
441 2040 548 2112 quaudo
561 2042 626 2094 item
645 2049 730 2094 totum
745 2042 851 2109 penitus
868 2039 1010 2095 metallum
1048 2050 1139 2098 tamen
1152 2043 1188 2098 sb
1205 2043 1377 2106 extractione,
1392 2043 1573 2109 restitutione,
1588 2052 1616 2097 et
1634 2043 1837 2108 adulteratione,

221 2122 250 2175 in
263 2122 362 2176 vitrum
371 2128 503 2184 mutatur,
523 2119 706 2190 etquandoin
719 2126 911 2190 partetantum
925 2121 1011 2175 vitrea
1048 2122 1237 2193 distinguenda
1257 2130 1304 2177 est
1346 2122 1473 2176 Relatum
1486 2122 1631 2193 aliquoties
1645 2123 1718 2177 mihi
1731 2123 1838 2184 entier·

221 2200 360 2255 metallum
370 2199 558 2269 suspenditur:
580 2198 742 2270 quodetiam
756 2198 791 2251 sit
803 2198 1010 2270 ponduacorpo·
1048 2220 1108 2257 rum
1126 2203 1156 2255 iu
1169 2219 1281 2272 cuprum
1295 2202 1372 2266 verti,
1386 2200 1551 2273 plumboque
1568 2202 1679 2272 pondus
1700 2204 1839 2256 manetem

220 2278 405 2333 risvitrificati
418 2278 565 2347 comparati
579 2296 641 2332 cum
654 2294 766 2348 corpore
775 2278 873 2332 crudo:
894 2295 1010 2350 cumque
1048 2298 1116 2346 esse,
1131 2282 1204 2351 quod
1225 2282 1282 2335 fieri
1306 2281 1429 2352 nequiret
1453 2281 1511 2336 sine
1534 2283 1658 2351 corporis
1681 2281 1794 2350 alicujus
1810 2283 1839 2335 in

221 2357 592 2428 ritrifioatiomorsquaedam
606 2355 776 2411 metallorum
789 2356 1010 2429 habeatnr,quae·
1049 2360 1188 2430 plumbum
1210 2362 1342 2415 versione.
1391 2360 1574 2431 Quodcunque
1598 2361 1628 2414 id
1649 2378 1740 2432 genus
1757 2362 1837 2422 inerit,

221 2436 1010 2508 rendum,aquavitrificationefiatregressusetaquanon.
1048 2441 1129 2512 idque
1150 2442 1202 2495 rite
1224 2439 1402 2510 exploratum,
1423 2440 1569 2512 diligenter
1590 2441 1795 2514 inquirendum,
1814 2448 1839 2495 et

260 2516 303 2571 De
324 2516 455 2571 solutione
474 2516 503 2569 in
517 2515 659 2586 liquorem,
673 2516 861 2587 quaerendum
890 2516 963 2589 quod
976 2518 1010 2571 sit
1048 2519 1133 2575 literis
1147 2520 1361 2592 consignandum
1374 2520 1455 2574 foret.

221 2597 349 2667 cujusque
371 2594 474 2650 metalli
488 2594 650 2650 dissolvendi
666 2596 805 2665 proprium
827 2604 1009 2662 menstruum

221 2685 249 2730 et
261 2677 394 2746 negative,
406 2674 476 2746 quod
490 2684 655 2730 menstruum
668 2675 696 2728 in
710 2676 782 2745 quod
796 2675 934 2730 metallum
948 2676 1011 2731 den-

222 2764 277 2810 tem
286 2756 429 2825 imprimat,
441 2754 505 2807 etin
516 2756 588 2824 quod
598 2771 665 2820 non;
680 2762 707 2808 et
717 2770 778 2824 quse
787 2755 862 2808 varia
872 2763 1011 2810 menstrua
1088 2755 1185 2810 Parsro
1205 2756 1289 2826 igitur
1302 2755 1479 2826 quaerendum
1496 2754 1634 2826 negative,
1655 2773 1720 2826 quas
1733 2769 1838 2825 corpora

222 2834 360 2906 quodlibet
370 2832 510 2888 metallum
519 2834 673 2899 dissolvent,
684 2843 713 2886 et
722 2852 783 2905 qum
794 2834 1009 2904 perfectissimey
1049 2852 1187 2907 uunquam
1202 2835 1334 2899 redibunt,
1346 2841 1394 2889 aut
1412 2841 1523 2904 propter
1535 2823 1677 2888 extremis
1692 2835 1837 2892 annones

221 2916 287 2970 item
301 2930 450 2985 processus,
464 2930 513 2968 seu
526 2914 610 2968 motio
622 2912 822 2968 dissolutionisz
842 2913 938 2969 modus
951 2931 1011 2971 sur·
1049 2923 1079 2970 ut
1099 2916 1127 2969 iu
1144 2914 1304 2993 quibusdam
1323 2913 1574 2978 vitrificatiouibus3
1596 2922 1645 2969 aut
1662 2921 1777 2986 propter
1797 2929 1839 2968 ex·

221 2995 311 3065 gandi,
325 2993 463 3057 bulliendi,
477 2993 622 3063 vaporandi
635 3016 642 3058 t
664 2992 807 3048 violentior
817 3003 861 3048 aut
875 2996 1009 3064 pacatior,
1050 3003 1163 3051 tremam
1177 2995 1373 3049 volatilitatem.

221 3076 323 3143 maj0re
338 3091 372 3126 sn
393 3074 497 3126 minora
511 3091 573 3127 cum
586 3073 692 3126 calore:
723 3072 789 3127 item
810 3082 947 3145 quantum,
962 3091 1010 3129 seu
1089 3075 1267 3137 Quarendum
1284 3075 1366 3129 etiam
1387 3073 1421 3128 de
1435 3074 1539 3128 duobus
1558 3073 1649 3127 modis
1670 3071 1837 3127 reductionis.

221 3154 366 3223 proportio,
377 3151 489 3215 metalli,
500 3152 527 3205 in
539 3169 620 3223 quatu
634 3153 688 3206 vim
699 3169 776 3206 suam
787 3168 914 3206 exercere
925 3155 1012 3223 possit
1049 3154 1149 3217 Primo,
1172 3155 1244 3224 ignis
1270 3152 1441 3217 adminiculo,
1466 3153 1537 3223 quod
1562 3153 1594 3206 fit
1620 3160 1716 3223 partes
1743 3160 1837 3206 tantum

222 3249 294 3302 aqua
308 3233 390 3296 sortis,
404 3233 443 3285 sic
458 3239 487 3285 ut
505 3232 533 3285 in
556 3231 708 3301 plusculum
730 3247 783 3284 non
800 3232 898 3286 valeat.
941 3234 1011 3288 Item
1049 3232 1233 3305 homogeneas
1243 3233 1441 3303 congregando.
1483 3231 1616 3296 Secundo,
1630 3230 1836 3286 devocandoeae

222 3311 303 3375 color,
314 3313 431 3382 inquom
446 3310 698 3380 liquormutabitur.
740 3310 827 3379 Supra
841 3311 1012 3382 omnisque»
1050 3312 1213 3368 adminiculo
1224 3312 1344 3383 corporis
1357 3312 1480 3380 alicujus,
1490 3311 1562 3382 quod
1575 3328 1641 3365 cnm
1650 3310 1687 3365 iis
1701 3310 1833 3364 cmsentit.

222 3391 342 3453 rendum,
356 3390 494 3461 numquod
507 3401 672 3444 menstruum
694 3390 736 3453 sit,
752 3389 823 3460 quod
837 3391 947 3444 metalla
960 3393 1011 3446 dis
1051 3392 1095 3447 Sic
1117 3392 1190 3447 enim
1211 3393 1312 3447 ferrum
1332 3408 1444 3460 cuprum
1465 3391 1493 3445 iu
1507 3407 1580 3461 aqua
1594 3389 1730 3454 devocat;
1749 3406 1834 3443 aurum

221 3468 326 3523 solvere
336 3470 422 3540 possit
432 3468 500 3523 citra
513 3470 715 3524 mordacitatem
726 3477 806 3539 atque
817 3471 1010 3536 corrosionem,
1050 3480 1190 3543 argentum
1204 3472 1294 3526 vivum
1314 3471 1348 3524 ad
1369 3487 1398 3525 se
1412 3468 1497 3525 trahit
1517 3487 1567 3539 per
1580 3486 1724 3540 vaporem.
1762 3468 1834 3530 Quie-

221 3558 250 3602 et
263 3550 333 3620 quod
347 3566 444 3619 corpus
454 3564 503 3618 per
513 3548 694 3618 sympathiam
706 3548 817 3618 aperiat,
828 3550 887 3603 sine
902 3551 1011 3605 rodente
1051 3552 1115 3622 quid
1129 3550 1210 3620 hujus
1225 3549 1332 3621 generis
1343 3548 1433 3613 luerit,
1448 3548 1541 3603 sedulo
1558 3548 1766 3620 inquirendum.

223 3628 393 3699 violentaque
407 3628 601 3698 penetratione.
959 3679 961 3683 ,
1088 3630 1266 3692 Qumrendum
1295 3630 1384 3693 etiam,
1412 3646 1473 3700 quse
1500 3637 1610 3698 tempus
1638 3628 1699 3683 sive
1724 3636 1836 3681 vetustas

261 3708 338 3769 Quod
348 3707 383 3761 ad
391 3707 623 3778 germinationem,
634 3706 689 3761 sive
700 3705 930 3770 ramificationem,
942 3717 1011 3762 tam·
1051 3710 1176 3773 reducet,
1197 3709 1256 3764 sine
1267 3708 1430 3763 adminiculo
1442 3707 1523 3779 ignis,
1534 3717 1582 3762 aut
1594 3706 1710 3762 alterius
1723 3706 1837 3776 eujnsrit

222 3789 273 3841 etsi
288 3788 376 3841 obiter
390 3794 491 3840 tannim
506 3786 560 3850 fist,
574 3794 602 3840 et
615 3786 644 3839 iu
657 3786 739 3857 nugis
757 3786 815 3840 fere
829 3785 969 3852 habeatur,
984 3797 1012 3841 et
1050 3790 1178 3859 corporis

222 3867 306 3920 animi
325 3874 430 3920 tuntum
443 3882 525 3919 causa
542 3866 630 3929 ssent,
653 3881 708 3919 nou
731 3872 822 3919 tamen
847 3883 897 3919 usu
922 3868 1011 3938 magis
1089 3867 1268 3929 Quaerendum
1287 3867 1369 3922 etiam
1386 3865 1451 3936 quid
1471 3865 1574 3930 unioni,
1589 3866 1649 3920 sive
1671 3865 1838 3927 restitutioni,

222 3947 292 3998 serio
312 3945 478 4009 destituitur3
513 3954 657 4015 propterea
678 3944 749 4014 quod
772 3944 960 4000 subtilissimos
985 3955 1012 4001 et
1050 3948 1191 4012 obstiterit,
1212 3947 1284 4018 quod
1304 3945 1476 4001 mortificatio
1495 3944 1660 4016 quandoque
1681 3945 1796 4000 dicitur:
1814 3951 1841 3997 ut

222 4024 352 4079 delicatos
371 4034 461 4079 motus
475 4024 619 4094 spirituum
632 4023 749 4093 detegat,
765 4023 872 4094 quando
885 4027 1010 4094 gestiunt,
1050 4044 1110 4080 cum
1122 4036 1262 4098 argentum
1276 4026 1366 4080 vivum
1380 4023 1682 4091 miumterebiuthins,
1693 4024 1788 4089 salira,
1798 4030 1841 4077 sut

222 4120 272 4156 nec
283 4113 373 4157 tamen
383 4120 523 4174 erumpere
534 4104 627 4158 datur:
648 4102 874 4174 quemadmodum
888 4105 916 4158 in
930 4121 1011 4175 vege·
1049 4106 1155 4174 butyro,
1169 4105 1339 4161 interimitur.

224 4181 351 4237 tabilibus
361 4183 451 4237 videre
465 4183 540 4238 licet.
1090 4185 1193 4240 Ultimo
1205 4183 1403 4255 inquirendum,
1419 4199 1472 4255 qua
1485 4183 1513 4235 in
1527 4200 1557 4237 se
1571 4182 1720 4239 metallum
1737 4184 1841 4238 restitu-

261 4261 337 4321 Quod
361 4262 395 4315 ad
417 4261 621 4323 indurationem,
638 4267 665 4314 et
688 4261 873 4324 mollitionem,
888 4277 1010 4332 qureren·
1050 4273 1106 4318 turn
1120 4282 1138 4318 a
1149 4264 1261 4319 metallo
1273 4263 1356 4318 crudo
1369 4262 1491 4324 differam
1511 4272 1541 4315 ut
1554 4279 1621 4316 num
1635 4264 1798 4318 renitentius
1811 4262 1843 4315 sit

222 4339 304 4403 dum;
332 4340 461 4409 quidnam
475 4341 519 4405 sit,
534 4342 606 4411 quod
624 4341 734 4395 metalla
748 4342 848 4394 sensim
868 4348 895 4393 et
912 4341 1010 4410 grada·
1051 4343 1161 4411 iactum,
1175 4353 1330 4398 autnovum
1344 4341 1461 4396 colorem
1475 4341 1661 4412 acquisiverit,
1676 4341 1842 4398 estsimilis.

224 4420 273 4472 tim
294 4417 402 4473 duriora
424 4420 537 4483 efficiet;
558 4419 630 4490 quod
650 4419 745 4473 itidem
765 4420 899 4473 molliora.
943 4420 1010 4474 Haec

222 4498 362 4569 inquisitio
382 4498 568 4567 ingeminum
589 4500 671 4553 finem
692 4498 827 4553 collineat.
867 4498 968 4560 Primo,
983 4499 1011 4551 in
1368 4528 1517 4542 ---

223 4594 318 4641 usum,
340 4584 370 4630 ut
383 4593 444 4629 cum
456 4577 554 4631 serrum
564 4577 628 4648 igne
640 4576 784 4641 molliatur,
797 4578 899 4632 iacitur
913 4577 1012 4631 malleo

222 4657 310 4711 cedat.
351 4655 482 4718 Secundo,
497 4657 625 4724 quoniam
641 4657 776 4710 induratio
795 4657 933 4711 fixntionis
951 4657 1011 4727 qui·
1196 4657 1406 4719 lNQUlSlTIO
1428 4656 1477 4711 DE
1498 4656 1701 4714 Manum.

222 4735 285 4789 darn
299 4735 399 4805 gradus
413 4742 470 4797 est;
492 4734 622 4788 emollitio
639 4744 737 4797 sutem,
752 4736 928 4790 volatilitatis.
969 4736 1011 4790 De

222 4814 267 4870 his
282 4831 348 4884 ergo
360 4812 483 4867 instituta
497 4815 611 4883 quoestio
624 4814 680 4869 illis
692 4815 781 4869 lucem
795 4816 877 4869 dabit.
1091 4813 1214 4868 Maonvs
1248 4811 1333 4867 trahit
1359 4810 1498 4881 pulverem
1527 4810 1656 4881 chalybis
1691 4812 1842 4885 praeparati,

261 4893 337 4955 Quod
351 4893 386 4946 ad
406 4891 506 4945 ductile
521 4901 548 4944 et
569 4892 674 4962 fragile,
689 4895 810 4961 ejusdem
826 4895 881 4948 sere
905 4893 1013 4963 generis
1052 4893 1125 4964 quali
1140 4901 1250 4947 utuntur
1263 4891 1297 4945 ad
1310 4890 1489 4954 medicinam,
1504 4890 1588 4945 etiam
1601 4891 1756 4961 chalybem
1770 4891 1843 4945 calci·

222 4982 293 5027 aunt.
341 4973 433 5043 Digna
448 4980 537 5025 tamen
552 4970 585 5024 dc
600 4972 696 5041 quibus
710 4974 850 5045 sigillatim
861 4983 1012 5044 queratur:
1053 4982 1144 5026 natum
1158 4973 1187 5025 in
1202 4971 1388 5025 tenuissimum
1398 4970 1537 5040 pulverem
1551 4971 1671 5042 nigrum,
1683 4969 1842 5041 sequelam·

221 5054 364 5122 praecipue,
375 5062 404 5104 ut
414 5049 847 5120 tragilitaujungaturduetilium
862 5052 952 5115 veluti,
961 5070 1014 5123 quo
1053 5060 1094 5105 ter
1120 5069 1153 5104 ac
1179 5050 1333 5104 limaturam
1360 5049 1424 5103 ferri
1451 5049 1580 5103 crudam:
1615 5066 1729 5104 crocum
1758 5060 1841 5104 sutem

221 5131 317 5185 vitrum
326 5129 1014 5192 malleoducisnstineat,etutensesadobsistendum
1053 5132 1154 5195 martis,
1169 5129 1216 5200 qui
1235 5136 1277 5183 est
1295 5128 1394 5198 rubigo
1414 5129 1477 5184 ferri
1498 5128 1654 5193 artificiosa,
1678 5129 1804 5184 hebetius
1818 5136 1841 5180 et

222 5219 248 5262 et
263 5210 456 5278 penetrandum
468 5207 547 5276 rigidi
562 5209 623 5270 sint,
638 5225 688 5262 nec
709 5211 897 5265 tumenlractu
911 5211 1014 5265 faciles.
1053 5209 1177 5264 debilius.
1218 5207 1248 5261 si
1263 5224 1327 5261 vero
1341 5207 1440 5261 serrum
1453 5206 1619 5261 dissolvatur
1637 5208 1668 5261 in
1688 5224 1761 5278 aqua
1776 5207 1840 5267 toni,

261 5289 339 5349 Quod
353 5289 387 5341 ad
406 5288 594 5341 volatilitutem
609 5287 820 5359 fixationemque
835 5290 940 5354 attinet,
955 5289 1015 5343 hoec
1054 5297 1081 5342 et
1094 5295 1178 5359 guttae
1188 5286 1285 5358 aliquae
1299 5284 1484 5340 dissolutionis
1498 5294 1634 5356 ponantur
1648 5304 1734 5357 super
1746 5288 1841 5340 vitrum

223 5369 359 5435 precipua
380 5368 501 5420 membra
518 5374 587 5429 sunt,
601 5365 634 5418 de
648 5367 745 5436 quibus
763 5376 907 5436 quaeratur.
959 5369 1016 5422 Ex·
1055 5367 1172 5436 planum,
1194 5382 1249 5419 non
1272 5365 1394 5420 extrahit
1419 5381 1532 5437 magnes
1555 5365 1666 5433 lerrutn,
1692 5382 1744 5420 nec
1763 5364 1841 5419 trahit

223 5455 324 5496 tremus
341 5445 477 5498 strationis
488 5445 588 5513 gradus
600 5452 647 5507 est,
659 5446 686 5497 in
698 5462 776 5513 quern
789 5463 838 5498 nec
853 5446 924 5500 ullus
936 5448 1015 5517 ignis,
1028 5510 1031 5517 Ι
1054 5462 1151 5517 aquarn
1165 5446 1253 5516 ipsam
1268 5445 1403 5499 ferratam.

1115 2662 1227 2708 Quam
1241 2661 1343 2701 tirsus
1354 2660 1516 2700 aseneum
1532 2660 1581 2698 EST
1596 2660 1776 2700 nmirum.
