3800 5875
641 296 692 351 DE
714 294 919 354 statuum
939 296 1135 354 vsunnutl.
1655 297 1673 362 7
1678 299 1709 355 ll

73 454 202 525 potentia
225 462 365 525 superant.
415 452 550 525 Orpheus,
573 451 609 507 ob
631 470 752 511 amorem
776 457 877 521 uxoria
917 455 1056 511 transferri
1079 457 1181 512 dictum
1203 455 1249 511 sit.
1290 455 1380 530 Atque
1402 459 1457 513 ista
1480 474 1569 514 renum
1591 456 1713 515 civilium

70 543 163 590 morte
177 535 323 590 immatura
332 543 483 606 prereptus,
494 533 579 589 fretus
591 531 660 604 lyra,
670 535 704 589 ad
716 534 817 590 interos
830 537 877 589 de·
915 552 981 590 cura
999 536 1050 590 rite
1070 543 1152 607 atque
1173 537 1267 592 ordine
1287 538 1396 607 ponitur
1414 545 1478 609 post
1495 537 1712 608 experimentum

72 615 207 669 scandere
220 612 273 668 sibi
287 614 317 669 ia
330 613 451 668 animum
464 613 581 677 induxit,
597 621 627 667 ut
639 630 734 669 manes
751 614 877 685 depreca·
915 615 1037 686 corporis
1063 614 1185 670 morulis
1212 617 1371 672 restituendi
1395 617 1489 672 sedulo
1517 624 1657 683 tentatum,
1684 627 1714 675 et

72 702 317 766 retar,nequespe
328 692 496 749 suadecidit.
532 692 877 764 Nsm,placatismanibus
915 695 950 748 ad
977 705 1128 749 extremum
1154 695 1327 752 frustratum:
1358 697 1423 769 quia
1445 697 1541 752 mortis
1563 698 1712 754 necessitas

72 783 103 828 st
117 773 240 828 delinitis
252 773 385 829 suavitate
404 779 506 835 cantus,
520 781 548 826 ιι
562 772 800 838 modulationibus,
814 781 876 828 tan·
914 773 1089 839 inevitabilis,
1099 774 1250 830 evidentius
1260 777 1406 846 proposita,
1414 776 1571 831 hominibus
1585 777 1620 830 ad
1632 784 1712 832 ater·

71 861 133 907 turn
146 853 221 923 apud
234 870 282 908 eos
295 852 390 923 potuit,
403 862 434 907 ιιι
447 852 474 906 ei
494 869 609 907 uxorem
631 868 723 907 secum
742 853 876 908 abducere
915 854 1030 907 nitatem
1044 854 1149 909 metitis
1163 862 1190 910 ιι
1204 855 1322 910 nominis
1334 856 1407 910 sama
1420 857 1593 928 quaerendam
1606 856 1712 912 animm

71 932 211 988 indultum
224 932 274 988 sit!
295 949 330 986 ea
343 931 515 1003 tamenlege,
528 940 560 986 ut
571 930 620 986 illa
633 949 696 986 eum
710 949 728 986 ι
741 941 819 1003 tergo
833 949 876 987 sc·
914 933 998 988 addit.
1040 932 1133 988 Etiam
1146 934 1294 1004 prudenter
1303 936 1332 989 in
1343 934 1436 990 fabula
1447 936 1560 1000 additur,
1570 934 1712 1006 Orpheum

72 1020 214 1082 queretur,
228 1012 288 1082 ipse
301 1019 391 1066 autem
405 1020 551 1082 numquam
566 1011 602 1065 ad
614 1010 725 1066 luminis
739 1028 801 1067 oras
817 1029 876 1083 per·
914 1028 931 1066 a
951 1012 1111 1068 mulieribus
1133 1022 1161 1067 et
1183 1013 1288 1084 nuptiis
1308 1014 1398 1069 alieno
1416 1016 1509 1070 animo
1529 1014 1622 1079 fuisse,
1646 1017 1713 1087 quia

71 1099 187 1147 rentum
206 1101 277 1146 esset
296 1108 332 1146 ne
345 1091 501 1162 respiceret
542 1091 619 1152 Quod
633 1108 696 1146 curn
710 1091 758 1145 ille
773 1091 875 1147 nihilo·
914 1093 1069 1162 nuptiarum
1084 1091 1267 1158 delinimenta,
1282 1100 1311 1148 et
1323 1093 1470 1150 liberorum
1489 1095 1646 1160 charitates,
1660 1096 1711 1151 ho·

71 1171 174 1238 minus,
189 1172 290 1226 amoris
304 1179 333 1226 et
352 1189 425 1228 curta
445 1169 618 1241 hpatientia
639 1172 796 1242 (postquam
818 1171 875 1227 fere
913 1173 1001 1226 mines
1014 1170 1173 1243 plerumque
1187 1189 1205 1227 a
1217 1175 1326 1245 magnis
1339 1182 1367 1229 et
1387 1175 1504 1230 excelsis
1521 1192 1587 1246 ergo
1600 1176 1711 1246 respub

71 1250 104 1305 in
117 1257 176 1306 tuto
190 1254 275 1319 emet)
291 1251 408 1316 lecisset,
421 1258 503 1321 rupta
516 1258 578 1306 suut
591 1250 711 1305 ioederae
732 1259 813 1323 atque
827 1250 876 1306 ills
912 1250 980 1306 lions
989 1251 1094 1307 meritis
1102 1259 1234 1318 avertunt,
1244 1254 1307 1309 dum
1313 1254 1542 1309 immortalitatem
1551 1256 1709 1327 propagine,

71 1329 110 1384 ad
121 1331 226 1387 inseras
240 1330 326 1403 gradu
339 1330 473 1401 praecipiti
486 1330 594 1401 relapsa
607 1339 656 1386 est.
698 1329 741 1384 Ab
750 1330 800 1385 illo
810 1338 875 1386 tem·
912 1346 967 1385 non
980 1332 1067 1396 sactis,
1082 1332 1190 1402 assequi
1205 1333 1273 1388 satis
1286 1332 1396 1388 habent.
1437 1334 1540 1389 Verum
1553 1344 1582 1389 et
1594 1335 1655 1405 ipsa
1668 1351 1711 1390 sa·

70 1425 141 1480 pore
156 1410 293 1482 Orpheus,
306 1418 425 1475 moestns,
444 1418 472 1464 et
485 1409 629 1466 mulierum
642 1425 712 1475 osor,
726 1411 757 1464 iu
778 1410 874 1466 solitu·
912 1411 1024 1481 pientia
1043 1428 1134 1481 opera,
1147 1411 1213 1466 licet
1231 1412 1304 1468 inter
1323 1413 1443 1469 humana
1461 1413 1605 1480 excellant,
1619 1422 1710 1469 tamen

70 1489 153 1544 diues
165 1490 303 1561 protectus
317 1497 366 1555 est,
380 1490 428 1544 ubi
442 1489 538 1545 eadem
554 1499 650 1545 cantus
664 1497 692 1544 et
705 1489 771 1560 lyrae
784 1488 874 1546 dulce·
912 1496 940 1544 et
952 1491 1010 1545 suis
1028 1491 1147 1563 periodis
1166 1491 1334 1550 clauduntur.
1375 1493 1476 1548 Evenit
1493 1493 1568 1548 enim
1589 1500 1619 1548 ut
1638 1502 1711 1565 poet·

70 1569 139 1624 dine
153 1570 243 1639 primo
260 1569 333 1625 feras
350 1569 511 1640 omnigenas
531 1569 566 1623 ad
586 1587 616 1625 se
635 1569 727 1636 traxit,
748 1569 817 1624 adeo
835 1579 873 1637 ut,
912 1587 995 1641 quam
1008 1588 1093 1642 regna
1105 1579 1135 1626 et
1146 1572 1307 1643 respublicas
1321 1572 1356 1628 ad
1366 1581 1473 1645 tempus
1486 1573 1634 1638 floruerint,
1648 1574 1709 1628 sub

70 1655 203 1704 natam
217 1666 295 1705 suant
308 1656 447 1713 exuentes,
460 1666 512 1704 nec
531 1649 634 1706 irarum
654 1657 702 1704 aut
723 1649 873 1706 ferocitatis
911 1649 975 1705 iude
989 1651 1213 1720 perturbationes,
1229 1660 1257 1707 ιι
1270 1652 1424 1719 seditiones,
1438 1662 1465 1707 et
1484 1652 1557 1707 bella
1570 1652 1707 1720 orientum

71 1744 218 1795 muores,
230 1745 281 1783 neo
290 1728 413 1784 libidinis
426 1728 546 1785 stimulis
557 1736 585 1784 et
598 1729 734 1785 furoribus
746 1730 874 1801 praecipi·
910 1729 983 1784 inter
996 1748 1110 1803 quorum
1127 1731 1255 1803 strepitus
1273 1732 1363 1804 primo
1379 1731 1456 1803 leges
1475 1733 1665 1798 conticescunt,
1679 1742 1709 1789 et

71 1815 117 1864 tes
130 1816 208 1875 actre,
222 1825 273 1863 nec
285 1808 436 1879 ingluviem
455 1810 562 1874 satisoe,
580 1816 628 1864 aut
647 1808 747 1879 praedas
765 1808 873 1864 inhiare
911 1807 1037 1865 homines
1050 1810 1085 1865 ad
1098 1819 1202 1866 naturas
1213 1827 1271 1866 suta
1290 1811 1497 1882 depravationes
1516 1812 1644 1878 redeunt;
1665 1820 1707 1866 at·

70 1888 194 1960 amplius
213 1895 346 1952 curantes,
367 1888 396 1942 in
417 1903 521 1943 morem
537 1888 647 1954 theatri,
661 1888 740 1944 illurn
760 1889 873 1944 circurn-
911 1905 965 1959 que
978 1890 1063 1945 etiam
1076 1892 1105 1945 in
1119 1891 1201 1962 agria
1216 1898 1297 1962 atque
1316 1891 1425 1963 oppidis
1444 1892 1555 1947 vastius
1576 1892 1708 1962 conspici·

71 1973 186 2033 starent,
201 1968 328 2038 benigna
342 1975 531 2023 etmunsuctrn
544 1967 614 2023 inter
629 1984 660 2024 se
674 1968 760 2032 facta,
775 1975 803 2023 et
815 1976 873 2023 tsn-
911 1975 962 2024 tur.
1002 1969 1102 2041 Neque
1123 1970 1162 2023 ita
1179 1969 1263 2025 multo
1285 1979 1347 2043 post
1366 1968 1407 2046 (ai
1427 1970 1581 2040 bajoamodi
1603 1973 1707 2027 furores

70 2054 132 2102 tum
142 2046 210 2117 lyrre
219 2048 362 2102 concentui
372 2063 453 2103 aures
462 2048 623 2118 prebentes.
657 2047 756 2120 Neque
765 2047 791 2101 is
801 2048 871 2114 fiais,
911 2045 1116 2123 continuentur)
1126 2049 1215 2105 literae
1224 2051 1315 2116 edam,
1329 2059 1357 2106 et
1367 2050 1544 2121 philosophia
1556 2051 1707 2106 certissima

71 2126 123 2182 sed
135 2134 212 2182 tanta
224 2128 337 2183 musice
349 2127 393 2181 ris
414 2134 443 2181 et
462 2127 586 2198 putentia
607 2127 664 2192 suit,
679 2135 709 2182 ιιι
722 2127 806 2182 ιιίιιιι
820 2127 872 2198 syl-
910 2128 1084 2198 discerpitur:
1105 2129 1174 2186 adeo
1186 2139 1218 2185 ut
1231 2130 1385 2202 fragmenta
1398 2138 1503 2185 tantum
1518 2131 1586 2199 ejus,
1598 2132 1626 2185 in
1641 2149 1708 2202 pau·

70 2221 123 2261 vas
134 2215 264 2272 moveret,
275 2214 302 2261 et
314 2206 420 2277 lapidee
432 2207 515 2278 ipsos,
526 2214 557 2262 ut
570 2207 620 2261 illa
630 2223 736 2278 quoque
747 2209 777 2261 ιι
788 2217 872 2262 trans·
910 2209 949 2263 cis
962 2207 1038 2274 locis,
1052 2217 1181 2280 tanquam
1193 2210 1330 2281 naufragii
1351 2209 1460 2274 tabula,
1478 2211 1657 2276 inveniantur,
1679 2218 1709 2265 et

70 2285 183 2352 terrent,
198 2292 225 2340 et
238 2286 317 2342 sedes
329 2303 394 2342 suas
410 2286 484 2342 circs
495 2304 566 2353 eum,
580 2285 674 2341 ordina
688 2293 717 2340 et
733 2287 814 2341 modo
827 2288 872 2341 de-
909 2288 1026 2343 barbara
1039 2296 1163 2358 tempora
1173 2290 1313 2361 ingruant3
1328 2290 1558 2361 Heliconisaquis
1571 2290 1622 2345 sub
1635 2297 1708 2345 terra

70 2365 155 2431 centi,
169 2372 308 2437 ponerent
348 2366 417 2421 Hoc
430 2366 455 2421 ei
469 2383 531 2421 cunt
544 2366 580 2422 ιιι
593 2373 701 2436 tempus
716 2365 832 2421 feliciter
845 2375 872 2422 ιι
910 2368 1023 2432 ιιιιιιίιι
1045 2367 1138 2434 donec,
1159 2369 1250 2424 debita
1269 2369 1350 2424 rebus
1369 2369 1563 2435 vicissitudine,
1587 2386 1643 2442 noq
1661 2370 1708 2425 iis·

70 2459 249 2518 magnacum
262 2444 439 2501 admiratione
449 2446 610 2512 cauissentr
624 2445 732 2501 tandem
747 2445 872 2501 Thracia
909 2447 972 2502 dem
986 2447 1099 2502 ιοιιιιιι
1111 2447 1186 2513 locis,
1199 2448 1247 2504 sed
1261 2449 1337 2520 apud
1346 2447 1416 2505 alias
1428 2449 1553 2505 nationes
1563 2457 1707 2522 erumpant

70 2525 206 2581 mulieres
219 2524 336 2584 stimulis
349 2525 453 2580 Bacchi
467 2526 586 2596 percita,
600 2524 691 2596 primo
707 2541 790 2581 cornu
812 2542 872 2580 rau·
910 2534 937 2582 et
950 2535 1084 2583 emanent.

72 2622 138 2660 cum
158 2613 186 2660 et
204 2605 324 2660 immane
344 2620 447 2660 sonans
467 2605 616 2660 inflarent:
646 2621 683 2660 ex
703 2621 744 2669 eo,
762 2611 872 2675 propter
1056 2601 1061 2613 '

73 2685 231 2757 strepitum,
245 2685 357 2740 musica
370 2700 453 2740 sonus
467 2681 587 2756 amplius
600 2684 688 2740 audiri
701 2700 756 2738 non
768 2685 870 2754 potuit:

70 2775 130 2821 tum
143 2765 253 2821 demum
267 2764 357 2820 soluta
370 2765 477 2830 rinnte,
491 2782 552 2837 qure
565 2764 667 2820 ordinis
686 2771 715 2820 et
733 2764 871 2819 societatis
949 2760 1101 2816 Tarauna·
1119 2764 1207 2832 poitta
1227 2762 1334 2817 Coelum
1353 2762 1572 2834 antiquissimum
1594 2763 1707 2821 deomm

70 2844 154 2900 istius
168 2853 227 2900 erat
238 2843 385 2910 rinctssum,
396 2845 498 2900 turbari
512 2852 632 2917 coeptum
645 2850 695 2909 est,
705 2851 734 2899 et
744 2844 808 2898 ferra
817 2844 871 2899 sin·
909 2840 1046 2905 extitisses
1067 2840 1148 2917 hujus
1166 2849 1258 2911 partes
1277 2841 1461 2912 generationis
1480 2858 1498 2896 ι
1517 2841 1575 2896 filio
1589 2841 1707 2901 Saturno

1087 2668 1137 2707 111.
1162 2669 1280 2717 COELUU,
1301 2668 1366 2708 slva
1385 2667 1529 2709 OBIGlNRS·

70 2924 147 2997 gulae
164 2925 199 2981 ad
219 2930 347 2981 naturam
365 2925 600 2989 euamredierunt,
614 2932 684 2980 etse
703 2924 821 2980 invicem
841 2930 871 2979 ut
909 2920 980 2976 falce
1001 2921 1138 2977 demessas
1159 2920 1251 2977 fuisse.
1299 2921 1443 2977 Saturnum
1463 2927 1555 2977 autem
1580 2922 1707 2980 sobolem

70 3005 151 3077 prius
163 3011 312 3076 persecuta
325 3012 403 3071 sunt;
423 3021 513 3076 neque
532 3005 637 3077 lapides
655 3010 701 3060 aut
715 3004 799 3075 sylvae
812 3004 870 3061 auis
908 3018 1082 3057 numerosam
1093 3018 1237 3074 generasse
1249 3023 1256 3057 ι
1271 3003 1320 3057 sed
1334 3002 1405 3057 filios
1415 3002 1544 3057 continuo
1554 3003 1705 3070 devorasse,

70 3100 197 3139 mansme
211 3084 295 3140 locis:
316 3084 444 3155 Orpheae
462 3092 554 3140 autem
574 3085 635 3156 ipsa
650 3084 791 3139 tandema
813 3100 870 3140 mu·
908 3081 1016 3136 tandem
1036 3098 1102 3137 vero
1120 3080 1217 3138 dorem
1240 3082 1355 3137 exitium
1378 3081 1514 3153 effugisse,
1534 3090 1562 3136 et
1584 3082 1706 3139 adultum

69 3163 185 3220 lieribns
209 3164 360 3220 furentibus
384 3164 535 3235 discerptus
558 3173 608 3230 est,
632 3172 660 3219 et
687 3179 798 3235 sparena
820 3181 870 3234 per
907 3168 1015 3232 patrem
1029 3161 1174 3216 Saturnum
1187 3162 1217 3218 in
1231 3161 1374 3217 Tartarum
1386 3161 1539 3227 detrusisse,
1550 3168 1578 3215 et
1591 3179 1705 3233 regnum

69 3260 172 3315 egros3
193 3244 230 3298 ob
243 3244 320 3312 cujus
337 3244 432 3299 mortis
449 3261 595 3300 mtarorent
616 3243 734 3298 Helicon
754 3239 869 3317 (fluvius
908 3242 1060 3312 accepisse3
1083 3241 1232 3312 quinetiam
1252 3241 1339 3313 patris
1359 3242 1491 3314 genitalia
1511 3240 1606 3296 eadem
1627 3241 1704 3309 falce,

69 3323 164 3379 Musis
177 3319 269 3397 sacer)
283 3324 547 3395 aquassubterrsm
563 3324 720 3396 indignatus
740 3323 869 3390 condidit,
908 3337 964 3392 qua
990 3320 1038 3376 ille
1065 3320 1173 3381 Coelunt
1197 3330 1364 3388 exsecuerat,
1387 3321 1543 3385 abscidisse,
1567 3329 1648 3393 atque
1675 3324 1705 3378 in

69 3408 99 3458 et
113 3420 163 3473 per
176 3403 232 3457 alia
244 3404 306 3458 locs
319 3409 400 3474 caput
412 3420 505 3459 rursus
518 3404 625 3460 extulit.
907 3416 983 3456 mare
998 3401 1153 3472 projecisse,
1164 3402 1227 3457 inde
1241 3402 1377 3457 Venerem
1391 3409 1483 3456 natam
1494 3418 1564 3456 esse.
1605 3400 1708 3457 Postea

112 3482 255 3538 Sententia
274 3482 375 3538 tabulae
395 3499 429 3539 ea
449 3484 555 3539 ridetur
578 3499 647 3539 esse.
695 3482 807 3554 Duplex
828 3490 869 3538 est
907 3496 973 3535 vero
989 3480 1067 3535 Joris
1086 3498 1202 3552 regnum
1222 3482 1270 3537 rix
1291 3483 1488 3549 confirmatum,
1503 3480 1556 3535 duo
1574 3498 1706 3537 memora·

70 3562 179 3634 Orphei
193 3562 299 3618 cantio:
321 3562 406 3618 altera
426 3563 461 3617 ad
481 3563 629 3635 placandos
649 3578 760 3627 maneae
781 3563 870 3618 altera
907 3559 975 3613 bilia
986 3560 1060 3615 bella
1073 3562 1224 3631 excepisse.
1264 3561 1394 3628 Primum,
1408 3562 1547 3625 Titanum,
1564 3560 1593 3615 in
1608 3561 1706 3632 quibua

70 3641 268 3697 adtrahendus
287 3644 360 3698 seras
379 3650 407 3698 et
424 3643 524 3714 sylvae.
565 3643 644 3698 Prior
661 3642 697 3697 ad
717 3642 869 3698 naturalem
908 3639 1077 3695 debellandis
1098 3640 1170 3695 Solis
1195 3659 1307 3711 operam
1328 3641 1387 3713 (qui
1411 3640 1484 3695 solus
1505 3658 1541 3695 ex
1561 3641 1705 3695 Titanibus

69 3721 286 3792 philosophiam,
299 3723 435 3794 posterior
454 3724 489 3778 ad
509 3722 641 3779 moralem
655 3730 684 3778 et
697 3721 806 3777 civilem
820 3739 868 3793 ap-
906 3718 986 3774 lovis
1007 3721 1087 3775 rebus
1109 3719 1229 3788 favebat)
1249 3720 1387 3791 egregiam
1410 3720 1513 3775 luisse:
1547 3719 1703 3784 secundum,

70 3802 179 3856 tissime
193 3802 317 3857 refertur.
358 3802 434 3873 Opus
448 3803 522 3859 enim
541 3801 671 3858 naturalis
684 3801 869 3873 philosophia
908 3799 1063 3871 Gigantum,
1074 3800 1121 3871 qui
1134 3808 1163 3855 et
1175 3802 1228 3871 ipsi
1243 3800 1355 3855 fulmine
1370 3807 1398 3854 et
1410 3799 1488 3855 doris
1498 3799 1582 3854 armis
1595 3800 1704 3869 disiecti

69 3880 154 3952 longe
167 3880 374 3946 nobilissimum,
389 3889 432 3937 est
445 3883 507 3953 ipsa
520 3883 655 3938 restitutio
668 3890 696 3936 et
709 3881 869 3938 instauratio
906 3885 985 3943 contr
1007 3879 1106 3950 quibua
1117 3878 1236 3943 domitis,
1250 3879 1266 3933 J
1269 3897 1348 3934 orem
1361 3896 1486 3934 securum
1499 3896 1639 3949 regnasse.

69 3976 163 4016 rerum
177 3960 400 4033 corruptibilium,
414 3969 442 4016 et
456 3960 587 4038 (hujusce
600 3962 640 4018 rei
655 3969 783 4033 tanquam
805 3977 867 4032 gra·
947 3958 1053 4013 Fabula
1076 3958 1182 4014 videtur
1201 3959 1320 4031 aenigma
1340 3958 1375 4014 de
1398 3958 1503 4030 origine
1526 3968 1624 4022 rerum,
1647 3975 1704 4013 nou

68 4040 123 4095 dns
136 4036 272 4115 minores)
291 4056 436 4112 corporum
449 4042 479 4096 in
492 4050 565 4098 statu
577 4058 627 4098 suo
640 4040 819 4108 conservatio,
841 4049 869 4096 et
906 4037 1022 4093 multum
1035 4039 1193 4108 discrepans
1213 4038 1249 4093 ab
1262 4056 1296 4094 ea
1309 4037 1493 4110 pbilosophis,
1508 4055 1589 4109 quam
1607 4046 1704 4109 postea

68 4119 258 4175 dissolutionis
272 4129 300 4176 et
317 4120 470 4192 putredinis
488 4121 640 4178 retardatio.
683 4121 745 4176 Hoc
767 4120 791 4176 si
812 4136 868 4176 ons-
906 4118 1079 4174 Democritus
1098 4117 1241 4189 amplexus
1260 4127 1308 4185 est,
1324 4118 1369 4190 qui
1391 4118 1560 4188 apertissime
1582 4118 1703 4173 omnium

68 4200 138 4255 nino
151 4199 211 4254 lieri
224 4201 309 4266 detur,
323 4208 396 4255 certe
409 4216 465 4255 uon
481 4201 561 4256 aliter
582 4202 652 4257 edici
670 4207 770 4272 potest,
785 4217 868 4272 qnam
907 4197 1084 4254 eternitatem
1110 4198 1233 4254 materiae
1257 4198 1380 4264 ameruit,
1404 4198 1582 4253 aeternitatem
1609 4199 1703 4252 mundi

67 4296 122 4352 per
141 4279 233 4334 debita
253 4287 281 4334 et
294 4280 432 4351 exquisita
449 4288 553 4336 uatnrra
571 4288 793 4352 temperamenta,
808 4290 867 4335 tan·
906 4278 1034 4350 negaritr
1065 4278 1095 4333 in
1115 4295 1170 4350 quo
1191 4277 1332 4350 aliquanto
1353 4276 1480 4349 proprius
1503 4277 1538 4332 ad
1559 4278 1702 4333 veritatem

68 4376 154 4432 qaam
167 4358 401 4431 perhsrmoniam
413 4359 489 4431 lyras,
504 4368 531 4415 et
543 4361 637 4417 modos
651 4367 799 4415 accuratos.
830 4360 868 4415 Et
906 4358 982 4413 verbi
996 4357 1081 4413 divini
1095 4358 1218 4422 accessit,
1232 4359 1309 4428 cujus
1323 4358 1600 4413 narratiomateriam
1620 4358 1704 4411 intor-

67 4448 164 4495 tsmen
178 4456 240 4494 curn
260 4440 296 4494 sit
315 4456 358 4494 res
378 4441 501 4495 omnium
523 4440 643 4496 mariam
664 4440 755 4505 ardna,
770 4439 867 4495 effectu
905 4454 979 4493 mem
992 4446 1056 4491 ante
1069 4454 1154 4510 opera
1174 4438 1284 4493 dierum'
1298 4437 1401 4493 statuit.
1443 4436 1583 4493 Sententia
1604 4436 1703 4493 subulae

66 4518 232 4591 plerumque
247 4519 403 4583 ιιιιιιιιιιις
423 4518 506 4592 idque
521 4521 564 4592 (ut
580 4518 726 4575 verisimile
744 4518 868 4587 estinan
905 4516 1061 4587 hujusmodi
1078 4526 1128 4573 est.
1175 4517 1283 4572 Caelum
1303 4534 1363 4573 csse
1383 4532 1531 4572 concavum
1552 4516 1627 4582 illud,
1645 4517 1703 4571 sive

66 4599 161 4671 magu
175 4598 259 4654 aliam
272 4598 307 4653 ob
320 4615 440 4664 causant,
459 4616 540 4671 quant
558 4616 609 4670 per
628 4600 763 4654 curiosam
776 4606 805 4653 et
823 4600 867 4654 in·
905 4597 1045 4662 ambitum,
1070 4597 1141 4669 quod
1160 4598 1301 4652 materiam
1321 4596 1517 4668 complectitur.
1557 4596 1703 4651 Saturnum

66 4680 260 4749 tempestivam
279 4678 451 4734 sedulitatem
469 4688 497 4734 et
518 4678 727 4749 impatientiam.
771 4678 866 4750 ltaque
906 4684 997 4731 autem
1010 4678 1153 4732 materiam
1166 4676 1264 4747 ipsam,
1278 4694 1340 4749 qua
1353 4693 1461 4731 omnem
1478 4677 1625 4748 generandi
1647 4676 1702 4731 vim

64 4758 255 4831 philosophia,
284 4765 366 4815 tantae
392 4759 432 4814 rei
456 4759 513 4814 sere
536 4760 633 4830 impar,
657 4765 740 4830 atque
767 4757 868 4814 idcirco
906 4756 1012 4827 parenti
1025 4757 1169 4827 proscidit
1199 4756 1339 4811 Summam
1350 4757 1425 4811 enim
1438 4757 1559 4811 materia
1573 4763 1704 4825 perpetuo

65 4836 168 4895 merito
181 4847 287 4904 moesta,
301 4838 382 4893 vertit
394 4855 424 4893 se
438 4838 473 4893 ad
492 4856 537 4894 res
554 4839 695 4902 humanas,
715 4843 743 4893 et
761 4837 792 4891 in
811 4838 867 4892 ani·
906 4836 1020 4891 eandem
1034 4854 1109 4902 esse;
1129 4852 1218 4907 neque
1240 4836 1330 4908 ipsum
1350 4845 1481 4908 quantam
1503 4844 1607 4890 naturae
1628 4851 1703 4888 crea·

65 4936 129 4975 mos
142 4918 293 4985 hominum,
307 4934 390 4973 suasa
403 4924 431 4973 et
445 4917 605 4990 eloquentia,
619 4916 733 4983 virtutis,
743 4924 771 4973 ιι
784 4917 867 4988 aqui-
905 4932 967 4970 cere
990 4923 1036 4970 aut
1058 4916 1154 4972 minui.
1197 4915 1366 4987 Agitationea
1379 4925 1471 4971 autam
1491 4922 1518 4969 ιι
1538 4923 1627 4968 motus
1647 4930 1704 4968 ma·

63 5000 143 5065 tatis,
157 5006 188 5052 et
199 4998 277 5071 pacis
298 5014 418 5053 arnorenr
437 4998 587 5065 insinuans,
601 4997 763 5069 populorum
781 5008 867 5053 centus
905 4997 989 5059 terim
1003 4996 1092 5066 primo
1103 4996 1277 5067 imperfectas
1289 5003 1318 5051 et
1335 4995 1406 5050 male
1427 4995 1593 5050 coherentes
1612 5009 1703 5048 rerunt

64 5079 97 5133 in
111 5094 198 5134 unum
212 5078 285 5133 coire
298 5077 380 5143 sacltr
400 5084 429 5131 et
439 5078 507 5150 juga
520 5078 614 5148 legum
627 5078 759 5147 accipere,
773 5085 801 5132 et
813 5077 866 5130 im·
905 5092 1052 5146 compages
1074 5076 1245 5147 produxisse,
1272 5084 1301 5132 et
1326 5075 1411 5131 veluti
1439 5082 1604 5128 tentamenta
1622 5089 1703 5127 man·

63 5158 153 5231 periis
168 5174 198 5212 se
211 5156 378 5223 submittere,
392 5166 420 5212 et
433 5156 579 5213 affectuum
592 5157 783 5212 indomitorum
796 5155 866 5211 obli·
905 5155 1017 5209 dorum:
1037 5155 1101 5211 dein
1114 5158 1165 5211 aeri
1180 5172 1307 5226 processu
1321 5155 1451 5209 fabricam
1462 5162 1549 5207 ortam
1562 5169 1629 5217 esse,
1640 5170 1702 5224 quae

62 5238 145 5304 visci,
160 5237 227 5293 dum
240 5237 383 5309 praeceptis
397 5244 425 5291 et
437 5237 589 5308 disciplinas
602 5238 763 5300 auscultant,
777 5244 806 5290 et
818 5236 867 5289 ob·
906 5234 1020 5289 formam
1038 5252 1116 5309 suam
1137 5236 1205 5289 tueri
1230 5242 1258 5290 et
1278 5249 1440 5291 conservare
1461 5240 1563 5303 posset.
1605 5233 1702 5304 ltaque

62 5324 239 5389 temperant:
269 5317 341 5372 unde
365 5316 526 5388 paulopost
548 5317 664 5372 aedificis
684 5324 866 5380 exstruuntur,
905 5316 1024 5385 priorem
1051 5316 1103 5371 teri
1130 5315 1347 5370 distributionem
1370 5330 1421 5384 per
1446 5329 1561 5383 regnum
1590 5312 1701 5367 Saturni

62 5397 173 5470 oppida
185 5397 344 5461 conduntur,
358 5396 417 5469 agri
431 5402 460 5451 et
474 5396 545 5451 horti
564 5396 706 5452 arboribus
725 5412 868 5451 conserun-
904 5395 1061 5466 significari,
1084 5396 1131 5467 qui
1155 5396 1191 5451 ob
1213 5393 1369 5465 frequentes
1391 5410 1481 5447 rerum
1504 5391 1702 5456 dissolutiones,

60 5486 130 5547 tnrr
152 5483 184 5533 ut
204 5476 311 5549 lapides
331 5483 360 5533 ιι
379 5475 471 5547 sylvas
489 5490 546 5532 non
567 5477 616 5532 aba
636 5494 666 5532 re
685 5477 827 5532 convocari
841 5484 882 5531 et.
904 5482 933 5531 et
946 5475 1042 5530 breves
1055 5474 1220 5541 duratioaes,
1240 5474 1358 5530 tiliorum
1372 5489 1482 5529 suorum
1501 5473 1642 5529 devorator
1655 5472 1703 5531 ha·
