3800 5875
55 293 120 347 Car.
136 291 184 347 lv.
573 291 624 345 DE
644 289 869 348 AUGMENTIS
889 291 1164 349 samartanum
1614 298 1672 354 363

54 450 240 521 pereleganm
262 449 300 503 ad
322 447 401 520 polos
421 448 515 505 mnndi
538 447 662 513 traducit,
682 448 755 505 circs
778 465 845 519 quos
881 452 1107 521 tere,uaumcjua
1117 453 1279 524 degenerem
1289 458 1316 507 et
1325 453 1672 526 cormptumarlcaptioncs

55 530 239 584 conversiones
263 528 462 599 expediuntur:
483 528 611 583 similiter
630 544 732 598 magno
755 528 845 583 studio
881 537 909 583 et
921 532 1116 586 contractiones
1136 549 1187 602 per
1199 532 1248 586 illa
1268 532 1330 602 ipsa
1350 532 1519 603 sophismata
1531 536 1672 591 struendas

55 617 180 680 appetunt
201 608 331 663 homines
353 607 472 678 aliquem
489 607 591 662 habere
608 607 682 661 intra
695 624 725 661 ae
739 608 843 677 cogita·
881 617 908 662 et
932 611 1130 665 concinnandas
1153 620 1284 681 spectare.
1324 611 1402 672 Quod
1424 628 1512 682 geum
1534 613 1671 670 facultatis

54 686 149 743 tionum
162 687 314 753 Atlantem,
327 694 375 742 aut
396 687 481 757 poles,
496 688 543 758 qui
562 685 715 741 intellectus
733 686 843 741 firrctua-
881 688 965 743 etiam
978 705 1028 759 pro
1041 690 1143 745 eximio
1156 691 1278 756 habenar,
1293 698 1323 745 et
1334 690 1408 746 haud
1421 708 1520 761 parvas
1533 693 1611 747 affert
1621 695 1672 748 uti·

55 769 135 822 nones
160 776 188 822 et
211 767 364 838 vertigines
389 765 559 837 aliquatenus
581 771 678 837 regant
685 788 693 830 t
718 766 843 821 timentes
881 766 979 822 linces.
1020 769 1099 824 Licet
1119 769 1258 841 eleganter
1277 770 1430 825 introducta
1449 771 1486 825 sit
1505 787 1523 823 a
1541 773 1671 842 quopiam

55 847 157 912 scilicet,
171 846 321 902 neemlnrn
338 847 460 915 ipsorum
473 853 543 900 rust.
586 845 681 915 ltaque
696 846 731 899 ad
744 845 843 916 princi·
880 845 929 900 illa
948 848 1100 903 differentia
1120 849 1190 904 inter
1209 858 1342 905 oratorem
1363 858 1391 904 et
1411 849 1577 920 sophistam
1598 851 1671 923 quod

55 928 97 995 pis
105 926 281 981 amenumum
291 925 482 983 consumenda
495 941 666 995 praepropere
674 925 841 989 festinarunt,
880 925 948 980 alter
963 934 1091 999 tanquam
1110 928 1260 999 leporarius
1280 946 1361 985 caran
1381 936 1506 1000 prestetc
1527 930 1597 985 alter
1609 939 1669 985 tau·

55 1007 119 1059 circa
131 1023 192 1078 quaa
206 1007 298 1060 omaus
316 1005 531 1075 disputationum
550 1006 666 1059 venetas
685 1014 841 1070 verteretur,
880 1023 963 1076 quam
975 1007 1055 1077 lepus
1067 1008 1126 1077 ipse
1140 1008 1221 1063 flexu.

55 1088 107 1139 ane
128 1086 255 1156 periculo
278 1085 365 1139 ruinae
389 1092 417 1138 et
437 1100 529 1146 casum
549 1084 702 1139 nescientes
721 1085 842 1154 proiecto
919 1085 1073 1156 Sequuntur
1085 1086 1192 1142 elenchi
1210 1086 1376 1141 hermenias
1397 1086 1436 1140 ita
1453 1087 1527 1143 enim
1541 1087 1669 1159 (vocabu-

54 1182 118 1227 eum,
131 1166 177 1236 qni
199 1173 278 1220 certa
298 1163 380 1218 nimia
401 1179 518 1234 propere
536 1163 693 1233 captaverit,
711 1164 842 1219 indubiis
879 1162 936 1217 lum
950 1166 1141 1236 potiusquam
1154 1183 1264 1221 sensum
1284 1166 1319 1220 ab
1334 1166 1478 1221 Aristotele
1497 1165 1667 1242 mutuantes)

54 1245 195 1298 finiturum:
212 1245 262 1315 qui
271 1252 363 1298 autem
368 1241 503 1319 judicium
511 1243 670 1314 tempeative
681 1243 840 1308 cohibuerit,
879 1259 925 1297 eos
939 1243 1144 1314 appellabimus.
1185 1246 1351 1316 Redigamns
1363 1244 1448 1316 igitur
1467 1246 1624 1302 hominibus
1638 1247 1669 1301 in

54 1324 381 1393 adcertaperventnrnm.
879 1323 1038 1378 memoriam
1051 1340 1091 1388 ea,
1106 1341 1167 1394 quea
1180 1342 1198 1378 a
1213 1326 1293 1379 nobis
1314 1325 1347 1379 de
1368 1326 1626 1391 transcendentibus,
1640 1334 1668 1381 et

89 1402 268 1458 Manifestum
282 1411 325 1457 eat
339 1402 432 1473 igitur,
450 1407 537 1456 artem
551 1401 622 1456 hanc
638 1400 778 1470 judicandi
791 1418 841 1472 per
879 1400 912 1454 de
934 1402 1088 1457 adventitiis
1109 1404 1213 1458 entium
1230 1403 1436 1469 conditionibus,
1457 1404 1514 1459 sive
1531 1404 1667 1474 adjunctis

52 1481 235 1552 nilevsmnm
263 1481 336 1536 nihil
359 1481 434 1535 alind
460 1497 528 1545 ease,
552 1497 634 1552 quam
659 1481 841 1536 reductionem
880 1482 955 1548 (cum
966 1482 999 1535 de
1010 1481 1185 1551 philosophis
1194 1484 1283 1552 prima
1293 1485 1448 1553 ageremus)
1458 1484 1584 1555 superius
1594 1484 1667 1539 dicta

53 1562 263 1631 propositionum
286 1561 322 1615 sd
348 1560 482 1631 principia
508 1577 558 1632 per
578 1561 682 1616 medios
702 1561 839 1616 terminos
878 1569 948 1615 sunt.
988 1561 1029 1615 Ea
1050 1571 1121 1626 sunt,
1144 1562 1240 1630 majus,
1261 1561 1368 1627 minua;
1390 1561 1512 1627 multum,
1533 1580 1665 1634 paucumr

53 1639 185 1712 Principia
198 1650 312 1703 ,autern
344 1656 478 1695 consensu
510 1648 619 1712 recepta
645 1639 839 1710 intelliguntur,
877 1641 960 1709 prius,
981 1640 1131 1710 portarium
1153 1641 1232 1705 idem,
1251 1640 1399 1705 diversum
1421 1642 1552 1711 ponatis,
1573 1650 1665 1709 actusr

54 1730 129 1790 atque
155 1737 173 1774 a
200 1721 353 1792 qumsticrm
381 1722 546 1775 eximuntur.
601 1718 638 1773 At
664 1721 839 1775 terminorum
878 1716 995 1785 habitus,
1017 1719 1149 1790 privatior
1178 1727 1272 1784 totum,
1293 1728 1399 1791 partes;
1421 1738 1514 1791 agens,
1537 1723 1664 1792 pauens,

52 1799 194 1854 mediorum
222 1801 348 1855 inventio
373 1799 461 1854 libero
479 1799 651 1869 ingeniorum
675 1800 794 1853 acumini
813 1808 841 1854 et
877 1806 974 1863 motus,
989 1799 1081 1870 quiess
1103 1816 1160 1862 ens,
1173 1816 1228 1853 non
1247 1816 1313 1864 eus3
1335 1807 1363 1853 et
1376 1799 1484 1855 similia.
1526 1801 1666 1871 Imprimis

52 1878 248 1950 investigationi
266 1879 439 1950 permittitur.
479 1878 531 1933 Est
549 1886 639 1934 autem
656 1879 774 1933 reductio
791 1878 840 1933 illa
877 1887 966 1931 autem
977 1879 1149 1933 meminerint
1157 1885 1282 1933 etuotent
1290 1878 1445 1933 differentes
1454 1896 1508 1943 ess,
1520 1897 1588 1951 quas
1596 1880 1665 1935 dixi·

52 1957 153 2027 duplex,
167 1960 274 2013 directa
288 1958 401 2022 scilicet,
409 1967 437 2013 et
448 1959 565 2013 inversa.
596 1958 707 2013 Directa
720 1966 839 2021 sancum
876 1973 944 2021 mua
964 1956 1062 2011 harum
1074 1974 1165 2012 rerum
1178 1956 1433 2030 contemplationes:
1454 1958 1581 2013 videlicet
1594 1958 1665 2031 quod

52 2037 106 2106 ipss
122 2037 275 2108 propositio
296 2038 331 2091 ad
350 2038 441 2108 ipsum
461 2038 626 2109 principium
639 2038 789 2093 reducitur:
810 2038 839 2092 id
876 2036 983 2104 possint
998 2036 1099 2108 inquiri
1114 2036 1157 2090 vel
1177 2036 1298 2108 physice,
1313 2036 1357 2091 vel
1376 2034 1474 2107 logice.
1514 2036 1665 2107 Physicam

53 2117 117 2186 qnod
129 2117 256 2186 probatio
269 2118 407 2172 ostensiva
422 2125 542 2172 vocatur.
585 2118 696 2172 Inversa
714 2126 762 2181 est,
776 2134 839 2172 cnm
876 2121 967 2170 autem
981 2116 1052 2170 circa
1066 2132 1112 2170 aaa
1127 2116 1314 2171 tractationem
1327 2115 1666 2187 philosophinprimnas-

52 2197 257 2251 cunundictoria
273 2196 468 2267 propositionis
486 2196 623 2251 reducitur
642 2197 677 2249 ad
694 2196 839 2251 contradic·
876 2193 1051 2264 signavimus.
1092 2193 1221 2266 Superest
1232 2195 1336 2266 logicas
1357 2211 1467 2249 cavero
1479 2196 1542 2266 ipsa
1554 2204 1596 2250 est
1609 2213 1664 2263 res,

53 2275 142 2329 torinm
163 2276 313 2346 principii3
329 2275 401 2348 quod
419 2283 516 2330 vocant
534 2276 720 2346 probationem
735 2292 783 2345 per
796 2277 838 2331 in·
877 2290 959 2343 quarn
972 2275 1000 2328 in
1013 2276 1141 2345 praesenti
1160 2275 1311 2329 doctrinam
1324 2273 1358 2328 de
1375 2274 1498 2330 elenchis
1517 2274 1666 2333 hermenia

52 2355 221 2409 commodum
264 2356 405 2410 Numerus
417 2372 482 2410 vcro
496 2356 671 2410 terminorum
680 2355 838 2422 mediorum,
876 2354 1053 2408 nominamus.
1093 2352 1187 2409 Portis
1199 2360 1272 2408 certe
1286 2360 1328 2408 est
1343 2352 1402 2408 heac
1416 2354 1545 2410 doctrinae
1557 2371 1625 2409 sana
1638 2364 1666 2411 st

52 2433 102 2487 sive
119 2434 195 2488 scala
214 2451 319 2498 eorum,
333 2434 463 2489 minuitur
483 2444 531 2490 ant
546 2443 669 2506 angetur,
687 2452 738 2506 pro
755 2453 839 2491 remo
876 2430 957 2487 bona.
999 2433 1060 2488 Hoc
1078 2433 1151 2488 eninr
1165 2433 1267 2488 habent
1280 2432 1402 2488 nonanes
1414 2432 1470 2488 illa
1483 2433 1625 2505 generales
1638 2442 1667 2490 et

53 2514 118 2566 done
131 2514 331 2584 propositionis
343 2532 361 2568 a
373 2514 459 2583 princi
462 2514 517 2584 pio.
876 2528 1040 2577 communes,
1046 2520 1074 2568 ut
1080 2513 1108 2566 in
1114 2513 1238 2567 omnibus
1243 2512 1469 2583 disputationibus
1475 2512 1575 2584 ubique
1580 2514 1665 2569 inter·

86 2592 136 2646 llis
149 2594 257 2663 positis,
273 2593 423 2663 partiemur
443 2602 530 2648 artem
548 2593 644 2661 judicii
662 2594 745 2663 (sicut
757 2594 840 2665 vulgo
876 2601 998 2655 currant3
1020 2593 1088 2647 adeo
1098 2599 1135 2655 nt,
1146 2592 1199 2646 nisi
1209 2599 1343 2658 accurate,
1355 2593 1474 2647 etanxio
1484 2593 1666 2660 eamindicio,

53 2670 101 2725 iere
113 2672 197 2739 solet)
211 2673 241 2726 in
256 2671 429 2741 analyticam,
444 2681 471 2727 et
486 2673 637 2727 doctrinam
650 2673 683 2727 de
697 2672 837 2728 elenchis:
876 2671 945 2726 bene
965 2672 1024 2739 jam
1038 2672 1074 2724 sb
1087 2670 1167 2724 initio
1183 2671 1389 2741 distinguantur,
1403 2671 1529 2725 universo
1542 2672 1665 2742 disputa·

53 2748 129 2805 altera
149 2752 264 2814 indicat,
287 2751 374 2806 altera
394 2760 487 2806 cavete
507 2752 643 2821 analytica
666 2752 739 2807 enim
760 2769 838 2808 veras
877 2750 980 2805 tionum
992 2748 1088 2805 lumini
1102 2750 1248 2820 caliginem
1261 2750 1338 2805 miris
1351 2750 1438 2804 modis
1450 2750 1577 2805 offusuroe
1591 2751 1647 2806 sint
1655 2773 1664 2817 ς

53 2827 142 2884 formas
156 2831 278 2885 instituit
296 2831 331 2886 de
347 2832 545 2902 consequentiis
567 2839 800 2902 argumentorum
822 2849 840 2886 a
876 2835 904 2883 et
917 2846 951 2883 eo
964 2846 1022 2883 rem
1035 2829 1091 2884 iere
1110 2829 1272 2893 deductura,
1287 2837 1316 2884 ut
1333 2829 1456 2884 desinant
1468 2829 1668 2900 disputationes

54 2910 324 2978 quibuuivarietur,
338 2912 395 2966 sive
405 2911 571 2976 deflectatur,
582 2910 678 2966 vitiosa
690 2911 839 2982 deprehen-
876 2908 904 2962 in
929 2925 1035 2980 pugnas
1061 2908 1211 2964 verborum.
1250 2908 1360 2964 Etenim
1381 2908 1616 2980 aequivocationes,
1637 2917 1666 2965 et

53 2988 118 3043 ditur
129 3008 188 3045 esse
201 2990 359 3045 conclusio:
379 3001 459 3062 atque
483 2992 535 3046 hoc
556 2992 647 3061 ipsum
668 2992 698 3045 in
716 3009 746 3046 se
763 2990 838 3047 elen·
876 2988 956 3043 mmm
969 2989 1141 3059 acceptiones
1150 2988 1294 3044 verborum
1308 2986 1474 3062 (prmaeium
1488 2988 1570 3057 hujus
1583 3005 1665 3059 geue-

53 3067 702 3142 thumquendamsivcredargntioncmcoatinet
725 3070 838 3127 Rectum
877 3068 927 3135 ris)
950 3076 1013 3123 suut
1033 3068 1202 3139 sophismata
1222 3068 1428 3139 sophismatum
1468 3067 1558 3128 Quare
1581 3069 1666 3123 etism

53 3149 118 3202 enim
131 3155 174 3216 (nt
186 3149 303 3215 dicitur)
318 3159 346 3204 et
359 3150 498 3204 suiindex
512 3158 560 3214 est,
571 3158 599 3204 et
609 3149 720 3222 obliqui.
750 3151 838 3206 lhtia-
875 3147 973 3202 melius
985 3148 1074 3203 visum
1088 3156 1131 3203 est
1142 3147 1256 3202 istarum
1270 3146 1459 3201 tractationem
1468 3163 1590 3202 morsum
1603 3163 1666 3201 con·

53 3225 141 3281 unum
163 3229 348 3284 nihilominus
367 3238 409 3284 est
431 3228 560 3284 elenchos
584 3228 666 3283 veluti
689 3231 836 3286 monitores
875 3228 993 3291 stituere,
1015 3244 1097 3299 qnam
1119 3243 1187 3292 eam,
1206 3225 1250 3280 vel
1273 3227 1301 3280 in
1323 3225 1529 3296 philosophiam
1549 3226 1665 3296 primam

53 3305 182 3372 adhibere,
197 3325 255 3378 quo
269 3308 378 3362 facilins
390 3310 550 3379 detegantur
563 3307 687 3372 fallacia,
706 3309 838 3376 judicium
875 3306 931 3360 sne
946 3307 1160 3378 metaphysicam
1173 3307 1309 3376 recipere;
1329 3304 1374 3360 vel
1387 3322 1423 3360 ea
1432 3313 1509 3375 parta
1521 3304 1667 3374 analyticas

53 3383 162 3457 alioquin
177 3387 379 3458 illaqueatus.
413 3388 445 3442 ln
459 3388 596 3459 analytica
609 3387 756 3443 veronibil
770 3389 837 3444 desi-
875 3387 1016 3455 subjicere,
1031 3395 1061 3441 nt
1076 3385 1237 3441 Aristoteles
1259 3385 1326 3441 satis
1346 3384 1457 3439 confuse
1471 3384 1543 3439 iecit
1584 3384 1666 3439 Dedi·

53 3463 131 3520 derari
151 3468 315 3537 reperimus,
338 3468 403 3538 quin
423 3468 515 3536 ponus
539 3475 665 3522 oneratur
685 3468 836 3537 superfluis,
875 3482 935 3521 mus
948 3475 1039 3521 antem
1053 3466 1079 3521 ei
1099 3482 1196 3520 nomen
1216 3483 1252 3520 ex
1273 3482 1332 3530 usu,
1347 3463 1411 3535 quia
1424 3480 1503 3519 verus
1524 3464 1583 3532 ejus
1600 3481 1667 3518 usus

54 3560 126 3612 qaam
138 3545 250 3615 indiget
263 3546 471 3602 accessionibus
875 3554 916 3598 eat
929 3545 1010 3616 plane
1024 3546 1187 3617 redargutio,
1202 3553 1229 3599 et
1242 3545 1332 3599 cautio
1343 3544 1415 3597 circa
1423 3560 1503 3597 usum
1513 3544 1667 3598 verborum.

86 3624 242 3680 Doctrinam
267 3625 302 3679 de
327 3623 449 3679 elenchis
475 3626 505 3679 in
529 3633 584 3680 tres
604 3634 696 3696 partes
717 3627 837 3683 dividere
875 3624 1002 3685 Quinimo
1011 3625 1237 3695 partemillamde
1246 3623 1469 3695 praedicamentis,
1478 3623 1581 3677 sirecte
1590 3622 1667 3677 iusti·

53 3701 149 3769 placen
168 3704 304 3758 elenchos
316 3704 520 3775 sophismatum,
534 3705 663 3759 elenchos
680 3705 836 3773 hermenias,
875 3712 973 3769 tuatur,
984 3705 1056 3759 circa
1065 3704 1203 3760 cautiones
1212 3705 1246 3758 de
1256 3719 1309 3757 non
1320 3702 1516 3757 confundendis
1524 3710 1570 3756 aut
1580 3709 1666 3756 nana

53 3791 75 3832 et
87 3783 213 3838 elenchos
228 3783 381 3854 imaginum
400 3785 457 3838 sire
476 3783 619 3838 idolorum.
660 3784 791 3840 Doctrina
803 3787 837 3841 de
875 3784 1007 3852 ponendis
1029 3784 1214 3838 definitionum
1232 3789 1258 3837 et
1272 3782 1436 3837 divisionum
1453 3781 1577 3836 terminis
1595 3798 1666 3851 pras·

54 3861 172 3918 elenchos
186 3863 391 3934 sophismatum
411 3864 534 3934 apprime
548 3863 623 3918 utilis
636 3872 693 3929 est;
714 3866 838 3936 quamvis
875 3863 985 3932 cipuum
994 3881 1071 3919 usum
1080 3863 1168 3917 sortiri
1177 3860 1465 3926 existimamus,ethuc
1475 3863 1557 3915 etiam
1570 3859 1666 3916 referri

53 3942 115 3995 esim
130 3943 261 4014 pinguius
276 3942 445 3996 fallaciarum
463 3960 556 4013 genna,
570 3959 587 3996 a
601 3943 713 4008 Seneca,
726 3961 782 3998 non
795 3945 837 3999 in·
875 3941 1018 3997 malumus
1058 3943 1148 4013 Atque
1162 3941 1196 3996 de
1209 3940 1330 3996 elenchis
1344 3939 1492 3995 hermenias
1505 3940 1644 3995 haetenus.

54 4021 110 4073 scite
131 4030 308 4091 comparetur
330 4039 393 4076 cum
413 4022 640 4094 praestigiatorum
664 4023 787 4088 technis;
808 4023 837 4077 in
914 4021 958 4074 Ad
972 4021 1178 4076 elenchosvero
1199 4021 1348 4091 imaginum
1367 4021 1423 4074 sive
1444 4020 1578 4075 idolorum
1593 4019 1666 4091 quod

53 4100 140 4167 qaibm
154 4099 304 4172 quopsct'c
314 4118 358 4155 res
367 4111 476 4171 geratur
485 4103 633 4167 nescimns;
655 4102 734 4157 aliter
747 4109 837 4158 autem
875 4100 978 4166 attinet,
1003 4108 1065 4155 aunt
1091 4100 1200 4171 quidem
1225 4100 1299 4154 idola
1325 4098 1540 4169 proirrndissimae
1566 4099 1668 4154 mentis

53 4194 77 4229 sc
97 4178 196 4235 babere
216 4197 383 4251 remquam
397 4180 510 4247 videtur,
524 4182 590 4236 satis
611 4182 751 4236 novimus:
773 4182 836 4236 sub·
875 4179 1003 4235 humanos
1017 4179 1140 4234 salucia.
1180 4181 1279 4251 Neque
1293 4181 1366 4233 enim
1388 4178 1487 4233 fallunt
1506 4179 1536 4233 in
1550 4180 1667 4250 particu-

53 4255 133 4312 tiliors
145 4267 238 4314 tamen
252 4259 423 4329 sophismata
440 4278 495 4315 non
511 4261 598 4316 solum
612 4262 639 4315 id
658 4268 793 4332 prestant,
808 4269 839 4317 nt
875 4258 988 4324 laribus,
1003 4267 1034 4314 nt
1047 4267 1159 4323 creterra,
1178 4259 1282 4327 judicio
1295 4258 1441 4330 caliginem
1454 4259 1625 4323 offundendo,
1640 4266 1668 4315 et

51 4351 98 4389 noa
111 4338 212 4392 habeat
225 4340 289 4410 quis
304 4339 375 4409 quod
388 4340 566 4411 respondeat;
589 4340 637 4394 sed
656 4349 685 4395 et
703 4340 838 4409 judicium
876 4339 1026 4395 tendiculas
1046 4339 1190 4402 struendas
1211 4339 1260 4393 sed
1279 4337 1360 4409 plane
1380 4356 1415 4393 ex
1432 4339 1667 4410 praedispositions

51 4415 132 4484 ipsum
146 4419 219 4472 serio
233 4418 409 4473 confundunt
875 4420 975 4474 mentis
988 4436 1079 4490 prava,
1094 4426 1122 4473 et
1135 4435 1277 4489 perperam
1295 4418 1446 4482 constituta,
1461 4436 1522 4489 quaa
1537 4428 1668 4491 tanquam

87 4496 151 4552 Hanc
175 4514 242 4568 pars
273 4498 308 4551 de
338 4498 460 4554 elenchis
488 4497 683 4569 sophismatum
707 4499 837 4570 preclare
876 4498 1135 4553 omnesiutellectua
1148 4498 1355 4568 anticipationea
1368 4498 1509 4568 detorquet
1528 4507 1554 4552 et
1572 4497 1667 4553 inlicit.

51 4581 156 4630 tractata
170 4588 213 4631 est
235 4578 272 4632 ab
285 4576 431 4632 Aristotele
444 4577 532 4648 quoad
548 4588 698 4649 pnacepta:
719 4579 802 4633 etiam
821 4596 839 4633 a
876 4579 949 4633 Nam
965 4595 1041 4632 mens
1054 4578 1174 4632 humana
1197 4581 1323 4647 (corpore
1336 4577 1452 4633 obducta
1464 4587 1493 4631 et
1511 4572 1667 4651 obfuscata)

52 4651 156 4710 Platone
170 4657 263 4710 aditam
277 4655 384 4719 melius,
399 4657 487 4727 quoad
507 4658 649 4728 exempla:
670 4674 758 4729 neque
771 4657 839 4713 illud
876 4665 981 4712 tantum
990 4659 1068 4711 abest
1077 4665 1106 4711 ut
1120 4656 1230 4727 speculo
1244 4656 1334 4728 plano,
1344 4656 1450 4728 aequali,
1465 4664 1494 4711 et
1507 4656 1580 4711 clarc
1593 4657 1668 4711 simi·

52 4737 185 4790 annuis
201 4752 320 4806 persona
330 4735 514 4807 sophistarum
523 4737 694 4807 antiquorum
704 4736 837 4808 (Gorgia,
876 4736 910 4791 lis
924 4738 962 4791 sit
975 4736 1058 4809 (quod
1073 4754 1163 4791 rerum
1175 4736 1266 4792 radios
1280 4737 1385 4791 sincere
1399 4736 1519 4806 excipiat
1532 4747 1559 4791 et
1573 4736 1667 4790 reflec-

53 4810 165 4883 Hippia,
180 4814 350 4886 Protagorae,
365 4814 538 4884 Euthydemi,
553 4823 582 4870 et
602 4816 780 4887 reliquorum)
796 4836 839 4872 ve·
877 4812 931 4889 tat)
952 4823 983 4870 ut
999 4816 1088 4887 potius
1109 4816 1145 4869 ait
1165 4815 1251 4870 instar
1271 4814 1376 4887 speculi
1395 4815 1510 4885 alicujus
1529 4814 1666 4879 incantati,

52 4907 106 4948 mm
118 4896 202 4948 ιιίιιιι
212 4894 244 4949 in
259 4910 376 4964 persona
389 4894 476 4962 ipsius
490 4894 617 4959 Socratis,
632 4896 678 4966 qui
694 4914 756 4950 cum
770 4896 839 4952 illud
876 4895 950 4965 pleni
961 4894 1196 4966 superstitionibus
1206 4905 1234 4949 et
1241 4896 1363 4965 spectris.
1386 4895 1565 4966 imponuntur
1575 4902 1668 4950 autem

53 4987 151 5042 semper
163 4983 238 5044 agat,
252 4985 284 5029 nt
302 4972 375 5027 nihil
394 4974 518 5037 affirmet,
532 4975 580 5028 scd
593 4992 610 5028 a
623 4975 728 5030 ceteris
741 4977 771 5030 in
784 4993 839 5031 me·
876 4975 1026 5030 intellectui
1041 4973 1121 5037 idola,
1136 4981 1183 5030 aut
1196 4983 1382 5045 perustarum
1396 4975 1485 5045 ipsam
1493 4974 1600 5045 generis
1614 4973 1667 5028 hu·

52 5048 119 5105 hum
131 5054 249 5107 adducta
267 5053 396 5117 infirmet,
412 5053 629 5124 ingeniosissime
648 5055 838 5124 objectionum,
876 5055 949 5108 mani
964 5052 1138 5125 generalem
1167 5063 1213 5109 aut
1226 5072 1276 5126 per
1289 5063 1412 5110 naturam
1427 5054 1552 5123 cujusqni
1572 5052 1668 5106 indivi-

54 5127 225 5196 lallaeisrnm,
240 5141 269 5187 et
283 5132 503 5203 redargutionum
516 5134 610 5189 modos
623 5135 764 5204 expressit.
788 5135 840 5189 lta·
876 5134 1003 5198 dualem
1028 5138 1075 5187 aut
1088 5149 1138 5202 per
1150 5134 1240 5199 verba,
1254 5135 1312 5190 sive
1326 5143 1449 5189 naturam
1462 5131 1666 5187 communicati-

53 5225 99 5277 qae
112 5211 139 5264 in
154 5211 207 5265 hac
223 5219 303 5281 parte
317 5211 388 5264 nihil
407 5212 547 5278 habemus,
562 5214 633 5284 quod
647 5215 838 5269 desideremus
877 5232 946 5268 ram.
987 5211 1109 5267 Primum
1123 5230 1210 5285 genus
1223 5214 1297 5269 idola
1310 5215 1412 5279 tribum
1433 5211 1581 5267 secundnm
1594 5210 1668 5265 idola

54 5285 116 5343 llud
129 5291 241 5345 interim
261 5290 427 5354 notandum
449 5293 572 5363 qnarmm
587 5311 663 5348 nsum
684 5294 840 5363 hnjnsdoc-
876 5310 991 5363 specus3
1022 5292 1132 5347 tertium
1157 5294 1231 5348 idola
1257 5294 1316 5358 fori,
1346 5309 1442 5346 vocare
1469 5291 1667 5346 consuevimus

53 5368 122 5424 hbe
136 5371 253 5441 probum
268 5379 296 5424 et
310 5371 476 5441 precipuum
497 5372 527 5426 in
546 5372 598 5427 hoc
615 5375 794 5443 posuerimus,
810 5381 841 5428 ut
876 5372 1096 5443 Estetquartum
1107 5389 1202 5442 genna,
1214 5374 1286 5445 qnod
1297 5372 1371 5427 idola
1381 5370 1481 5425 theatri
1489 5371 1668 5441 appellamus,

53 5447 244 5521 redngusntm
266 5448 450 5520 sophismata,
470 5451 574 5522 liquido
593 5453 774 5509 nibilominus
793 5469 840 5524 pa·
876 5459 957 5524 atquc
971 5451 1191 5524 superinductum
1205 5460 1247 5509 est
1260 5470 1278 5507 a
1293 5452 1386 5523 pravis
1399 5449 1522 5518 theoriis,
1537 5450 1594 5507 sive
1609 5449 1670 5523 phi·
