3800 5875
761 332 972 389 PRAEFATIO.
1626 337 1686 395 283

31 489 136 557 lenter)
150 488 262 545 bonoria
270 497 299 544 et
307 488 496 545 admirationis
503 506 635 546 excessus
643 489 767 557 tollaturr
783 490 844 545 utili
853 494 964 557 monito,
976 509 1011 547 ue
1020 492 1146 548 homines
1154 508 1247 546 eorum
1256 490 1427 562 autcopiam,
1438 496 1487 545 aut
1495 490 1648 560 utilitatem,
1656 495 1687 550 in

31 568 483 641 mjrusaccipiautsutcelebrent.
503 570 610 626 Namsi
619 571 682 642 quis
691 571 721 627 in
729 588 837 625 omnem
846 570 923 626 illam
931 572 1063 626 librorum
1072 572 1302 642 varietatemque
1310 578 1417 626 arteset
1425 570 1686 642 scientiaeexultaut,

31 649 198 722 ddigentius
214 649 392 720 introspiciat,
407 647 509 719 ubique
523 650 647 705 inveniet
659 652 783 727 ejusdem
796 651 837 705 rei
852 652 1027 722 repetitiones
1041 652 1170 716 infinitas,
1186 650 1318 705 tractandi
1339 650 1429 705 modis
1450 650 1579 715 divemas,
1594 652 1687 708 inven-

31 730 105 784 time
120 738 350 801 praeoccupatam
371 737 402 785 ut
416 729 508 783 omnia
522 731 611 799 primo
625 731 724 785 intuitu
737 746 890 795 numerosa,
905 730 979 784 iacto
993 731 1127 795 examine,
1144 747 1232 801 pauca
1245 730 1426 800 reperiantur.
1467 730 1506 784 Et
1519 731 1552 786 de
1568 730 1685 787 utilitate

32 818 124 880 aperte
135 809 289 864 dicendum
303 817 361 875 est,
382 808 546 878 sapientiam
562 811 650 874 ieram,
659 827 742 881 quam
755 828 774 865 a
788 810 891 864 Grecis
905 811 1079 879 potissimum
1089 809 1239 875 hausimus,
1252 811 1398 881 pueritiam
1413 809 1549 881 quandam
1563 811 1686 868 scientia

31 890 124 955 rideri,
139 898 226 960 atque
240 889 343 944 habere
357 889 429 960 quod
443 889 583 960 proprium
598 900 639 944 est
652 907 814 961 puerorum,
835 898 867 943 ut
881 890 916 944 ad
929 891 1103 962 garriendum
1119 898 1254 960 prompta,
1269 890 1304 943 ad
1317 891 1500 961 generandum
1516 890 1638 945 invalida
1655 898 1685 947 et

32 971 180 1026 immanita
194 970 239 1024 sit.
269 968 522 1025 Controuersiarum
536 970 609 1024 enim
625 969 711 1034 ferax,
726 986 840 1040 operum
853 970 945 1024 effrata
959 980 1009 1026 est.
1039 970 1115 1025 Adeo
1129 978 1159 1024 ut
1172 969 1265 1024 fabula
1277 969 1327 1023 illa
1339 971 1372 1023 de
1387 969 1487 1039 Scylla,
1501 970 1685 1026 inliteratum

32 1059 139 1114 mum,
156 1049 249 1121 qualia
268 1049 392 1115 habetur,
407 1047 441 1102 ad
457 1049 548 1103 vivum
563 1050 697 1119 quadrare
711 1050 851 1115 videatur3
874 1067 936 1120 quae
956 1050 1071 1122 virginis
1092 1067 1124 1104 os
1145 1058 1171 1104 et
1190 1050 1294 1104 vultum
1317 1050 1427 1113 extulit,
1441 1051 1477 1105 ad
1490 1059 1598 1105 uterum
1618 1069 1685 1106 vero

31 1139 154 1185 monens
174 1130 308 1186 latrantia
326 1128 557 1200 succingebeutur
578 1139 606 1183 et
627 1128 813 1184 adhorrebant.
856 1130 899 1184 lta
919 1130 1024 1184 habent
1043 1139 1071 1184 et
1089 1129 1219 1192 scientim,
1234 1130 1332 1200 quibus
1355 1130 1530 1196 insuevimus,
1542 1130 1685 1200 generalia

31 1210 158 1281 quaedam
174 1208 347 1266 blandientia
361 1218 389 1264 et
406 1208 548 1279 speciosa3
570 1209 619 1264 sed
640 1227 703 1263 cum
724 1209 760 1264 ad
778 1209 955 1280 particularia
976 1218 1088 1265 ventum
1112 1210 1155 1274 sit,
1172 1209 1254 1264 veluti
1276 1209 1311 1263 ad
1333 1217 1426 1278 partes
1447 1210 1638 1282 generationis,
1652 1220 1684 1266 ut

28 1291 148 1344 fructum
163 1299 195 1344 ct
209 1307 295 1360 opera
308 1306 344 1345 ex
357 1306 387 1344 se
402 1289 491 1354 edant,
506 1295 564 1343 tum
578 1289 766 1344 contentiones
780 1299 807 1345 et
820 1289 986 1344 oblatrantes
1007 1289 1208 1360 disputationes
1230 1291 1394 1355 exoriuntur,
1408 1289 1438 1344 in
1458 1306 1526 1361 quas
1547 1289 1681 1357 desinunt,

27 1379 53 1424 et
66 1388 128 1440 quse
149 1379 252 1440 partus
266 1369 355 1424 locum
370 1369 506 1424 obtinent.
546 1368 693 1433 Praeterea,
708 1370 731 1424 si
746 1368 903 1439 hujusmodi
917 1369 1040 1425 scientim
1053 1369 1134 1439 plane
1149 1387 1193 1424 res
1208 1377 1315 1423 mortua
1328 1386 1384 1423 non
1403 1378 1503 1436 essent,
1518 1369 1547 1423 id
1568 1370 1681 1425 minime

27 1449 134 1504 ridetur
150 1456 317 1504 eventurum
331 1449 424 1513 luisse,
436 1448 510 1520 quod
523 1465 574 1519 per
587 1448 674 1503 multa
684 1449 743 1518 jam
757 1449 850 1504 secula
859 1467 911 1505 usu
922 1449 1013 1514 venit;
1035 1460 1064 1503 ut
1074 1448 1130 1503 ille
1140 1449 1198 1504 suis
1212 1449 1333 1504 immotae
1345 1449 1401 1503 fere
1412 1448 1536 1504 haereant
1544 1450 1680 1522 vestigiis,

25 1547 73 1584 nec
86 1531 270 1584 incrementa
282 1545 382 1601 genere
397 1529 518 1583 humano
531 1529 615 1600 digna
630 1537 755 1584 sumant:
776 1546 809 1584 eo
822 1547 916 1601 usque,
932 1537 962 1584 ut
981 1545 1170 1599 saepenumero
1189 1546 1246 1583 uon
1265 1528 1353 1583 solum
1376 1530 1491 1583 assertio
1512 1537 1622 1584 maneat
1635 1546 1681 1585 aa·

26 1612 116 1673 sertio,
127 1610 184 1664 sed
193 1611 282 1664 etiam
293 1608 410 1680 questio
422 1615 532 1663 maneat
545 1609 667 1680 quaestio,
679 1616 706 1662 et
719 1626 769 1681 per
781 1609 981 1680 disputationes
990 1625 1047 1663 non
1061 1608 1188 1673 solvatur,
1201 1609 1250 1663 sed
1264 1609 1363 1679 figatur
1372 1618 1401 1663 et
1410 1608 1514 1664 alatur:
1535 1610 1679 1680 omnisque

27 1690 138 1744 traditio
152 1697 185 1744 et
199 1690 340 1744 successio
353 1688 559 1759 disciplinarum
572 1696 749 1758 representet
762 1696 790 1744 et
804 1689 935 1744 exhibent
948 1705 1081 1761 personas
1091 1689 1215 1759 magistri
1229 1697 1256 1743 et
1269 1688 1408 1753 auditoris,
1416 1705 1471 1743 uon
1481 1689 1639 1754 inventoris,
1650 1696 1680 1744 et

26 1771 90 1838 qus,
103 1770 156 1841 qui
175 1769 302 1824 inventis
315 1769 419 1840 aliquid
433 1769 567 1824 eximium
581 1768 699 1838 adjiciat.
743 1768 774 1823 ln
794 1770 898 1825 artibus
917 1780 1008 1824 autem
1031 1768 1207 1832 mechanicis,
1221 1769 1387 1823 contrarium
1406 1769 1515 1823 evenire
1536 1769 1678 1824 videmus:

27 1867 91 1920 qun,
106 1867 143 1904 ac
157 1851 185 1905 ai
201 1867 280 1904 auree
294 1849 436 1917 cujusdam
450 1847 543 1903 vitalis
556 1848 645 1902 forent
659 1849 816 1920 participes,
831 1849 951 1921 quotidie
965 1855 1091 1903 crescunt
1104 1856 1133 1903 et
1147 1849 1341 1919 perficiunturr
1363 1856 1390 1902 et
1404 1849 1433 1902 in
1451 1849 1549 1918 primis
1563 1850 1679 1904 auctori·

27 1930 75 1984 bus
87 1931 174 1986 rudes
189 1928 347 2001 plerunque
361 1936 390 1983 et
402 1928 458 1983 lere
473 1945 595 1983 onerosa
610 1936 638 1982 et
657 1927 788 1984 informes
810 1936 950 1999 apparent,
965 1935 1062 2000 postea
1083 1945 1149 1982 vero
1170 1945 1256 1982 novas
1277 1928 1391 1982 virtutes
1412 1936 1441 1982 et
1459 1928 1677 1984 commoditatem

28 2010 162 2081 quandem
178 2009 380 2081 adipiscuntur,
395 2025 429 2063 eo
439 2025 526 2079 usque
539 2014 570 2063 ut
582 2007 664 2063 citius
677 2009 769 2064 studia
781 2009 923 2064 hominum
938 2017 967 2063 et
980 2009 1144 2080 cupiditates
1157 2008 1285 2063 deficiant
1306 2015 1333 2061 et
1356 2016 1502 2072 mutentur,
1517 2026 1599 2080 quam
1620 2008 1677 2064 illm

27 2091 59 2144 sd
66 2091 181 2145 οιιΙιιιειι
191 2098 225 2146 et
234 2089 430 2160 perfectionem
441 2105 520 2143 suam
529 2087 709 2159 pervenerint
750 2088 932 2159 Philosophia
941 2099 1036 2143 contra
1047 2095 1074 2142 ct
1085 2088 1207 2142 scientim
1218 2086 1423 2153 intellectuales,
1435 2095 1584 2142 statuarum
1592 2106 1676 2155 more,

29 2170 172 2225 sdmsntm
182 2177 218 2225 et
227 2169 406 2233 celebrantur,
417 2168 467 2224 sed
477 2184 532 2223 non
546 2174 754 2238 promoventur:
776 2170 844 2240 quin
859 2170 943 2224 etiem
956 2169 986 2223 iu
999 2170 1088 2239 primo
1101 2184 1296 2239 nonnunquam
1310 2174 1419 2221 auctore
1434 2168 1554 2222 maxime
1573 2168 1676 2239 vigent,

28 2261 53 2303 et
63 2251 201 2321 deinceps
216 2245 395 2321 degenerant.
436 2249 512 2303 Nam
525 2255 670 2320 postquam
684 2248 810 2304 homines
824 2249 940 2303 dedititii
952 2249 1016 2303 facti
1030 2248 1093 2311 sint,
1109 2256 1137 2302 et
1157 2247 1186 2301 in
1201 2247 1282 2302 unius
1296 2246 1458 2301 seutentiam
1475 2250 1617 2319 (tanquam
1630 2265 1677 2319 pe·

28 2329 90 2384 darii
103 2330 271 2397 senatores)
286 2329 409 2393 coierint,
424 2328 546 2383 scientiis
559 2328 628 2398 ipsis
641 2328 848 2397 amplitudinem
861 2346 916 2383 non
930 2329 1040 2392 addunt,
1055 2326 1146 2381 sedin
1162 2328 1245 2382 certis
1259 2327 1413 2382 auctoribus
1432 2328 1560 2382 ornandis
1580 2336 1609 2382 et
1629 2329 1676 2383 sti-

27 2411 126 2480 pmdis,
141 2410 246 2464 servili
260 2410 352 2463 officio
365 2408 522 2479 iunguntur.
562 2408 661 2478 Neque
675 2408 744 2463 illud
756 2409 852 2463 afferat
865 2409 1022 2481 quispiam
1044 2408 1178 2462 Scientias
1192 2407 1322 2477 paulatim
1343 2415 1550 2472 succrescentes,
1565 2408 1676 2464 tandem

28 2490 58 2543 sd
69 2499 176 2545 statum
190 2489 332 2561 quendam
343 2489 508 2560 pervenisse,
521 2494 549 2541 ct
558 2496 615 2543 tum
629 2489 737 2543 demum
749 2488 840 2559 (quasi
855 2489 986 2543 confectis
997 2488 1092 2558 spatiis
1102 2486 1249 2558 legitimis)
1259 2488 1287 2541 in
1299 2488 1425 2556 operibus
1436 2504 1585 2557 paucorum
1596 2488 1676 2543 sedes

29 2567 90 2624 lus
104 2571 259 2641 pcsrdssec
281 2577 363 2640 atque
382 2576 526 2639 postquam
540 2567 580 2621 nil
594 2568 692 2622 melius
705 2568 822 2623 inveniri
835 2569 960 2639 potuerit,
975 2576 1077 2622 restare
1092 2566 1203 2631 scilicet,
1217 2575 1255 2631 ut,
1267 2584 1328 2636 quae
1341 2568 1453 2621 inventa
1466 2568 1528 2631 sint,
1543 2584 1676 2624 exornen-

28 2657 66 2704 Μ
75 2659 104 2705 et
117 2651 263 2706 colantur.
305 2650 394 2720 Atque
409 2648 557 2719 optandum
572 2649 683 2720 quidem
697 2657 777 2714 esset,
788 2649 848 2704 hac
862 2649 902 2704 ita
914 2666 944 2703 se
959 2648 1095 2703 habuisse.
1138 2646 1251 2701 Rectius
1264 2645 1332 2700 illud
1343 2654 1370 2700 et
1380 2648 1489 2711 verius;
1510 2647 1578 2702 istas
1588 2649 1675 2703 scien·

27 2729 120 2784 ibrum
135 2729 366 2799 mancipationes
378 2726 418 2783 nil
431 2727 506 2781 aliud
519 2745 589 2792 esse,
605 2744 687 2798 quam
701 2746 759 2783 rem
773 2745 809 2783 cx
823 2745 972 2799 paucorum
984 2727 1127 2782 hominum
1142 2727 1312 2790 confidentia,
1323 2735 1351 2779 et
1365 2725 1530 2796 reliquorum
1549 2729 1675 2783 socordia

27 2816 51 2862 et
65 2811 170 2864 inertia
191 2817 308 2863 mamm:
329 2814 474 2879 postquam
489 2807 563 2861 enim
577 2807 705 2872 scientia,
724 2825 773 2878 per
787 2815 879 2878 partes
893 2809 1040 2879 diligenter
1054 2806 1169 2861 sonasse
1184 2806 1299 2860 exculta
1314 2813 1342 2859 et
1355 2813 1476 2860 tractata
1491 2806 1599 2871 luerint,
1615 2814 1673 2863 tnm

26 2888 87 2945 lure
97 2899 223 2946 nortus
234 2896 279 2944 est
288 2886 397 2960 aliquis,
407 2887 520 2959 ingenio
527 2887 619 2944 audax
628 2895 656 2942 et
665 2895 775 2960 propter
785 2888 908 2943 methodi
918 2886 1080 2959 compendia
1089 2893 1217 2957 acceptus
1227 2893 1256 2940 et
1265 2884 1424 2950 celebratus,
1434 2886 1482 2958 qui
1493 2887 1584 2956 specie
1595 2894 1674 2944 tenus

26 2980 106 3025 utem
118 2969 312 3033 constituerit,
326 2985 421 3024 revera
433 2975 556 3023 veterum
571 2968 678 3023 labores
689 2969 848 3040 corruperit.
891 2970 924 3023 Id
936 2975 1029 3023 tarum
1043 2967 1162 3040 posteris
1175 2974 1282 3038 gratum
1296 2983 1356 3020 esse
1372 2966 1448 3029 solet,
1464 2975 1574 3037 propter
1594 2984 1673 3024 usum

25 3051 110 3120 operis
123 3050 304 3123 expeditum,
319 3057 347 3103 et
359 3047 543 3120 inquisitionis
556 3064 635 3103 novte
648 3048 768 3113 taedium,
783 3056 810 3102 et
823 3049 1032 3118 impatientiam.
1073 3047 1151 3108 Quod
1164 3047 1189 3101 si
1203 3046 1272 3117 quis,
1288 3062 1420 3100 consensu
1436 3047 1496 3114 jam
1513 3046 1672 3114 inveterato,

26 3138 153 3202 tanquam
167 3129 310 3200 temporis
327 3128 431 3196 judicio
443 3135 597 3193 murcatum
619 3130 689 3182 sciat
702 3144 731 3183 se
745 3129 849 3184 ratione
863 3129 1008 3183 admodum
1023 3127 1115 3182 fallaci
1129 3135 1156 3181 et
1167 3127 1277 3181 infirma
1296 3126 1355 3181 niti.
1392 3127 1492 3197 Neque
1505 3125 1579 3180 enim
1593 3128 1673 3184 nobis

26 3224 120 3282 ngas
133 3228 175 3266 ex
188 3217 274 3281 parte
288 3216 381 3263 notum
396 3216 446 3273 est,
461 3208 526 3279 quid
540 3209 570 3262 in
583 3208 706 3263 scientiis
719 3218 749 3264 et
766 3208 877 3274 artibus,
892 3209 975 3263 variis
995 3206 1093 3263 seculis
1115 3214 1143 3262 et
1164 3206 1239 3271 locis,
1254 3206 1411 3271 innotuerit,
1433 3215 1462 3261 et
1482 3205 1511 3260 in
1533 3205 1673 3277 publicum

26 3292 171 3355 emmanu
195 3288 288 3344 multo
301 3288 398 3352 miuus,
414 3288 479 3360 quid
493 3305 510 3342 a
522 3287 638 3359 singulis
653 3296 786 3343 mutatum
805 3289 849 3354 sit,
864 3296 891 3344 et
912 3297 1018 3343 secreto
1039 3288 1181 3360 agitatum.
1225 3287 1323 3358 ltaque
1347 3303 1397 3341 nec
1420 3286 1549 3355 temporis
1570 3295 1672 3356 partus,

26 3384 69 3421 ner
82 3370 203 3425 abortus
218 3375 319 3423 extant
331 3368 360 3422 in
374 3367 460 3423 iustis.
501 3369 601 3439 Neque
622 3369 683 3440 ipse
704 3385 860 3435 consensus,
875 3370 988 3439 ejusque
1007 3369 1169 3422 diuturnitas
1182 3367 1277 3438 magni
1291 3383 1402 3437 prorsus
1423 3366 1598 3421 estimandus
1621 3376 1671 3424 est.

30 3447 167 3522 Ctmnque
184 3449 266 3503 enim
280 3448 358 3502 varia
370 3448 426 3502 sint
439 3465 541 3518 genera
554 3447 718 3518 politiarum,
733 3449 830 3504 unicus
842 3458 885 3504 est
897 3456 983 3503 status
998 3449 1179 3512 scientiarum,
1193 3448 1272 3518 isque
1293 3463 1401 3517 semper
1415 3446 1471 3511 init,
1486 3455 1514 3501 et
1527 3464 1671 3504 mansurus

31 3538 63 3580 ιιι
74 3529 234 3599 popularis.
277 3528 368 3599 arque
380 3529 453 3598 apud
467 3527 598 3599 populum
611 3527 760 3599 plurimum
772 3529 865 3600 vigent
878 3529 1018 3592 doctrina,
1032 3536 1079 3583 sut
1092 3528 1266 3582 contentiosae
1279 3535 1307 3580 et
1320 3543 1465 3599 pugnaces,
1477 3534 1524 3580 aut
1538 3528 1673 3597 speciosae

31 3616 53 3659 et
62 3608 180 3673 inanem
206 3606 308 3679 quales
321 3607 449 3662 videlicet
462 3625 604 3663 assensum
618 3617 667 3662 aut
679 3608 837 3679 illaqueant,
852 3617 898 3663 aut
911 3608 1075 3663 demulcent.
1118 3606 1214 3678 ltaque
1227 3607 1349 3661 maxima
1369 3608 1482 3679 ingenia
1494 3606 1673 3676 proculdubio

30 3701 69 3755 prr
80 3688 218 3761 ungulas
230 3695 327 3742 enus
339 3688 396 3741 vim
411 3703 492 3757 passa
503 3695 580 3752 sunt3
602 3689 667 3742 dum
676 3688 727 3742 viri
741 3696 822 3759 captu
836 3696 865 3744 et
878 3688 1018 3743 intellectu
1031 3703 1086 3742 non
1101 3688 1235 3758 vulgares,
1250 3686 1340 3741 nihilo
1362 3690 1451 3741 secius
1471 3686 1670 3744 existimationi

31 3782 78 3821 sus
89 3769 286 3832 molentes,
299 3767 430 3838 temporis
445 3775 473 3821 et
486 3767 666 3822 multitudinis
676 3768 781 3837 judicio
794 3786 824 3824 se
838 3769 1022 3824 submiserint.
1056 3767 1239 3829 Quamobrem
1253 3767 1365 3820 altiores
1379 3766 1629 3836 contemplationes,
1645 3768 1670 3823 si

30 3846 88 3902 irre
106 3865 235 3921 usquam
250 3848 426 3911 emicuerunt,
441 3847 601 3917 opinionum
614 3848 768 3919 vulgarium
782 3850 873 3904 ventis
887 3849 1002 3903 subinde
1016 3848 1127 3919 agitatre
1140 3854 1211 3912 suut,
1226 3853 1254 3900 et
1267 3847 1409 3901 extinctae:
1430 3848 1501 3904 adeo
1511 3853 1542 3900 ut
1553 3854 1670 3917 tempus,

30 3934 150 3999 uuquam
164 3927 285 3991 fluvius,
298 3926 372 3981 lesia
384 3934 413 3981 ct
426 3926 523 3981 indata
533 3926 569 3982 ad
581 3943 632 3981 nos
643 3927 789 3993 devexerit,
796 3929 891 4000 gravia
901 3937 929 3984 et
937 3928 1026 3984 solida
1036 3928 1204 3982 demerserit.
1238 3926 1309 3987 Quin
1320 3926 1399 3980 etilli
1413 3926 1467 3996 ipsi
1477 3934 1610 3991 auctores,
1622 3927 1669 3998 qui

28 4004 187 4063 &turam
197 4006 340 4079 quandam
354 4006 384 4061 in
397 4006 520 4062 scientiis
533 4007 699 4071 invaserunt,
710 4014 738 4061 et
747 4016 823 4062 tanta
832 4009 996 4063 confidentia
1006 4008 1039 4062 de
1051 4008 1132 4063 rebus
1142 4006 1336 4077 pronuntiante
1357 4023 1419 4060 cum
1428 4014 1518 4060 tamen
1529 4022 1580 4077 per
1589 4007 1671 4062 inter·

27 4086 93 4140 nlla
104 4089 140 4143 sd
153 4105 189 4143 se
206 4087 332 4151 redeunt,
343 4086 379 4141 sd
392 4086 577 4158 querimonias
591 4086 625 4141 de
639 4085 788 4141 subtilitate
802 4095 913 4154 namra,
922 4088 1046 4142 veritatis
1059 4087 1219 4151 recessibus,
1234 4102 1325 4141 rerum
1339 4086 1511 4149 obscuritate,
1527 4102 1669 4143 caumrum

26 4164 225 4236 humanare,
234 4167 342 4237 ingenii
351 4166 465 4220 humani
475 4166 634 4221 infirmitate
643 4183 673 4220 se
683 4174 844 4223 convertunt
855 4190 862 4224 ε
876 4168 905 4223 in
916 4168 970 4223 boc
980 4167 1070 4222 nihilo
1079 4173 1170 4222 tamen
1182 4167 1364 4231 modestiores,
1374 4183 1436 4220 cum
1446 4165 1543 4222 malint
1551 4184 1671 4223 commu·

24 4260 85 4300 u
96 4247 251 4302 bominum
264 4254 392 4301 etrerum
405 4245 587 4302 conditionem
602 4246 715 4312 causmi
731 4263 813 4317 quam
828 4247 861 4301 de
874 4248 974 4319 seipsis
987 4246 1120 4302 confiteri.
1155 4246 1227 4308 Quin
1241 4245 1297 4300 illis
1311 4245 1364 4300 hoc
1379 4245 1435 4300 lere
1450 4246 1562 4301 solenne
1576 4256 1626 4312 est,
1640 4256 1671 4303 ut

25 4326 153 4396 qsicquid
168 4342 222 4381 ars
234 4325 330 4396 aliqua
341 4342 397 4380 non
411 4326 537 4397 attingat,
552 4326 580 4380 id
594 4326 685 4397 ipsum
699 4344 735 4382 ex
745 4327 842 4395 eaoem
856 4336 915 4382 arte
929 4327 1099 4397 impossibile
1109 4342 1170 4381 esse
1184 4333 1311 4381 statuant.
1352 4327 1452 4396 Neque
1466 4343 1532 4381 vero
1546 4326 1670 4382 damnari

25 4412 110 4472 potest
122 4424 181 4469 ars,
198 4423 287 4476 quum
301 4406 363 4476 ipsa
376 4406 519 4476 disceptet,
535 4414 562 4461 et
572 4406 685 4474 judicet
722 4407 818 4478 ltaque
832 4407 861 4461 id
874 4408 972 4478 agitur,
986 4415 1017 4461 ut
1030 4407 1188 4478 ignorantia
1201 4406 1283 4460 etiam
1303 4406 1339 4460 ab
1356 4406 1509 4477 ignominia
1529 4406 1669 4462 liberetur.

26 4481 112 4555 Atque
126 4503 193 4557 que
209 4485 312 4539 tradita
323 4493 350 4539 et
363 4492 553 4555 receptarunt,
565 4485 601 4540 ad
615 4486 689 4541 hunc
699 4487 757 4541 fere
772 4488 882 4541 modum
890 4504 920 4541 se
929 4486 1044 4541 habent:
1060 4486 1149 4557 quoad
1163 4502 1247 4556 opera
1256 4486 1368 4549 sterilia,
1380 4487 1561 4556 questionum
1569 4486 1669 4556 plena3

25 4561 205 4620 muri·
219 4565 278 4619 suis
291 4565 369 4620 tarda
383 4574 410 4619 et
422 4565 570 4637 languida,
590 4566 785 4636 perlectionem
800 4568 827 4622 in
843 4574 900 4621 toto
917 4566 1082 4632 simulantia,
1097 4566 1145 4621 sed
1158 4582 1208 4635 per
1222 4573 1314 4636 partes
1328 4566 1400 4620 male
1414 4565 1542 4636 impletae
1564 4567 1670 4623 delectu

25 4652 114 4699 autem
128 4643 283 4716 popularia
292 4653 321 4699 et
333 4645 487 4700 auctoribus
497 4646 565 4716 ipsis
577 4654 711 4715 suspecta,
722 4647 837 4718 ideoque
848 4647 971 4702 artificiis
981 4646 1144 4717 quibusdam
1156 4646 1268 4708 munita,
1279 4654 1307 4699 et
1316 4654 1456 4700 ostentata
1478 4647 1530 4707 Qui
1540 4655 1630 4701 autem
1642 4657 1670 4702 et

25 4722 75 4791 ipsi
90 4725 230 4795 experiri,
241 4732 271 4777 et
283 4741 314 4779 se
328 4725 451 4780 scientiis
461 4725 568 4791 addere,
583 4742 731 4798 earumque
745 4729 814 4782 fines
827 4727 947 4798 prolerre
962 4734 1119 4790 statuerunt,
1130 4724 1230 4780 necilli
1242 4742 1258 4778 a
1271 4726 1389 4797 receptis
1399 4742 1509 4796 prorsus
1519 4727 1669 4782 desciscere

26 4805 80 4857 ausi
94 4813 171 4869 anri,
182 4820 237 4858 nec
248 4804 339 4858 fontes
352 4822 441 4860 rerum
456 4813 556 4876 petere.
598 4807 699 4860 Verum
711 4824 741 4861 se
756 4824 887 4878 magnum
901 4805 1030 4876 quiddam
1044 4813 1225 4876 consequutos
1239 4811 1344 4875 putant,
1356 4806 1379 4860 si
1394 4807 1498 4876 aliquid
1509 4822 1545 4861 ex
1559 4807 1670 4877 proprio

26 4881 147 4939 mr
157 4893 190 4938 et
199 4883 351 4952 adjiciente
366 4885 513 4954 prudenter
523 4903 614 4941 secum
621 4894 786 4955 reputantes,
795 4903 824 4941 se
834 4886 862 4939 in
873 4886 1223 4949 assentiendomodestium,
1234 4885 1262 4938 in
1273 4885 1425 4954 adjiciendo
1434 4885 1588 4941 libertatem
1600 4887 1669 4940 tueri

26 4976 110 5030 Μ.
155 4964 266 5019 Verum
281 4963 345 5018 dum
363 4965 536 5034 opinionibus
549 4975 578 5020 et
590 4966 710 5020 moribus
723 4966 880 5031 consulitur,
894 4966 1094 5020 mediocritates
1105 4966 1165 5019 istae
1178 4964 1295 5019 laudatae
1309 4967 1338 5019 in
1352 4982 1481 5036 magnum
1493 4966 1669 5020 scientiarum

26 5042 225 5097 drmimeutum
238 5043 356 5097 cedunt:
377 5044 433 5099 Vix
447 5046 521 5100 enim
534 5046 619 5110 datur,
629 5054 754 5101 auctores
768 5046 849 5101 simul
863 5053 891 5099 et
904 5046 1039 5110 admirari,
1049 5053 1076 5099 et
1090 5061 1228 5116 superare.
1270 5046 1325 5099 Sed
1333 5047 1362 5098 fir
1372 5061 1504 5115 aquarum
1513 5061 1596 5109 more,
1608 5060 1670 5113 quse

27 5135 76 5176 suu
90 5121 180 5178 slrim
195 5123 354 5188 amendant
366 5140 447 5193 quam
458 5142 495 5179 ex
508 5141 562 5196 quo
575 5125 779 5182 descenderunt.
802 5127 899 5197 ltaque
910 5124 1198 5193 hujusmodihomines
1209 5126 1356 5178 emendant
1364 5124 1502 5189 nonnulla,
1514 5124 1562 5178 sed
1572 5139 1669 5192 parum

27 5210 205 5269 menn
226 5211 256 5256 et
264 5204 411 5272 proficiunt
424 5204 453 5257 in
467 5204 571 5269 melina,
585 5221 640 5258 non
652 5205 682 5259 in
696 5206 793 5274 majus.
824 5208 923 5277 Neque
935 5214 1026 5259 tamen
1040 5205 1189 5269 defuerunt,
1201 5206 1248 5275 qui
1260 5222 1328 5259 ausu
1340 5205 1451 5272 majore,
1462 5204 1552 5258 omnia
1562 5204 1670 5274 integra

27 5282 75 5333 nbi
84 5282 239 5344 duxenmt,
253 5288 284 5334 et
298 5282 402 5352 ingenii
415 5284 521 5354 impetu
534 5284 584 5348 usi,
596 5284 688 5354 priora
697 5287 898 5357 prosternendo,
908 5294 935 5339 et
946 5285 1116 5350 destruendo,
1126 5285 1229 5339 aditum
1241 5285 1294 5339 sibi
1307 5294 1335 5339 et
1344 5284 1453 5355 placitis
1464 5283 1520 5337 suis
1531 5282 1668 5350 fecerunt3

27 5376 141 5429 quorum
166 5360 289 5415 mmultu
302 5377 358 5415 non
371 5378 537 5434 magnopere
552 5364 703 5435 proiectum
719 5372 773 5431 est;
795 5383 877 5436 quum
892 5364 1097 5435 philosophiam
1111 5371 1138 5417 et
1150 5372 1222 5418 artes
1236 5382 1291 5418 non
1306 5382 1336 5418 rc
1349 5381 1381 5417 ac
1396 5379 1477 5432 opere
1491 5361 1669 5432 amplificare,

28 5440 73 5492 ard
86 5439 199 5509 placita
212 5447 321 5494 tantum
333 5451 495 5512 permutare,
510 5450 592 5514 atque
604 5461 719 5515 regnum
732 5446 891 5516 opinionum
903 5445 932 5499 iu
946 5461 976 5498 se
991 5444 1135 5498 nansierre
1152 5444 1355 5499 contenderint:
1376 5443 1477 5513 exiguo
1491 5458 1557 5496 sane
1573 5441 1670 5509 lructu,

29 5534 112 5589 quun
126 5519 208 5575 inter
221 5536 330 5575 errores
342 5522 487 5593 oppositos,
501 5523 609 5579 errandi
628 5540 719 5581 cauere
732 5525 788 5581 siut
804 5525 862 5581 lere
874 5539 1040 5580 communes.
1083 5523 1113 5579 si
1128 5524 1176 5596 qui
1190 5531 1280 5579 autem
1294 5540 1345 5580 nec
1358 5522 1464 5589 alienis,
1482 5538 1533 5577 nec
1552 5524 1671 5595 propriis
