3800 5875
232 299 289 355 622
795 293 845 347 DE
867 287 1053 347 SECTIONE
1074 289 1294 345 CORPORUM.

232 459 335 514 Verum
357 464 447 514 utrum
468 455 551 510 etiam
574 470 624 523 per
643 451 749 508 debitos
770 449 899 506 circuitus
917 458 944 504 et
965 467 1023 504 ma·
1061 450 1120 505 rias
1129 447 1305 505 mutationum
1315 456 1342 502 et
1353 446 1619 502 transformationam
1630 447 1746 517 ignores
1782 448 1851 502 Nam

232 539 348 592 tationes
370 536 474 590 medias
494 534 620 589 universa
634 549 690 587 non
710 538 855 595 transeant,
869 530 1023 584 eudemum
1062 536 1170 599 sumpto
1183 527 1339 598 exemplos
1352 526 1520 582 mechanicis
1535 523 1569 598 (a
1582 544 1697 597 quanuu
1712 527 1852 597 phanum

232 617 346 688 quaestio
358 614 483 687 legitima
494 619 545 668 est.
583 611 703 666 Dubium
713 610 786 664 enim
796 626 851 664 non
860 616 908 672 est,
920 610 1024 663 semina
1061 607 1537 677 celebresillaedeprincipiisrerum
1546 606 1735 676 inquisitiones
1745 606 1851 661 fluxius

232 714 331 759 rerum,
345 694 411 748 licet
429 694 484 748 sint
504 692 588 763 paria,
601 698 746 762 postquam
766 705 796 744 se
814 689 843 742 in
861 698 949 742 certas
968 698 1024 743 tar·
1061 683 1202 761 ridentur)
1216 704 1252 741 aa
1268 687 1337 742 forte
1351 687 1397 758 qai
1411 685 1548 756 simplicia
1567 686 1718 741 theriacm
1735 686 1851 756 ingredi-

232 792 292 831 mas
305 783 334 830 et
347 774 431 828 nodos
444 772 616 840 conjecerint,
631 786 773 840 corporum
785 767 959 822 disdmilium
975 782 1024 821 aa·
1062 768 1226 832 entianorit,
1237 767 1261 820 is
1271 782 1321 836 pro
1330 774 1404 820 certo
1417 765 1567 819 theriacam
1576 782 1739 836 componere
1749 769 1850 835 potest?

232 864 320 909 turam
335 854 445 908 omnino
457 852 576 915 induere,
590 850 675 904 donec
689 849 791 903 endem
811 855 907 902 turmas
919 856 967 901 aut
979 864 1024 901 no
1062 847 1117 901 Aut
1138 847 1184 918 qai
1206 846 1338 909 sacchari,
1351 845 1422 909 vitri,
1437 845 1528 914 panni,
1548 845 1704 899 materialia
1723 853 1796 898 recte
1809 846 1851 899 de-

233 934 261 988 di
287 933 480 996 dissolvantur,
511 930 580 984 adeo
601 936 632 984 at
653 927 863 999 compositorum
882 934 979 981 matius
998 933 1025 981 et
1062 927 1164 997 scripta
1176 926 1250 997 apud
1262 942 1292 980 se
1306 925 1471 989 habetnam
1485 933 1632 995 propterea
1644 933 1810 995 artemque
1821 926 1851 978 ad

233 1013 345 1067 affectus
358 1009 572 1066 transmutationi
585 1009 749 1063 immediata
762 1023 817 1061 non
829 1006 927 1060 minori
939 1006 1026 1076 impe·
1063 1023 1155 1061 eorum
1165 1004 1390 1077 preparationem
1404 1012 1432 1058 et
1442 1004 1616 1058 effectionem
1629 1006 1756 1075 pertinet,
1768 1013 1851 1059 unere

233 1092 354 1147 dimento
377 1107 409 1144 ac
434 1090 515 1155 obici,
540 1106 622 1160 quam
647 1087 819 1157 simplicium,
843 1102 903 1141 esse
929 1086 1023 1156 possit
1062 1085 1186 1139 ridetur?
1228 1085 1317 1155 Atque
1326 1085 1356 1138 ia
1365 1082 1519 1152 hujusmodi
1532 1090 1625 1138 umen
1636 1082 1781 1154 principiis
1789 1102 1852 1138 mor·

233 1172 335 1226 Verum
346 1169 518 1225 Democritus
527 1169 704 1238 incorporant
713 1166 852 1236 principiis
862 1164 1024 1236 investigan-
1062 1164 1116 1219 tais
1129 1164 1323 1236 investigandis
1336 1171 1364 1217 et
1380 1162 1568 1218 examinandis
1581 1163 1726 1217 hominum
1740 1164 1851 1233 spernis·

233 1252 275 1305 dis
288 1258 400 1314 acutus;
421 1250 450 1303 in
463 1255 585 1303 motuum
602 1254 693 1301 autem
707 1244 850 1315 principiis
870 1246 1025 1299 examinan-
1062 1244 1150 1298 tiones
1164 1244 1300 1314 precipue
1313 1250 1451 1313 occupatae
1465 1249 1542 1306 sunt,
1564 1258 1596 1296 ac
1607 1244 1632 1297 si
1643 1243 1708 1314 quis
1720 1243 1851 1297 caderetis

233 1330 275 1385 dis
297 1330 349 1383 sibi
372 1330 462 1399 impar
484 1335 512 1382 et
532 1327 674 1397 imperitas
695 1324 919 1394 deprehenditurr
953 1324 1023 1394 quod
1061 1331 1165 1377 natare
1177 1323 1341 1378 anatomiam
1354 1322 1499 1392 inspicere,
1508 1337 1564 1375 noa
1574 1329 1682 1377 naturas
1695 1323 1765 1376 sirm
1778 1323 1850 1377 faml-

232 1409 316 1465 etism
329 1424 470 1463 commane
485 1405 581 1461 vitiam
595 1405 716 1460 omnium
729 1403 954 1474 philosophorum
965 1404 1023 1457 fuit
1063 1411 1136 1458 tates
1150 1409 1179 1457 et
1190 1402 1303 1457 mrtutes
1316 1402 1464 1473 inquirere,
1477 1401 1530 1455 sibi
1544 1412 1682 1471 proponat
1696 1410 1724 1456 et
1737 1403 1849 1457 &stinst

233 1490 323 1560 Atque
336 1488 427 1557 huJus,
438 1488 471 1541 de
481 1503 536 1558 qua
546 1485 689 1557 loquimur,
701 1483 883 1554 inquisitionis
891 1483 924 1537 de
936 1481 1025 1553 prima
1062 1481 1105 1536 De
1118 1482 1289 1536 moventibus
1301 1490 1391 1536 autem
1413 1497 1504 1535 rerum
1525 1481 1672 1552 principiis
1693 1498 1783 1536 sermo
1801 1483 1849 1536 fera

232 1569 386 1623 conditione
406 1568 541 1621 seminam
561 1566 618 1619 sire
639 1574 797 1627 atomomm,
816 1562 925 1626 utilitas,
939 1563 1025 1616 nesci·
1062 1561 1091 1616 iu
1101 1561 1213 1617 transitu
1223 1561 1355 1616 habetur:
1371 1568 1514 1616 utomnem
1525 1561 1736 1616 admirationem
1744 1572 1848 1633 asperet,

232 1666 301 1712 mus,
316 1665 351 1701 an
364 1648 469 1700 nonsit
488 1645 601 1699 omnino
620 1644 755 1708 morimur
776 1649 807 1696 ut
826 1642 1025 1713 quaeritamus
1062 1642 1252 1696 siintueamur
1266 1658 1346 1712 quam
1359 1640 1532 1711 negligenter
1544 1648 1572 1694 et
1585 1640 1722 1695 dmoluts
1742 1659 1785 1696 res
1802 1658 1849 1695 om

233 1736 259 1782 et
273 1728 402 1798 potentiae
415 1742 541 1796 suprema
555 1722 657 1794 regula,
671 1730 700 1777 et
719 1723 778 1792 spei
792 1729 820 1775 et
837 1738 948 1792 operum
961 1737 1026 1774 rera
1062 1721 1138 1776 nium
1152 1722 1271 1776 maxima
1289 1728 1318 1775 et
1334 1720 1478 1774 utilissima
1498 1719 1652 1791 inquiratur
1671 1728 1700 1775 et
1722 1728 1847 1776 metant.

233 1807 408 1860 moderatrix.
450 1804 541 1858 Etiam
563 1803 618 1857 alia
630 1802 773 1874 inquisitio
784 1800 847 1855 indo
867 1801 933 1865 tiuit,
948 1801 1025 1869 cujus
1063 1801 1171 1856 Etenim
1185 1801 1208 1855 si
1223 1800 1413 1872 cogitationem
1427 1799 1461 1853 de
1474 1799 1518 1864 iis,
1534 1817 1596 1870 qnae
1610 1799 1750 1865 dicantar,
1763 1802 1849 1871 paulis

232 1887 335 1940 utilitas
348 1885 493 1953 complexu
507 1884 602 1946 minor,
616 1882 664 1936 sed
684 1882 764 1936 rebus
784 1887 812 1934 et
825 1881 951 1951 operibus
967 1896 1025 1950 pro
1063 1896 1112 1950 per
1130 1880 1326 1950 suscipiamus:
1345 1895 1411 1934 nam
1425 1879 1550 1934 stimulas
1568 1880 1694 1935 materias
1708 1897 1759 1950 per
1775 1883 1849 1951 pairs·

232 1966 293 2036 pior
313 1972 364 2018 est.
404 1964 447 2017 Ea
466 1972 508 2017 est
521 1962 554 2016 da
568 1961 738 2031 separatione
752 1968 780 2015 et
792 1959 960 2024 alteratione,
974 1960 1025 2013 boc
1064 1960 1189 2014 tionemi
1209 1977 1274 2016 nana
1287 1959 1440 2013 efformatio
1458 1958 1580 2013 materiae
1601 1959 1637 2012 ad
1659 1960 1776 2015 ideam?
1794 1977 1848 2014 mm

233 2051 283 2108 est,
298 2043 364 2115 quid
378 2060 427 2113 per
441 2042 639 2113 separationem
654 2042 708 2105 fiat,
723 2047 750 2094 et
764 2040 829 2110 quid
842 2040 897 2093 alia
911 2039 1025 2093 ratione.
1063 2040 1224 2111 aggregatio
1247 2038 1439 2110 particularum
1460 2038 1617 2092 similium?
1650 2055 1720 2093 nam
1747 2041 1849 2111 agitatio

232 2123 388 2178 Familiaris
406 2122 479 2175 enim
492 2130 534 2176 est
547 2121 639 2176 animo
651 2120 772 2175 humano
784 2136 866 2182 error,
881 2120 927 2190 qai
942 2120 1025 2173 etiam
1064 2119 1173 2173 fortuita
1194 2127 1345 2174 atomorum
1364 2118 1394 2172 in
1412 2118 1519 2172 sacnoi
1538 2134 1607 2172 nom
1623 2117 1661 2173 lis
1674 2127 1704 2173 et
1722 2119 1848 2173 amicitiai

234 2203 457 2257 schemistarum
472 2200 645 2271 philosophia
659 2216 788 2270 magnum
802 2199 884 2252 robor
897 2207 924 2253 et
937 2200 1025 2253 incre·
1063 2215 1128 2253 num
1146 2197 1208 2252 cmli
1231 2209 1259 2253 et
1282 2206 1362 2252 terrae
1381 2198 1574 2267 impressiones
1596 2199 1762 2269 reciprocaer
1790 2216 1847 2253 nrm

233 2290 355 2336 mentum
368 2280 487 2351 accepitr
509 2288 539 2335 ut
553 2296 586 2334 ea
598 2279 762 2350 separationi
782 2279 949 2349 deputentur,
966 2295 1025 2348 qum
1063 2277 1256 2332 elementorum
1276 2277 1468 2332 commercium
1488 2293 1538 2347 per
1561 2278 1714 2348 qualitates
1735 2278 1849 2347 symboli

233 2361 289 2414 alio
303 2368 432 2431 spectent.
472 2359 600 2429 Exempli
614 2359 718 2429 gratier
739 2375 801 2412 cum
815 2374 886 2428 aqua
900 2358 927 2411 iu
941 2375 1025 2427 vapo-
1063 2358 1175 2412 rantes?
1195 2375 1261 2412 num
1283 2357 1402 2412 influxus
1422 2356 1593 2411 coelestiomi
1614 2375 1684 2412 num
1699 2358 1848 2428 rymmtm's

233 2457 291 2494 rem
304 2439 408 2503 uanut,
427 2438 507 2494 facile
522 2439 582 2510 quis
597 2439 722 2509 opinetur
738 2446 843 2508 partem
866 2454 945 2508 aqum
966 2438 1026 2492 sub
1064 2445 1092 2491 et
1103 2437 1262 2508 antipathia
1275 2438 1385 2491 rerami
1404 2453 1469 2491 num
1483 2435 1595 2490 oocultre
1609 2444 1637 2491 et
1659 2440 1793 2508 specifice
1806 2439 1849 2491 sir·

233 2519 351 2573 tiliorem
371 2520 466 2582 emitti,
485 2519 645 2573 crassiorem
663 2517 826 2581 subsisteres
847 2526 878 2571 at
898 2518 928 2570 in
948 2517 1026 2587 ligno
1064 2525 1134 2571 tates
1144 2526 1171 2571 et
1179 2518 1376 2587 proprietates?
1390 2532 1454 2570 ntum
1464 2516 1557 2579 fatum,
1565 2516 1685 2581 fortuna,
1696 2518 1847 2572 necessitas?

233 2598 324 2653 videre
334 2605 384 2662 est,
396 2599 441 2652 ubi
451 2615 515 2670 pars
528 2599 558 2652 ia
570 2598 681 2652 flamma
693 2605 722 2651 et
735 2597 810 2651 famo
818 2595 912 2661 evolat,
922 2613 986 2666 pars
996 2597 1024 2650 in
1063 2613 1135 2661 num,
1146 2598 1266 2667 inquam,
1274 2594 1428 2666 hujusmodi
1436 2595 1583 2667 generalia,
1592 2614 1657 2666 quae
1667 2597 1709 2651 nil
1718 2597 1790 2651 aliud
1797 2606 1848 2650 sant

233 2678 323 2733 cinere
347 2686 447 2732 manet.
498 2676 593 2732 Simile
614 2677 743 2748 quiddam
763 2686 792 2731 ct
818 2677 847 2731 ia
871 2692 943 2747 aqua
967 2676 1025 2729 tieri
1064 2693 1146 2746 quam
1159 2684 1273 2748 spectra,
1297 2684 1325 2729 et
1338 2675 1484 2730 simulacra
1503 2677 1532 2728 in
1546 2676 1695 2746 mperficie
1708 2693 1848 2740 rerumve

128 2822 129 2825 Ἴ
234 2758 295 2828 quis
308 2764 392 2829 putet,
407 2758 538 2812 licetnon
553 2764 609 2811 tam
623 2755 774 2810 manifesto.
814 2755 1026 2816 Quamvisenim
1064 2754 1113 2809 luti
1132 2757 1161 2811 in
1175 2757 1260 2826 aquis,
1274 2755 1398 2809 natantia
1414 2764 1442 2809 et
1460 2754 1589 2818 ludentia,
1604 2754 1758 2811 humanum
1776 2773 1847 2827 ςωω

234 2845 291 2891 tota
309 2853 381 2908 aqua
401 2836 561 2908 quandoque
581 2835 694 2891 ebullire
715 2844 743 2890 et
761 2835 882 2890 consumi
896 2834 1025 2899 rideatur,
1064 2835 1205 2890 beabunt?
1237 2843 1284 2889 aut
1307 2851 1374 2905 opes
1399 2833 1533 2891 humanas
1561 2835 1685 2889 efficient
1712 2836 1847 2890 auctiores?

232 2923 324 2974 tamea
346 2917 426 2972 faces
448 2918 580 2988 quasdam
598 2917 665 2985 ejus,
680 2924 809 2987 tanquam
824 2914 949 2979 cinerem,
969 2915 1025 2970 vasi
1067 2915 1123 2970 lsta
1140 2916 1214 2970 enim
1234 2915 1405 2985 phantasiam
1429 2913 1551 2986 implent,
1571 2914 1618 2970 rel
1640 2915 1743 2971 inflant
1765 2916 1847 2988 potius

231 2996 418 3053 adhaerescere
439 3013 527 3067 posse.
567 2997 669 3051 Verum
689 3003 716 3049 et
729 2996 783 3050 ista
801 2995 871 3050 ratio
884 2995 1027 3066 cogitatio
1065 2995 1112 3049 sed
1133 2995 1173 3049 nil
1194 3011 1303 3066 prorsus
1326 2996 1361 3049 ad
1385 3011 1498 3066 operum
1519 2994 1704 3061 effectionem,
1725 3012 1848 3066 corporum

232 3093 297 3131 nem
322 3075 398 3132 fallit.
439 3076 626 3132 Certissimom
648 3075 721 3129 enim
744 3083 793 3139 est,
818 3082 906 3128 totum
929 3090 1027 3144 corpus
1065 3075 1248 3139 mutationem,
1262 3082 1311 3129 aut
1330 3082 1452 3129 motuum
1474 3074 1598 3144 regimen
1618 3075 1735 3130 faciunt
1774 3076 1849 3144 Atque

233 3173 313 3227 aquae
326 3156 355 3210 in
369 3155 459 3211 adrem
473 3172 553 3226 posse
568 3155 716 3219 materiei
733 3154 757 3210 si
779 3153 844 3225 quid
857 3154 916 3207 rasi
938 3154 1027 3208 adhae-
1066 3170 1164 3217 rursus,
1179 3155 1213 3208 de
1227 3164 1301 3209 motu
1313 3154 1430 3208 naturali
1445 3160 1472 3208 et
1486 3152 1615 3217 violento,
1629 3155 1666 3208 de
1687 3163 1762 3209 motu
1775 3171 1849 3209 exso

233 3244 330 3301 rescat,
345 3231 371 3289 id
384 3252 439 3289 nou
453 3252 489 3290 ex
502 3234 609 3289 deleam
621 3242 649 3288 et
669 3234 838 3304 separatione
851 3234 936 3303 partis
957 3250 1027 3288 cras·
1065 3234 1125 3303 ipso
1138 3242 1165 3287 et
1178 3233 1295 3298 aliunde,
1308 3232 1341 3288 de
1355 3233 1478 3288 terminis
1491 3241 1614 3288 motuum
1623 3237 1749 3304 argutari
1764 3245 1788 3288 et
1799 3233 1849 3287 sub

232 3314 320 3379 sioris,
335 3315 384 3369 sed
405 3315 473 3369 forte
494 3324 524 3368 ut
542 3314 634 3385 aliqua
654 3330 717 3384 pars
737 3311 818 3388 (licet
837 3315 897 3384 pari
918 3314 1028 3367 omnino
1066 3313 1177 3368 tilitates
1191 3320 1318 3383 captare,
1340 3321 1367 3366 et
1385 3313 1446 3366 hac
1467 3329 1575 3382 quoque
1595 3313 1637 3366 nil
1663 3314 1802 3369 admodum
1818 3313 1847 3366 de

233 3411 297 3447 cum
315 3409 355 3457 cs,
377 3412 437 3466 quae
451 3393 549 3459 evolat,
565 3388 731 3467 substantia)
751 3393 806 3449 situ
823 3410 871 3447 ras
892 3393 1026 3463 tetigeret,
1065 3408 1177 3462 corpore
1191 3401 1295 3447 naturas
1315 3392 1464 3462 stringantr
1486 3391 1534 3446 sed
1547 3392 1640 3463 potius
1654 3394 1687 3447 in
1701 3395 1793 3448 cortice
1807 3393 1847 3445 de·

233 3473 356 3537 evenire3
377 3475 460 3544 idque
474 3472 601 3544 exemplo
615 3473 722 3543 argenti
735 3473 790 3526 siri
804 3472 939 3536 elucescit,
956 3473 1028 3544 quod
1065 3472 1224 3526 scribantur.
1266 3471 1360 3543 ltaque
1387 3471 1433 3525 his
1459 3471 1557 3534 missis,
1583 3471 1630 3524 rel
1658 3473 1697 3527 ad
1725 3472 1849 3544 pambas

233 3559 321 3607 totum
342 3554 372 3608 iit
393 3552 510 3617 volatile,
532 3562 560 3606 et
580 3568 672 3606 rursus
693 3560 777 3606 totum
795 3552 897 3623 absque
911 3551 1028 3605 diminu·
1066 3568 1206 3606 sermones
1224 3550 1358 3606 damnatis
1379 3559 1406 3604 et
1427 3550 1563 3621 relegatis,
1581 3549 1623 3605 illi
1647 3553 1759 3607 demum
1775 3568 1851 3606 rerum

233 3633 308 3687 tione
326 3632 371 3687 rel
390 3631 496 3686 tantilla
517 3630 647 3686 consistit.
688 3632 780 3686 Etiam
800 3630 830 3684 in
848 3630 909 3686 oleo
922 3630 1027 3702 lampa·
1066 3631 1201 3701 appetitus
1222 3639 1249 3684 et
1262 3628 1451 3684 inclinationes
1470 3630 1670 3701 investigandas
1690 3640 1787 3696 santa
1803 3630 1851 3701 qui

234 3711 306 3776 dum,
317 3721 345 3766 et
358 3729 422 3766 sevo
436 3710 616 3776 candelarum,
626 3718 712 3766 totum
726 3727 743 3764 a
756 3710 853 3781 pingui
866 3711 897 3764 fit
909 3709 1027 3774 volatile,
1067 3710 1116 3763 bas
1129 3710 1188 3774 ista,
1203 3726 1285 3781 quam
1297 3708 1428 3772 videmus,
1442 3717 1518 3763 tants
1531 3709 1682 3765 effectuum
1698 3721 1727 3765 et
1741 3711 1849 3765 mauris

233 3808 285 3846 nec
298 3790 391 3863 aliqua
403 3792 435 3845 tit
448 3791 622 3855 incineratior
643 3807 706 3845 nam
721 3790 807 3860 fuligo
818 3798 878 3860 post
890 3790 1027 3843 flammam
1066 3806 1131 3843 num
1144 3790 1269 3852 varietas,
1283 3790 1311 3844 in
1325 3789 1452 3858 operibus
1467 3795 1494 3843 et
1507 3796 1612 3843 nsturae
1632 3800 1661 3843 et
1683 3792 1751 3845 artis
1768 3790 1850 3843 eoois·

232 3887 289 3924 noa
313 3881 374 3925 ante
395 3870 533 3925 flammam
554 3870 688 3942 gignitum
719 3878 747 3924 et
766 3870 882 3924 dammae
904 3869 1026 3931 cadaver,
1066 3878 1116 3932 tur,
1127 3876 1156 3921 et
1168 3869 1292 3939 emergit.
1331 3870 1421 3939 Atque
1432 3868 1597 3931 tentandum,
1610 3877 1641 3923 ut
1653 3881 1769 3934 natura,
1778 3868 1848 3922 relati

233 3967 288 4004 non
309 3950 363 4004 olei
377 3959 423 4004 aut
437 3950 494 4004 seri
509 3950 687 4004 sedimeotum
709 3955 757 4004 est.
798 3949 888 4019 Atque
906 3948 959 4002 hoc
973 3949 1028 4001 adi·
1066 3948 1172 4013 Proteo,
1187 3947 1295 4003 vincula
1308 3945 1470 4016 injiciamus.
1512 3946 1580 4001 Sunt
1598 3949 1677 4003 enim
1696 3967 1793 4021 genera
1804 3965 1850 4001 mo

234 4037 292 4083 tum
305 4029 441 4101 quendam
454 4030 489 4084 ad
503 4029 653 4083 Democriti
662 4028 817 4098 opinionem
826 4027 859 4082 de
869 4028 1027 4083 diversitate
1067 4036 1141 4081 tuum
1155 4038 1227 4081 recte
1241 4028 1350 4081 inventa
1364 4036 1391 4081 et
1412 4026 1535 4091 discreta,
1552 4042 1618 4080 sera
1638 4027 1733 4083 Protei
1746 4026 1848 4082 riatur.

234 4109 369 4163 seminum
404 4109 461 4164 sive
489 4116 640 4163 atomorum
670 4107 884 4162 labefactandam
913 4108 1025 4178 praebet.
1065 4107 1140 4160 Nam
1153 4114 1233 4176 prout
1247 4114 1375 4167 motuum,
1389 4106 1416 4159 id
1431 4115 1479 4169 est,
1494 4106 1687 4162 irritationum
1702 4119 1731 4162 et
1742 4106 1850 4162 cohibiti

235 4187 354 4252 Aditum,
368 4188 487 4258 inquam,
503 4188 532 4241 in
543 4195 655 4251 naturar
676 4204 740 4241 nam
753 4187 782 4240 in
796 4187 925 4255 opinione
938 4187 1027 4242 aditus
1065 4203 1147 4240 onum
1161 4185 1262 4240 stimuli
1277 4193 1306 4239 et
1323 4185 1387 4239 nodi
1407 4185 1576 4246 adhibentur,
1596 4186 1632 4240 ad
1651 4187 1724 4242 illud
1745 4187 1850 4257 sequar

234 4265 281 4320 ille
296 4275 337 4321 est
350 4267 435 4322 multo
448 4266 554 4322 mollior
568 4274 596 4322 et
615 4266 746 4331 blandior,
762 4265 834 4336 quod
854 4266 1027 4338 philosophia
1065 4265 1185 4320 materiae
1199 4265 1285 4336 ipsias
1298 4265 1439 4320 conversio
1453 4274 1479 4319 et
1492 4265 1708 4322 transformatio.

234 4345 355 4416 vulgaris
380 4348 520 4401 materiam
540 4364 618 4401 suam
642 4346 854 4401 commentitiam
874 4346 909 4400 ad
932 4363 1026 4400 omnes

235 4425 335 4479 formas
349 4441 456 4497 aequam
469 4434 497 4480 et
509 4442 679 4481 communem
694 4425 783 4497 fingit·
1066 4404 1103 4442 tv.
1125 4403 1164 4444 DE
1183 4404 1328 4444 Dli'lleNli
1342 4406 1470 4445 ruinart
1486 4404 1588 4452 HOTUS,
1603 4406 1686 4451 QUOD
1703 4407 1750 4446 stt·
1764 4403 1847 4444 tituti-

1287 4484 1340 4534 LlS,
1362 4484 1397 4523 tr
1419 4484 1514 4524 atinus
1535 4485 1637 4524 ACUTA.

236 4561 283 4600 111.
312 4560 352 4599 oa
372 4560 577 4602 saoalaartrta
598 4562 739 4602 armauit
761 4561 794 4600 tn
819 4560 1026 4606 raoutstrros'a
1105 4578 1326 4634 Dmswuwm⁸
1347 4587 1457 4649 mem
1476 4579 1505 4633 in
1525 4578 1705 4649 &303⁰th
1795 4579 1848 4632 ως

261 4641 299 4680 oa
319 4640 410 4691 moro,
431 4641 467 4680 ar
488 4641 678 4682 itovanatnus
700 4641 805 4682 annuis
827 4640 1004 4681 autumans.
1065 4656 1168 4713 videtur
1182 4667 1210 4712 e,
1224 4659 1324 4729 absque
1336 4658 1519 4723 fundamento·
1530 4667 1560 4712 u,
1574 4676 1636 4730 que
1649 4677 1710 4714 mn
1724 4597 1847 4731 geom&

276 4734 499 4794 luoutstrtorttus
513 4734 546 4788 de
561 4741 657 4790 natura
675 4735 704 4788 in
724 4742 799 4790 motu
820 4734 1028 4804 contemplando
1066 4746 1108 4791 tas
1123 4746 1226 4792 tantum
1239 4739 1351 4802 diridit3
1373 4747 1456 4809 atque
1470 4737 1580 4801 adhoc,
1596 4747 1624 4792 ut
1638 4757 1690 4809 per
1704 4755 1797 4793 causas
1808 4737 1847 4790 sei

234 4820 263 4868 et
276 4814 457 4868 examinando
470 4814 588 4868 maxime
601 4814 744 4879 collocare,
755 4815 814 4883 ejus
825 4822 872 4879 est,
884 4815 930 4886 qui
944 4831 1028 4885 opera
1065 4834 1150 4880 amus,
1170 4818 1241 4872 nihil
1265 4818 1397 4873 conducit.
1439 4818 1514 4872 Nam
1541 4819 1692 4887 generatio,
1717 4818 1845 4887 corrupit·

235 4898 348 4964 spectet.
389 4892 486 4954 Quieta
499 4901 588 4948 autem
601 4911 691 4949 rerum
705 4894 838 4964 principia
850 4894 1027 4964 contemplari
1065 4899 1256 4966 augmentatio,
1279 4897 1431 4960 diminutio,
1455 4897 1589 4958 alteratio,
1612 4897 1683 4951 latio
1706 4899 1742 4952 sd
1764 4897 1846 4952 lona

235 4979 282 5026 aut
299 4972 473 5037 comminisci,
488 4989 581 5027 eorum
595 4981 644 5038 est,
664 4974 710 5043 qui
731 4990 870 5028 sermones
889 4990 987 5038 serere,
1001 4983 1029 5029 et
1065 4974 1106 5027 nil
1119 4974 1193 5030 aliud
1207 4993 1288 5047 quam
1303 4993 1386 5046 opera
1400 4985 1427 5030 et
1441 4978 1554 5031 effectus
1575 4985 1697 5032 motuum
1715 4985 1791 5038 sont3
1809 4973 1846 5043 qui

233 5051 430 5120 disputationes
443 5051 516 5107 alere
530 5050 625 5106 velint.
665 5052 763 5114 Quieta
776 5060 866 5107 autem
879 5070 946 5107 voco
956 5055 1028 5124 prin·
1066 5071 1127 5109 cum
1141 5055 1176 5109 sd
1189 5057 1361 5111 manifestam
1374 5073 1465 5110 rerum
1480 5056 1658 5110 mutationem
1673 5063 1846 5127 perveneram

235 5130 316 5199 cipis,
331 5148 391 5201 quse
408 5130 506 5186 docent
520 5148 555 5186 ex
569 5132 667 5202 quibas
687 5148 731 5186 res
752 5134 902 5187 conflentur
921 5142 950 5187 et
967 5150 1028 5187 con·
1066 5151 1126 5204 qaae
1140 5136 1263 5204 populari
1278 5144 1348 5191 notre
1362 5136 1492 5204 subjacet,
1512 5145 1568 5189 tam
1588 5136 1697 5189 demum
1718 5135 1791 5189 hisce
1807 5147 1846 5186 ao

235 5208 340 5272 sistant,
356 5226 408 5264 uon
422 5218 513 5265 autem
533 5211 626 5282 quavi
647 5220 675 5265 et
692 5211 737 5264 ria
757 5211 920 5267 coalescant.
973 5214 1028 5268 Ne·
1067 5214 1183 5268 minibus
1198 5216 1309 5287 (pingui
1324 5217 1390 5269 satis
1409 5214 1649 5284 contemplatione)
1668 5214 1846 5284 insignantur.

237 5304 289 5356 que
303 5289 375 5341 enim
389 5288 424 5342 ad
437 5290 580 5359 agendum,
602 5297 629 5343 et
642 5295 803 5360 potestatem
820 5293 876 5345 sive
897 5293 1029 5361 operatio·
1066 5292 1163 5363 Neque
1184 5295 1256 5349 enim
1276 5294 1437 5358 dubitamus,
1460 5295 1526 5365 quin
1544 5293 1597 5347 hoc
1615 5294 1667 5348 sibi
1683 5294 1773 5356 velint,
1794 5307 1846 5343 com

236 5382 300 5419 nam
310 5364 456 5422 humanam
467 5367 685 5437 amplificandam
694 5369 798 5432 suflicit,
810 5379 856 5424 aut
864 5387 1028 5440 magnopere
1066 5388 1177 5442 corpora
1185 5383 1343 5442 permotum
1354 5376 1549 5444 (cujuscunque
1559 5374 1595 5427 sit
1603 5375 1723 5444 generis)
1732 5389 1764 5424 eo
1772 5385 1846 5438 osque

237 5443 340 5509 attinet,
354 5460 434 5502 nosse
455 5463 491 5503 ex
514 5447 613 5518 quibus
634 5464 677 5503 rer
698 5456 829 5514 constent,
843 5450 866 5503 si
885 5449 979 5505 modos
1000 5459 1028 5506 et
1066 5455 1254 5522 processerint,
1268 5463 1297 5510 ot
1311 5454 1427 5509 formam
1439 5471 1537 5509 noram
1553 5462 1668 5519 teneant,
1682 5451 1724 5508 rel
1739 5461 1845 5505 retorem
