3800 5875
622 320 673 374 DE
695 319 881 376 SECTIONE
902 320 1122 377 CORPORUM.
1618 322 1673 381 621

56 477 102 531 ιιι
122 477 240 547 alicujus
258 479 298 533 rei
318 476 417 548 optime
438 475 564 532 coloratas
578 476 653 549 (quas
670 485 762 533 tamen
777 479 851 533 croci
888 496 1002 534 vacuum
1016 479 1153 550 supponit.
1182 478 1258 541 Quod
1268 479 1291 534 si
1306 478 1373 534 illud
1384 477 1446 550 quis
1455 480 1573 549 objiciat,
1581 482 1677 540 durum

56 556 201 621 lentorem,
216 558 251 611 ad
271 575 300 613 se
318 557 347 612 in
368 556 519 628 liquoribus
531 557 706 626 aperiendum
720 565 748 612 et
765 558 851 612 incor·
888 559 973 612 videri
987 568 1016 613 ιι
1028 557 1084 613 lere
1104 559 1271 623 incredibile,
1286 567 1317 614 ιιι
1329 575 1445 613 vacuum
1465 560 1611 616 admistum
1631 564 1675 627 sit,

56 636 566 706 perandumnonhsbeat)immisceas.
600 638 696 708 ltaque
706 636 850 692 ridiculum
888 654 949 692 cum
966 655 1063 707 corpus
1077 638 1176 709 ubique
1196 640 1359 707 reperiatur3
1381 639 1448 693 issi
1467 640 1676 711 exemplaque

56 723 124 779 erat,
147 725 251 771 atomos
272 734 322 787 pro
342 715 433 784 parvis
453 714 508 768 illis
526 716 702 785 nemusculis,
720 733 781 786 qum
800 717 851 770 sub
888 717 969 771 modo
995 717 1162 781 adduximus,
1183 734 1260 788 aquas
1280 734 1366 782 croco,
1390 717 1434 771 rel
1455 719 1527 773 aeria
1550 720 1676 776 odoribus

56 795 144 848 radiis
161 797 227 850 solis
247 794 457 866 conspiciuntur,
472 795 604 865 accipere.
644 795 686 848 Ea
699 796 772 849 enirn
792 795 850 865 pul·
888 796 989 859 iniecti,
1004 795 1095 850 animo
1108 797 1241 850 sedatiore
1254 797 1410 860 consideret,
1425 797 1504 852 facile
1518 799 1673 868 perspiciet,

57 876 131 928 veris
145 876 230 929 instar
243 884 311 938 suut,
322 881 443 927 atomum
456 879 553 938 autem,
562 881 592 928 ut
606 874 664 944 ipse
679 873 850 928 Democritus
888 874 991 929 nnllam
1000 883 1104 945 partem
1119 892 1199 945 posse
1213 876 1344 946 assignmi
1358 892 1444 946 aquae,
1455 877 1502 931 ubi
1515 894 1609 932 crocus
1621 895 1676 932 non

57 955 158 1019 aiebat,
172 970 253 1009 nemo
268 969 387 1024 unquam
401 953 475 1015 vidit,
490 960 537 1006 aut
550 953 641 1007 videre
661 953 755 1023 possit.
796 953 850 1008 Sed
887 954 930 1019 sit,
945 961 973 1008 ιι
986 961 1075 1008 ιιιιιιιι
1083 954 1253 1009 manifestum
1267 971 1326 1008 esse
1340 971 1375 1009 ea
1387 957 1588 1026 comparatione
1602 958 1674 1012 croci

57 1033 112 1086 ista
127 1052 219 1088 rerum
232 1033 382 1103 dispertitio
396 1032 423 1085 in
434 1032 562 1087 odoribus
570 1031 656 1087 multo
669 1033 758 1102 ιιιιιι
772 1033 850 1086 mira·
888 1039 916 1086 ιι
929 1050 1007 1104 aquae
1021 1041 1164 1103 antequam
1180 1034 1361 1099 miscerentur,
1376 1051 1473 1104 corpus
1488 1052 1565 1105 aque
1578 1052 1675 1106 corpus

58 1112 143 1167 bilem
162 1129 193 1167 se
212 1112 339 1167 ostendit.
377 1111 487 1165 Etenim
503 1112 527 1165 si
547 1128 642 1181 parum
660 1111 732 1166 croci
749 1110 849 1165 dolium
888 1115 959 1166 croci
972 1112 1065 1166 multis
1077 1113 1196 1167 numeria
1207 1113 1345 1167 excedere.
1375 1112 1452 1174 Quod
1466 1114 1489 1168 si
1503 1116 1533 1168 id
1546 1115 1575 1168 in
1589 1115 1676 1170 diser·

58 1207 147 1263 aqum,
156 1192 263 1256 colore3
277 1199 305 1245 at
318 1207 412 1261 parurn
426 1191 526 1245 aibethi
540 1187 707 1246 coenacnlum
721 1189 848 1261 amplum,
888 1192 925 1245 sis
938 1190 1096 1261 corporibus
1109 1193 1249 1255 invenitur,
1264 1191 1450 1263 multomagis
1469 1194 1498 1248 in
1516 1210 1628 1264 corpore
1648 1202 1675 1249 et

58 1271 141 1325 odore
154 1272 283 1335 imbuere,
294 1279 321 1325 et
333 1271 443 1324 inicere
457 1276 552 1339 potest,
564 1278 591 1323 et
601 1270 715 1324 subinde
728 1269 810 1333 aliud,
822 1276 850 1323 ιι
887 1288 973 1325 vacuo
986 1271 1038 1324 boc
1058 1271 1116 1325 fieri
1137 1271 1284 1341 putandum
1298 1279 1346 1325 est.
1386 1272 1486 1326 Verum
1501 1272 1530 1328 in
1543 1290 1577 1326 ea
1596 1282 1674 1343 parte

57 1368 153 1405 rursus
167 1351 250 1405 aliud.
291 1352 388 1421 Neque
402 1349 545 1420 quisquam
564 1349 617 1402 sibi
634 1350 728 1420 tingat,
746 1349 849 1413 odores,
889 1350 1015 1413 Heronis,
1037 1358 1129 1421 utpote
1156 1350 1274 1404 hominis
1300 1349 1459 1414 mechanici,
1482 1352 1675 1421 contemplatio

57 1428 172 1484 luminis
195 1446 277 1493 more,
290 1438 337 1484 ant
356 1429 438 1482 etism
452 1427 551 1482 caloris
566 1436 594 1482 ιι
613 1427 731 1500 trigoris,
747 1427 849 1499 absque
887 1428 935 1482 illa
957 1428 1105 1483 Democriti
1126 1429 1283 1500 philosophi
1307 1429 1450 1484 clarissimi
1473 1431 1584 1485 inferior
1606 1432 1672 1487 fuit:

56 1510 302 1564 communicatione
329 1508 486 1563 substantiae
510 1507 641 1570 diffundir
669 1524 731 1561 curn
756 1514 849 1561 notare
888 1509 960 1578 qnod
983 1508 1066 1572 Hero,
1081 1509 1145 1579 quia
1161 1508 1207 1562 hic
1227 1509 1299 1578 apud
1317 1525 1367 1562 nos
1386 1508 1415 1562 in
1436 1510 1594 1564 uostroisto
1608 1511 1673 1565 orbe

57 1590 154 1657 possit,
176 1589 271 1644 odores
292 1588 375 1642 etiarn
394 1587 474 1641 rebus
492 1586 592 1650 solidis,
612 1584 703 1657 lignis,
725 1584 849 1650 metallis,
887 1596 1195 1642 vacunmcoacervatutn
1208 1603 1262 1641 non
1276 1588 1383 1657 reperit,
1391 1586 1452 1641 ideo
1465 1588 1532 1642 illud
1546 1589 1674 1659 simplici·

57 1666 253 1732 adhaerescere,
271 1667 351 1738 idque
365 1666 400 1720 ad
413 1674 520 1735 tempus
533 1666 748 1736 nonexiguumr
769 1681 850 1735 posse
888 1675 929 1721 ter
948 1667 1068 1738 negarit.
1109 1666 1158 1721 Nil
1182 1667 1256 1720 enirn
1276 1666 1397 1736 impedit,
1418 1668 1560 1737 quominus
1582 1669 1613 1723 in
1633 1686 1673 1723 re·

58 1747 144 1800 etiam
154 1747 285 1810 frictione,
294 1745 427 1800 lavatione
435 1746 470 1799 ab
477 1744 573 1800 iisdem
584 1744 682 1799 discuti
693 1752 720 1798 et
730 1744 848 1815 purgari.
887 1747 1013 1816 gionibus
1026 1746 1144 1802 retheris.
1158 1746 1203 1800 arbi
1220 1745 1394 1816 proculdubio
1407 1750 1524 1814 majores
1540 1755 1602 1802 sunt
1615 1765 1672 1803 cor·

58 1826 162 1880 Verum
175 1826 205 1880 in
218 1827 294 1880 hisce
304 1834 331 1881 ιι
341 1824 481 1888 similibus,
491 1823 562 1895 qnod
575 1840 716 1893 processus
728 1823 850 1878 infinitus
887 1842 982 1895 porum
997 1826 1183 1896 expansiones,
1198 1825 1279 1879 etiam
1294 1841 1409 1879 vacuum
1429 1834 1613 1881 coacervatum
1627 1827 1671 1883 sit.

57 1905 169 1969 nonsit,
183 1922 358 1960 nemosianus
378 1903 579 1966 contradixerit,
593 1920 654 1957 cum
671 1903 743 1957 intra
762 1903 850 1972 spatia
889 1903 921 1957 ln
933 1905 968 1958 iis
978 1913 1069 1959 autem
1082 1905 1300 1976 inquisitionibus
1311 1913 1338 1959 et
1348 1903 1481 1959 similibus
1491 1904 1576 1960 semel
1588 1906 1674 1960 moni·

57 1992 87 2037 ιι
106 1985 216 2048 limites,
231 1995 258 2039 et
277 2000 417 2053 corporum
438 1983 607 2054 quantitates,
621 1981 776 2050 hujusmodi
797 1981 850 2036 dis-
887 1990 944 2038 tum
958 1984 1001 2046 sit,
1015 2001 1049 2038 ne
1064 1985 1123 2056 quis
1143 1992 1252 2054 propter
1264 1991 1367 2038 tantam
1380 1992 1482 2038 naturae
1496 1983 1673 2040 subtilitatem

58 2064 171 2133 pertitio
195 2065 252 2119 sire
280 2064 390 2118 diffusio
415 2062 590 2126 cohibentem
611 2068 642 2115 ut
663 2062 693 2115 in
715 2060 849 2131 exemplis
887 2063 1064 2119 contundatur
1077 2072 1105 2117 et
1118 2063 1231 2118 diffidat.
1273 2063 1381 2135 Cogitet
1395 2062 1467 2117 enim
1479 2070 1509 2117 ιι
1521 2064 1636 2119 ιιιιιιιι
1644 2073 1674 2119 ιι

58 2143 202 2198 antedictis
214 2143 442 2198 evidentissimum
462 2149 510 2195 est.
552 2140 629 2202 Quod
647 2140 681 2195 ιιι
701 2141 849 2196 secundum
886 2158 1006 2197 summas
1020 2160 1109 2197 rerum
1124 2158 1160 2198 ex
1169 2160 1247 2213 raquo
1256 2142 1438 2214 supputationi
1452 2141 1584 2198 submitti.
1604 2143 1673 2198 'l'am

58 2238 170 2276 ιιιιιιιιιι
193 2223 276 2277 atomi
299 2223 403 2286 attinet,
423 2222 495 2292 quod
517 2237 633 2274 vacuum
654 2221 848 2291 praesupponit,
887 2221 966 2277 facile
980 2222 1052 2277 enim
1067 2222 1129 2293 quis
1148 2221 1222 2277 mille
1241 2239 1326 2278 sonos
1345 2221 1451 2286 dixerit,
1466 2228 1514 2276 aut
1532 2223 1671 2294 cogitaret,

59 2310 233 2373 atomumqne
259 2319 295 2356 ex
319 2301 466 2371 privatione
489 2300 567 2354 vacui
591 2300 703 2362 definit;
725 2299 796 2353 bona
822 2307 849 2355 ιι
887 2318 968 2372 quam
990 2301 1064 2355 mille
1085 2310 1236 2367 momenta;
1260 2319 1321 2356 cum
1346 2309 1435 2356 tamen
1455 2301 1520 2355 anni
1544 2317 1561 2355 a
1582 2301 1674 2356 multis

58 2380 130 2435 seria
144 2380 287 2452 diligentia
300 2381 419 2435 licronis
433 2381 489 2444 init,
504 2397 565 2450 qure
578 2396 691 2434 vacuum
706 2396 849 2433 coacerva·
887 2381 1030 2435 momentis
1053 2382 1254 2436 constituantur.
1294 2383 1391 2451 Neque
1417 2397 1510 2435 mrsus
1536 2381 1675 2436 existimet

59 2468 116 2513 tum
142 2461 261 2531 negavit,
282 2477 397 2515 vacuum
419 2459 587 2515 commistum
614 2461 737 2515 asseruit.
779 2459 849 2514 Cum
887 2461 993 2532 aliquis,
1007 2460 1065 2515 haec
1079 2461 1169 2530 potius
1183 2460 1374 2530 speculationis
1388 2461 1501 2515 ιιιιιοιιι
1515 2477 1674 2532 esse,quam

57 2540 133 2594 enim
154 2547 316 2610 perpetuum
337 2556 478 2610 corporum
496 2556 598 2594 nexum
617 2546 746 2602 cerneret,
761 2556 849 2610 neque
886 2541 921 2594 sd
934 2557 1017 2611 opera
1030 2548 1058 2595 ιι
1072 2557 1148 2594 usum
1159 2540 1267 2595 reterri:
1281 2541 1370 2594 videre
1382 2539 1455 2594 enim
1464 2546 1505 2593 est
1515 2555 1608 2594 omnes
1617 2540 1673 2596 iere

57 2618 174 2674 inveniri
189 2636 298 2690 prorsus
311 2627 357 2674 aut
369 2619 502 2690 assignari
514 2619 631 2689 spatium
645 2616 763 2690 aliquod,
778 2618 849 2689 quod
886 2619 1064 2690 philosophos
1077 2628 1104 2673 et
1117 2620 1193 2683 alios,
1202 2619 1247 2690 qui
1262 2619 1291 2672 in
1304 2618 1472 2688 experientia
1483 2625 1509 2672 ιι
1523 2619 1602 2672 rebus
1613 2636 1674 2689 par·

58 2715 171 2768 corpore
183 2707 275 2764 vacet,
297 2706 324 2753 ιι
342 2698 535 2769 multomagis,
555 2715 617 2752 cum
630 2715 743 2768 corpora
756 2698 850 2769 gravis
886 2699 1045 2754 ticularibus
1058 2698 1151 2753 sedulo
1165 2699 1262 2753 versati
1276 2705 1346 2761 sunt,
1360 2706 1388 2751 ιι
1399 2705 1524 2752 naturam
1536 2698 1570 2751 ad
1583 2699 1674 2755 visum

57 2786 86 2830 et
105 2777 257 2848 ponderosa
278 2795 383 2833 sursum
397 2779 467 2843 ferri,
483 2786 511 2831 ct
527 2785 639 2833 naturas
658 2793 721 2832 suas
741 2794 848 2848 quoque
885 2779 1077 2841 dissecuerunt,
1102 2777 1130 2831 in
1157 2778 1313 2847 hujusmodi
1333 2777 1523 2847 inquisitiones
1546 2776 1673 2844 incidere,

57 2857 141 2910 morlo
152 2858 288 2926 deponere
302 2865 329 2911 et
341 2857 443 2912 violare
464 2857 561 2928 potins,
577 2873 658 2928 quam
671 2857 848 2912 divulsionem
885 2858 950 2914 licet
963 2875 1010 2914 eas
1024 2858 1139 2912 feliciter
1151 2873 1204 2911 non
1220 2864 1358 2927 peragant
1397 2856 1497 2927 Neque
1512 2856 1566 2909 alia
1583 2858 1675 2913 subest

59 2937 212 2992 absolutam
235 2954 252 2992 a
276 2954 388 3008 corpore
415 2939 542 3009 contiguo
562 2938 707 3008 patientur,
730 2938 847 3002 rideret,
886 2956 968 2994 causa
981 2938 1114 3009 potentior
1125 2947 1151 2992 ιι
1159 2938 1254 3003 verior,
1264 2937 1298 2992 ob
1308 2953 1390 3007 quarn
1400 2934 1581 3006 philosophia,
1593 2954 1674 3008 qnam

58 3025 184 3072 naturam
198 3034 216 3071 a
228 3035 313 3072 vacuo
332 3018 442 3086 majoris
462 3025 533 3071 notre
553 3017 610 3071 sire
630 3025 786 3071 coacervato
803 3017 848 3070 ab
886 3018 1027 3082 habemns,
1042 3018 1186 3072 effectuum
1204 3017 1241 3072 sit
1256 3017 1363 3080 sterilis,
1377 3016 1429 3070 nisi
1444 3016 1515 3086 quod
1531 3015 1673 3072 verborum

58 3095 169 3151 horrere
183 3114 294 3167 prorsus
306 3097 412 3151 statuit.
454 3096 564 3161 Contra,
579 3113 640 3150 cum
660 3097 773 3150 eandem
792 3111 848 3150 cor·
886 3106 913 3152 et
926 3099 1065 3152 notionum
1078 3096 1230 3168 vulgarium
1244 3096 1407 3152 subtilitates
1420 3095 1555 3166 captarit,
1570 3105 1673 3152 naturae

57 3175 131 3243 poris
143 3177 287 3231 materiam
301 3175 431 3242 contrahi,
446 3184 474 3230 et
486 3176 624 3240 coarctari,
639 3184 666 3229 ιι
681 3192 773 3229 rursus
786 3191 848 3245 apc-
885 3178 1064 3232 subtilitstem
1085 3193 1138 3230 non
1159 3181 1300 3249 persecuta
1321 3183 1370 3239 est,
1384 3191 1434 3229 nec
1455 3175 1589 3246 inquirere
1609 3192 1673 3230 con-

57 3255 104 3309 riri
119 3263 147 3309 ιι
159 3255 267 3309 dilatari
282 3255 454 3326 perspiceret,
468 3262 496 3309 ιι
508 3255 597 3325 spatia
610 3254 755 3326 inequalia
768 3256 848 3309 inter·
885 3257 979 3312 stituit.

56 3333 121 3388 dum
136 3335 249 3402 majora,
258 3334 391 3390 interdum
401 3335 506 3390 minora
514 3350 646 3405 occupare
655 3343 682 3389 et
695 3334 846 3404 complere;

55 3430 110 3467 non
123 3413 193 3467 vidit
212 3414 344 3485 quomodo
357 3413 512 3483 hujusmodi
529 3415 667 3483 ingressus
681 3421 707 3468 et
725 3430 847 3484 egressm

56 3509 200 3562 corporum
213 3494 243 3547 in
265 3493 332 3547 locis
345 3494 401 3548 suis
414 3494 473 3548 fieri
493 3494 586 3563 possit,
606 3493 659 3548 nisi
677 3500 788 3563 propter
800 3508 848 3546 ra·

56 3589 136 3626 cunm
150 3571 304 3639 admistum,
313 3572 401 3628 minus
414 3573 511 3627 videlic
518 3580 553 3637 et,
564 3588 676 3642 corpore
684 3588 846 3643 compresso,
924 3566 1358 3638 Prraaooaainrentaetplacita
1367 3565 1432 3619 talia
1442 3582 1477 3619 ex
1488 3564 1588 3632 majore
1597 3571 1673 3634 parte

56 3650 117 3720 plus
146 3652 287 3706 relaxator
307 3667 418 3707 necesse
441 3652 514 3706 enim
542 3669 610 3715 esse,
638 3651 847 3706 contractionem
885 3648 1040 3719 {ueraque
1053 3648 1087 3702 ad
1101 3648 1221 3702 ordinem
1235 3648 1325 3716 potins
1337 3646 1470 3716 quendam
1485 3642 1673 3712 religiosorum

55 3730 136 3785 istam
156 3747 206 3800 per
219 3748 302 3788 unum
322 3748 359 3786 ex
375 3730 420 3786 his
438 3731 525 3787 tribus
545 3731 632 3786 modis
645 3730 722 3794 fieri,
744 3739 790 3785 ant
805 3748 846 3794 eo,
885 3727 1058 3790 fundandum,
1073 3744 1153 3799 qnam
1167 3727 1201 3781 ad
1215 3725 1336 3781 scholam
1350 3726 1379 3779 in
1392 3722 1566 3794 philosophia
1582 3722 1673 3791 aperi-

56 3826 138 3879 quem
148 3810 278 3874 diximus,
288 3826 387 3881 nempe
401 3810 472 3881 quod
485 3827 599 3865 vacuum
611 3827 661 3880 pro
674 3810 776 3863 ratione
787 3827 848 3865 con·
885 3807 991 3871 endam,
1005 3797 1206 3861 accommodata
1220 3813 1326 3868 essem,
1348 3803 1419 3874 qnod
1432 3810 1461 3855 et
1478 3809 1589 3855 eventus
1603 3818 1674 3855 cora·

56 3890 196 3944 tractionis
210 3887 385 3952 excludatur,
400 3896 446 3942 aut
459 3890 529 3961 quod
543 3890 617 3944 aliud
627 3889 736 3960 aliquod
750 3906 847 3959 corpus
885 3886 1018 3957 probavit.
1058 3885 1100 3940 Ea
1110 3887 1182 3940 enim
1196 3883 1339 3953 disciplina
1353 3882 1414 3953 plus
1425 3881 1453 3935 in
1468 3881 1565 3936 haeresi
1580 3880 1673 3935 Mani·

56 3970 131 4038 prius
141 3969 323 4023 intermistum
334 3968 515 4037 exprimatur,
531 3979 576 4022 snt
595 3968 666 4039 quod
680 3970 716 4022 sit
725 3969 847 4039 quosdam
884 3966 1030 4027 cneorum,
1052 3973 1080 4020 ιι
1102 3964 1291 4034 superstitione
1311 3961 1472 4023 Mahumeti,
1497 3977 1578 4031 quam
1600 3960 1674 4030 apud

56 4047 190 4102 naturalis
205 4047 404 4120 (qualisqualis
417 4063 450 4101 ea
463 4047 511 4114 sit)
524 4064 663 4118 corporum
675 4048 848 4102 condensatio
885 4044 1072 4115 philosophos,
1092 4044 1176 4098 valuit
1196 4051 1224 4097 ιι
1242 4041 1342 4096 floruit.
1381 4040 1481 4110 Opinio
1501 4050 1591 4093 tamen
1605 4039 1672 4107 ejus,

55 4137 82 4180 et
105 4127 261 4182 rareiactio.
303 4128 394 4198 Atque
421 4126 492 4197 quod
519 4127 553 4180 ad
575 4126 695 4196 eorporis
717 4127 847 4181 tenuioris
885 4124 1014 4178 mundum
1028 4140 1065 4178 ex
1082 4123 1201 4178 numeria
1221 4129 1350 4185 constare,
1364 4136 1398 4174 eo
1418 4135 1498 4174 sensu
1520 4119 1607 4188 accipi
1627 4136 1674 4189 po

56 4207 261 4276 repressionem
283 4207 386 4268 attinet,
401 4206 453 4260 ista
473 4206 542 4260 ratio
559 4205 663 4259 nubum
678 4204 782 4260 exitum
801 4204 848 4260 ha·
885 4211 943 4266 test,
959 4211 989 4256 ut
1001 4203 1036 4257 ad
1046 4210 1147 4258 naturae
1162 4201 1294 4272 principia
1307 4208 1439 4269 penetret
1480 4197 1590 4269 Duplex
1600 4198 1674 4253 enim

55 4285 246 4341 berevidetur.
287 4285 466 4340 Namnetum
487 4293 537 4348 ιιι,
551 4284 688 4356 spongias,
710 4293 738 4339 et
755 4283 848 4352 hujus-
885 4291 933 4346 est,
948 4291 1028 4353 atque
1049 4282 1117 4336 adeo
1135 4298 1196 4336 esse
1216 4286 1311 4351 potest,
1333 4280 1425 4349 opinio
1445 4278 1478 4333 ιιι
1499 4277 1597 4333 atomis
1615 4278 1672 4332 sive

55 4365 130 4418 modi
143 4381 253 4435 porosa,
263 4363 472 4436 expressoae'ra
483 4364 614 4419 conbahi.
654 4364 696 4418 De
710 4366 773 4419 aire
786 4364 848 4434 ipso
885 4378 974 4417 rerum
989 4361 1150 4424 seminibus3
1172 4377 1226 4414 una
1244 4359 1402 4421 Democriti,
1417 4374 1479 4429 quas
1498 4357 1594 4411 atomis
1607 4357 1673 4412 inra-

55 4453 148 4498 autem
172 4445 348 4499 manifestum
371 4450 413 4498 est
435 4461 484 4514 per
507 4442 623 4514 plurima
646 4443 845 4513 experimenta,
885 4440 1041 4511 qualitatem
1055 4449 1083 4494 et
1097 4441 1220 4510 liguram,
1234 4448 1262 4492 ιι
1275 4455 1323 4508 per
1337 4438 1450 4508 figuram
1464 4437 1546 4491 situm
1559 4436 1673 4491 attribu·

55 4540 117 4577 cnm
132 4524 222 4594 spatio
236 4522 349 4577 notabili
368 4522 491 4577 contrahi
514 4539 601 4593 posse.
642 4522 717 4577 Num
736 4539 801 4593 ergo
820 4533 848 4576 et
884 4519 920 4582 it;
935 4518 1021 4574 altera
1034 4518 1398 4589 sortassePythagoroe,anc
1412 4532 1458 4570 ess
1472 4516 1674 4586 omninopares

55 4601 142 4670 ipsius
164 4604 237 4657 ιὲιιι
253 4602 420 4656 subtiliorem
441 4609 546 4673 partem
560 4602 677 4671 exprimi
699 4601 846 4672 putandum
884 4608 912 4653 ιι
924 4599 1027 4653 ιιιιιιιι
1041 4615 1099 4652 esse
1113 4598 1234 4652 asseruit.
1276 4597 1326 4657 Qui
1339 4596 1411 4650 enirn
1422 4594 1604 4666 equalitatem
1618 4602 1674 4648 ato·

55 4682 122 4736 est?
142 4690 172 4735 et
185 4682 314 4752 deinceps
332 4681 487 4749 hujusmodi
504 4682 588 4751 partis
607 4679 698 4745 aliam,
712 4687 740 4734 et
760 4680 799 4735 sic
817 4681 846 4735 in
885 4679 936 4733 mis
950 4680 1078 4750 assignat,
1092 4678 1116 4731 is
1133 4677 1223 4731 omnia
1237 4676 1264 4728 in
1278 4676 1397 4730 numeris
1414 4674 1568 4729 necessario
1581 4673 1672 4744 ponite

55 4761 210 4816 infinitum?
235 4761 309 4816 Nam
336 4761 555 4815 aduersissimum
578 4759 626 4813 tali
648 4760 771 4830 opinioni
796 4769 845 4824 est,
885 4758 931 4829 qui
949 4767 1039 4812 autem
1061 4756 1166 4828 reliqua
1179 4755 1308 4810 attributa
1321 4755 1445 4818 admittit,
1460 4754 1484 4808 is
1497 4761 1605 4808 naturas
1620 4753 1674 4823 pri·

55 4840 127 4911 quod
153 4857 208 4910 qno
226 4842 348 4894 tenuiora
370 4856 485 4910 corpora
503 4840 566 4903 sint,
583 4856 617 4893 eo
637 4839 767 4908 majorem
785 4855 847 4893 con·
885 4837 991 4891 mitisaa
1005 4846 1153 4891 atomorum
1168 4835 1345 4905 singularium
1360 4841 1457 4903 preter
1470 4849 1596 4888 numeros
1616 4832 1673 4885 aira

56 4920 216 4975 unctionem
230 4919 388 4981 sustineant,
408 4936 470 4975 cum
483 4927 576 4973 contra
589 4919 648 4973 ficri
662 4926 808 4988 oporteret,
823 4919 845 4972 si
884 4917 1002 4971 rationes
1016 4916 1161 4970 coitionum
1181 4914 1301 4968 adhibet.
1343 4914 1437 4967 Actira
1447 4924 1538 4966 autem
1552 4910 1673 4982 quaestio,

55 5000 203 5053 corrtrartio
222 5015 272 5068 per
291 4999 492 5068 expressionem
512 4998 596 5068 partis
613 4997 742 5052 tenuioris
762 4997 845 5052 fieret.
884 5013 945 5066 quta
966 4996 1029 5050 hnic
1052 4994 1225 5065 speculativa
1244 4994 1393 5063 respondet,
1414 5008 1527 5061 eamque
1547 4989 1673 5044 determi-

55 5079 146 5150 Atqne
167 5079 201 5133 de
222 5077 271 5132 illo
291 5076 376 5132 altero
395 5078 481 5143 modo,
495 5094 607 5147 corpora
620 5077 723 5131 scilicet
742 5076 845 5139 eadem,
884 5091 949 5129 nare
964 5083 1059 5144 potest,
1067 5091 1101 5128 ea
1115 5083 1163 5137 est,
1174 5092 1256 5145 quarn
1268 5073 1351 5127 etiam
1364 5071 1535 5126 Democritus
1548 5068 1673 5132 adducit,

55 5174 104 5212 nec
118 5156 189 5212 alias
203 5165 314 5220 mutata,
329 5164 419 5211 tamen
433 5157 519 5228 magis
540 5165 568 5210 ιι
585 5158 674 5211 minus
692 5156 719 5210 in
736 5157 845 5210 raritate
884 5161 973 5208 utrum
987 5154 1077 5208 omnia
1090 5171 1125 5208 cx
1140 5153 1265 5208 ornnibns
1284 5153 1343 5206 fieri
1364 5151 1476 5222 possint.
1516 5147 1593 5209 Quod
1611 5165 1674 5201 cum

55 5245 100 5291 aut
113 5237 247 5292 densitate
265 5236 394 5305 recipere,
408 5252 461 5290 non
475 5234 590 5291 multum
606 5235 781 5290 laborandum
795 5242 846 5289 est.
884 5232 931 5286 illa
944 5251 961 5287 a
974 5233 1077 5287 ratione
1091 5233 1210 5287 alienum
1224 5239 1350 5302 putasset,
1364 5238 1514 5283 atomorum
1536 5226 1675 5280 diversita-

55 5314 204 5371 Positirum
231 5315 304 5369 enirn
332 5314 458 5386 quiddam
483 5314 587 5369 videtur
608 5332 675 5378 esse,
694 5323 722 5368 et
742 5315 845 5368 ratione
883 5319 938 5367 tem
951 5313 1048 5367 tenuit.
1089 5312 1177 5367 Nobis
1191 5329 1255 5366 vero
1268 5327 1302 5364 ea
1315 5310 1428 5380 quoestio
1446 5324 1499 5361 non
1513 5307 1582 5360 bene
1596 5306 1673 5359 insti·

56 5396 141 5461 surda,
152 5403 181 5450 ιι
195 5393 361 5464 inexplicata
369 5393 428 5456 niti,
443 5393 533 5464 qualia
547 5401 609 5448 sunt
622 5393 678 5448 lere
693 5393 845 5447 Aristotelis
885 5400 949 5457 tuta,
964 5409 1014 5446 nec
1035 5392 1211 5462 questionem
1233 5390 1351 5460 priorem
1372 5402 1494 5457 premere
1517 5385 1630 5449 ridetur,
1650 5385 1675 5440 si

56 5475 237 5542 pronontiata.
278 5473 377 5528 Restat
394 5473 484 5544 itaque
503 5472 597 5529 tertius
616 5472 663 5528 ille
681 5473 783 5539 modus,
799 5472 844 5544 qui
884 5471 917 5527 de
939 5472 1161 5527 transmutatione
1186 5469 1342 5525 immediata
1363 5482 1476 5538 corpora
1497 5464 1674 5537 intelligatur.

886 3395 916 3434 11.
951 3394 989 3433 DE
1009 3394 1192 3441 AEQUALl'l'dTB
1212 3393 1246 3433 AC
1273 3392 1488 3439 tnaeuusutrsrtt
1507 3391 1670 3431 A‘l’OllOllUbi

1167 3475 1232 3513 ΕΗΒ
1252 3473 1395 3513 ssartn'mt.
