3800 5875
522 364 564 418 ΙΝ
586 363 755 419 FELICEM
777 362 993 419 MEMORIAM
1015 364 1275 420 ELIZABETHAE.

452 681 620 756 IMAGO
646 680 829 758 ClVlLlS
855 681 1077 757 AUGUSTI
1104 680 1345 757 CAESARIS.

119 922 263 978 Annosro
285 922 405 986 Casani,
426 923 450 976 si
470 922 514 977 cui
535 923 699 986 mortalium,
718 924 877 993 magnitudo
919 925 992 977 tione
1006 923 1189 994 expediebat;
1211 923 1259 977 sed
1272 923 1348 992 ipsos
1363 922 1431 976 fines
1446 923 1556 978 minime
1571 924 1711 978 ordinave-

77 1003 164 1056 animi
186 1003 276 1056 inerat
296 1002 441 1067 inturbida,
460 1018 563 1065 serena,
586 1011 612 1056 et
632 1003 774 1056 ordinata:
797 1003 877 1073 idque
917 1011 969 1066 rat,
984 1004 1032 1057 sed
1050 1005 1153 1071 impeto
1175 1003 1291 1068 infinito,
1305 1010 1333 1056 et
1345 1001 1418 1055 ultra
1439 1003 1551 1056 mortale
1570 1013 1711 1074 appetens,

77 1082 202 1136 indicant
221 1099 264 1137 res
282 1080 337 1136 illae
351 1082 472 1135 omnium
487 1082 623 1146 maximae,
639 1098 706 1152 quas
720 1082 755 1134 ab
768 1082 878 1136 ineunte
919 1082 1055 1136 ferebatur
1075 1083 1109 1135 ad
1130 1082 1275 1136 ulteriora:
1296 1082 1343 1135 bic
1357 1088 1448 1135 autem
1468 1082 1583 1146 sobrius,
1598 1091 1625 1136 ct
1644 1100 1712 1137 mor-

76 1161 265 1215 adolescentis
279 1160 372 1232 gessit.
415 1162 489 1214 Nam
500 1161 546 1230 qui
560 1161 675 1230 ingenio
688 1163 878 1242 commotiores
919 1161 1032 1215 talitatis
1045 1178 1156 1223 memor,
1171 1161 1253 1215 etiam
1273 1163 1341 1215 fines
1362 1176 1426 1214 suos
1443 1161 1537 1214 ordine
1558 1162 1711 1216 admirabili

76 1250 150 1305 sunt,
167 1241 187 1294 ii
201 1241 258 1294 fere
273 1238 468 1293 adolescentiae
484 1257 533 1309 per
549 1241 639 1294 varios
660 1256 764 1293 errores
785 1242 878 1294 transi·
918 1241 1070 1310 descriptos
1088 1250 1116 1293 et
1135 1240 1247 1295 libratos
1265 1239 1394 1294 habuisse
1408 1239 1482 1293 visos
1500 1247 1548 1295 est
1589 1240 1712 1296 Primum

75 1328 155 1391 gunt,
170 1336 202 1374 sc
217 1320 268 1374 sub
287 1319 404 1374 mediam
423 1328 529 1373 aetatem
549 1319 659 1374 demum
674 1336 703 1374 se
718 1320 876 1373 ostendunt:
918 1321 999 1383 enirn,
1014 1337 1104 1374 reruni
1126 1322 1212 1389 potire
1232 1319 1354 1384 nolebat;
1375 1318 1480 1382 deinde,
1502 1319 1530 1373 id
1550 1321 1666 1391 assequi,
1681 1331 1712 1375 ut

76 1401 178 1471 quibus
203 1406 296 1453 autem
317 1408 413 1452 natura
435 1406 478 1453 est
500 1400 698 1469 compositast
719 1398 835 1468 placida,
856 1399 876 1452 ii
917 1400 1016 1470 dignus
1036 1416 1070 1453 eo
1093 1399 1202 1470 fastigio
1224 1399 1445 1454 existimaretur:
1471 1398 1534 1452 dein
1556 1401 1637 1453 etiam
1658 1400 1711 1455 frni

76 1480 169 1550 prima
183 1480 267 1533 etiam
279 1478 464 1533 aetateflorere
479 1486 601 1548 possunt.
642 1478 732 1549 litque
746 1478 877 1532 cumani·
917 1496 1024 1534 summa
1045 1480 1154 1532 fortuna
1173 1479 1324 1533 homanum
1342 1494 1401 1532 esse
1420 1477 1554 1533 ducebat:
1576 1480 1610 1534 ad
1624 1486 1711 1533 extre-

75 1559 115 1613 mi
138 1559 223 1623 dotes,
238 1558 306 1611 sicut
328 1565 356 1612 et
376 1557 448 1611 bons
468 1558 600 1627 corporis,
615 1558 731 1612 sanitate
752 1558 877 1628 quadam,
918 1576 1002 1623 mum,
1017 1559 1115 1613 addere
1129 1575 1159 1612 se
1172 1560 1263 1623 rebus,
1278 1565 1306 1611 et
1318 1556 1466 1628 imaginem
1485 1564 1513 1610 ct
1526 1558 1651 1613 rinutem
1667 1559 1710 1613 sui

75 1637 292 1708 pulchritudine,
303 1645 330 1690 et
340 1637 442 1692 viribus
452 1637 641 1691 contineantur
655 1645 683 1690 et
696 1636 877 1701 absolvantur,
917 1639 1085 1708 principatus
1103 1638 1203 1692 seculis
1220 1645 1283 1709 post
1296 1653 1326 1691 se
1341 1637 1439 1690 futuris
1456 1637 1610 1706 imprimere
1627 1645 1654 1691 et
1667 1638 1710 1690 in-

76 1718 130 1771 fuit
148 1726 223 1770 certe
238 1716 372 1771 avunculo
384 1715 461 1771 Julio
474 1715 577 1771 viribus
597 1717 681 1770 animi
704 1716 800 1785 impar,
816 1717 877 1786 pul·
917 1718 988 1771 ferre
1009 1717 1201 1772 meditabatur.
1250 1718 1344 1786 Itaque
1365 1717 1453 1786 prima
1474 1724 1553 1771 aetate
1574 1718 1710 1789 potentiae,

75 1795 235 1852 claritudine
250 1803 277 1849 ct
291 1797 406 1849 sanitate
419 1795 551 1866 superior.
596 1796 727 1850 llleenim
740 1796 878 1867 inquietus
918 1797 1008 1851 media
1035 1797 1168 1868 dignitati,
1198 1804 1326 1869 vergente
1353 1795 1544 1867 voluptatibus,
1573 1805 1711 1855 senectute

76 1884 106 1931 et
119 1875 325 1948 incompositus,
337 1876 380 1943 (ut
393 1883 457 1929 sunt
470 1876 527 1929 fere
540 1875 561 1930 ii
575 1876 622 1946 qui
636 1875 767 1929 comitiali
783 1876 878 1929 morbo
916 1876 1056 1931 memoriae
1069 1885 1096 1930 et
1110 1878 1272 1947 posteritati,
1287 1875 1430 1931 serviebat

76 1960 237 2026 tentantur,)
253 1971 282 2008 se
297 1954 413 2009 adfines
436 1971 500 2010 snos
521 1951 700 2009 nihilominus
715 1972 820 2010 summa
834 1972 876 2009 ra-

659 2413 701 2467 lN
723 2413 894 2468 FELICEM
917 2410 1136 2468 MEMORIAM

414 2587 809 2670 ELIZABETHAE
841 2588 1091 2670 ANGLIAE
1122 2586 1388 2671 REGINAE.

122 2851 307 2906 Eutzsasrun
327 2862 354 2905 ct
372 2860 468 2906 natura
490 2861 517 2906 et
538 2852 644 2907 fortuna
662 2850 795 2906 mirabilis
810 2852 882 2906 inter
923 2851 1104 2915 cxbaeredatn,
1119 2858 1175 2904 turo
1191 2848 1345 2920 posthabita
1359 2850 1427 2913 fuit;
1443 2849 1547 2914 cadem,
1559 2866 1644 2920 regno
1659 2850 1713 2902 fra·

78 2930 219 2996 foenrinas,
235 2931 420 2987 memorabilis
439 2933 509 2987 inter
523 2933 668 3003 principes,
684 2931 741 2986 fuit.
782 2932 881 3002 Neque
923 2932 980 2996 tris,
996 2932 1104 2986 fortuna
1118 2931 1206 3002 magis
1220 2930 1340 3001 propitia
1353 2938 1379 2984 et
1393 2947 1496 2993 serena,
1511 2946 1595 3000 regno
1612 2928 1713 2983 sororis

78 3009 142 3065 haec
163 3029 208 3066 res
229 3012 359 3065 indicium
374 3012 502 3066 monachi
523 3013 637 3081 alicujus
658 3020 704 3066 aut
724 3011 880 3080 hujusmodi
921 3012 1010 3082 magis
1021 3011 1127 3066 turbida
1142 3019 1167 3065 et
1182 3011 1293 3080 ancipiti
1309 3028 1357 3064 usa
1371 3017 1420 3066 est.
1461 3010 1559 3079 Neque
1574 3017 1663 3063 tamen
1677 3027 1713 3064 ex

76 3092 203 3145 censoris
231 3091 384 3146 umbratilis
405 3092 559 3147 desiderat:
590 3109 653 3146 nam
678 3091 721 3145 isti
745 3091 879 3156 homines,
920 3091 1036 3145 vinculis
1050 3092 1138 3145 subito
1152 3093 1180 3144 in
1195 3107 1309 3160 regnum
1324 3097 1461 3160 assumpta
1476 3097 1524 3152 est,
1538 3097 1567 3142 ut
1581 3088 1616 3141 ab
1629 3088 1713 3143 infor·

77 3170 153 3239 stylo
166 3189 252 3234 acres,
264 3172 369 3240 judicio
382 3172 511 3242 impares,
527 3181 555 3225 et
568 3172 653 3243 partis
667 3188 723 3224 suto
737 3188 879 3235 memores,
920 3171 996 3225 bunio
1017 3171 1179 3225 exacerbata
1199 3171 1406 3234 intumesceret;
1428 3169 1474 3222 sed
1494 3169 1612 3222 libertati
1632 3168 1712 3221 resti-

75 3267 171 3304 rerum
186 3252 277 3305 minus
292 3251 385 3306 fideles
399 3260 481 3305 testes
495 3262 568 3308 sunt.
609 3251 881 3320 Adprincipesriros
919 3258 988 3314 tuta,
1007 3258 1035 3305 et
1055 3251 1257 3320 exspectatione
1279 3258 1364 3314 aucta,
1385 3257 1441 3302 tum
1459 3249 1569 3302 demum
1590 3265 1712 3318 regnum,

76 3332 203 3400 pertinet
215 3329 275 3385 haec
290 3331 418 3402 cognitio,
433 3341 514 3402 atque
526 3331 560 3385 ad
574 3347 628 3396 cos,
644 3330 690 3401 qui
705 3330 880 3400 imperiorum
920 3331 979 3383 sine
993 3329 1108 3385 tumultu
1122 3337 1170 3383 aut
1183 3330 1366 3399 competitore,
1380 3328 1486 3398 placide
1508 3336 1536 3383 et
1557 3327 1713 3381 felicissime

76 3409 271 3480 gubernacula
286 3419 442 3475 tractarunt,
457 3420 485 3464 et
498 3427 587 3465 rerum
608 3410 730 3464 civilium
745 3412 838 3474 ardua,
853 3419 881 3464 et
919 3409 1044 3463 obtinuit.
1087 3409 1176 3480 Atque
1190 3408 1249 3464 haec
1270 3410 1333 3464 ideo
1347 3409 1513 3470 adducimus,
1527 3414 1557 3460 ut
1575 3415 1712 3479 appareat,

77 3497 303 3545 amaoanomnc
339 3490 442 3543 Rarum
456 3491 484 3544 in
500 3491 571 3544 omni
585 3499 625 3544 cst
640 3489 772 3543 memoria
786 3490 880 3544 mulie·
919 3489 1040 3542 divinam
1055 3490 1259 3559 providentium,
1275 3490 1405 3559 optimam
1426 3488 1579 3558 principem
1599 3488 1712 3541 medita·

76 3569 130 3622 bre
146 3568 308 3639 imperintn:
329 3571 415 3623 rarior
426 3571 455 3624 in
469 3587 503 3624 eo
518 3570 649 3632 felicitas:
672 3569 878 3624 rarissimacum
920 3576 982 3631 tam,
991 3568 1361 3639 peristiusmodidisciplinae
1369 3568 1468 3639 gradus
1476 3585 1535 3621 eam
1545 3583 1712 3637 praeparasse

74 3646 212 3702 felicitate
228 3649 415 3704 ‘diuturnitas
472 3635 525 3703 Illo
549 3666 614 3702 nero
641 3648 878 3722 quadragesimum
919 3655 945 3702 et
959 3649 1101 3703 extulisse.
1130 3650 1229 3720 Neque
1241 3665 1306 3702 sanc
1317 3647 1449 3702 natalium
1463 3646 1589 3717 dignitati
1602 3645 1713 3699 calami·

77 3736 209 3800 quartum
228 3729 306 3799 regni
326 3729 368 3783 sui
387 3745 487 3783 annum
501 3728 664 3799 complerit;
686 3745 774 3799 neque
788 3738 879 3783 tamen
919 3737 961 3781 tas
982 3729 1077 3783 matris
1091 3729 1186 3783 obesse
1200 3728 1298 3792 debet;
1321 3744 1382 3783 cum
1402 3727 1552 3797 pracsertim
1567 3726 1633 3778 satis
1646 3741 1711 3778 con-

74 3806 210 3861 felicitati
223 3823 280 3861 suaa
291 3817 428 3878 superstes
438 3809 497 3862 fuit.
533 3809 575 3861 De
586 3808 638 3862 hac
648 3807 778 3862 felicitate
792 3814 881 3880 pauca
918 3815 979 3870 stet,
989 3809 1140 3862 Henricum
1154 3816 1278 3862 octavum
1292 3809 1367 3877 prius
1383 3807 1468 3860 amori
1482 3820 1650 3874 noro,quam
1664 3804 1712 3860 irae

76 3886 172 3940 dicere
197 3886 311 3950 institui,
335 3904 425 3958 neque
453 3890 481 3941 in
506 3888 600 3941 laudes
624 3905 787 3942 excurrere:
816 3905 878 3942 nam
918 3888 1047 3942 adsersus
1068 3888 1182 3950 Annam,
1201 3886 1362 3951 indulsisse;
1389 3886 1502 3957 ejusque
1522 3885 1596 3955 regis
1616 3891 1713 3938 natura

75 3966 192 4020 laudem
205 3965 330 4021 homines
345 3967 474 4032 tribuunt,
490 3966 648 4021 felicitatem
663 3967 747 4021 Deus.
919 3975 946 4020 et
962 3968 996 4020 ad
1010 3984 1124 4032 amores,
1140 3975 1166 4020 et
1180 3967 1214 4019 sd
1228 3966 1395 4036 suspiciones
1410 3964 1632 4035 propensissime,
1643 3971 1669 4017 et
1683 3965 1713 4017 in

120 4045 245 4099 Primum
259 4045 286 4099 in
302 4055 379 4116 perte
391 4046 529 4101 felicitatis
540 4063 619 4118 pono,
630 4048 701 4117 quod
716 4047 750 4099 ad
764 4047 880 4117 impero·
919 4047 1015 4101 iisdem
1042 4062 1127 4117 usque
1152 4045 1186 4099 ad
1209 4046 1370 4116 sanguinem
1394 4060 1524 4114 praeceps,
1547 4043 1712 4113 posteritatis

77 4125 184 4178 lorium
205 4124 344 4195 fastigium
364 4143 381 4179 a
400 4126 505 4196 privata
518 4128 626 4180 fortuna
646 4134 740 4181 erecta
754 4128 797 4179 sit.
840 4127 879 4180 Si·
918 4136 1010 4179 notam
1032 4142 1086 4180 non
1107 4126 1228 4197 effugiat
1271 4123 1356 4187 Adde,
1372 4124 1444 4194 quod
1457 4124 1652 4186 criminatione,
1667 4124 1711 4177 nel

78 4204 196 4276 quidem
220 4203 272 4259 hoc
296 4205 326 4259 in
346 4206 468 4260 moribus
490 4214 517 4259 ct
538 4206 710 4277 opinionibus
737 4206 879 4260 hominum
918 4222 1044 4275 personae
1057 4205 1196 4274 ipsiusad
1211 4221 1291 4275 quem
1305 4203 1480 4268 reserabatur,
1494 4203 1711 4266 oomine,minos

77 4284 195 4354 penitus
216 4284 322 4348 insedit,
337 4293 368 4338 ut
381 4303 441 4355 quae
455 4294 553 4354 praeter
567 4303 644 4356 spem
658 4294 686 4339 et
699 4285 880 4355 exspectatio·
917 4284 1051 4355 probabili
1066 4292 1094 4338 et
1107 4284 1282 4339 tenuissimus
1296 4283 1457 4352 conjecturis
1477 4282 1580 4345 innixa,
1594 4284 1710 4336 circum·

76 4380 146 4416 nem
168 4363 303 4427 eveniunt,
326 4364 425 4433 majori
453 4365 577 4418 felicitati
603 4365 774 4434 deputentur.
826 4365 880 4418 Sed
919 4373 1001 4417 venta
1020 4372 1092 4427 erat;
1118 4364 1189 4435 quod
1208 4371 1236 4418 et
1252 4363 1332 4426 fama,
1353 4363 1435 4417 etiam
1457 4369 1522 4426 tum,
1544 4362 1658 4426 occulto,
1680 4370 1711 4415 ut

77 4460 135 4495 non
152 4441 205 4496 hoc
219 4453 260 4495 est
275 4444 346 4512 quod
361 4444 437 4508 solor
460 4443 527 4498 illud
541 4444 655 4508 intueor,
669 4444 814 4515 principes,
830 4444 876 4515 qui
917 4443 994 4506 solet,
1009 4461 1146 4498 murmure
1168 4444 1284 4511 excepit,
1299 4450 1326 4497 et
1341 4443 1421 4496 ,luna
1441 4443 1509 4513 ipsa,
1524 4440 1598 4496 celso
1618 4442 1711 4495 animo

77 4524 108 4575 in
130 4523 215 4576 domo
236 4523 397 4592 regnatrice,
421 4532 449 4577 et
475 4524 510 4576 ad
531 4540 607 4594 spem
627 4524 805 4577 successionis
825 4540 879 4576 non
918 4531 945 4577 ct
965 4522 1134 4577 memorabili
1154 4539 1230 4587 voce,
1245 4522 1295 4576 sub
1312 4530 1418 4591 tempos
1433 4521 1526 4576 mortis
1540 4538 1596 4575 sure
1610 4530 1710 4592 protes·

77 4602 196 4655 dubiam
218 4603 310 4655 nutriti
332 4611 401 4667 sunt,
416 4602 451 4655 ab
473 4602 642 4657 educationis
663 4603 831 4672 indulgentia
852 4611 880 4656 et
917 4610 975 4657 tnta
992 4611 1049 4657 est:
1070 4611 1151 4656 nacta
1168 4603 1241 4656 enim
1261 4602 1388 4656 nuncium
1410 4599 1456 4678 (ut
1476 4601 1660 4668 existimabat)
1683 4608 1711 4654 et

78 4681 196 4735 licentia
210 4681 380 4751 depravatos,
396 4682 556 4754 plerumque
571 4690 598 4735 et
612 4681 701 4735 minus
719 4699 834 4752 capaces
853 4691 880 4735 ct
917 4682 1001 4736 fidum
1015 4689 1043 4737 ct
1056 4682 1225 4746 benevolum,
1240 4681 1335 4735 eadem
1348 4680 1425 4743 hora,
1440 4698 1494 4751 qus
1504 4680 1539 4733 ad
1552 4690 1665 4734 mortem
1680 4696 1709 4733 sc

77 4763 173 4814 minus
184 4760 339 4814 moderatos
353 4761 477 4814 erodere.
519 4759 612 4830 ltaque
624 4761 740 4831 optimos
754 4770 781 4815 et
792 4760 879 4815 excel·
917 4762 1040 4831 parabat,
1061 4760 1215 4830 hujusmodi
1235 4761 1362 4815 mandata
1382 4760 1417 4814 ad
1436 4777 1530 4830 regern
1550 4758 1710 4829 perferenda

77 4839 250 4893 lentissimos
265 4856 345 4910 reges
359 4840 489 4910 reperias,
499 4857 567 4910 quos
578 4848 689 4909 utraque
701 4841 807 4895 fortuna
821 4858 879 4894 eru·
917 4841 1010 4898 dedit:
1033 4846 1152 4911 “regem
1172 4841 1201 4893 iu
1221 4841 1281 4910 ipsa
1294 4841 1371 4894 novis
1385 4840 1534 4894 bonoribus
1547 4837 1710 4892 cumulanda

77 4920 147 4973 diit:
170 4919 232 4971 talis
246 4919 318 4988 apud
331 4936 381 4974 nos
396 4919 446 4973 fuit
460 4919 597 4973 Henricus
611 4920 751 4989 septimus,
766 4929 794 4973 et
807 4920 879 4989 apud
916 4921 1067 4975 institutum
1085 4937 1164 4973 suum
1184 4922 1284 4990 optime
1303 4936 1410 4973 servare
1429 4927 1457 4972 et
1477 4926 1608 4988 perpetuo
1622 4917 1708 4981 tueri;

79 4997 179 5052 Gallos
191 4998 345 5053 Ludovicus
359 4998 550 5060 duodecimus:
566 4999 613 5070 qui
627 4999 728 5052 recenti
740 4999 879 5061 memoria,
918 5017 979 5053 cum
993 4999 1069 5052 illam
1083 5001 1208 5070 primum,
1219 5017 1355 5070 generosa
1368 4999 1451 5068 stirpe
1466 5006 1561 5059 ortam,
1576 4995 1623 5071 sed
1635 4996 1710 5049 uobi-

78 5087 107 5131 et
123 5078 222 5131 eodem
244 5079 300 5132 fere
321 5085 452 5148 tempore,
469 5094 524 5132 non
544 5088 646 5132 tantum
668 5094 685 5131 a
703 5079 817 5148 privata,
832 5079 880 5132 scd
919 5078 1005 5132 litatis
1021 5078 1106 5132 titulis
1120 5096 1174 5132 non
1187 5079 1355 5149 insignitam,
1364 5078 1497 5147 dignitate
1505 5073 1711 5130 marchionissae

80 5157 166 5210 etiarn
181 5156 217 5209 ab
232 5157 346 5210 adversa
366 5166 393 5211 et
413 5159 534 5214 exercita
547 5159 661 5222 fortuna,
676 5175 788 5228 regnum
803 5175 880 5211 acce·
920 5166 1049 5222 ornasset,
1063 5157 1160 5211 deinde
1176 5159 1203 5211 in
1218 5159 1295 5229 regni
1318 5167 1345 5212 et
1365 5156 1437 5210 thori
1455 5154 1621 5208 consortium
1635 5171 1710 5207 acce-

78 5253 155 5306 pere,
178 5245 261 5307 atque
286 5236 345 5302 <itte
371 5235 522 5307 prudentia,
545 5237 590 5290 hic
612 5237 732 5304 justitia)
755 5238 877 5291 floruere.
918 5238 1016 5306 piacet,
1031 5246 1056 5290 et
1067 5245 1211 5308 postremo,
1221 5238 1285 5308 quia
1295 5254 1348 5291 non
1360 5235 1478 5289 restabat
1490 5233 1588 5287 terreni
1598 5233 1710 5288 honoris

79 5315 190 5370 Similis
206 5316 259 5369 fuit
273 5325 300 5368 et
315 5316 426 5385 hujusce
446 5316 578 5387 principis
597 5318 681 5380 ratior
710 5317 880 5384 cnjusinitia
918 5315 1018 5387 gradus
1032 5317 1119 5379 altior,
1135 5318 1306 5370 innocentem
1321 5315 1355 5369 ad
1369 5330 1494 5367 coronam
1513 5313 1637 5381 martyrii
1650 5330 1709 5367 ere-

78 5403 107 5449 et
116 5413 183 5466 spes
194 5395 309 5449 variavit
319 5394 432 5459 fortuna,
442 5405 470 5448 ut
481 5396 509 5447 in
520 5396 674 5466 principatu
685 5396 719 5449 ad
728 5404 879 5451 extremum
919 5396 984 5449 herc
1000 5396 1156 5450 voluisset.”
1200 5397 1280 5466 Atqui
1295 5393 1409 5449 nuncius
1428 5392 1476 5446 ille
1490 5393 1525 5445 ad
1539 5409 1641 5462 regem,
1656 5392 1710 5450 olio

78 5492 149 5545 erga
164 5474 576 5545 illamconstansetrcqnabilis
591 5482 671 5529 esset.
707 5477 780 5530 Num
792 5475 879 5530 Eliza·
920 5492 1012 5529 amore
1031 5474 1400 5545 fiagrantemhocpcrferre
1416 5489 1470 5525 non
1491 5479 1641 5538 aususest;
1662 5472 1711 5530 sed

78 5554 167 5608 betha
193 5553 332 5607 natalibus
354 5554 411 5608 suis
435 5555 599 5607 successioni
621 5554 762 5620 destinata,
784 5555 879 5610 deinde
921 5556 995 5608 fama
1009 5555 1130 5609 veritatis
1145 5555 1251 5618 vindex,
1266 5554 1300 5605 ad
1315 5561 1438 5623 posteros
1452 5550 1568 5623 pertulit.
