3800 5875
233 300 292 362 364
750 303 801 359 ΒΕ
821 301 1048 359 anamais
1069 298 1343 359 samartanum.
1738 302 1801 362 Lis.
1820 307 1854 362 V.

171 524 176 535 .
232 462 375 534 losopbiis,
400 470 428 521 et
452 462 589 534 perversis
615 462 722 534 legibus
748 462 1026 518 demonstrationum:
1064 460 1152 515 Tanta
1177 469 1219 516 est
1244 461 1394 516 harmonia
1420 461 1602 532 diacrepmtia
1626 463 1701 518 inter
1727 464 1855 534 spirim

233 560 327 597 rerum
340 542 393 597 boc
407 558 493 613 genus
506 542 635 613 abuegari
649 549 738 611 potest
757 550 785 595 et
797 541 895 611 deponi
907 565 913 603 ς
935 543 1026 612 daque
1063 539 1183 595 hominis
1197 549 1225 594 et
1239 542 1364 610 spiritum
1377 539 1481 595 mundi.

233 621 302 676 illud
314 623 344 676 in
357 623 501 692 presentia
511 622 675 675 omittemus.
719 618 871 690 stratique
885 621 967 691 plane
980 621 1026 674 ob
1103 618 1180 679 Quod
1198 620 1233 673 ad
1252 619 1325 674 idola
1344 636 1442 690 specus
1462 620 1568 683 attinet,
1583 619 1632 673 illa
1650 628 1740 676 ortum
1755 620 1857 676 babent

233 701 322 755 aident
334 710 460 764 mentem,
471 717 558 771 neque
569 716 680 770 prorsus
692 698 772 753 evelli
786 710 906 769 possunt.
939 700 1027 771 Igitur
1063 714 1100 752 ex
1117 699 1228 769 propria
1247 700 1377 769 cujusque
1397 706 1494 753 natura
1513 708 1542 753 et
1560 699 1644 754 animi
1666 709 1696 755 et
1715 702 1855 770 corporis3

233 796 287 834 nou
302 788 349 845 est,
365 780 437 851 quod
449 780 509 850 quis
530 780 560 832 in
581 780 642 833 istis
659 777 823 848 analyticam
844 778 963 849 aliquam
977 795 1026 833 ex·
1063 784 1144 848 atque
1158 778 1242 831 etism
1260 794 1296 832 ex
1313 777 1471 832 educatione
1490 784 1519 832 et
1535 780 1741 843 cousuetudine,
1754 787 1783 834 et
1799 779 1856 834 fur·

233 867 341 928 pecten
362 860 408 913 sed
422 860 543 913 doctriua
556 858 588 912 de
603 857 724 912 elenchis
738 866 778 911 est
791 858 864 911 circs
877 858 939 928 ipsa
952 857 1025 911 idola
1064 856 1140 910 tuitis
1171 856 1259 920 rebus,
1287 874 1349 927 quta
1381 856 1496 927 singulis
1528 857 1688 914 hominibus
1722 859 1854 914 accidunt.

233 938 355 992 doctrina
368 938 505 1007 primaria
537 938 635 1008 Neque
651 937 688 1006 (si
703 953 797 990 verum
810 937 919 990 omnino
933 937 1025 990 dicen·
1063 933 1279 990 Pulcherrimum
1301 935 1375 990 eninr
1396 935 1529 990 emblema
1555 944 1598 990 eat
1623 936 1693 992 illud
1714 937 1749 991 de
1771 954 1853 1009 specu

234 1016 299 1071 dum
312 1016 362 1086 sit)
376 1018 497 1071 doctrina
517 1016 550 1070 de
566 1016 646 1071 idolis
666 1016 695 1070 in
709 1024 796 1070 artem
810 1015 897 1086 redigi
918 1016 1024 1085 possit;
1063 1012 1203 1069 Platonis:
1225 1014 1359 1085 siquidem
1371 1015 1395 1068 si
1408 1015 1469 1085 quis
1479 1016 1576 1084 (missa
1588 1015 1637 1069 illa
1650 1018 1787 1088 exquisita
1803 1034 1852 1087 pa·

234 1097 282 1150 scd
296 1103 401 1151 tantum
414 1095 560 1150 adhibendi
581 1103 630 1158 eat,
644 1094 679 1148 ad
695 1111 729 1148 ea
741 1095 869 1158 cavenda,
884 1094 1025 1165 prudentia
1062 1091 1164 1147 rabolre
1185 1089 1353 1165 subtilitate)
1375 1110 1392 1146 a
1412 1094 1502 1163 prima
1525 1094 1649 1159 infantis,
1670 1097 1699 1149 in
1717 1102 1797 1150 antro
1809 1106 1854 1150 sut

234 1175 358 1246 quedam
370 1174 587 1245 conumplativa.
614 1174 720 1228 Horum
731 1182 820 1228 autem
834 1175 1023 1227 tractationem
1062 1173 1306 1227 caremaohacura
1319 1181 1347 1227 et
1359 1173 1542 1239 subterranea,
1561 1174 1596 1227 ad
1614 1183 1751 1229 maturam
1768 1192 1853 1245 uaqm

233 1253 343 1324 plenam
357 1262 384 1308 et
397 1254 525 1309 subtilem
534 1254 569 1307 ad
577 1269 677 1307 novum
687 1270 818 1323 organum
831 1252 1023 1318 amandemus,
1063 1257 1172 1305 atatem
1185 1251 1303 1323 degeret,
1316 1259 1345 1306 et
1357 1259 1421 1305 tnnc
1440 1252 1585 1323 derepente
1598 1253 1628 1307 in
1641 1263 1740 1325 aperta
1761 1256 1852 1324 prodi·

232 1350 322 1403 pauca
336 1334 501 1405 generaliter
514 1340 617 1387 tantum
631 1332 665 1386 de
678 1333 714 1386 iia
728 1332 781 1385 hoo
794 1331 855 1386 loro
867 1331 975 1386 dicturi.
1062 1338 1111 1393 ret,
1125 1338 1153 1384 et
1165 1330 1237 1385 hunc
1258 1329 1320 1384 coeli
1343 1337 1371 1384 et
1382 1348 1472 1385 rerum
1485 1338 1648 1402 apparatum
1664 1342 1850 1397 contueretur,

274 1412 411 1468 idolorum
429 1414 515 1467 tribus
534 1411 690 1480 exemplum
711 1410 764 1465 tale
783 1411 827 1466 sit.
867 1412 973 1464 Natura
985 1410 1024 1464 in·
1063 1408 1173 1463 dubium
1187 1417 1303 1473 nonest,
1318 1409 1384 1480 quin
1403 1411 1524 1465 animum
1544 1412 1604 1480 ejus
1618 1412 1741 1467 subirent
1754 1422 1782 1466 et
1794 1429 1850 1482 per·

232 1491 357 1547 tellectus
365 1492 477 1546 humani
485 1493 574 1562 magis
584 1491 699 1545 afficitur
707 1490 876 1544 affirmativis
886 1490 1023 1554 etactivis,
1062 1488 1228 1559 stringerent
1254 1488 1458 1559 quamplurimae
1488 1491 1565 1544 mirer
1596 1498 1624 1545 et
1649 1491 1851 1546 absurdissimas

233 1588 315 1642 quam
340 1570 473 1643 negativis
497 1579 525 1624 et
547 1570 700 1640 primitivis,
724 1587 786 1623 cum
810 1570 861 1624 rite
882 1577 909 1623 et
930 1569 1024 1623 ordine
1062 1565 1220 1636 phantasiae.
1261 1568 1321 1622 Nos
1335 1584 1400 1622 vero
1416 1567 1520 1622 scilicet
1538 1569 1589 1624 sub
1607 1580 1719 1640 aspectu
1731 1571 1795 1625 coeli
1807 1572 1850 1625 de·

232 1668 340 1721 tequam
354 1668 384 1705 ae
398 1651 505 1722 utrique
526 1651 647 1719 praebere
664 1649 771 1702 debeat.
812 1649 849 1701 At
867 1647 961 1712 illesi
981 1665 1024 1703 res
1062 1646 1167 1716 gimus;
1188 1647 1291 1701 interes
1305 1654 1396 1701 tamen
1412 1647 1497 1701 animi
1514 1648 1545 1702 in
1563 1650 1687 1704 cavernis
1709 1666 1849 1720 corporum

233 1731 369 1800 quapiam
387 1729 534 1801 aliquando
553 1729 655 1795 existat
673 1734 701 1781 et
721 1735 818 1790 teneat,
833 1727 971 1781 fortiorem
984 1744 1023 1781 re·
1062 1734 1212 1780 suanorum
1225 1726 1389 1790 condumum
1409 1735 1440 1780 ut
1453 1727 1572 1781 infinitas
1589 1745 1712 1783 errorum
1734 1740 1763 1783 et
1775 1729 1847 1782 falsi·

232 1809 302 1879 cipit
324 1809 358 1864 de
380 1825 413 1862 es
435 1808 650 1878 impressionem,
674 1822 755 1877 quam
777 1806 801 1860 si
824 1805 919 1860 eadem
943 1805 1023 1876 longe
1062 1811 1145 1858 tatum
1161 1805 1297 1876 imagines
1314 1805 1424 1860 haunre
1444 1820 1555 1861 neceme
1570 1808 1613 1872 sit,
1627 1807 1652 1861 si
1667 1824 1683 1862 e
1702 1825 1787 1879 specu
1802 1825 1848 1862 soa

232 1886 336 1958 pluries
356 1887 440 1951 fallat,
454 1896 501 1941 aut
519 1888 547 1939 io
568 1885 731 1941 contrarium
750 1886 864 1940 eveniat.
907 1885 938 1938 ld
951 1886 1024 1956 quod
1062 1892 1239 1938 rarotantum
1255 1892 1283 1938 et
1303 1884 1338 1937 ad
1358 1884 1439 1938 breve
1457 1884 1568 1957 aliquod
1586 1895 1694 1957 tempus
1713 1888 1846 1957 prodeant,

233 1967 321 2021 omnis
334 1966 533 2037 superstitionis
543 1973 571 2018 et
582 1982 660 2019 vanae
673 1963 838 2018 credulitatis
852 1965 929 2035 quasi
945 1964 1023 2018 radix
1062 1970 1089 2016 et
1101 1979 1156 2016 non
1169 1963 1198 2016 in
1212 1963 1438 2033 contemplatione
1449 1972 1553 2019 naturas
1565 1974 1708 2037 perpetuo,
1723 1976 1846 2037 tanquam

232 2054 281 2100 est.
324 2047 418 2117 ltaque
433 2052 504 2099 recte
524 2045 663 2114 respondit
679 2043 733 2107 ille,
749 2044 803 2113 qui,
818 2060 879 2098 cum
892 2059 1024 2113 suspensa
1061 2041 1187 2106 subdio,
1210 2051 1355 2097 morentur.
1396 2041 1561 2098 Emblemati
1588 2044 1723 2116 siquidem
1749 2045 1790 2099 illi
1814 2046 1846 2099 de

149 2166 153 2179 .
233 2125 326 2179 tabula
335 2125 365 2179 in
379 2124 480 2194 templo
489 2131 684 2178 monstraretur
694 2139 795 2184 eorum,
806 2123 852 2193 qui
864 2130 928 2175 rota
937 2123 1023 2176 solve·
1061 2137 1144 2189 specu
1157 2119 1278 2176 Platonis
1290 2122 1392 2191 optime
1405 2121 1531 2177 convenit
1542 2123 1674 2194 parabola
1692 2124 1745 2179 illa
1765 2125 1846 2179 Hera·

232 2212 302 2268 rant,
325 2203 396 2274 quod
416 2203 552 2273 naufragii
575 2202 725 2273 periculum
749 2202 916 2271 effugissent,
940 2209 1022 2272 atque
1061 2198 1133 2263 clitir
1154 2201 1227 2271 quod
1240 2200 1366 2255 homines
1379 2201 1507 2256 amentias
1519 2202 1550 2256 in
1561 2204 1668 2258 mundis
1682 2205 1806 2275 propriis,
1819 2214 1845 2258 et

232 2282 422 2354 interrogando
433 2289 604 2353 premeretur,
615 2298 704 2335 annon
714 2288 771 2334 tum
781 2280 889 2334 demum
899 2281 1022 2351 Neptuni
1060 2295 1114 2333 non
1127 2279 1157 2332 in
1170 2280 1270 2334 mundo
1282 2281 1394 2348 maiore,
1408 2288 1538 2351 quaerant.

232 2377 332 2417 numen
353 2362 533 2432 agnosceret?
554 2362 678 2432 quaesivit
696 2360 824 2423 vicissim,
839 2359 875 2413 Δι
894 2360 940 2414 ubi
961 2371 1023 2414 aunt
1100 2358 1138 2412 At
1157 2358 1230 2413 idola
1250 2359 1303 2414 fori
1323 2359 1679 2431 molestissimumque
1699 2377 1736 2415 ex
1749 2360 1844 2416 ioedere

231 2439 273 2494 illi
287 2440 396 2510 depicti,
411 2441 457 2513 qui
472 2448 534 2511 post
543 2447 606 2493 rota
620 2448 774 2511 nuncupata
788 2439 948 2508 perierunt?
971 2439 1021 2493 At·
1060 2439 1142 2491 tacito
1155 2438 1225 2493 inter
1237 2438 1370 2503 homines,
1380 2438 1413 2493 de
1427 2439 1517 2493 verbis
1531 2447 1559 2494 et
1571 2441 1726 2494 nominibus
1739 2441 1845 2511 imposi-

232 2536 285 2590 que
300 2520 394 2574 eedem
408 2527 449 2575 est
469 2520 539 2574 ratio
559 2520 779 2589 superstitionum
800 2518 938 2583 similium,
953 2520 1023 2573 sicut
1060 2518 1103 2581 tis,
1127 2534 1157 2571 se
1180 2517 1400 2572 inintellectum
1423 2518 1602 2574 insinuarunt.
1642 2517 1737 2574 Verba
1759 2529 1845 2574 sutem

232 2598 261 2652 in
289 2600 468 2670 astrologicis,
495 2598 646 2663 insomniis,
674 2598 816 2664 ominibus,
845 2606 873 2652 et
899 2598 1019 2668 reliquis.
1060 2595 1209 2667 plerunque
1222 2614 1259 2651 ex
1277 2607 1359 2667 captu
1376 2596 1452 2668 vulgi
1469 2597 1612 2664 ludunum,
1633 2606 1718 2670 atque
1735 2615 1783 2668 per
1798 2599 1845 2653 dif

234 2677 359 2733 Alterum
374 2679 530 2750 exemplum
548 2685 590 2732 est
609 2677 779 2746 hujusmodi;
800 2677 914 2732 Animus
928 2678 1023 2731 huma-
1060 2675 1197 2740 fereutias,
1211 2675 1430 2747 quarumvulgus
1443 2693 1532 2746 capax
1545 2687 1595 2742 est,
1605 2688 1768 2741 mererent,
1787 2696 1845 2732 eum

232 2772 284 2811 nus
299 2754 377 2833 (cum
392 2760 427 2813 sit
439 2758 500 2827 ipse
519 2757 668 2812 anbsumia
686 2755 797 2827 aequalis
817 2764 847 2810 et
862 2754 1021 2831 uniformis)
1060 2763 1152 2809 autem
1165 2753 1317 2810 intellectus
1335 2755 1510 2821 acutionem
1528 2757 1682 2811 observatio
1695 2758 1846 2828 diligentior

232 2837 362 2904 majorem
383 2836 567 2907 praesupponit
587 2843 616 2890 et
636 2836 741 2907 afflugit
762 2836 792 2889 in
813 2842 909 2890 natura
931 2853 1022 2890 rerum
1060 2850 1104 2887 res
1134 2833 1232 2889 melius
1264 2834 1429 2905 distinguere
1461 2834 1534 2899 velit,
1565 2837 1651 2890 rerba
1682 2837 1843 2907 obstrepant.

232 2916 414 2987 equalitatem
442 2924 470 2971 et
496 2916 715 2980 uniformitatem,
740 2931 823 2987 quam
849 2932 943 2970 revera
971 2923 1020 2970 est
1060 2913 1135 2975 Quod
1148 2929 1212 2969 vero
1224 2913 1308 2983 hujus
1320 2914 1469 2969 remedium
1478 2920 1519 2969 est
1532 2912 1722 2989 (definitiones
1731 2916 1843 2983 scilieet)

233 2994 307 3051 Hinc
329 3005 509 3052 commentum
532 2996 792 3059 mathematicorum,
810 2996 841 3049 in
866 2996 1022 3050 caelestibus
1059 2993 1088 3045 iu
1109 2993 1233 3064 plurimis
1250 2994 1314 3049 hnic
1334 2994 1409 3048 malo
1425 2995 1527 3049 mederi
1547 2996 1650 3066 nequit,
1672 2997 1799 3067 quoniam
1818 3003 1842 3049 et

232 3076 323 3128 omnia
348 3076 451 3130 moveri
478 3093 529 3146 per
555 3075 670 3129 circulos
701 3074 844 3144 perfectos,
875 3075 1022 3143 rejiciendo
1059 3073 1126 3142 ipsae
1139 3073 1311 3128 definitiones
1321 3074 1455 3128 exrerbis
1465 3081 1596 3137 constent,
1606 3077 1728 3129 etrerba
1737 3077 1844 3147 pignam

232 3152 322 3208 lineas
335 3155 467 3225 spinales:
488 3154 553 3208 hinc
567 3156 649 3208 ctiam
663 3155 700 3218 fit,
716 3155 787 3224 quod
799 3172 861 3208 cum
875 3154 1022 3209 multasint
1060 3152 1150 3206 verba.
1191 3151 1250 3207 Etsi
1271 3160 1362 3208 autem
1379 3161 1506 3223 putemus
1518 3154 1609 3207 uerbis
1621 3157 1724 3209 nostris
1739 3166 1790 3209 uos
1800 3155 1845 3208 im-

232 3232 261 3286 in
283 3241 379 3288 natura
405 3233 554 3298 monadica,
576 3241 603 3287 et
623 3232 704 3304 plena
721 3233 891 3303 imparitatis,
910 3234 1023 3304 affingat
1059 3247 1170 3300 peram
1191 3231 1299 3286 etillud
1311 3231 1393 3286 facile
1406 3233 1481 3286 dictu
1493 3232 1537 3298 sit,
1554 3232 1736 3303 Loquendum
1749 3241 1844 3289 meent

232 3318 323 3367 tamen
337 3330 445 3383 semper
458 3313 587 3384 cogitatio
605 3312 732 3377 humana,
748 3312 868 3376 relativa,
883 3312 1020 3382 parallela,
1059 3309 1162 3380 vulgus,
1184 3310 1353 3365 sentiendum
1372 3319 1405 3366 ut
1423 3312 1575 3380 sapientem
1597 3313 1754 3383 quinetiam
1772 3328 1843 3367 roca·

231 3399 260 3445 ct
278 3393 437 3463 coniugam
458 3393 493 3446 ab
512 3392 564 3446 hoc
583 3393 655 3446 euim
675 3391 748 3445 fonte
767 3391 931 3446 elementum
948 3392 1021 3461 iguis
1059 3389 1123 3443 bula
1141 3391 1240 3444 artium
1255 3393 1329 3462 (quas
1347 3391 1420 3460 apud
1438 3391 1542 3461 peritos
1558 3390 1650 3446 solum
1668 3392 1772 3461 valent)
1786 3390 1843 3446 huic

231 3486 293 3525 eum
317 3472 381 3525 orbe
406 3487 456 3526 suo
476 3471 659 3526 introductum
680 3480 722 3524 est
747 3471 782 3525 ad
805 3472 1021 3525 constituendam
1059 3469 1099 3522 rei
1122 3468 1278 3523 merucesc
1299 3469 1384 3523 rideri
1406 3470 1528 3541 possintr
1557 3479 1585 3524 et
1607 3470 1780 3526 definitiones
1798 3468 1843 3544 (de

232 3552 438 3620 quaternionem
451 3568 513 3605 cum
527 3550 640 3622 reliquis
654 3550 745 3614 tribus,
761 3561 840 3614 terra,
855 3567 934 3619 aqua,
948 3554 1019 3604 aire.
1059 3548 1157 3619 quibus
1177 3547 1310 3619 diximus)
1327 3549 1430 3603 artibus
1448 3550 1595 3619 premissus
1614 3550 1777 3616 (secundam
1789 3567 1846 3620 ptu-

232 3629 357 3684 Cbemici
377 3639 468 3685 autem
488 3631 631 3684 fanaticam
652 3629 836 3683 instruxerunt
855 3646 944 3683 rerum
963 3629 1021 3683 uni·
1059 3626 1176 3681 deum
1194 3626 1459 3698 mathematicorum)
1478 3628 1672 3684 vocabulorum
1692 3647 1789 3700 pravae
1805 3645 1844 3682 ar·

230 3725 369 3763 versurum
382 3709 556 3781 phalangem,
571 3709 732 3763 inanissimo
741 3717 892 3763 commento
905 3709 1021 3762 inveniri
1059 3707 1197 3776 captiones
1217 3707 1353 3777 corrigere
1375 3707 1500 3771 valeant3
1535 3715 1656 3763 attamn
1677 3708 1739 3764 haec
1761 3709 1845 3764 omnia

232 3787 377 3857 fingentes,
388 3789 416 3842 in
431 3797 546 3858 quatuor
557 3787 614 3842 illis
628 3788 685 3841 suis
693 3788 835 3841 elementis
846 3784 937 3861 (caelo,
948 3792 1020 3853 aire,
1058 3802 1113 3840 non
1136 3786 1279 3850 sufficiunt,
1303 3802 1358 3855 quo
1377 3786 1465 3841 minua
1485 3786 1629 3842 verborum
1653 3789 1799 3860 prestigia
1819 3795 1845 3841 et

231 3881 311 3936 aqua,
326 3875 355 3920 et
368 3864 458 3940 terra)
478 3868 583 3938 species
601 3866 722 3937 singulas
743 3865 887 3936 parallelas
905 3868 1020 3921 invicem
1058 3864 1253 3918 incantationes
1268 3864 1391 3935 plurimis
1404 3865 1491 3919 modis
1504 3865 1641 3934 seducant,
1656 3876 1685 3922 et
1698 3870 1756 3922 vim
1767 3884 1847 3939 quan·

231 3951 260 3997 et
290 3947 449 4001 conformes.
490 3947 612 4001 Tertium
637 3945 794 4016 exemplum
821 3952 862 4000 eat
887 3947 1020 4015 superiori
1058 3943 1121 3998 dans
1141 3943 1290 3998 intellectui
1313 3944 1423 4009 faciant,
1444 3952 1472 3999 et
1494 3945 1626 4015 impeturn
1653 3963 1734 4002 suurn
1762 3953 1845 4016 (more

230 4023 391 4081 finitimum:
412 4026 485 4097 quod
498 4026 580 4080 homo
588 4025 634 4079 ilat
647 4026 725 4097 qussi
738 4041 833 4080 norma
845 4033 872 4078 et
881 4025 1020 4095 speculum
1058 4022 1230 4077 Tartarorunr
1244 4023 1439 4095 aegrescente)
1453 4031 1525 4078 retro
1538 4025 1567 4078 in
1580 4025 1751 4081 intellectum
1765 4025 1845 4094 (unde

229 4109 350 4158 natura:
370 4105 549 4176 nequeenim
567 4104 698 4159 credibile
717 4103 814 4180 est(si
833 4105 941 4175 singule
961 4121 1020 4175 per-
1058 4102 1179 4171 profecta
1192 4101 1266 4171 sunt)
1281 4109 1459 4173 retorqueant.
1498 4103 1587 4164 Quare
1604 4103 1713 4171 altiore,
1730 4116 1759 4160 et
1777 4122 1846 4158 noro
1883 4123 1884 4126 ¹

230 4189 371 4237 currantur
398 4191 426 4237 et
449 4179 591 4256 notentur)
614 4191 743 4255 quantum
765 4199 864 4254 agmen
888 4184 1020 4237 idolonun
1059 4182 1175 4251 quodam
1192 4182 1320 4247 remedio,
1334 4181 1435 4236 adhoc
1452 4181 1553 4236 malum
1571 4199 1640 4252 opus
1655 4191 1706 4239 est.
1747 4184 1845 4238 Verum

230 4259 414 4330 philosophie
435 4263 579 4317 immiserit
597 4261 760 4317 naturalium
778 4262 965 4332 operationum
985 4262 1020 4315 ad
1058 4260 1117 4314 hoec
1134 4262 1192 4328 jam
1214 4262 1313 4316 cursim
1335 4261 1549 4332 perstringimus,
1567 4262 1679 4318 interim
1699 4263 1844 4318 desiderari

230 4338 435 4395 similitudinem
455 4342 592 4397 actionum
613 4342 793 4396 humanamrn
810 4342 946 4396 reductior
967 4341 1020 4395 hoc
1057 4341 1265 4410 pronunciantes
1279 4341 1349 4395 banc
1364 4341 1521 4404 doctrinam,
1535 4358 1617 4412 quarn
1631 4341 1763 4397 elenchos
1774 4359 1845 4411 mag·

230 4417 327 4486 ipsum,
341 4419 461 4490 iuquam,
482 4421 554 4492 quod
568 4429 678 4491 putetur
697 4420 764 4474 talia
783 4430 906 4476 naussum
920 4421 1019 4485 facere,
1056 4435 1114 4484 noa
1128 4419 1184 4474 sive
1199 4420 1232 4474 de
1246 4420 1326 4474 idolis
1339 4420 1424 4474 animi
1437 4419 1549 4474 humani
1569 4421 1669 4477 satiris
1683 4429 1713 4477 et
1726 4422 1844 4476 admuti-
1882 4469 1883 4472 ,

231 4495 503 4566 qualishomofacit.
544 4500 643 4571 Neque
662 4500 746 4555 multo
758 4500 946 4554 meliorasunt
959 4501 1019 4564 ista,
1057 4497 1110 4563 tiis,
1124 4498 1330 4569 appellabimur.
1371 4499 1439 4567 Ejus
1452 4507 1543 4554 autem
1556 4502 1750 4556 tractationem
1758 4500 1844 4572 legiti-

230 4592 312 4645 quam
338 4576 451 4632 haeresis
474 4577 815 4650 anthropomorphitarum,
837 4580 867 4633 in
887 4578 964 4633 cellis
987 4597 1019 4633 ac
1056 4594 1128 4632 mam
1142 4578 1177 4632 ad
1190 4579 1329 4649 Organum
1344 4578 1455 4632 Novum
1468 4578 1621 4632 referimus.

229 4653 374 4709 solitudine
396 4655 564 4725 stupidorum
580 4657 774 4712 monachorum
792 4667 865 4712 orta:
890 4666 936 4713 aut
955 4675 1019 4712 sen·
1097 4657 1226 4726 Superest
1236 4657 1302 4712 artis
1312 4657 1450 4726 judicandi
1464 4657 1603 4726 appendix
1616 4658 1743 4728 quasdam
1758 4658 1842 4729 insig-

230 4734 316 4787 teotia
331 4731 444 4804 Epicuri
463 4735 527 4789 huic
544 4737 598 4808 ipsi
618 4736 648 4790 in
665 4738 827 4808 paganismo
845 4738 1018 4807 respondens,
1056 4735 1107 4800 nis,
1131 4754 1211 4806 quam
1236 4738 1319 4791 etiarn
1341 4736 1487 4791 desiderari
1511 4737 1663 4791 staudmus.
1706 4738 1842 4809 Siquidem

230 4813 277 4882 qui
291 4812 344 4866 diis
358 4813 504 4868 humanam
518 4815 633 4887 figuram
649 4817 793 4871 tribuebat.
833 4816 937 4871 Atnon
951 4833 1019 4886 opus
1057 4815 1217 4870 Aristoteles
1230 4834 1289 4870 rem
1301 4817 1412 4880 notavit,
1426 4814 1535 4870 modum
1555 4815 1595 4870 rei
1609 4816 1710 4871 nullibi
1724 4834 1843 4888 persecu·

228 4890 283 4946 fuit
296 4891 403 4946 Velleio
416 4893 552 4963 Epicureo
564 4895 740 4966 interrogare,
755 4895 811 4950 Cur
828 4895 902 4949 Deus
920 4895 1019 4950 coelum
1055 4901 1164 4949 tuaest.
1202 4895 1245 4948 Ea
1257 4903 1362 4958 traam,
1373 4893 1467 4966 quales
1478 4895 1723 4951 demonstrationes
1736 4897 1771 4950 ad
1783 4912 1843 4968 qua·

229 4970 318 5026 stellis
331 4979 359 5026 et
367 4971 523 5036 luminibus,
534 4981 664 5044 tanquam
674 4974 768 5039 sedilis,
778 4975 924 5030 ornasset?
944 4974 1019 5029 Nam
1056 4973 1096 5029 les
1116 4974 1253 5040 materias,
1276 4975 1334 5029 sire
1354 4974 1483 5042 subjecta,
1503 4972 1635 5044 applicari
1656 4976 1790 5039 debeant3
1814 4983 1843 5029 ut
1880 4977 1881 4982 ’

229 5049 390 5107 sisummtu
403 5050 450 5105 ille
465 5052 560 5122 opifex
572 5052 728 5107 admodum
738 5054 824 5108 aedilis
836 5071 865 5109 se
879 5054 1017 5124 gessisset,
1055 5053 1115 5108 haec
1142 5053 1263 5107 doctrina
1289 5060 1419 5123 tanquam
1441 5052 1624 5122 judicationes
1649 5055 1843 5123 judicationem

229 5129 259 5183 in
272 5130 416 5199 pulchram
433 5130 553 5201 aliquem
570 5139 598 5185 et
614 5131 767 5202 elegantem
787 5134 907 5188 ordinem
925 5132 1018 5187 stellas
1056 5132 1198 5187 contineat.
1230 5133 1339 5203 Optime
1353 5132 1427 5187 enim
1441 5131 1608 5197 Aristoteles,
1623 5134 1726 5205 Neque
1739 5134 1844 5188 demon·

229 5208 355 5279 digerere
369 5210 514 5276 debuisset,
529 5210 650 5282 operosis
668 5209 831 5282 palatiorum
845 5212 1019 5284 laquearibus
1056 5212 1199 5267 meones
1212 5214 1248 5267 ab
1261 5212 1419 5275 oratoribus,
1437 5229 1527 5283 neque
1546 5212 1689 5269 suasiones
1707 5231 1725 5267 a
1742 5213 1843 5268 mathe-

228 5288 414 5354 consimilem3
442 5307 504 5344 cum
525 5298 650 5344 econtra
672 5307 744 5361 oegre
764 5291 824 5362 quia
844 5292 974 5357 ostendat,
988 5292 1017 5346 in
1056 5291 1163 5346 maticis
1179 5292 1280 5362 requiri
1294 5291 1392 5346 debere
1406 5300 1505 5346 monet.
1546 5291 1585 5344 Ut
1598 5292 1622 5345 si
1637 5293 1667 5347 in
1680 5292 1844 5364 probationis

229 5373 286 5420 tam
299 5367 405 5423 infinito
418 5368 558 5424 stellarum
578 5385 691 5424 numero
708 5371 824 5441 figuram
843 5370 1018 5441 aliquamvel
1056 5387 1155 5439 genere
1181 5370 1328 5436 aberretur,
1353 5370 1486 5439 judicatio
1510 5370 1572 5441 ipsa
1599 5387 1655 5425 non
1683 5372 1841 5427 absolvatur.

228 5444 395 5514 quadratam,
427 5447 473 5504 rel
504 5448 705 5521 uiaogularern,
733 5448 778 5504 rel
808 5448 1017 5506 rectilinearem.
1056 5449 1245 5511 Quandovero
1258 5451 1315 5506 sint
1331 5458 1446 5522 quatuor
1462 5450 1724 5508 demonstrationum
1735 5467 1844 5525 genera,
