3800 5875
51 324 124 381 Cae.
141 324 196 380 ΙΙΙ.
586 328 637 382 DE
659 327 884 384 AUGMENTIS
905 328 1179 386 SCIENTIARUM.
1623 332 1680 386 tta

48 482 175 546 violetur,
200 490 283 555 atque
304 489 335 536 ut
351 491 459 538 nearent
479 484 603 553 inJ‘uriae3
625 488 674 541 aed
695 487 850 542 extenditur
887 488 947 553 riri,
963 495 991 542 et
1003 489 1150 545 secundum
1172 489 1360 543 discretionem
1374 505 1476 552 sanam,
1491 490 1547 543 aive
1562 489 1616 542 illae
1637 508 1681 544 cu-

47 563 130 616 etiarn
142 563 178 615 ad
189 562 360 633 religionem,
371 571 398 616 ct
411 579 492 628 arma,
503 573 530 618 et
543 564 722 635 disciplinam,
732 574 760 620 et
769 583 847 621 orna·
888 568 936 623 riae
950 569 1052 623 fuerint
1065 569 1207 640 praetoriae,
1221 570 1278 623 aive
1292 568 1432 623 censoriae.

46 649 148 703 menta,
162 651 191 695 et
207 658 283 712 epea,
307 641 423 712 denique
442 642 477 696 ad
498 644 590 697 omnia
610 645 682 698 circa
702 646 772 699 bene
788 662 848 700 ecre

47 721 176 775 ciritana.
887 740 926 780 on
939 741 1079 782 raooeaau
1098 743 1135 781 ao
1149 740 1266 791 atterere,
1281 742 1317 780 ar
1329 741 1556 782 exranerouiana
1571 740 1679 781 areum.

439 859 465 898 V.
1168 865 1346 905 aenoatstms
1361 865 1400 905 11.

86 953 170 1009 Finis
192 955 267 1008 enim
282 960 311 1007 et
324 970 431 1023 acapna,
445 971 526 1024 quem
547 955 622 1026 legen
644 955 751 1020 intueri,
766 963 847 1027 atque
926 960 958 1013 ln
973 960 1082 1016 caribua
1101 960 1208 1014 omissis
1228 958 1385 1013 deducenda
1399 963 1440 1012 eat
1459 973 1556 1011 norma
1577 956 1647 1027 legia
1662 973 1679 1011 a

47 1032 176 1103 adquem
183 1033 322 1101 jussiones
335 1040 363 1086 et
373 1034 527 1087 aanctionea
538 1050 602 1089 auae
612 1035 730 1104 dirigere
741 1035 847 1100 debent,
885 1038 1038 1104 similibua3
1071 1039 1118 1094 aed
1139 1046 1225 1102 caute,
1240 1046 1342 1093 etcum
1361 1036 1483 1105 judicio:
1512 1036 1586 1089 cirea
1607 1036 1678 1107 quod

47 1130 99 1165 non
114 1112 189 1167 aliua
203 1120 254 1177 eat,
266 1128 347 1181 quam
357 1118 388 1166 ut
402 1112 476 1167 cirea
489 1112 605 1167 feliciter
618 1114 733 1185 degant:
754 1115 782 1168 id
793 1115 847 1178 fiet,
886 1118 1026 1173 aervandre
1039 1126 1102 1174 aunt
1122 1117 1224 1190 regulae
1247 1124 1401 1188 requenter.
1442 1115 1525 1169 Ratio
1547 1115 1677 1185 prolifiea,

46 1194 67 1245 ai
82 1192 189 1262 pietate
204 1199 235 1246 et
255 1190 387 1262 religione
401 1198 476 1246 recte
497 1192 630 1257 institutie
660 1193 781 1248 moribus
799 1194 848 1249 bo-
885 1199 1051 1253 consuetudo
1063 1198 1162 1252 sterilia
1181 1206 1246 1261 cato,
1259 1213 1311 1251 nec
1324 1202 1437 1266 generet
1449 1211 1537 1249 casua.
1580 1195 1677 1264 ltaque

45 1272 133 1335 neatie
159 1271 248 1326 armis
262 1271 390 1324 adrasus
402 1268 495 1325 hoctea
517 1278 644 1326 externos
666 1273 715 1327 tuti
724 1295 732 1336 ;
755 1272 847 1344 legum
886 1277 959 1349 quod
972 1286 1065 1332 contra
1078 1278 1211 1332 rationem
1222 1277 1294 1345 juria
1315 1283 1453 1345 receptum
1474 1281 1523 1337 eat,
1536 1273 1581 1328 rel
1594 1276 1676 1328 etiam

45 1350 150 1405 rumbo
174 1350 307 1404 adversm
321 1348 468 1404 seditiones
482 1358 509 1404 et
522 1351 643 1421 priuatae
657 1351 771 1420 injuriae
785 1369 846 1406 mu·
885 1357 931 1410 ubi
955 1358 1025 1411 ratio
1044 1357 1103 1425 cjua
1127 1364 1168 1412 eat
1188 1356 1310 1422 omenta,
1323 1371 1379 1409 non
1401 1352 1562 1409 trahendum
1585 1351 1676 1407 estad

45 1430 110 1492 niti;
148 1430 269 1499 imperio
292 1436 321 1482 et
343 1429 547 1500 magistratibus
569 1430 771 1501 obsequenteac
802 1448 848 1485 co·
885 1436 1115 1508 consequentiam.

45 1507 697 1578 piiaetopibualocnpleteaetflorenteafuerint.
741 1510 847 1566 Harum

46 1596 138 1641 autern
152 1604 247 1641 renim
260 1587 437 1642 instrumenta
451 1596 478 1642 et
491 1588 568 1643 nervi
582 1597 645 1643 aunt
657 1588 741 1661 leges.
1251 1573 1305 1612 ¹¹¹·

923 1667 1030 1722 Bonum
1044 1640 1183 1737 publicum
1196 1666 1304 1736 insigne
1317 1666 1390 1736 rapit
1405 1666 1440 1719 ad
1453 1681 1483 1719 ae
1498 1681 1578 1719 canus
1592 1665 1675 1719 omia·

430 1727 469 1766 vr.
885 1763 937 1801 30⁸·
989 1746 1176 1812 Quamobrem,
1200 1746 1309 1817 qnando
1331 1745 1379 1800 lex
1402 1745 1494 1816 aliqua
1516 1743 1674 1814 reipublicae

84 1819 177 1889 Atque
201 1818 276 1873 bunc
300 1819 383 1875 finem
410 1821 520 1890 optimae
544 1820 621 1892 leges
645 1831 845 1894 aaaequunture
885 1826 1026 1880 commoda
1037 1826 1191 1881 notabiliter
1204 1834 1233 1880 ct
1246 1826 1377 1894 majorem
1391 1824 1420 1879 in
1433 1824 1542 1878 modum
1555 1824 1675 1877 intuetur

46 1898 173 1968 plurimae
184 1914 250 1953 vero
261 1899 382 1967 ipsarum
393 1899 527 1953 aberrant.
562 1899 652 1971 Legea
663 1902 736 1955 enim
747 1903 846 1956 mirum
885 1912 913 1958 et
937 1912 1069 1975 procurat,
1094 1905 1282 1977 interpretatio
1305 1904 1364 1973 ejue
1388 1903 1531 1959 extenaiva
1555 1910 1621 1968 ento,
1646 1909 1674 1956 et

46 1979 73 2030 in
87 1978 209 2041 modum,
224 1985 253 2031 et
266 1979 388 2032 maximo
400 1977 551 2042 intervallo,
565 1978 636 2032 inter
657 1996 686 2034 ae
700 1980 845 2036 differunt:
884 1984 1026 2055 amplians.

48 2068 75 2109 nt
88 2057 152 2110 alioe
167 2055 314 2121 excellant,
329 2055 390 2112 alite
405 2057 622 2112 mediocriterne
642 2057 769 2124 habeant,
784 2060 847 2116 alite

48 2152 157 2203 prorsus
170 2136 280 2190 vitioaee
293 2137 355 2189 aint.
402 2136 574 2191 Dictabimua
588 2137 671 2208 igitur
685 2154 734 2208 pro
749 2140 846 2207 iudicii

47 2214 132 2268 nostri
151 2213 264 2268 modulo
285 2214 414 2285 quaedam
432 2222 561 2286 tanquam
573 2214 667 2288 legum
686 2216 779 2289 legen
810 2237 846 2275 ex
922 2214 1028 2271 Durum
1048 2224 1096 2281 eat,
1112 2224 1237 2288 torquere
1251 2216 1335 2286 legen,
1349 2215 1385 2270 ad
1409 2214 1470 2278 boc,
1484 2221 1516 2268 ut
1530 2222 1674 2287 torqueant

48 2294 145 2363 quibua
158 2293 318 2347 informatio
331 2294 387 2363 peti
402 2294 494 2363 poaeit,
510 2295 576 2366 quid
597 2296 626 2349 iu
640 2295 756 2368 singulia
774 2297 844 2370 legi·
883 2294 1016 2349 hominen.
1056 2295 1121 2350 Non
1135 2295 1224 2366 placet
1233 2296 1317 2366 igitur
1331 2293 1441 2349 extendi
1451 2293 1528 2365 legea
1541 2294 1672 2365 poenalca,

48 2373 94 2426 bna
108 2373 180 2426 bene
195 2378 243 2426 aut
258 2388 402 2442 perperam
416 2373 535 2444 positum
549 2382 598 2429 aut
610 2378 784 2431 constitutum
798 2379 843 2432 ait.
882 2373 969 2429 multo
985 2373 1076 2431 minua
1094 2374 1232 2445 capitalea,
1247 2374 1282 2429 ad
1305 2373 1404 2429 delicta
1422 2389 1501 2428 nova
1553 2374 1629 2435 Quod
1648 2376 1673 2430 ai

882 2454 985 2508 crimen
994 2461 1072 2508 retua
1085 2454 1173 2520 fuerit,
1183 2462 1213 2509 et
1224 2453 1332 2526 legibue
1345 2452 1505 2518 natumsed
1518 2454 1673 2525 prosecutio

882 2532 940 2599 eJua
947 2532 1670 2604 incidatineaaumnovumalegibuanouproriaume

1245 2121 1312 2161 xttt.

412 2516 474 2555 vlt.

85 2612 242 2683 Antequam
257 2628 324 2666 vero
347 2612 381 2665 ad
395 2628 492 2682 corpus
513 2612 602 2681 ipsum
622 2612 715 2683 legum
728 2613 845 2683 particu-
882 2611 992 2666 omnino
1001 2611 1141 2667 recedatur
1150 2628 1167 2665 a
1177 2612 1287 2683 placitis
1297 2613 1374 2680 juria,
1386 2611 1559 2682 potiuaquam
1570 2611 1671 2667 delicta

49 2690 143 2746 larium
165 2692 362 2754 deveniamua3
391 2691 605 2762 perstringemus
615 2692 710 2761 paucio
731 2691 844 2746 virtuter
882 2699 1008 2746 maneant
1021 2691 1162 2762 impunita

49 2779 74 2822 et
93 2770 242 2841 dignitates
261 2769 355 2841 legum
369 2770 397 2824 in
411 2787 519 2840 genere.
559 2770 621 2826 Lex
643 2771 715 2825 bona
738 2771 843 2826 centeri

49 2850 220 2922 ponitque
244 2848 282 2904 ait
302 2849 472 2904 intimatione
494 2856 576 2914 certa,
601 2858 740 2921 praecepto
759 2851 842 2919 juata,

50 2930 207 2985 executione
220 2928 383 2994 commodae
411 2946 473 2984 cum
495 2928 582 2985 forma
596 2929 700 3002 politiae
714 2947 841 3002 congrua,
922 2922 956 2978 In
969 2923 1083 2988 Mutii,
1098 2941 1158 2996 quw
1176 2922 1223 2992 lut
1247 2937 1388 2976 ⁰⁰¹¹1m¹¹¹¹0
1413 2922 1574 2992 (Pfaeoeffim
1597 2923 1671 2980 cim

49 3019 74 3062 et
86 3025 220 3080 generans
233 3009 362 3063 virtutem
376 3009 405 3063 in
418 3009 541 3064 subditis.
880 3019 921 3066 ea,
932 3021 994 3074 qum
1003 3002 1158 3074 frequenter
1168 3001 1296 3065 incidunt,
1307 3008 1335 3056 et
1345 3000 1391 3055 diu
1402 3001 1574 3070 coaluerunt)
1587 3002 1669 3074 plane

880 3082 1020 3154 abrogant,
1034 3098 1089 3137 non
1103 3080 1192 3152 placet
1212 3080 1323 3150 procedi
1341 3096 1391 3150 per
1411 3078 1616 3137 similitudinem
1634 3083 1670 3138 ad

340 3182 504 3238 TITULUS
528 3183 553 3236 Ι.
880 3177 959 3216 casua
974 3162 1097 3216 omieaoa.
1138 3160 1254 3222 Quando
1268 3160 1341 3213 enirn
1360 3159 1515 3230 respublica
1529 3168 1586 3215 tota
1607 3160 1669 3234 lege

880 3240 927 3295 diu
950 3241 1074 3305 caruerit,
1099 3240 1178 3311 idque
1202 3240 1231 3293 in
1256 3238 1364 3295 caaibua
1387 3240 1541 3309 exprcaaiar
1572 3257 1668 3311 parum

97 3337 132 3375 na
145 3337 238 3376 aaran
252 3335 417 3376 orourrnra
430 3338 536 3385 aranu,
552 3337 590 3377 ur
605 3338 671 3375 etur
686 3338 792 3378 naara.
879 3320 993 3390 periculi
1008 3327 1057 3384 eat,
1071 3319 1096 3375 ai
1115 3335 1194 3374 caaua
1216 3317 1310 3374 amiati
1331 3324 1476 3388 expectent
1489 3320 1638 3375 remedium
1652 3337 1670 3375 a

880 3405 1073 3454 statutonovo.

1248 2828 1308 2867 xlv.

316 3475 500 3515 aenonrsuua
515 3476 576 3513 rur.

86 3566 169 3638 legia
184 3575 289 3621 tantum
303 3568 417 3622 intereat
429 3573 461 3621 ut
474 3574 549 3622 certa
564 3567 606 3630 ait,
619 3574 651 3620 ut
672 3566 774 3637 absque
787 3567 840 3622 boc
1250 3539 1297 3577 μ’
1394 3633 1400 3645 ¹

53 3661 97 3699 nec
108 3647 183 3716 juata
196 3663 257 3700 eaae
271 3647 368 3715 poscit.
409 3652 426 3678 ‘⁶
440 3646 469 3700 Si
494 3646 568 3701 enirn
591 3646 721 3699 incertam
745 3663 840 3701 vocem
919 3633 1110 3704 statutaque
1129 3634 1273 3688 manifesto
1287 3639 1417 3702 tempona
1438 3632 1514 3703 leges
1528 3633 1612 3698 fuere,
1626 3641 1668 3690 at·

54 3725 93 3777 det
105 3726 178 3789 tuba,
192 3726 255 3797 quis
269 3743 299 3779 ,ρ
317 3725 425 3796 parabit
447 3726 483 3780 ad
504 3724 605 3779 bellum
617 3726 653 3778 pv
700 3724 839 3789 semiliter,
879 3730 931 3783 que
946 3730 982 3767 ex
995 3712 1181 3768 occasionibus
1194 3711 1350 3782 reipublice
1363 3720 1427 3766 tunc
1440 3712 1668 3769 invalescentibus

55 3804 215 3859 siinoeftgm
228 3821 323 3858 vocem
337 3805 381 3859 det
394 3804 448 3869 lex,
464 3806 525 3875 quiq
539 3821 568 3858 ge
579 3804 687 3874 parabit
700 3803 734 3857 nd
745 3821 840 3873 paren.
878 3801 968 3856 natte3
989 3800 1093 3846 mutata
1106 3794 1211 3846 milone
1225 3800 1383 3861 temporum,
1399 3791 1466 3846 Ball!
1479 3790 1588 3857 babent,
1599 3809 1622 3847 81
1638 3810 1668 3849 88

55 3881 132 3938 dum?
174 3884 212 3938 Ut
226 3891 336 3938 moneat
348 3884 433 3955 igitur
452 3891 564 3955 oportet,
579 3883 737 3955 priusquam
752 3883 839 3938 feriat.
879 3871 907 3925 5¹¹
921 3872 1038 3942 Itr⁰Pffi⁸
1051 3872 1158 3926 ⁰⁸⁸ib⁰⁸
1173 3872 1304 3926 minere
1320 3871 1441 3941 P⁰⁸⁸l¹¹t²
1474 3879 1668 3941 l‘fffllefflm

57 3960 137 4017 afim
150 3962 218 4017 fflud
233 3971 306 4017 fecte
320 3963 435 4032 pogium,
446 3971 505 4018 est,
526 3963 656 4034 optimam
668 3979 728 4016 περ
741 3960 839 4033 legem,
878 3957 969 4004 antem
976 3958 1054 4016 esset,
1061 3951 1085 4004 ai
1096 3951 1130 4005 ad
1136 3966 1214 4004 cauis
1224 3948 1485 4005 omiaaoaullomodo
1491 3949 1667 4007 traherentur.

57 4057 110 4108 qne
127 4043 271 4096 minimum
285 4041 415 4113 relinquit
437 4042 550 4097 arbitrio
570 4042 690 4109 judicia:
722 4041 751 4095 id
768 4042 839 4113 quod

58 4121 180 4174 certitudo
192 4121 252 4189 ejus
266 4129 388 4191 praestat.
1243 4107 1304 4146 m·

917 4198 1128 4270 Consequentia
1150 4215 1205 4254 non
1228 4205 1271 4254 eat
1295 4199 1504 4270 eonaeqnentia;
1537 4201 1586 4255 aed
1608 4202 1668 4258 niati

426 4261 466 4300 ¹¹·
877 4278 957 4333 debet
967 4280 1092 4333 extensio
1102 4281 1173 4333 intra
1182 4294 1261 4333 carue
1273 4278 1427 4349 proximoar
1448 4278 1551 4349 alioqui
1562 4279 1668 4337 labetur

92 4353 196 4424 Duplex
208 4355 301 4427 legum
315 4355 495 4420 incertitudo;
526 4355 617 4419 altera,
632 4355 679 4410 ubi
700 4355 746 4411 lex
764 4355 840 4411 nulla
877 4358 1007 4427 paulatim
1022 4358 1057 4412 ad
1077 4358 1228 4421 dissimilia,
1240 4364 1268 4411 et
1289 4358 1377 4428 magia
1394 4357 1523 4413 valebunt
1542 4361 1668 4416 acumina

59 4435 244 4501 praecribitum
259 4435 353 4500 altera,
361 4435 411 4489 ubi
421 4435 714 4505 ambiguactobacura.
743 4436 839 4507 Itaque
876 4437 1055 4508 ingeniorum,
1070 4454 1150 4508 quarn
1164 4437 1340 4492 auctoritates
1350 4436 1452 4508 legum.

59 4510 89 4564 de
101 4513 202 4567 caribna
215 4514 324 4569 omiaais
338 4530 355 4567 a
377 4513 438 4585 lege
452 4515 542 4584 primo
565 4514 708 4568 dicendum
722 4522 779 4578 eat;
809 4524 839 4569 ut

58 4590 83 4642 in
93 4589 134 4645 bie
145 4593 225 4648 etiam
238 4593 393 4648 inveniatur
406 4593 499 4664 aliqua
511 4609 605 4648 norma
621 4593 797 4648 certitudinis.
1238 4576 1309 4615 ¹⁹¹¹·

917 4671 949 4725 ln
962 4671 1069 4742 legibue
1083 4676 1112 4725 et
1128 4669 1233 4725 statutis
1251 4669 1383 4724 brevioris
1397 4668 1468 4739 styli,
1483 4671 1608 4725 extensio
1628 4671 1668 4724 fa·

211 4767 248 4805 na
262 4766 382 4806 cierunt
396 4766 510 4806 cartam
525 4769 542 4805 a
556 4766 635 4806 aeon
876 4751 975 4805 cienda
988 4759 1030 4804 eet
1043 4749 1164 4803 liberine.
1205 4748 1242 4802 At
1254 4748 1283 4801 in
1295 4747 1359 4813 illia,
1374 4765 1436 4821 quae
1449 4756 1511 4803 aunt
1524 4766 1666 4804 enumera·

876 4830 932 4884 tiva
941 4846 1053 4885 cunum
1063 4827 1274 4898 particularium,
1287 4828 1418 4884 cautino..
1442 4829 1516 4882 Nam
1526 4835 1556 4883 ut
1567 4845 1666 4899 excep-

877 4909 917 4964 tio
930 4910 1021 4964 firmat
1039 4906 1095 4961 vim
1107 4906 1186 4978 legia,
1199 4906 1230 4961 iu
1251 4906 1358 4962 caaibua
1377 4924 1433 4962 non
1455 4906 1597 4978 exceptia;
1627 4907 1667 4961 ita

96 4978 221 5053 nguine
241 4984 393 5055 prudentie
412 4985 546 5049 humana,
561 5000 641 5039 caena
654 5001 755 5048 umnec,
770 5002 838 5055 quot
876 4987 1043 5042 enumeratio
1051 4986 1170 5041 infirmat
1182 5002 1250 5051 eam,
1263 4987 1293 5041 iu
1305 4986 1476 5041 eaeibuanon
1489 4987 1664 5042 enumeratio.

61 5067 158 5129 ltmpua
172 5064 279 5133 reperit,
293 5080 348 5119 non
365 5070 457 5135 potest
471 5080 577 5134 capere.
619 5064 684 5117 Non
706 5081 769 5118 raro
789 5066 839 5118 ita·

63 5153 109 5205 qne
128 5156 156 5193 te
168 5142 308 5198 attendunt
329 5159 409 5198 caena
423 5143 517 5197 omissi
538 5144 648 5197 etnovi.
691 5142 723 5195 ln
747 5143 839 5212 buina-

64 5216 126 5271 nodi
138 5221 241 5277 mbae
261 5221 363 5292 triplex
375 5221 518 5276 adhibetur
537 5222 693 5284 remedium,
708 5222 765 5276 aire
777 5240 840 5293 aup
917 5223 1053 5277 Statutum
1067 5221 1285 5292 explanatorium
1299 5221 1401 5277 claudit
1413 5222 1486 5276 riroa
1500 5221 1595 5275 atatuti
1607 5220 1666 5292 pri·

65 5292 235 5360 plementum:
255 5301 299 5355 vel
313 5317 363 5371 per
375 5317 530 5371 proceaaum
544 5301 578 5355 ad
593 5299 712 5365 cimilia3
734 5301 777 5355 rel
789 5318 839 5373 per
876 5302 949 5367 criu
971 5318 1021 5355 nec
1034 5302 1165 5371 recipimr
1178 5308 1273 5371 postea
1285 5301 1410 5356 extensio
1422 5301 1452 5356 in
1469 5298 1600 5354 alterutro
1612 5307 1666 5355 ata·

66 5388 130 5429 tuum
147 5379 340 5450 exemplorum,
354 5379 420 5435 licet
439 5381 469 5434 in
491 5379 581 5451 legem
595 5397 649 5435 nnn
669 5380 838 5444 coaluerint;
877 5389 943 5436 tuto.
995 5382 1095 5452 Neque
1108 5380 1181 5436 enirn
1200 5380 1325 5435 facienda
1347 5387 1389 5434 eat
1411 5380 1628 5449 cuper-extentio
1650 5395 1667 5435 a

66 5451 101 5505 rel
113 5471 157 5524 per
166 5458 375 5525 jnriedictionea,
391 5476 452 5529 quae
465 5465 585 5514 statuunt
599 5476 635 5515 ex
647 5460 760 5515 arbitrio
773 5460 838 5516 boot
872 5460 973 5530 judice,
988 5461 1034 5516 ubi
1049 5461 1135 5517 semel
1148 5462 1231 5531 coepit
1239 5460 1301 5515 deri
1309 5458 1435 5515 extentio
1448 5476 1465 5513 a
1477 5458 1547 5529 lege.

393 5539 493 5594 2a2

333 4891 512 4932 ataoataatus
528 4893 554 4931 Χ.

1231 5127 1319 5167 xant.
