3800 5875
72 315 140 368 Cae.
162 313 250 372 Xlll.
601 315 652 369 DE
674 314 900 370 AUGMENTIS
922 314 1197 370 SClENTlARUM.
1652 325 1710 386 ³27

71 488 150 526 versa
164 473 274 528 ratione
288 473 375 544 patris
395 480 421 527 et
436 472 483 526 filii
497 489 601 543 regum,
613 472 737 543 Philippi
751 481 780 527 et
794 471 878 527 Alex·
915 474 1034 536 deorum,
1050 474 1119 529 adeo
1131 483 1162 528 ut
1175 475 1310 531 fortunam
1324 477 1414 547 ipsam
1429 478 1485 533 iere
1499 489 1594 551 regant
1614 490 1642 537 et
1658 494 1710 539 tra·

71 551 158 606 andri.
203 552 255 607 lile
270 554 346 607 enim
359 552 389 607 in
402 553 524 606 finitimis
539 552 619 605 bellis
629 559 785 621 occupatus,
797 554 877 607 urbes
915 552 991 606 bant.
1033 552 1148 623 Accepit
1170 554 1244 609 enim
1267 556 1383 610 Perseus
1406 558 1574 614 celeritatem
1597 579 1614 615 a
1637 562 1710 618 Mer·

70 648 174 701 paucas
188 631 310 701 imperio
322 632 430 701 adjecit,
445 632 526 702 idque
540 648 595 685 non
609 632 668 685 sine
681 632 803 685 maxima
812 649 877 685 con·
915 632 999 695 curio,
1014 633 1221 687 occultationem
1234 634 1409 690 consiliorum
1430 638 1466 691 ab
1486 638 1565 704 Orco,
1579 649 1608 694 et
1621 644 1710 712 provi-

70 712 195 764 tentione
209 721 240 766 et
254 710 388 781 periculo.
431 710 537 781 Quippe
550 711 599 781 qui
619 716 648 764 et
666 709 743 773 alias,
759 718 787 763 et
807 727 876 779 prae·
915 710 1035 764 dentiam
1060 729 1077 764 a
1101 711 1229 776 Pallade3
1257 732 1346 784 neque
1368 724 1443 770 caret
1462 716 1602 789 allegoria,
1623 738 1710 792 eaque

70 792 151 859 cipue
173 791 205 844 in
223 790 325 861 praelio
345 790 506 855 Chaeronea
527 790 558 844 in
580 789 707 844 ιιΙιίιιιιιιιι
731 790 875 843 discrimen
914 789 1133 858 prudentissima,
1145 793 1216 863 quod
1229 791 1345 848 almillte
1355 793 1502 850 celeritatis
1513 798 1542 851 in
1555 799 1635 854 rebus
1648 818 1710 855 con·

71 869 206 924 adductus
220 870 287 924 ituit:
309 879 338 924 at
358 868 513 923 Alexander
532 868 710 940 longinquam
724 868 875 939 expeditio·
915 869 1038 923 ficiendis
1061 871 1136 938 (cnm
1157 871 1282 926 celeritas
1302 873 1330 926 in
1353 873 1425 928 bello
1444 876 1590 946 plurimum
1610 881 1708 949 possit)

71 966 134 1003 uem
147 949 221 1003 bene
236 967 322 1005 ausus
335 951 364 1003 in
379 948 485 1010 Persas,
499 949 624 1002 nationes
645 948 768 1002 infinitas
782 947 875 1015 subju·
915 947 1023 1012 talares,
1046 965 1101 1003 nou
1124 950 1253 1005 axillares
1276 951 1383 1016 fuerint,
1406 963 1487 1025 atque
1511 957 1632 1026 pedibus,
1652 976 1709 1014 non

71 1029 153 1098 gavit,
167 1029 264 1099 magis
277 1028 421 1083 itineribus
435 1046 517 1098 quam
527 1027 633 1098 proeliis
643 1027 781 1098 fatigatus.
813 1028 875 1081 Hoc
914 1025 1035 1082 humeris
1050 1027 1162 1094 additae,
1178 1030 1244 1101 quia
1256 1047 1310 1084 non
1323 1033 1512 1103 taminprimia
1523 1035 1586 1090 belli
1599 1054 1709 1108 aggres-

71 1108 162 1177 ipsum
175 1108 271 1162 adbuc
292 1108 394 1162 clarius
414 1108 543 1171 cernitur,
562 1106 592 1160 in
610 1107 804 1177 propagatione
823 1106 875 1161 im·
914 1106 997 1172 sibus,
1008 1123 1090 1178 quam
1104 1108 1133 1162 in
1146 1108 1188 1172 iis,
1200 1127 1261 1180 qma
1275 1118 1430 1181 sequuntur,
1442 1123 1470 1166 et
1478 1115 1574 1183 primis
1587 1117 1710 1172 subsidio

71 1187 140 1256 perii
155 1187 362 1250 Romanorum
384 1186 431 1258 qai
445 1203 499 1257 quo
512 1195 642 1257 tempore,
655 1203 693 1240 ex
711 1193 789 1255 parte
803 1186 875 1239 occi·
913 1192 984 1250 sunt,
1008 1186 1133 1241 celeritas
1155 1189 1308 1260 requiritur.
1363 1191 1464 1247 Nullus
1485 1194 1557 1248 enim
1581 1213 1656 1252 error
1678 1197 1708 1252 in

70 1266 168 1330 dentis,
182 1267 234 1321 vix
247 1268 319 1322 ultra
339 1266 481 1336 Liguriam
495 1265 579 1320 armis
599 1272 813 1335 penetraverant,
828 1282 875 1319 eo·
914 1263 987 1319 bello
999 1267 1088 1336 magis
1102 1267 1229 1337 frequens
1243 1268 1301 1334 iuit,
1316 1287 1397 1339 quam
1412 1273 1483 1342 quod
1504 1275 1708 1342 prosecutiones

70 1345 132 1399 &aa
147 1355 275 1416 tempore
289 1345 403 1402 orientis
422 1346 577 1415 provincias
597 1362 682 1415 usque
702 1344 738 1398 ad
756 1352 875 1399 montem
913 1351 942 1397 et
965 1345 1122 1400 subsidiarii
1144 1347 1262 1417 impetus
1283 1348 1421 1404 initiorum
1441 1349 1574 1407 alacritati
1593 1371 1649 1409 uon
1668 1373 1709 1410 re·

70 1424 195 1480 Taurum
217 1427 303 1481 armis
325 1435 354 1479 et
373 1423 489 1494 imperio
511 1423 650 1494 complexi
670 1431 741 1478 suut.
783 1424 875 1478 Etiam
913 1425 1072 1493 spondeant.
1107 1424 1143 1478 At
1156 1426 1236 1496 galea
1249 1425 1373 1482 Plutonis
1389 1433 1463 1501 (quae
1476 1430 1601 1487 homines
1614 1434 1708 1490 invisi-

70 1505 190 1559 Carolns
213 1504 334 1560 Oetam
360 1520 411 1559 rex
433 1503 539 1569 Galliae,
563 1502 666 1558 bellum
686 1503 874 1557 Britannicum
913 1502 984 1557 biles
994 1504 1106 1558 reddere
1120 1504 1236 1572 solebat)
1251 1507 1395 1561 manifesta
1408 1510 1538 1579 parabola
1550 1520 1599 1566 est
1633 1513 1708 1570 Nam

70 1584 158 1654 (quod
173 1585 350 1639 matrimonio
364 1583 474 1638 tandem
487 1583 668 1653 compositum
683 1583 737 1650 est)
751 1599 806 1636 non
826 1583 874 1636 ad·
912 1583 1088 1637 consiliorum
1108 1583 1252 1639 occultatio
1270 1594 1334 1656 post
1352 1585 1520 1644 celeritatem
1538 1592 1652 1647 maximi
1672 1595 1707 1648 ad

70 1665 184 1718 modum
199 1663 281 1719 facile
294 1673 430 1734 expertus,
444 1664 647 1734 expeditionem
666 1661 744 1716 illam
762 1662 874 1732 Neapo-
912 1661 1015 1716 bellum
1029 1671 1071 1717 est
1083 1665 1228 1718 momenti:
1242 1665 1319 1734 cujus
1333 1668 1416 1720 etiam
1429 1668 1555 1725 celeritas
1569 1672 1630 1742 ipsa
1643 1689 1707 1742 pars

69 1742 189 1799 litanam
214 1742 399 1816 longinquam,
420 1742 589 1806 admiranda,
608 1741 725 1814 quadam
743 1740 874 1795 facilitate
912 1757 1014 1812 magna
1026 1749 1077 1798 eat.
1118 1742 1252 1798 Celeritaa
1272 1745 1347 1799 enim
1365 1746 1540 1803 consiliorum
1559 1750 1706 1821 evulgatio·

69 1833 97 1876 et
110 1823 248 1877 felicitate
263 1823 404 1893 transegit
447 1822 560 1877 Habent
572 1830 645 1875 certe
659 1821 712 1875 hoc
726 1821 801 1875 bella
813 1820 873 1875 lou·
912 1837 976 1874 uem
997 1822 1142 1891 praevertit.
1184 1822 1228 1876 Ad
1250 1823 1358 1894 galeam
1378 1824 1501 1881 Plutonis
1524 1836 1653 1899 spectant,
1677 1839 1706 1886 ut

70 1903 185 1974 giuqua,
201 1911 231 1956 ut
244 1903 352 1958 muniis
365 1918 462 1956 manus
482 1910 646 1966 conseratur,
661 1901 708 1971 qui
727 1900 833 1955 militiae
846 1906 874 1953 et
912 1917 982 1953 unus
1000 1901 1073 1955 bello
1093 1902 1193 1971 praesit,
1213 1920 1275 1956 cum
1293 1904 1427 1958 mandatis
1446 1904 1553 1972 libariae
1574 1909 1707 1964 constrita-

70 1982 155 2036 umis
170 1983 309 2038 invasoris
326 1981 438 2037 minime
452 1982 507 2035 sint
520 1981 636 2036 assueti:
657 1980 730 2052 quod
743 1981 772 2034 in
792 1979 874 2033 finiti-
912 1979 1001 2033 tiones
1022 1982 1095 2035 enim
1116 1998 1178 2035 cum
1194 1981 1294 2046 multis,
1315 1983 1418 2037 habeut
1437 1984 1541 2055 aliquid
1560 1988 1649 2058 potius
1671 2007 1707 2045 ex

70 2061 123 2115 uris
137 2079 221 2116 secus
234 2078 265 2117 se
279 2062 372 2117 habet.
411 2061 504 2116 Etiam
525 2069 553 2115 et
574 2068 721 2131 apparatus
735 2059 765 2113 in
779 2058 874 2128 hujus·
912 2059 1002 2114 cristis
1025 2059 1133 2124 Martia,
1159 2078 1240 2132 quam
1264 2079 1301 2116 ex
1321 2061 1402 2133 galea
1422 2063 1554 2121 Plutonis.
1603 2067 1707 2123 Eodem

71 2141 145 2195 modi
159 2141 388 2212 expeditionibus
401 2140 471 2196 solet
483 2158 544 2196 ease
555 2139 712 2211 diligentior
723 2145 750 2192 et
760 2139 874 2192 instruc·
912 2144 1036 2208 spectant
1048 2146 1197 2210 praetextus
1210 2141 1285 2205 varii,
1305 2151 1334 2196 et
1350 2141 1551 2214 designationes
1564 2147 1706 2217 ancipites,

70 2221 142 2285 tion
163 2229 196 2276 et
209 2230 296 2276 terror
309 2222 383 2292 apud
404 2220 496 2275 hostes
510 2237 547 2275 ex
567 2220 629 2289 ipso
647 2235 716 2273 ausu
729 2226 756 2273 et
775 2217 875 2272 fiducia
912 2227 941 2271 et
962 2219 1042 2273 samaa
1062 2218 1218 2285 emissaries,
1233 2238 1294 2291 quas
1308 2220 1401 2276 oculos
1419 2221 1562 2279 hominum
1581 2235 1628 2280 aut
1648 2243 1707 2297 per-

71 2302 168 2368 major.
211 2301 311 2372 Neque
324 2302 408 2356 etiam
422 2301 479 2356 t'ere
493 2300 580 2372 possit
593 2298 653 2354 fieri
666 2299 695 2353 in
713 2297 769 2352 illis
789 2314 874 2368 expe·
912 2297 1049 2368 stringunt
1071 2306 1270 2364 antevertant,
1293 2308 1375 2372 atque
1398 2318 1462 2356 vera
1481 2303 1655 2360 consiliorum
1677 2306 1707 2361 in

71 2380 224 2435 ditionibus
246 2381 358 2435 remotis
378 2397 428 2451 per
448 2380 550 2443 hostes,
569 2378 605 2433 ad
623 2394 692 2449 quos
713 2386 769 2431 tam
791 2376 875 2448 longo
912 2377 1028 2432 obscuro
1040 2386 1152 2448 ponutu
1192 2378 1284 2433 Etiam
1298 2381 1437 2436 cautiones
1450 2381 1597 2453 diligentes
1610 2393 1637 2438 et
1650 2403 1708 2440 aus·

70 2459 170 2514 itinere
186 2461 352 2529 petramora,
365 2460 485 2514 diversio
499 2458 592 2530 aliqua
611 2466 659 2512 ant
678 2457 784 2511 invasio
805 2458 874 2511 reci·
912 2456 1028 2526 picaces,
1041 2458 1076 2512 de
1089 2457 1184 2521 literis,
1198 2458 1232 2512 de
1253 2458 1360 2530 legatis,
1379 2459 1412 2515 de
1432 2461 1564 2533 perfugis,
1588 2471 1617 2518 et
1636 2482 1708 2520 com·

72 2555 165 2608 procu
180 2557 245 2610 quta
258 2539 287 2593 in
301 2539 480 2611 belligerandi
494 2539 597 2592 ratione
611 2554 674 2591 cuna
686 2536 809 2591 finitimis
823 2552 874 2591 sae·
912 2535 992 2606 plura
1001 2536 1064 2603 alia,
1075 2537 1183 2609 galeam
1192 2537 1315 2592 Plutonis
1325 2547 1423 2594 ornant
1435 2548 1465 2594 et
1477 2542 1637 2598 revinciuut.
1669 2543 1707 2599 At

71 2618 304 2688 piusadhibetur.
345 2619 436 2690 Caput
448 2625 541 2673 autem
555 2618 595 2672 rei
608 2623 657 2681 est,
672 2616 744 2688 quod
763 2616 791 2669 in
810 2616 874 2670 sub·
912 2615 1323 2682 uonminusiuterestcousilia
1335 2618 1708 2694 hostinmexplorare,quam

69 2698 205 2770 jugandh
224 2697 355 2762 finitimis,
373 2698 546 2753 occasionum
564 2697 686 2751 delectus
705 2696 735 2749 in
756 2704 874 2766 augusto
912 2711 963 2750 sua
975 2695 1129 2751 occultare:
1150 2695 1241 2767 itaque
1254 2696 1341 2769 galeae
1355 2697 1482 2753 Plutonis
1504 2699 1707 2775 adjungendum

71 2789 217 2842 temtatur
238 2785 268 2831 at
280 2779 305 2832 si
317 2779 381 2850 quis
400 2778 591 2849 longinquiora
603 2792 658 2829 non
672 2775 810 2839 detrectet,
825 2792 874 2846 po·
912 2783 955 2829 est
968 2773 1109 2845 speculum
1127 2773 1256 2842 Palladia,
1274 2793 1323 2846 per
1343 2778 1415 2848 quod
1435 2777 1554 2834 hostium
1574 2781 1653 2847 vires,
1667 2782 1708 2836 iu·

71 2858 138 2911 terit
151 2873 204 2927 pro
216 2857 329 2913 arbitrio
342 2874 393 2913 suo
413 2873 447 2912 eo
468 2856 615 2912 transferre
636 2854 745 2919 bellum
761 2854 808 2908 ubi
827 2862 875 2908 aut
912 2854 983 2924 opia,
998 2854 1097 2909 occulti
1110 2855 1238 2919 fautores,
1250 2856 1363 2910 dissidia
1381 2864 1409 2910 et
1428 2857 1569 2924 factiones,
1583 2876 1707 2931 progres-

72 2937 221 3007 disciplina
241 2937 368 2993 militaria
386 2938 505 2993 maxime
524 2944 565 2992 est
585 2945 720 3000 enervata,
734 2942 783 2989 aut
802 2933 874 2989 vires
912 2951 966 2998 sus,
977 2932 1092 2989 consilia
1104 2944 1257 2991 cernantur.
1299 2935 1433 2997 Quoniam
1452 2955 1517 2992 vero
1537 2948 1640 2995 tantum
1654 2941 1707 2996 t'or·

71 3016 196 3071 nationis
205 3017 354 3088 plurimum
367 3018 466 3073 attritae
480 3024 508 3073 et
521 3024 694 3086 consumptae,
706 3022 754 3069 aut
762 3013 874 3068 dissidia
912 3014 1041 3068 tuitoruta
1059 3015 1173 3086 suscipit
1186 3015 1257 3070 ratio
1270 3015 1343 3080 belli,
1358 3024 1387 3070 ut
1400 3034 1450 3071 nec
1464 3017 1494 3071 iu
1507 3017 1628 3074 consiliis
1641 3036 1705 3090 pro·

72 3095 169 3151 civilia
181 3104 336 3167 opportune
357 3097 460 3162 oborta,
475 3105 521 3152 aut
541 3096 603 3151 aliae
623 3094 779 3166 hujusmodi
799 3111 873 3147 com·
912 3094 982 3163 priis
1002 3093 1176 3159 occultandis,
1190 3111 1241 3148 uec
1261 3095 1289 3148 in
1308 3095 1427 3150 hostium
1452 3096 1634 3167 explorandis,
1655 3116 1706 3154 nec

73 3176 221 3231 moditates
235 3194 266 3231 se
282 3177 434 3232 ostendant.
475 3177 629 3232 Secundum
648 3183 699 3239 est,
715 3181 744 3228 ut
765 3189 874 3244 semper
911 3174 942 3226 in
968 3172 1105 3228 celeritate
1125 3173 1197 3244 ipsa,
1216 3173 1331 3229 multum
1354 3174 1459 3230 fiducita
1483 3178 1639 3247 ponendum
1662 3179 1705 3244 sit,

73 3256 162 3311 subsit
175 3273 261 3311 causa
273 3256 341 3310 belli
358 3258 442 3326 justa,
456 3264 484 3311 et
503 3256 557 3327 pia,
572 3265 599 3309 et
619 3254 775 3318 honorifica,
790 3263 819 3305 et
832 3253 874 3307 t'a·
911 3253 974 3307 ideo
988 3263 1049 3307 ante
1064 3253 1156 3308 omnia
1169 3253 1331 3308 sumendum
1348 3253 1468 3310 Palladis
1486 3263 1600 3321 scutum,
1615 3258 1706 3328 provi-

72 3334 222 3391 vorabilisr
244 3336 273 3390 id
286 3336 362 3391 enim
382 3336 550 3390 alacritatem
575 3340 633 3389 tum
653 3333 794 3397 militibus,
817 3339 873 3387 tum
912 3332 1012 3387 dentiae
1025 3331 1138 3396 scilicet,
1151 3341 1182 3387 ut
1196 3349 1277 3403 quam
1291 3333 1432 3388 minimum
1446 3335 1559 3390 souma
1572 3337 1707 3407 relinqua·

72 3414 185 3486 populis
204 3416 345 3485 impensas
364 3415 573 3479 conserentibus,
587 3414 670 3478 addit,
684 3420 712 3467 et
731 3414 875 3468 societates
911 3420 963 3466 tur.
1013 3412 1075 3466 Huc
1099 3412 1236 3482 pertinent
1262 3412 1404 3483 explorato
1428 3413 1487 3468 vias
1515 3415 1592 3479 inire,
1617 3424 1708 3471 castra

73 3495 207 3565 aperitet
227 3494 365 3559 conciliat,
386 3504 414 3549 et
434 3494 566 3564 plurimas
587 3493 704 3563 denique
725 3491 874 3546 commodi·
912 3491 1057 3562 diligenter
1066 3492 1171 3546 munire
1183 3492 1269 3562 (quod
1282 3493 1311 3545 iu
1318 3491 1418 3547 militia
1431 3494 1562 3548 moderna
1574 3495 1603 3548 in
1614 3495 1707 3550 desue-

73 3582 145 3628 tates
168 3573 262 3628 babet.
305 3574 381 3629 Inter
403 3591 500 3629 causas
520 3582 613 3629 autent
635 3572 708 3635 belli,
729 3572 874 3627 admodum
912 3572 1033 3625 tudinem
1048 3571 1104 3625 iere
1118 3570 1200 3636 abiit3
1221 3578 1312 3626 casua
1325 3589 1389 3626 vero
1400 3572 1486 3627 instar
1496 3573 1570 3628 urbis
1583 3575 1705 3641 munitae,

74 3653 233 3708 brombilis
246 3662 290 3708 est
302 3670 344 3718 ea,
359 3672 419 3725 quae
433 3654 507 3708 ducit
520 3653 555 3708 ad
568 3651 743 3708 debellandas
756 3653 874 3721 tyranni·
913 3650 1046 3705 Romanis
1065 3650 1100 3704 ad
1123 3651 1251 3706 adversos
1273 3651 1364 3720 proelii
1387 3660 1499 3707 eventus
1521 3655 1611 3721 erant)
1633 3655 1706 3709 acies

75 3732 130 3797 des,
144 3733 198 3787 sub
218 3733 320 3805 quibus
341 3732 458 3803 populns
478 3733 635 3797 succumbit,
650 3738 678 3786 et
694 3732 875 3802 prosternitur
912 3729 1018 3784 stabilis
1037 3736 1067 3785 et
1086 3730 1217 3793 ordinata,
1231 3746 1286 3785 non
1299 3731 1413 3787 nimium
1427 3731 1534 3787 fidendo
1550 3732 1707 3789 cohortibus

76 3812 133 3866 siue
146 3813 250 3867 mimis
263 3820 292 3866 et
313 3812 417 3884 vigore,
432 3819 562 3885 tanquam
582 3812 633 3866 sub
653 3817 794 3882 aspectum
815 3810 874 3864 Me·
911 3809 981 3864 levis
994 3816 1205 3875 armaturae,aut
1222 3810 1306 3863 etiam
1319 3811 1443 3881 equitum
1456 3811 1567 3876 turmia3
1589 3812 1707 3885 denique

76 3891 165 3957 dum
188 3891 262 3962 quod
282 3892 367 3946 etiam
388 3892 502 3947 Herculi
520 3892 688 3946 diuniutem
709 3888 873 3944 conciliavit.
912 3888 1012 3953 omnia,
1036 3906 1098 3960 quae
1125 3889 1160 3942 ad
1186 3888 1302 3942 solidam
1326 3897 1355 3943 et
1378 3889 1514 3944 solicitam
1540 3890 1707 3947 defensitant

79 3970 210 4026 Romanis
223 3979 298 4026 certe
313 3986 414 4042 magna
422 3971 520 4043 religio
530 3971 590 4036 fuit,
601 3978 709 4025 menne
717 3977 746 4023 et
755 3969 874 4040 impigre
912 3976 1054 4038 spectante
1074 3985 1137 4022 eum
1150 3967 1212 4038 plus
1224 3967 1314 4022 valeat
1334 3969 1428 4039 utique
1447 3969 1478 4024 in
1498 3969 1578 4026 bellis
1602 3980 1707 4027 scutum

79 4066 215 4106 accurrere
229 4051 266 4105 ad
276 4052 366 4105 socios
375 4051 497 4115 tuendos,
507 4051 532 4104 si
542 4049 740 4122 quoquomodo
750 4048 874 4119 oppressi
912 4047 1041 4112 Palladis,
1053 4063 1134 4118 quam
1148 4047 1256 4118 gladius
1268 4047 1329 4117 ipsa
1344 4047 1469 4103 Martis„
1493 4050 1596 4105 Verum
1606 4051 1709 4107 Perseo

84 4129 204 4184 inioeent.
239 4131 333 4184 Etiam
343 4128 416 4184 bella
426 4131 462 4184 ob
471 4130 617 4184 vindictam
625 4129 728 4198 justam
735 4128 791 4182 fere
805 4144 875 4182 sem·
913 4135 1052 4198 utcunque
1075 4125 1163 4196 copiis
1182 4134 1230 4181 aut
1250 4126 1349 4181 animia
1368 4128 1508 4194 instructo,
1529 4137 1613 4184 restat
1633 4130 1708 4186 aliud

80 4210 230 4278 parielicia
252 4210 377 4271 fueruntr
399 4211 469 4265 sicut
488 4208 591 4264 bellum
611 4207 740 4262 adversus
760 4207 875 4262 Brutum
914 4206 1062 4277 quidpiam,
1084 4206 1198 4260 maximi
1218 4223 1269 4276 per
1290 4207 1382 4261 omnia
1401 4207 1539 4272 momenti,
1561 4217 1709 4281 antequam

79 4300 104 4342 et
122 4288 258 4353 Cassium,
281 4288 318 4342 ad
337 4288 527 4344 vindicandam
543 4296 657 4344 mortem
677 4286 806 4350 Casarim
829 4286 876 4341 Se·
913 4284 1016 4341 bellum
1029 4284 1188 4356 incipiatur:
1210 4286 1348 4351 nimirum,
1365 4293 1396 4341 ut
1416 4287 1530 4341 diveuat
1551 4288 1586 4341 ad
1606 4288 1707 4344 Graeas.

79 4370 130 4422 reri
158 4369 194 4423 ad
220 4369 415 4424 vindicandam
445 4378 561 4424 mortem
595 4366 764 4430 Pertinacis3
798 4365 876 4420 Junii
914 4364 1003 4419 Graece
1019 4372 1111 4420 autem
1124 4364 1289 4434 proditiones
1302 4372 1372 4430 sunt,
1386 4364 1519 4421 bellorum
1539 4367 1644 4423 scilicet
1664 4386 1709 4423 so·

81 4446 151 4503 Bruti
167 4449 202 4502 ad
214 4448 407 4504 vindicandam
426 4456 541 4504 mortem
561 4447 707 4502 Lucretia.
749 4446 875 4517 Denique
913 4460 1062 4505 romanon
1076 4460 1213 4516 germanae
1227 4443 1283 4498 illae
1297 4444 1415 4515 quidem,
1429 4446 1477 4500 sed
1490 4447 1600 4518 generis
1614 4448 1710 4502 nobili·

81 4529 229 4600 quicunque
255 4527 331 4582 bello
353 4526 522 4583 calamitates
546 4527 686 4581 hominmn
709 4535 736 4580 et
759 4525 875 4593 injurias
914 4531 969 4579 tate
990 4525 1068 4595 quasi
1091 4525 1228 4594 impares:
1256 4522 1329 4578 bella
1350 4525 1424 4579 euim
1446 4542 1595 4597 generosa,
1616 4529 1709 4597 prodi·

80 4616 123 4662 aut
135 4608 230 4662 lesam
243 4616 292 4662 aut
305 4607 450 4671 vindicant,
460 4608 512 4662 sub
526 4607 627 4661 Perseo
639 4604 765 4660 militant.
807 4605 875 4658 Ter·
915 4603 1004 4658 tiones
1014 4604 1162 4675 degeneres
1172 4608 1201 4657 et
1210 4609 1311 4673 turpes.
1332 4602 1435 4659 Earum
1441 4604 1587 4675 descriptio
1598 4606 1711 4680 elegans

81 4689 143 4742 tium
157 4695 188 4742 nt
202 4688 234 4742 in
247 4687 324 4741 omni
338 4686 410 4740 bello
424 4685 597 4757 suscipiendo
617 4702 683 4739 vera
703 4685 739 4739 sit
757 4685 875 4738 testima-
915 4691 964 4747 est,
978 4690 1010 4738 ut
1029 4701 1104 4738 canae
1125 4699 1142 4736 a
1161 4682 1304 4738 nadvitate
1326 4684 1381 4738 sint
1402 4692 1430 4739 et
1449 4693 1581 4757 tanquam
1604 4686 1710 4753 vetulae,

81 4766 115 4821 tic
127 4768 243 4831 tirium3
265 4774 349 4837 atque
368 4773 440 4820 recte
461 4765 648 4836 perpendatur,
662 4772 753 4818 utrum
774 4762 876 4817 bellum
915 4769 1028 4834 propter
1041 4769 1188 4833 perpetuas
1202 4762 1369 4832 proditorum
1382 4780 1462 4819 curas
1472 4772 1499 4819 et
1509 4765 1709 4836 trepidationes.

81 4846 114 4900 sit
127 4847 190 4911 tale,
202 4847 277 4918 qnod
291 4845 389 4899 confici
402 4853 432 4898 et
444 4845 479 4898 ad
492 4846 595 4899 exitum
608 4843 720 4913 perduci
734 4843 827 4913 possit,
841 4860 876 4898 ne
915 4842 1018 4897 Earum
1036 4850 1127 4896 autem
1140 4842 1181 4898 vis
1197 4844 1356 4913 (antequam
1377 4842 1407 4898 iu
1427 4845 1599 4899 manifestam
1620 4845 1710 4900 deiec-

82 4926 242 4995 quisrastas
256 4924 685 4994 etintinitasapespersequatur.
726 4922 877 4977 Prudenter
916 4922 1018 4976 tionem
1039 4923 1195 4992 erumpant)
1210 4928 1258 4976 aut
1277 4922 1307 4976 in
1330 4918 1416 4986 ocdlo,
1431 4931 1478 4978 aut
1498 4924 1528 4977 iu
1552 4924 1631 4979 dente
1652 4931 1710 4980 est:

81 5006 149 5059 emta
163 5005 283 5059 Perseus
296 5004 368 5058 inter
382 5004 524 5075 Gorgonas
538 5006 601 5072 (per
615 5019 683 5074 quas
696 5001 877 5072 bellareproe·
915 5001 1005 5055 omnis
1026 5002 1100 5054 enim
1115 5000 1236 5067 factius
1255 5009 1326 5056 statu
1349 5002 1477 5072 quopiam
1499 5002 1626 5068 alienata,
1639 5009 1669 5057 et
1681 5004 1712 5058 in

82 5087 231 5151 namtas)
245 5099 309 5137 eam
323 5082 434 5154 delegit,
448 5100 510 5156 quta
530 5082 561 5135 in
581 5088 742 5136 suanatura
754 5081 877 5136 mortalis
916 5079 1096 5151 proditionem
1124 5096 1268 5150 propensa,
1293 5087 1322 5135 et
1352 5080 1514 5153 speculatur,
1538 5087 1567 5135 et
1597 5082 1711 5137 mordet.

82 5170 144 5226 etat
158 5163 297 5235 nequead
310 5162 493 5232 impossibilia
505 5162 626 5216 animum
639 5162 747 5230 adjecit.
788 5160 877 5232 Atque
917 5160 1007 5229 Atque
1020 5158 1179 5226 hujusmodi
1189 5159 1283 5214 oculus
1297 5166 1325 5214 et
1337 5160 1404 5215 dens
1418 5168 1545 5230 tanquam
1560 5162 1712 5217 communis

83 5241 114 5295 de
128 5242 169 5305 iis,
184 5260 247 5313 quar
261 5243 291 5296 in
305 5241 478 5311 suscipiendo
491 5240 565 5295 bello
578 5240 802 5296 deliberationem
815 5241 878 5294 sub
916 5246 968 5294 eat.
1009 5238 1084 5292 Nam
1099 5237 1228 5310 quicquid
1241 5238 1391 5294 didicerunt
1404 5247 1432 5294 et
1444 5246 1583 5304 noventut,
1594 5239 1650 5295 t'cra
1663 5258 1714 5312 per

83 5326 154 5386 eant,
169 5322 230 5375 irasc
252 5320 380 5391 ptaeeipit
399 5320 500 5385 tabula,
513 5320 621 5392 reliqna
640 5320 676 5375 ad
694 5319 878 5390 belligeratis
917 5334 1014 5373 manus
1030 5317 1066 5371 ab
1079 5332 1134 5371 una
1146 5318 1182 5372 ad
1201 5317 1314 5374 alteram
1336 5319 1431 5373 transit
1451 5324 1480 5372 et
1498 5320 1636 5386 percurrit
1677 5321 1715 5375 Et

85 5416 144 5453 netu
157 5402 245 5470 ipsarn
259 5400 404 5471 pertinent.
918 5398 991 5467 quod
1002 5397 1157 5453 addentem
1178 5397 1283 5462 attinet,
1298 5414 1352 5452 uno
1371 5397 1448 5469 quasi
1472 5413 1518 5451 ore
1539 5399 1670 5463 mordent,
1685 5408 1715 5455 et

126 5478 156 5532 lu
175 5478 249 5535 bello
269 5478 391 5534 maxime
404 5478 525 5533 omnium
544 5486 656 5550 prosunt
676 5477 725 5534 illa
742 5478 795 5534 tria
808 5477 880 5532 dona
918 5477 1014 5533 eadem
1031 5475 1159 5534 semusta
1177 5478 1297 5546 iactuum
1319 5485 1349 5531 ut
1363 5478 1386 5532 ai
1401 5493 1483 5531 unam
1502 5477 1597 5533 audias
1619 5496 1713 5536 omues
