3800 5875
55 289 123 351 Car.
147 295 199 350 111.
582 293 632 349 DE
655 292 882 349 AUGMENTIS
911 293 1189 351 scturfflaltutt.
1642 291 1702 359 397

53 455 217 519 autincidit,
233 452 311 509 illius
324 452 497 509 solummodo
510 454 599 525 partis
613 454 729 526 liguram
743 454 857 525 effingit,
898 456 1071 511 etmalum.”
1114 454 1217 510 Verum
1231 454 1267 510 ad
1280 452 1487 509 similitudinem
1501 452 1602 509 dinnao
1623 455 1703 511 boni·

52 535 124 589 circa
133 551 216 604 quam
224 551 324 589 manus
332 544 465 605 occupata
475 542 588 598 estnon
598 541 690 590 autem
698 543 857 590 ceterarum
898 535 963 590 tatis
973 544 1020 592 ant
1028 534 1171 591 charitatis
1180 533 1333 605 aspirando,
1345 551 1396 589 nec
1405 532 1536 606 Angelus,
1548 551 1598 590 nec
1608 534 1702 603 homo,

53 613 196 690 (velutisi
225 616 327 669 faciem
355 615 489 680 efformet,
510 631 611 686 corpus
632 614 769 686 reliquum
790 615 856 669 rude
898 632 1019 686 unquam
1040 617 1069 671 in
1092 614 1246 687 periculum
1269 615 1351 681 venit,
1371 620 1422 669 aut
1443 613 1543 669 veniet.
1585 615 1646 670 Iuro
1666 617 1701 671 ad

53 704 195 766 permanet
208 705 236 749 et
249 695 368 749 informe
382 711 489 760 saxum,
504 693 589 748 donec
605 694 640 748 sd
659 694 729 749 illud
748 711 856 766 qnoque
897 695 969 751 hanc
980 696 1071 766 ipsam
1080 695 1261 751 imitationem
1273 696 1358 749 etiam
1368 694 1535 749 invitamur:
1557 699 1573 725 ‘⁴
1583 694 1701 768 Diligite

52 776 220 845 pervenerit)
249 792 266 829 e
294 784 389 829 contra
412 791 478 828 vero
502 783 608 839 natura,
630 774 739 845 quando
762 776 857 829 dorent
897 775 1023 831 inimicos
1037 784 1150 842 vestros,
1164 775 1319 830 benefacite
1341 775 1395 839 his,
1412 775 1458 846 qui
1474 774 1590 828 oderunt
1603 792 1659 841 vos,
1675 785 1702 831 et

51 855 168 919 molitur,
193 862 242 908 aut
266 854 378 918 animal,
407 853 563 909 rudimenta
588 856 708 925 partium
736 854 857 909 omnium
897 864 973 910 orate
994 873 1044 927 pro
1057 856 1286 928 persequentibus
1307 863 1335 911 et
1349 854 1577 909 calumniantibus
1599 872 1655 920 vos,
1669 865 1700 911 ut

51 935 132 989 nmnl
155 936 230 1004 parit
250 940 279 989 et
295 933 440 1004 producit:
462 934 559 988 eodem
579 935 667 1000 modo,
683 935 792 1005 qnando
805 934 858 988 vir·
896 935 956 990 sitis
976 935 1026 990 lilii
1047 937 1137 991 Patris
1159 935 1250 999 vestri,
1266 934 1314 1007 qui
1336 936 1365 989 in
1387 934 1465 988 coelis
1479 943 1530 999 est,
1551 936 1597 1006 qui
1613 935 1700 992 solem

52 1024 120 1069 tutes
138 1014 236 1069 habitu
256 1015 441 1083 acquiruntur,
455 1015 520 1069 dum
541 1015 732 1085 temperantiae
754 1015 857 1067 incunt·
897 1033 976 1070 suurn
991 1016 1057 1072 oriri
1071 1017 1138 1071 facit
1148 1032 1233 1086 super
1246 1016 1332 1070 bonos
1346 1023 1374 1069 et
1387 1014 1483 1080 malos,
1495 1024 1523 1069 ct
1534 1014 1603 1084 pluit
1617 1033 1699 1086 super

51 1094 147 1159 bimus,
163 1095 199 1149 ad
222 1093 419 1157 fortitudinem,
434 1103 481 1149 aut
495 1093 615 1165 reliquas
634 1110 731 1164 parum
751 1093 858 1164 profici·
893 1096 984 1163 iustos
998 1105 1027 1150 et
1047 1097 1189 1165 injustos.”
1239 1094 1311 1157 Quin
1325 1096 1396 1150 etin
1410 1097 1471 1166 ipso
1484 1095 1634 1166 archetypo
1648 1113 1697 1150 na-

51 1192 126 1238 mus;
151 1174 266 1245 quando
287 1182 381 1229 antem
403 1175 486 1228 rectis
507 1182 535 1227 et
552 1175 674 1228 honestis
694 1173 794 1228 finibus
808 1190 858 1228 nos
897 1184 964 1230 turre
978 1175 1084 1241 divina,
1098 1175 1232 1232 verbasic
1242 1174 1360 1231 collocat
1370 1175 1468 1247 religio
1480 1175 1591 1230 ethnica
1607 1179 1637 1244 (“
1648 1194 1698 1247 op·

51 1254 268 1308 dedicaverimus
289 1255 399 1323 penitus
422 1261 450 1307 et
469 1253 668 1319 devoverimus,
687 1271 856 1326 quacunque
897 1256 987 1322 timus,
1004 1256 1194 1324 maximus;”)
1220 1256 1360 1327 Scriptura
1377 1264 1470 1310 autem
1485 1272 1563 1310 sacra
1581 1272 1699 1325 pronun·

51 1334 130 1389 inerit
151 1335 250 1397 virtus,
272 1351 356 1404 quam
377 1334 470 1388 animo
489 1343 585 1388 nostro
605 1334 858 1388 commendaverint
896 1336 964 1399 ciatr
988 1336 1203 1392 “Misericordia
1215 1337 1275 1405 ejus
1289 1352 1371 1406 super
1384 1336 1477 1389 omnia
1490 1352 1574 1405 opera
1588 1337 1675 1404 ejus.”

49 1421 77 1468 et
88 1414 287 1484 imperaverint
300 1413 370 1468 lines
384 1412 436 1478 illi,
450 1414 620 1484 reperiemus
632 1431 684 1468 nos
694 1413 857 1482 jamdudum
937 1415 1018 1470 Hanc
1028 1417 1121 1488 itaque
1130 1416 1242 1472 moralis
1253 1416 1382 1471 doctrinae
1392 1423 1506 1486 partem,
1516 1415 1549 1469 de
1560 1416 1697 1487 georgicis

50 1495 177 1559 imbutos,
192 1504 222 1549 et
238 1492 444 1564 praedispositos
462 1493 610 1547 habilitate
629 1504 657 1547 et
675 1493 856 1564 propensione
896 1496 991 1560 animi,
1006 1497 1064 1564 jam
1080 1497 1256 1553 absolvimus.
1307 1495 1340 1550 ln
1355 1511 1419 1564 qua,
1434 1495 1458 1549 si
1471 1512 1507 1551 ex
1520 1496 1619 1551 intuitu
1633 1513 1697 1567 por·

49 1574 182 1628 nonnulla
206 1574 242 1627 ad
269 1590 335 1627 eant·
359 1573 557 1645 assequendam
585 1580 613 1627 et
640 1573 855 1643 exprimendam.
897 1577 1002 1631 nonum
1029 1576 1097 1653 ejus,
1122 1594 1190 1649 quas
1214 1576 1433 1647 perstrinximus,
1459 1576 1520 1647 quis
1547 1576 1694 1642 existimet,

50 1654 139 1725 Atque
159 1654 205 1708 hic
220 1653 309 1724 possit
323 1670 384 1708 esse
400 1661 487 1708 status
501 1653 549 1707 ille
568 1653 664 1718 animi,
679 1653 726 1724 qui
745 1654 857 1724 egregie
896 1672 1008 1726 operam
1021 1666 1143 1712 nostram
1162 1658 1191 1711 in
1209 1657 1263 1711 hoc
1276 1657 1463 1711 tantummodo
1486 1656 1568 1710 sitam
1583 1673 1651 1723 esse,
1664 1666 1696 1712 ut

50 1735 84 1787 ab
110 1733 260 1788 Aristotele
282 1734 464 1797 describitur3
496 1741 524 1788 et
544 1734 580 1787 ab
601 1749 642 1798 eo,
663 1750 719 1787 non
740 1734 856 1798 virtutis,
896 1737 973 1791 eain
998 1745 1084 1792 artem
1107 1754 1156 1793 seu
1180 1736 1329 1791 doctrinam
1354 1736 1547 1807 redigeremus,
1572 1754 1635 1809 quas
1659 1739 1695 1792 ab

49 1814 96 1867 sed
110 1815 264 1868 divinitatis
277 1813 420 1882 cujusdam
440 1813 598 1868 charactere
612 1813 767 1884 insignitur.
810 1813 857 1883 lp·
896 1816 960 1871 aliis
974 1817 1149 1888 scriptoribus
1163 1816 1347 1887 praetermissa
1361 1816 1423 1881 sint,
1439 1824 1569 1888 tanquam
1583 1818 1695 1889 vulgata

49 1911 79 1947 sa
92 1894 153 1962 ejus
167 1893 254 1949 verba
277 1892 337 1949 haec
352 1901 433 1949 sunt:
455 1899 472 1925 “
487 1893 654 1948 lmmsnitati
677 1901 770 1948 autem
792 1909 857 1947 con·
896 1905 923 1951 et
936 1897 1024 1962 obvia,
1039 1906 1067 1952 et
1080 1914 1130 1967 per
1143 1914 1172 1952 se
1186 1896 1253 1952 satis
1265 1895 1340 1950 clara
1353 1903 1381 1950 et
1394 1898 1556 1967 perspicnsr
1588 1914 1638 1952 suo
1649 1898 1694 1967 ju·

50 1986 214 2029 senuneum
237 1981 289 2038 est,
310 1990 450 2045 opponere
471 1990 540 2038 eam,
565 1991 627 2044 quar
647 1989 732 2043 supra
756 1972 856 2027 huma·
895 1976 969 2031 dicio
982 1977 1069 2032 bbere
1082 1984 1181 2032 utatur.
1233 1975 1348 2030 Interim
1361 1975 1429 2030 illud
1443 1977 1606 2041 meminerit,
1621 1978 1694 2049 quod

50 2055 163 2109 nitatem
176 2064 229 2118 est,
244 2053 384 2108 heroicam
399 2054 456 2108 sive
478 2053 600 2107 divinam
623 2052 778 2108 virtutem.'’
805 2053 858 2106 ·Et
896 2056 932 2109 ab
955 2057 1037 2112 initio
1059 2057 1222 2122 monuimus,
1236 2057 1405 2126 propositum
1425 2057 1534 2111 anobis
1548 2073 1617 2121 esse,
1638 2075 1694 2113 non

51 2135 130 2204 psulo
144 2142 216 2205 post,
239 2140 255 2165 “
270 2135 346 2188 Nam
359 2141 390 2188 ut
404 2135 468 2188 ierae
482 2150 571 2204 neque
585 2133 682 2188 vitium
692 2149 782 2204 neque
801 2134 856 2188 vit·
896 2153 986 2194 rerum
996 2136 1234 2209 pulchritudinem,
1245 2136 1294 2191 scd
1304 2153 1382 2191 usum
1393 2144 1421 2192 et
1431 2137 1574 2192 veritatem
1584 2138 1693 2195 sectari.

51 2224 91 2268 tus
100 2223 151 2279 est,
166 2216 208 2269 sic
226 2232 317 2286 neque
326 2213 389 2268 Dei.
429 2213 484 2268 Sed
495 2213 540 2268 hic
552 2213 663 2286 quidem
677 2220 763 2267 status
774 2212 856 2268 altius
897 2216 1065 2273 Recordatur
1078 2218 1162 2272 ctiam
1176 2215 1315 2288 paulisper
1328 2225 1513 2272 commentum
1526 2216 1595 2273 illud
1613 2234 1694 2290 para·

52 2296 178 2365 quiddam
202 2296 303 2349 virtute
328 2300 384 2358 est;
411 2292 459 2348 illc
483 2292 558 2349 aliud
582 2293 710 2366 quiddam
723 2311 741 2347 s
760 2294 854 2348 vitio.'’
896 2296 1104 2370 bolteantiquoe,
1119 2298 1153 2353 de
1167 2297 1286 2369 geminis
1301 2296 1397 2351 Somni
1410 2297 1514 2367 portis:

52 2374 156 2429 Plinius
171 2383 246 2428 certe
262 2374 408 2437 secundus,
423 2390 459 2427 ex
480 2373 592 2428 licentia
611 2373 855 2446 magniloquentia
954 2403 1150 2465 agamemn„
1161 2403 1244 2451 gomi
1256 2409 1336 2464 pom,
1349 2417 1448 2463 qum
1458 2401 1618 2450 ,mmmm

51 2455 175 2517 ethnicae,
190 2454 304 2523 Trajani
319 2454 457 2519 virtutem,
469 2454 576 2519 divinae,
587 2470 643 2508 non
654 2462 784 2525 tanquam
795 2453 855 2508 inri-
982 2462 1082 2520 cornea,
1095 2462 1214 2523 quereris
1225 2461 1301 2509 acilia
1311 2460 1380 2508 datur
1390 2461 1467 2508 exitur
1477 2461 1577 2511 umbris:

52 2546 212 2599 tenentum,
236 2535 286 2589 aed
307 2541 439 2605 tanquam
463 2533 612 2604 exemplar,
636 2535 770 2605 proponit,
794 2551 855 2591 cunr
982 2519 1561 2627 fflfffflss‘ffiffiffffluffffizoffifflnz
1580 2580 1596 2601 ‚,

52 2614 103 2669 ait:
125 2621 142 2646 ‘⁴
157 2615 237 2685 Opus
249 2630 305 2668 non
320 2630 382 2668 esse
396 2613 561 2679 homiuibus,
577 2612 647 2668 alias
661 2614 697 2668 ad
707 2613 781 2668 Deos
795 2631 855 2685 pre·
1562 2614 1569 2627 '

51 2712 95 2748 ees
108 2694 233 2759 fundere,
248 2710 332 2766 qnam
355 2700 385 2748 ut
398 2693 532 2766 benignos
547 2711 624 2766 teque
639 2700 668 2748 et
688 2694 855 2765 propitiosos
896 2688 1018 2760 Insignis
1031 2704 1097 2743 sane
1113 2687 1317 2759 magnificentia
1329 2694 1418 2758 portas
1431 2687 1574 2755 eburneae3
1601 2695 1694 2748 umen

52 2791 79 2828 se
92 2775 221 2829 dominos
233 2773 396 2828 mortalibus
410 2782 578 2845 praestarent,
593 2791 625 2828 ac
639 2773 774 2842 'l'rajanus
788 2791 855 2844 prae·
894 2769 1003 2824 somnia
1016 2785 1081 2824 vcra
1095 2785 1146 2838 per
1157 2784 1286 2823 corneam
1299 2774 1462 2824 commeant.

52 2855 190 2909 stitioeet”
233 2855 338 2909 Verum
360 2853 420 2908 haec
443 2855 588 2924 profanam
612 2853 783 2909 ethnicorum
799 2854 856 2923 jac.
935 2848 1121 2903 additamenti
1148 2848 1208 2902 vice
1234 2847 1300 2918 poni
1327 2848 1416 2918 possit
1441 2848 1515 2902 circa
1542 2849 1694 2907 doctrinam

52 2935 164 2990 mutiam
178 2935 298 3006 sapiunt,
310 2933 360 3006 qui
373 2934 484 2990 umbras
499 2934 631 3007 quasdam
645 2952 758 3006 corpore
773 2935 855 3004 majo
894 2929 1014 2986 ethicam
1023 2928 1179 2985 observatio
1189 2927 1250 2994 ills,
1271 2927 1389 2983 inveniri
1395 2927 1524 2984 nimirum
1530 2928 1693 2988 relationem

51 3032 93 3069 res
117 3016 294 3087 prensabant.
339 3015 376 3069 At
400 3014 499 3087 religio
522 3032 594 3082 vera,
618 3021 647 3070 et
668 3022 764 3070 sancta
787 3015 856 3071 fides
894 3018 923 3066 et
945 3011 1147 3082 congruitatem
1169 3009 1314 3081 quandam,
1337 3009 1409 3063 inter
1433 3009 1534 3064 bonnm
1557 3011 1649 3077 animi,
1666 3021 1694 3068 st

51 3095 210 3160 christiana,
238 3113 295 3150 rem
319 3097 409 3166 ipsam
432 3095 519 3167 petit:
549 3095 733 3167 imprimendo
756 3096 855 3150 animis
895 3091 998 3146 bonurn
1008 3090 1140 3162 corporis.
1162 3090 1238 3145 Nam
1252 3089 1561 3159 sicutbonumcorporis
1569 3101 1694 3148 constare

51 3174 192 3231 hominum
203 3175 386 3238 charitatemr
402 3193 464 3248 quae
475 3176 678 3246 appositissime
690 3182 706 3208 ⁴⁴
717 3175 855 3232 vinculum
894 3171 1015 3227 diximus
1025 3188 1062 3226 ex
1075 3170 1201 3234 sanitate,
1209 3168 1419 3241 pulchritudine,
1435 3170 1538 3235 robore,
1554 3187 1586 3225 ac
1600 3173 1695 3244 volup·

51 3256 252 3325 perfectionis”
275 3254 436 3326 appellatur,
452 3255 517 3326 quia
539 3256 653 3310 virtutes
664 3272 759 3310 omnes
774 3255 855 3311 simul
896 3259 963 3316 later
978 3251 1226 3314 sicanimibonum,
1238 3251 1262 3305 si
1273 3250 1356 3318 juxta
1363 3249 1475 3304 moralis
1484 3250 1614 3306 doctrinm
1625 3252 1695 3307 scita

50 3336 169 3408 eossigat,
193 3344 224 3390 et
247 3335 371 3390 revincit
432 3335 504 3390 Sane
526 3335 731 3407 elegantissime
755 3336 855 3390 dictum
894 3332 963 3387 illud
971 3330 1255 3402 contemplemur,huc
1263 3330 1373 3385 tendere
1381 3330 1587 3401 perspiciemus,
1597 3334 1694 3388 utani·

50 3425 90 3469 est
111 3433 129 3470 a
151 3416 318 3481 Menandro,
340 3416 375 3470 de
397 3433 490 3471 amore
512 3415 641 3481 sensuali,
664 3416 711 3487 qui
733 3415 856 3470 divinum
894 3430 971 3468 mum
984 3412 1079 3467 reddat
1089 3428 1195 3475 sanum,
1206 3410 1519 3481 etsperturbationibns
1527 3411 1692 3480 immunem

50 3495 126 3551 illum
136 3513 284 3568 perperam
294 3496 433 3550 imitatur:
449 3513 526 3551 amor
537 3495 634 3551 melior
644 3496 767 3569 sophista
777 3495 855 3562 lavo,
894 3491 1048 3563 pulchrum,
1059 3492 1170 3564 verique
1181 3490 1286 3546 decoris
1294 3491 1460 3545 ornamentis
1470 3490 1626 3557 excultum,
1641 3493 1695 3547 for·

51 3577 83 3630 sd
96 3576 251 3631 humanam
266 3576 378 3630 vitam.”
421 3575 525 3636 Quibus
538 3577 635 3641 innuit,
649 3593 756 3631 morum
771 3577 855 3632 decus
895 3579 998 3638 lemae
1013 3571 1116 3645 agilem
1129 3571 1339 3626 adomniavitte
1350 3571 1597 3637 muniaobeunda;
1619 3574 1694 3627 deni-

51 3656 148 3711 melina
163 3658 200 3710 ab
213 3673 307 3711 amore
323 3655 468 3720 efformari,
483 3674 566 3728 qnam
580 3657 734 3727 asophista
747 3665 775 3711 et
788 3673 856 3727 prae·
895 3670 947 3725 que
962 3670 1017 3708 non
1034 3652 1181 3723 stupidum,
1199 3651 1247 3706 sed
1260 3650 1407 3720 voluptatis
1422 3659 1450 3706 et
1470 3650 1560 3707 solatii
1582 3652 1694 3709 honesti

51 3745 160 3807 raptore
183 3738 290 3807 inepto,
305 3753 387 3807 quem
411 3735 512 3792 laevum
530 3736 659 3808 appellat.
711 3737 854 3809 Siquidem
894 3750 1005 3789 sensum
1019 3733 1109 3788 vivide
1123 3732 1295 3787 retinentem.
1319 3732 1387 3786 Hoec
1401 3732 1620 3797 autem,sicutin
1637 3751 1695 3788 cor-

52 3817 184 3872 nnirersis
211 3817 269 3871 suis
297 3818 422 3888 operosis
447 3816 551 3888 regulis
575 3824 602 3871 et
625 3816 855 3887 preceptionibus
894 3830 969 3884 pore,
980 3814 1020 3868 ita
1030 3821 1058 3868 et
1066 3814 1096 3867 in
1112 3813 1205 3867 animo
1215 3828 1277 3866 raro
1291 3811 1373 3866 simvss
1383 3812 1476 3866 omnia
1486 3813 1692 3885 conjunguntur.

51 3896 190 3952 hominem
205 3903 264 3951 tam
275 3896 387 3951 dextere
401 3904 429 3950 et
442 3898 569 3967 expedite
583 3897 713 3967 effingere
727 3906 854 3969 nequeat,
894 3894 987 3949 Facile
999 3894 1073 3949 enim
1083 3893 1175 3948 videre
1186 3899 1229 3948 est
1241 3891 1347 3956 multos,
1358 3891 1462 3963 ingenii
1468 3893 1572 3948 viribus
1582 3902 1610 3948 ct
1620 3895 1695 3949 sorti·

52 3985 81 4030 nt
92 3995 121 4032 se
136 3978 232 4048 ipsum
246 3985 275 4030 et
286 3977 317 4030 in
330 3977 417 4047 pretio
430 3976 540 4041 habeat,
550 3984 578 4031 et
592 3993 622 4032 sc
636 3976 708 4032 belle
721 3978 751 4031 in
766 3979 856 4031 omni·
894 3974 1076 4029 tudinesnimi
1086 3972 1229 4044 pollentes,
1237 3988 1306 4044 quos
1312 3971 1444 4026 infestant
1453 3980 1544 4027 tamen
1554 3976 1694 4044 perturba·

53 4056 99 4111 bus
118 4064 278 4128 componat,
293 4073 376 4128 quarn
391 4073 468 4111 amor
490 4057 565 4111 iacit.
607 4056 652 4110 Sic
666 4056 853 4127 proculdubio,
895 4055 999 4119 tionesr
1015 4070 1183 4126 quorumque
1192 4053 1276 4108 etiam
1285 4052 1462 4107 moribusvix
1471 4052 1574 4125 aliquid
1585 4054 1694 4127 elegan-

53 4137 197 4192 sianimns
215 4137 373 4207 cujuspiam
387 4137 493 4192 fervore
508 4136 650 4191 charitatis
663 4154 736 4192 verae
758 4137 853 4192 incen·
896 4133 1326 4205 tioeautvenustatisaspergitur:
1341 4131 1419 4197 alios,
1426 4132 1526 4205 quibus
1534 4135 1641 4190 abunde
1651 4145 1694 4190 est

52 4217 136 4282 datur,
152 4218 188 4272 sd
202 4216 336 4285 majorem
349 4217 543 4288 perfectionem
558 4215 695 4281 evehatur,
708 4235 790 4290 qnam
804 4235 854 4290 per
894 4215 923 4268 in
938 4215 1060 4270 moribus
1075 4213 1221 4286 elegantia
1235 4220 1264 4267 et
1280 4212 1440 4278 venustatis,
1462 4212 1519 4268 illis
1532 4220 1623 4270 tamen
1639 4233 1694 4271 non

52 4297 207 4353 universam
221 4296 344 4351 ethicam
357 4296 526 4362 doctrinam,
556 4313 618 4369 qua
638 4297 768 4369 sophista
790 4315 853 4367 pro·
895 4295 1023 4366 suppetit,
1038 4302 1085 4350 ant
1098 4294 1221 4366 probitas
1234 4293 1327 4359 animi,
1350 4300 1381 4347 nt
1393 4292 1486 4359 velint,
1502 4302 1552 4349 aut
1568 4295 1650 4362 vires,
1664 4305 1695 4352 nt

53 4375 121 4433 iacto
134 4377 223 4432 habet
235 4376 381 4442 rationem,
403 4378 501 4432 sicum
515 4376 602 4431 altera
618 4376 668 4432 ills
689 4378 854 4434 conseratur.
894 4375 1001 4446 possint
1015 4383 1089 4430 reete
1103 4390 1205 4447 agere:
1227 4373 1303 4439 alios,
1318 4373 1411 4427 animo
1423 4373 1552 4446 praeditos
1566 4376 1692 4443 honesto,

52 4455 215 4522 Quinetiam,
230 4457 303 4512 sicut
317 4456 475 4527 Xenophon
488 4464 561 4512 recte
581 4457 745 4524 observavit,
761 4463 778 4490 “
792 4456 854 4513 Cae·
895 4464 977 4527 atque
992 4473 1009 4511 a
1022 4455 1149 4510 vitiorum
1162 4455 1226 4509 labe
1240 4459 1395 4525 repurgato,
1411 4455 1458 4526 qni
1472 4462 1564 4510 tamen
1574 4475 1626 4512 nec
1640 4458 1692 4512 sibi

53 4544 122 4593 teror
146 4538 270 4603 affectus,
292 4535 359 4591 licet
379 4537 501 4592 animum
525 4535 658 4602 attollant,
672 4554 736 4592 enm
761 4544 853 4592 tamen
894 4536 964 4606 ipsis
985 4542 1146 4590 ornamento
1166 4542 1236 4599 sunt,
1251 4551 1301 4588 nec
1316 4533 1475 4604 reipublicae
1487 4534 1584 4591 utiles:
1615 4537 1692 4605 alios,

52 4616 221 4691 distorquere
233 4627 262 4672 et
275 4616 483 4689 discomponere
497 4634 546 4688 per
560 4625 679 4673 ecstases
689 4625 715 4672 et
726 4634 854 4673 excessus
895 4617 941 4687 qui
956 4616 1070 4670 istorum
1085 4615 1199 4670 fortasse
1210 4614 1294 4668 trium
1307 4621 1447 4684 compotes
1458 4624 1527 4681 sunt,
1539 4617 1588 4671 sed
1602 4626 1693 4673 tamen

53 4715 131 4753 snos:
152 4715 278 4753 amorem
292 4714 360 4752 vero
374 4696 470 4765 solum,
485 4714 548 4753 eum
562 4696 644 4752 simul
658 4705 686 4753 et
699 4698 813 4753 dilatare
826 4706 855 4753 et
895 4696 986 4752 Stoica
997 4695 1114 4768 quadarn
1125 4695 1234 4749 tristitia
1247 4703 1274 4749 et
1288 4694 1447 4765 stupiditate
1461 4696 1576 4765 proditi,
1587 4697 1693 4754 virtutis

52 4779 241 4850 componere.”
285 4777 332 4832 Sic
350 4794 445 4833 omnes
459 4777 520 4832 aliae
534 4778 669 4843 humanae,
685 4795 752 4850 quas
766 4779 853 4834 admi·
895 4776 1005 4849 quidem
1029 4774 1149 4829 actiones
1163 4782 1302 4840 exercent,
1317 4774 1425 4846 gaudiis
1438 4792 1493 4830 non
1507 4777 1692 4847 perfruuntur.

53 4876 147 4924 samm,
162 4858 328 4924 detendunt
347 4864 475 4912 naturam
488 4859 518 4911 in
540 4857 629 4927 majus
650 4859 779 4925 exaltant,
801 4876 851 4913 ex·
895 4857 973 4918 Quod
987 4855 1011 4909 si
1025 4854 1174 4927 coritingat,
1189 4872 1225 4911 ex
1239 4864 1357 4928 quatuor
1370 4855 1432 4911 istis
1446 4855 1500 4910 duo
1515 4865 1561 4911 aut
1574 4857 1627 4911 tris
1640 4856 1692 4910 ali·

52 4939 138 4994 centn
159 4940 271 4994 interitu
291 4945 359 4992 sunt
377 4937 521 4992 obnoxia:
542 4936 603 4991 sola
622 4947 714 4993 autem
733 4938 854 4994 charitas
895 4936 1004 5006 quando
1018 4952 1187 5000 concurrere,
1201 4937 1339 4992 rarissime
1359 4943 1450 4991 tamen
1464 4936 1501 5001 fit,
1516 4936 1694 5008 quemadmo-

53 5019 243 5076 nonsdmittat
257 5034 412 5073 excessum.
454 5016 852 5089 Angelidnmadpotentiam,
895 5017 959 5070 dum
973 5016 1099 5080 diximus,
1115 5024 1146 5071 nt
1160 5018 1259 5071 omnia.
1300 5016 1364 5071 lam
1376 5034 1441 5072 vero
1455 5016 1606 5087 principale
1620 5016 1694 5074 istud

53 5098 147 5154 dnm
157 5116 262 5171 parem,
272 5098 439 5169 aspirarent,
454 5098 697 5168 pravaricatisunt,
708 5107 736 5153 et
746 5098 853 5154 cecide·
895 5096 1047 5151 membrum
1061 5095 1246 5168 philosophia
1259 5097 1395 5162 hnmana,
1411 5115 1471 5168 quae
1482 5096 1621 5152 hominem
1631 5114 1694 5152 con·

54 5187 124 5235 runt:
139 5186 155 5212 ‘⁸
167 5179 325 5234 ascendam
336 5185 366 5232 et
375 5194 423 5232 ero
434 5176 530 5232 similis
542 5177 709 5234 Altissim0.''
752 5180 852 5245 Homo,
895 5178 1049 5247 templator,
1060 5185 1192 5249 quatenus
1202 5196 1238 5233 ex
1247 5194 1359 5250 corpore
1370 5176 1493 5234 consistit
1502 5183 1584 5249 atque
1594 5178 1694 5244 anima,

54 5259 314 5316 dumadscientiam
324 5257 529 5328 divinaparenr
539 5259 679 5329 aspiraret,
691 5261 852 5331 pravarica·
895 5257 944 5312 sed
958 5263 1049 5312 tamen
1063 5266 1247 5330 segregatum,
1264 5267 1292 5314 et
1311 5258 1379 5314 citra
1392 5258 1559 5326 societatem,
1574 5274 1591 5314 a
1612 5259 1693 5316 nobis

55 5348 93 5394 tus
106 5347 156 5407 est,
167 5348 196 5396 et
208 5339 325 5411 lapmsr
347 5341 365 5370 ‘⁸
375 5337 462 5393 Eritis
472 5338 542 5393 sicut
552 5339 603 5404 dii;
625 5340 742 5396 scientes
751 5340 854 5397 bonurn
895 5345 1091 5409 pertractatum
1104 5345 1152 5393 est
