3800 5875
214 306 271 362 stu
694 298 910 366 INQUISITIO
931 301 983 356 Da
1004 299 1106 356 Lucu
1127 299 1177 354 ΕΤ
1198 297 1363 354 LUMINE.

254 465 366 522 Delatio
375 466 444 522 lucis
458 466 487 521 fit
496 467 597 539 optime
608 483 658 537 per
668 463 777 531 aereum
799 462 846 534 qui
858 479 912 534 quo
922 464 1015 534 purior
1050 461 1130 516 citius
1157 462 1287 526 cernitur,
1311 475 1393 532 quam
1421 456 1528 510 auditur
1551 471 1643 517 sonus,
1670 468 1737 507 cunr
1764 460 1860 508 tamen

214 547 303 613 inurit,
318 547 463 602 ecmelius
476 545 564 603 lucem
578 546 747 601 transmittit.
789 544 888 598 Utrum
902 543 953 599 lux
966 559 1016 615 per
1051 542 1162 596 flamma
1175 558 1247 613 ponc
1262 549 1398 612 sequatur.
1439 537 1503 591 Lux
1517 543 1544 590 et
1563 551 1648 589 sonus
1662 530 1860 588 subtilissimas

214 644 314 698 corpus
327 626 400 682 aeris
414 626 535 693 vehatur,
546 627 709 698 inquiratur.
750 625 837 679 Sonos
851 631 926 678 certe
939 626 1016 678 vide·
1050 622 1241 677 distinctiones
1254 622 1411 692 patiuntum
1425 626 1457 673 ut
1470 613 1859 674 inserbissrticnlatissoni;

114 758 119 763 .
214 724 276 762 mus
289 707 503 773 aventisvehi;
525 716 553 762 et
566 706 675 778 longius
692 704 915 769 secundoveuto,
931 720 1015 775 quum
1050 704 1079 757 in
1093 703 1220 757 omuibus
1228 700 1379 756 visibilium
1388 696 1555 769 imaginibus
1568 694 1626 750 lux„
1659 694 1861 749 Luxetsuuus

215 788 337 853 adverso,
358 787 445 842 audiri
461 789 588 858 possint:
609 794 700 841 utrum
719 785 892 841 verosimile
910 782 1016 855 aliquid
1049 782 1122 837 nihil
1142 783 1201 837 fere
1223 782 1376 853 producunt
1395 787 1442 833 sut
1461 781 1607 848 generant,
1623 782 1811 845 praeterquam
1824 774 1861 826 in

215 867 305 922 iistin
318 867 387 933 luce,
401 868 563 940 inquiratur.
605 866 676 921 llis.
1051 863 1176 917 sensibus
1203 869 1231 915 et
1254 861 1396 933 spiritibus
1422 855 1594 912 animalium.
1635 854 1701 909 Lux
1723 864 1753 908 et
1775 869 1862 907 sunm

1051 943 1132 997 facile
1146 951 1318 1014 generantur,
1326 947 1356 995 et
1367 940 1443 994 brevi
1456 943 1640 993 evanescunt:
1663 935 1742 989 Nam
1754 949 1807 987 nm
1815 943 1864 987 est

399 1006 626 1049 mmmm
648 1006 835 1048 mmmm·
1051 1025 1122 1095 quod
1136 1024 1198 1094 quis
1211 1032 1289 1093 putet
1302 1037 1400 1075 sonum
1409 1018 1496 1083 illum,
1510 1016 1557 1089 qui
1572 1015 1609 1069 ad
1623 1024 1737 1085 tempus
1747 1012 1862 1085 aliquod

258 1098 303 1154 ll.
324 1099 476 1155 Videndum
489 1100 572 1154 etism
585 1106 628 1155 est
638 1099 674 1159 dc
689 1098 892 1169 dispbaneitate
911 1097 1015 1152 incido·
1051 1119 1215 1173 acampsnn
1235 1110 1282 1158 aut
1295 1100 1398 1155 chorda
1414 1114 1545 1170 percussa
1557 1097 1649 1160 durat,
1664 1112 1683 1148 a
1695 1094 1788 1165 prima
1797 1111 1862 1164 per·

215 1197 285 1236 rum.
325 1178 417 1234 Filum
436 1179 557 1235 candelas
574 1180 646 1234 intra
663 1181 804 1233 flammam
822 1178 960 1232 cernitur:
986 1188 1016 1233 at
1050 1185 1175 1239 cursione
1190 1183 1265 1237 fieri:
1284 1198 1350 1235 nam
1364 1182 1388 1234 si
1401 1195 1535 1250 campana
1548 1176 1594 1231 vel
1607 1175 1716 1230 chorda
1728 1181 1862 1245 tangatur

216 1277 265 1331 per
285 1259 402 1328 majores
420 1260 544 1315 flammas
565 1261 672 1329 objecta
693 1259 729 1313 ad
742 1259 831 1313 visum
848 1275 903 1313 uon
921 1275 1015 1329 perve-
1050 1272 1079 1318 et
1091 1265 1210 1329 sistatur,
1222 1278 1305 1317 sonus
1319 1261 1412 1316 statim
1426 1260 1511 1331 perit;
1526 1257 1601 1312 unde
1611 1256 1793 1310 manifestum
1806 1264 1861 1317 est,

215 1341 301 1395 ninnt.
343 1339 380 1394 At
401 1348 495 1395 contra
516 1342 604 1395 omnis
627 1339 818 1421 diophaneitas
842 1356 879 1393 ex
901 1355 1015 1409 corpore
1051 1360 1100 1414 per
1113 1343 1312 1398 successionem
1327 1341 1424 1395 creari.
1465 1339 1528 1394 Lux
1541 1337 1679 1404 amajore
1701 1334 1773 1401 lace,
1786 1334 1861 1389 siem

216 1419 309 1492 tlith
326 1419 414 1491 ἱεῖὶῑῐθ
426 1421 512 1491 periit
535 1429 564 1475 ¹11
582 1420 611 1474 in
632 1422 704 1475 vitro
716 1420 809 1480 videre
823 1427 873 1482 eti,
888 1418 961 1489 quod
975 1419 1015 1490 ig·
1050 1440 1134 1478 sonus
1147 1441 1165 1477 a
1178 1424 1281 1492 majore
1295 1437 1372 1487 sono,
1383 1420 1520 1482 obruitur;
1535 1424 1563 1471 et
1576 1424 1687 1470 cetera.

215 1500 301 1556 nitum
314 1516 368 1554 non
379 1499 496 1571 amplius
504 1508 597 1555 munet
607 1500 784 1571 disphanum.
825 1499 931 1569 Corpus
942 1497 1015 1554 airis
1090 1502 1229 1558 Differnnt
1240 1510 1339 1566 autem,
1351 1502 1424 1572 quod
1437 1499 1486 1554 lux
1496 1499 1540 1570 (ut
1552 1495 1689 1565 diximus)
1703 1513 1775 1551 sono
1787 1495 1860 1549 velo

215 1579 383 1652 diaphsnnm
402 1588 459 1644 est3
479 1580 545 1635 item
566 1597 660 1652 aquia:
686 1589 716 1634 at
734 1579 783 1633 illa
803 1580 857 1634 duo
876 1578 1016 1649 diaphsna
1050 1583 1160 1639 ciorsit.
1188 1582 1253 1638 Lux
1262 1583 1365 1651 majore
1374 1583 1463 1653 spatia
1471 1578 1566 1642 vincit,
1576 1593 1661 1648 qnam
1669 1593 1765 1631 sonus.
1795 1575 1860 1631 Lux

216 1659 367 1725 commista,
377 1661 407 1714 iu
420 1660 490 1724 nive,
500 1668 548 1716 aut
562 1677 667 1730 spuma,
677 1676 733 1715 non
743 1660 861 1729 amplius
875 1658 1016 1731 disphaua
1050 1656 1859 1734 utrumiucorporeaerisdeseratur,quemadmodumsonus,

215 1749 286 1807 sunt,
300 1741 348 1795 sed
361 1741 504 1811 acquirunt
517 1739 607 1795 lucem
619 1740 756 1812 quandam
771 1738 943 1811 originalem.
1050 1744 1183 1798 incertum
1197 1743 1241 1798 sit
1282 1742 1353 1808 Lux,
1367 1743 1397 1795 in
1414 1741 1489 1796 linea
1502 1748 1578 1793 recta
1594 1743 1710 1800 tantum,
1725 1753 1809 1790 sonus
1825 1738 1857 1789 in

1049 1822 1126 1878 linea
1146 1823 1264 1893 obliqua,
1280 1830 1308 1878 et
1327 1822 1501 1895 undiquaque
1523 1819 1648 1873 seratur:
1669 1818 1776 1871 etenim
1797 1834 1859 1870 cum

1051 1903 1116 1975 quid
1129 1904 1158 1958 iu
1173 1904 1269 1958 umbra
1280 1902 1431 1958 umbraculi
1445 1899 1572 1966 cernitur,
1581 1915 1636 1952 non
1645 1904 1695 1962 est,
1710 1898 1786 1968 quod
1796 1898 1859 1967 quis

259 1980 303 2036 12.
324 1981 478 2035 Videndum
491 1981 525 2035 dc
536 1981 752 2052 cognationibus,
763 1987 845 2051 atque
855 1980 939 2035 etism
952 1979 1016 2036 hos
1051 1991 1134 2054 putet,
1146 1984 1218 2056 quod
1230 1983 1280 2038 lux
1293 1983 1355 2054 ipsa
1362 1990 1489 2053 penetret
1497 1977 1695 2042 umbraculum,
1705 1977 1757 2031 sed
1765 1977 1860 2032 serem

215 2060 358 2115 tilitatibus
380 2061 458 2116 lucis.
499 2061 699 2132 Cognationem
718 2061 839 2116 maxime
860 2060 946 2115 habet
966 2060 1016 2117 lux
1051 2071 1155 2118 tantum
1183 2061 1376 2118 circumfusum
1404 2060 1556 2124 illuminat3
1582 2059 1630 2131 qui
1652 2058 1738 2111 etiam
1764 2060 1861 2111 sitem

216 2158 279 2195 cum
293 2141 379 2194 tribus
393 2140 479 2207 rebus,
495 2149 627 2212 quatenus
646 2140 681 2194 ad
701 2140 906 2212 generationem
928 2141 1014 2207 lucis3
1051 2160 1122 2213 pone
1144 2142 1333 2198 umbraculum
1353 2142 1493 2197 vicinitate
1514 2135 1643 2194 nonnihil
1666 2136 1809 2192 illustrat:
1831 2146 1861 2189 st

216 2220 463 2286 caloretenuiure,
476 2228 600 2276 etmotu.
641 2220 796 2276 Videndum
808 2221 894 2292 igitur
904 2220 937 2275 de
949 2239 1015 2276 con·
1051 2240 1141 2289 sonus,
1152 2224 1188 2278 ab
1197 2241 1252 2278 uno
1265 2223 1351 2278 latere
1365 2222 1479 2294 parietis
1489 2220 1620 2284 redditus,
1629 2235 1667 2273 ex
1677 2217 1765 2271 altera
1778 2226 1860 2288 parte

214 2300 300 2371 jugiis
314 2306 342 2353 et
361 2300 485 2354 divortiis
499 2317 592 2356 eorum
607 2318 674 2379 erga
687 2300 793 2364 lucem,
815 2307 898 2372 atque
920 2319 1017 2357 eorun-
1051 2304 1165 2373 parietis
1188 2304 1303 2369 auditur,
1327 2319 1382 2359 non
1409 2301 1525 2357 multum
1552 2297 1722 2355 debilitatus
1763 2298 1860 2352 Etiam

217 2380 279 2434 dem
289 2380 477 2452 conjugiorum
491 2388 518 2435 et
531 2380 707 2436 divortiorum
720 2380 860 2452 gradibus.
891 2381 1017 2438 Flamma
1052 2400 1134 2438 sonus
1147 2384 1221 2438 intra
1235 2391 1313 2455 septa
1326 2399 1471 2455 corporum
1485 2380 1634 2437 solidorum
1644 2379 1783 2443 audiatur,
1793 2377 1861 2432 lieet

217 2460 329 2530 spiritus
343 2460 398 2515 riui
413 2469 460 2515 aut
473 2461 545 2532 ignis
560 2459 627 2516 intui
641 2461 723 2533 longe
738 2461 811 2516 t'erro
825 2461 913 2531 ignito
927 2461 1017 2517 calore
1052 2464 1152 2519 exilior
1165 2464 1266 2529 iactum
1281 2470 1312 2518 ut
1321 2464 1352 2518 fit
1362 2464 1390 2518 in
1401 2462 1559 2517 sonisiuira
1568 2460 1676 2530 lapides
1686 2459 1858 2521 hiemantes,

216 2540 304 2595 leuior
318 2540 695 2606 estverumlumineiortior.
737 2540 894 2607 Cicindela,
904 2550 932 2596 et
941 2559 1017 2597 rores
1052 2545 1140 2599 autin
1153 2544 1312 2613 corporibus
1325 2544 1463 2615 percussis
1483 2542 1555 2597 inira
1568 2557 1687 2610 aquam
1708 2550 1741 2593 at
1760 2539 1812 2594 lux
1830 2540 1859 2593 in

217 2636 296 2691 aqua
319 2621 405 2685 salsus,
423 2627 450 2674 et
469 2620 556 2675 multa
574 2639 610 2677 ex
627 2621 767 2693 illisque
788 2621 1016 2688 enumeravimus,
1052 2640 1165 2696 corpore
1186 2623 1334 2695 diaphano,
1354 2623 1476 2694 undique
1500 2623 1646 2685 obstructo,
1668 2620 1784 2674 omuino
1804 2636 1859 2673 non

216 2698 306 2755 lucem
324 2699 438 2769 jaciunt,
452 2701 542 2755 calida
562 2703 597 2757 ad
616 2710 720 2757 tactum
738 2718 794 2757 nou
812 2709 883 2757 snut.
924 2702 1017 2757 Etiam
1052 2705 1181 2760 cernitur.
1223 2704 1337 2769 Ultimo,
1358 2703 1431 2777 quod
1453 2701 1543 2759 omisis
1564 2717 1647 2757 sonus
1668 2701 1859 2771 generetnrin

216 2779 328 2836 metulla
351 2782 439 2852 ignita
465 2782 559 2837 tenuia
582 2799 637 2837 non
662 2789 731 2847 suut,
754 2789 784 2835 at
810 2781 901 2836 calore
925 2789 1017 2837 tamen
1052 2792 1136 2850 motu,
1151 2792 1178 2838 et
1191 2784 1306 2839 elisione
1321 2801 1465 2855 corporum
1476 2782 1636 2844 manifesta;
1651 2780 1702 2835 lux
1712 2782 1856 2834 nouitem.

217 2861 328 2916 ardente
342 2861 463 2932 prodita
495 2862 532 2916 lt
545 2871 645 2927 contra,
658 2865 758 2917 airest
771 2862 844 2916 iuter
857 2862 1018 2917 tenuissima
1094 2864 1130 2918 At
1143 2864 1309 2920 hostilitates
1319 2864 1398 2930 lucis,
1409 2864 1464 2919 nisi
1476 2864 1538 2934 quis
1549 2860 1718 2933 privationes
1732 2876 1784 2930 pro
1797 2859 1859 2913 hos

217 2958 339 3014 corpora,
353 2942 402 2997 sed
423 2941 484 2998 luce
502 2953 589 2999 vacat.
630 2944 744 3008 Rursus,
765 2942 838 2998 idem
858 2942 913 3009 adr,
936 2952 1017 3013 atque
1053 2944 1198 3001 tilitatibus
1210 2946 1313 3002 habere
1328 2946 1403 3011 velit,
1417 2961 1472 2999 nou
1487 2950 1648 3006 occurmnt;
1667 2942 1858 3014 verum,qnod

217 3023 301 3077 etiam
324 3024 407 3087 venti,
429 3032 506 3078 motu
529 3024 619 3094 rapidi
640 3031 712 3089 sunt,
733 3023 823 3078 lucem
845 3031 938 3078 tumen
962 3040 1018 3078 uon
1053 3026 1175 3081 maxime
1188 3025 1319 3081 credibile
1340 3035 1389 3091 est,
1405 3034 1497 3095 torpor
1517 3039 1661 3095 corporum
1681 3023 1712 3076 in
1735 3023 1859 3092 partibus

217 3103 347 3174 praebent.
388 3103 427 3157 At
446 3110 548 3170 contra,
569 3104 680 3159 metalla
700 3104 789 3175 ignita
811 3110 917 3159 motum
938 3120 1018 3158 suum
1053 3105 1118 3170 suis,
1141 3106 1262 3162 maxime
1286 3114 1328 3162 est
1348 3106 1404 3162 luci
1428 3104 1567 3159 inimicus.
1611 3101 1686 3157 Nam
1707 3102 1768 3157 sere
1788 3101 1859 3156 nihil

216 3182 345 3237 hebetem
358 3199 414 3237 non
427 3192 540 3248 exuunt,
554 3184 643 3240 lucem
657 3184 836 3239 nibilominus
849 3184 967 3238 vibrant.
1053 3186 1134 3252 lucet,
1146 3187 1218 3257 quod
1231 3203 1295 3252 uon,
1305 3193 1352 3243 ant
1365 3186 1477 3257 propria
1489 3191 1589 3240 ustura
1598 3183 1749 3255 insigniter
1758 3181 1858 3236 mobile

257 3263 292 3317 In
305 3263 513 3334 cognationibus
523 3274 616 3320 autem
628 3265 706 3331 lucis,
716 3283 777 3336 qum
791 3280 845 3318 uon
856 3264 891 3318 ad
905 3279 1018 3335 genera·
1054 3274 1097 3320 est
1109 3289 1116 3332 t
1137 3273 1186 3320 sut
1200 3267 1359 3334 excitatum,
1373 3265 1418 3322 vel
1431 3266 1530 3332 calore,
1545 3261 1590 3321 vel
1603 3272 1688 3329 motu,
1702 3262 1749 3318 vel
1764 3264 1858 3333 spiritu

217 3342 320 3398 tionem
334 3343 400 3412 ejus,
412 3343 460 3398 sed
474 3344 509 3397 sd
522 3360 680 3416 processum
693 3352 799 3400 tantum
809 3352 939 3415 spectant,
947 3343 1018 3399 nihil
1054 3345 1138 3401 vitali.
1180 3345 1251 3403 Alia.

217 3430 275 3477 tam
292 3424 466 3493 conjunctum
486 3432 536 3490 est,
551 3442 749 3497 quamsonus:
769 3425 861 3496 itaque
876 3424 1019 3479 decorum
1095 3424 1224 3498 Intelligo
1247 3435 1341 3482 antem
1361 3443 1478 3497 semper,
1493 3426 1567 3498 quod
1587 3441 1644 3479 uon
1668 3430 1775 3478 tantum
1795 3421 1857 3476 aliae

218 3501 385 3574 sympatbiis
398 3512 426 3559 et
439 3504 560 3559 dissidiis
581 3512 706 3561 accurate
721 3504 876 3560 videndum.
919 3503 953 3559 Iu
973 3502 1019 3558 bis
1053 3504 1395 3579 instantissinvestigandae
1409 3509 1463 3561 sint
1476 3505 1641 3576 (istssenim
1649 3520 1755 3575 paucas
1768 3520 1857 3557 exem·

217 3583 388 3639 conveniunt.
429 3583 494 3638 Lux
508 3594 535 3639 et
556 3602 638 3640 sonus
658 3585 687 3640 in
707 3585 838 3640 ambitum
858 3582 1019 3639 circumfun·
1054 3584 1094 3656 pli
1117 3585 1179 3641 loco
1200 3586 1370 3643 solummodo
1387 3586 1563 3655 adduximus)
1585 3585 1635 3640 sed
1653 3585 1739 3638 etism
1755 3594 1783 3639 ut
1794 3582 1857 3638 novi

218 3662 325 3719 duntur.
345 3662 411 3719 Lux
418 3671 445 3718 et
457 3681 539 3720 sonus
549 3683 599 3737 per
607 3663 768 3737 longissima
778 3664 868 3735 spatia
881 3664 1018 3730 semotum
1054 3666 1138 3738 topici
1152 3666 1268 3733 articuli,
1284 3676 1365 3740 prout
1384 3686 1476 3725 rerum
1494 3675 1595 3723 natura
1608 3665 1672 3732 fert,
1688 3665 1856 3735 adjiciantur.

218 3742 267 3798 sed
279 3742 330 3798 lux
347 3743 494 3816 pernicius,
509 3754 537 3801 ut
555 3745 584 3801 in
603 3745 745 3801 tormentis
758 3744 888 3813 videmus,
902 3743 951 3800 ubi
970 3743 1020 3800 lus

306 1885 515 1926 coonsntonss
537 1886 573 1925 ΕΤ
594 1886 803 1926 nosnulns'rss
824 1885 919 1925 Luem.
