3800 5875
1864 218 1865 271 i

262 318 322 372 424
771 317 821 372 DE
842 316 1066 372 AUGMENTIS
1087 312 1361 372 scientissime.
1701 310 1834 367 Liniiili.
1864 392 1865 415 1

261 482 337 541 tum;
359 476 423 547 quia
441 492 495 530 non
509 473 603 528 eadem
617 474 741 529 adhiberi
756 474 895 529 consuerit
907 473 1048 545 diligentia
1083 473 1233 528 moderatos
1251 476 1432 538 coiirceantur,
1451 478 1479 527 et
1500 470 1612 525 facessat
1630 469 1765 525 murinco
1778 487 1836 524 enor-

259 554 290 608 in
310 555 489 623 ponderandis
516 562 544 607 et
562 552 750 608 examinandis
768 553 858 608 verbis
881 552 1046 625 praeambuli,
1082 554 1134 607 mis
1147 561 1287 608 auctorum
1301 560 1328 606 et
1346 551 1485 606 doctorum
1503 551 1532 604 in
1549 551 1626 619 jures
1645 550 1712 604 uude
1728 548 1837 604 haeramr

261 650 322 704 quas
335 632 478 688 adhibetur
497 632 526 686 in
539 649 650 702 corpore
664 633 749 703 ipsius
763 631 841 703 legis.
1083 631 1215 686 sententia
1222 631 1321 703 legum,
1329 631 1414 699 judex
1426 631 1457 684 iit
1470 630 1603 694 attonitus,
1609 645 1742 700 processus
1752 629 1837 683 immm

301 711 380 765 Hanc
394 720 499 782 partem
507 712 539 764 de
552 712 741 765 incertitudine
751 710 851 782 legum,
860 729 921 782 quea
931 730 967 766 ex
974 711 1047 766 mala
1083 711 1158 775 talea,
1173 718 1253 782 atque
1266 711 1410 766 advocatus
1423 710 1489 780 ipse,
1504 726 1565 764 cum
1578 714 1617 762 tot
1630 707 1711 762 libros
1723 707 1837 776 perlegere

261 790 440 860 descriptione
461 792 580 861 ipsarum
599 799 687 845 ortum
705 786 796 855 hahe'l,
818 789 904 845 insius
922 790 1045 844 tractabi·
1083 796 1111 843 et
1123 790 1231 844 vincere
1244 806 1299 843 non
1318 790 1410 859 possit,
1424 788 1583 858 compendia
1604 796 1725 842 sectatur.
1760 785 1837 840 (ilcan

260 886 328 933 mus,
343 870 450 940 quando
469 870 501 924 de
516 869 734 939 interpretatione
755 868 846 939 legum
868 879 965 939 postea
978 886 1044 939 age·
1083 868 1197 923 fortasse
1221 868 1313 940 aliqua
1336 867 1421 932 bona3
1449 875 1536 922 etex
1555 866 1725 936 scriptoribus
1740 865 1836 918 eleusius

261 964 331 1002 mus.
377 949 464 1019 Atque
485 948 518 1002 de
540 948 719 1018 descriptione
739 946 832 1018 legum
853 948 965 1003 obscura
986 948 1045 1002 haec
1083 947 1170 1015 pauci,
1184 946 1229 1001 rel
1242 947 1332 1018 potius
1346 947 1506 1017 scriptorum
1518 962 1665 1017 paucorum
1677 943 1837 1014 pauealrepor·

262 1026 413 1081 dictasint:
431 1028 489 1096 jam
502 1027 536 1081 de
549 1028 637 1081 modis
648 1025 805 1081 enucleaudi
816 1027 885 1095 juris
894 1027 1044 1081 dicendum.
1083 1025 1178 1089 tiones,
1192 1026 1277 1096 recipi
1290 1026 1396 1095 possint
1412 1042 1463 1096 pro
1480 1024 1651 1078 authenticis
1691 1022 1836 1093 iieliqnorun

1082 1104 1259 1160 nibilominus
1268 1101 1837 1163 maneatumsnonnuhusinbibtioueeisu

262 1201 302 1241 ns
316 1201 402 1240 nonis
416 1199 593 1241 nuncsnannr
607 1200 695 1249 roms,
706 1199 741 1238 ar
754 1199 893 1239 rosunum
907 1198 1044 1239 aniona
1082 1201 1176 1238 eorum
1190 1190 1318 1238 mactatus
1330 1183 1475 1252 inspiciant
1484 1182 1598 1251 jndices,
1608 1189 1655 1236 aut
1668 1180 1836 1243 adumaticum

1082 1279 1151 1332 opus
1173 1263 1269 1317 fuerits
1297 1262 1346 1317 sed
1368 1262 1397 1316 in
1418 1262 1507 1317 musis
1525 1262 1647 1332 agendis,
1665 1260 1693 1313 in
1713 1260 1764 1313 loro
1774 1260 1837 1313 citnre

481 1325 666 1364 ¹⁹⁸⁰⁸¹⁸¹⁰⁸
688 1323 777 1363 ³¹¹¹·
1082 1358 1129 1397 eos
1142 1358 1196 1396 nou
1209 1342 1379 1413 permittitur,
1389 1358 1440 1395 nec
1458 1341 1486 1394 in
1506 1342 1691 1395 auctoritatem
1703 1346 1836 1394 maeonio

299 1417 375 1472 Modi
389 1418 547 1473 enucleandi
564 1418 640 1486 juris,
655 1423 682 1471 et
696 1416 806 1471 tollendi
824 1416 913 1480 dubia,
926 1415 1044 1486 quinque

260 1505 329 1552 sunt
371 1498 430 1552 Hoc
445 1497 566 1563 enimfit,
581 1505 627 1550 sut
645 1513 693 1566 per
708 1495 918 1566 perscriptioncs
933 1494 1045 1564 judicio
1286 1514 1323 1552 na
1342 1513 1435 1555 ursana
1456 1512 1667 1553 anxruaaraus.

260 1594 337 1642 rum;
359 1586 405 1632 aut
417 1594 466 1647 per
479 1577 621 1647 scriptores
630 1575 819 1640 authenticos;
840 1583 886 1628 aut
900 1591 949 1644 per
961 1574 1045 1627 libros

259 1656 417 1722 auxiliarem
426 1664 471 1710 aut
477 1674 525 1726 per
533 1654 728 1726 praelectionem
740 1662 785 1708 aut
793 1652 1045 1724 perreaponsnsire

259 1735 381 1790 consulta
394 1735 560 1804 prudentum.
601 1732 805 1795 Haecomnia,si
818 1733 887 1786 bene
901 1732 1043 1786 instituan-
1122 1727 1159 1782 At
1185 1727 1325 1783 scientiam
1350 1729 1428 1796 juris,
1456 1736 1484 1783 et
1508 1729 1665 1799 practicam,
1693 1726 1836 1783 auxiliaribus

260 1822 309 1881 tur,
323 1824 422 1886 praesto
435 1822 511 1869 erunt
525 1829 624 1884 magna
637 1811 729 1883 legum
743 1811 900 1866 obscuritati
915 1811 1044 1866 subsidia
1081 1806 1158 1862 libris
1177 1823 1212 1861 ne
1225 1809 1352 1871 nudante,
1366 1806 1414 1861 sed
1427 1808 1518 1877 potius
1531 1808 1693 1862 insti-annio.
1731 1807 1802 1860 lieex
1816 1807 1836 1858 in

1081 1903 1181 1957 genere
1195 1894 1283 1942 sunto.
1325 1886 1516 1940 institutiones.
1556 1886 1601 1941 De
1614 1886 1750 1940 verborum
1760 1885 1836 1954 ripolis

412 1987 450 2025 na
470 1985 687 2026 rnascnrrrrons
706 1985 895 2028 tunsoroanar.
1082 1966 1198 2020 catione.
1238 1965 1279 2020 De
1306 1964 1410 2036 regulis
1434 1965 1513 2032 juris.
1554 1965 1735 2037 Antiquitates
1760 1964 1835 2036 legun

1082 2044 1211 2099 Summa.
1252 2043 1359 2116 Agendi
1373 2044 1504 2099 formula.

1433 2183 1520 2222 LXXX.

1326 1638 1508 1677 arnoatsuus
1528 1638 1627 1677 cxxix.

510 2108 689 2149 senomsmus
711 2109 810 2148 hXXlli.

300 2205 371 2260 Ante
385 2206 483 2269 omnia,
496 2204 599 2274 judicia
617 2203 720 2258 reddita
733 2205 762 2257 in
775 2203 858 2257 curiis
871 2204 1004 2274 supremis
1018 2212 1045 2259 et

260 2284 459 2356 principalibus,
481 2296 561 2355 atque
586 2283 675 2337 causis
702 2283 879 2353 gravioribus,
895 2285 1045 2353 prasertim
1122 2277 1294 2348 Prmparandi
1308 2284 1371 2332 sunt
1385 2278 1499 2346 juvenes
1511 2283 1540 2332 et
1557 2277 1665 2342 novitii,
1684 2275 1837 2331 adoriendam

261 2361 356 2428 dubiis,
371 2382 483 2435 quaque
497 2363 599 2435 aliquid
618 2362 717 2416 babent
736 2361 900 2417 difficultatis
913 2371 959 2416 aut
972 2364 1045 2417 nori·
1083 2365 1110 2411 ei
1122 2357 1207 2411 ardut
1216 2357 1285 2426 iuris
1298 2358 1379 2411 altius
1392 2363 1421 2410 et
1434 2356 1605 2412 commodius
1621 2356 1761 2412 haurienda
1771 2362 1793 2409 tt
1802 2355 1837 2407 itt

261 2445 333 2510 tatis,
356 2442 499 2514 diligenter
521 2451 549 2496 et
571 2460 632 2496 cum
655 2443 707 2497 tide
730 2442 893 2512 excipiunto.
935 2441 1045 2497 Judicia
1083 2436 1206 2500 bibenda,
1220 2452 1270 2507 Per
1283 2435 1471 2491 inssfiluilwtss·
1501 2435 1690 2491 imiimtiontt
1703 2432 1838 2490 illttttffiflt

261 2523 333 2578 enim
347 2523 472 2577 anchoras
482 2521 574 2595 legum
588 2528 658 2586 sunt,
673 2529 704 2576 ut
713 2520 789 2592 leges
803 2520 967 2592 reipublicae.
1082 2515 1156 2569 eluro
1170 2525 1196 2569 et
1210 2515 1529 2586 perspicuocomponito.
1571 2515 1607 2568 ln
1620 2514 1676 2568 iilis
1689 2515 1749 2584 ipsis
1761 2512 1838 2567 nahet-

1083 2611 1142 2648 aum
1149 2595 1196 2662 jus
1208 2594 1344 2665 privatum
1359 2593 1523 2664 percurritur
1543 2609 1603 2647 non
1617 2591 1838 2653 aliaomittenduin

604 2661 698 2699 ΜΝ·
1083 2672 1143 2727 aliis
1157 2672 1218 2742 pius
1233 2674 1299 2727 satis
1312 2672 1490 2738 immorando,
1506 2673 1555 2727 sed
1568 2689 1608 2727 ex
1622 2673 1733 2744 singulis
1744 2669 1839 2742 quodem

300 2759 399 2814 Modus
412 2756 567 2826 hujusmodi
578 2755 683 2824 judicia
696 2754 856 2824 excipiendi,
866 2763 894 2808 et
905 2754 935 2808 in
945 2754 1046 2825 scripta
1082 2751 1200 2807 breviter
1213 2751 1365 2815 delibando,
1376 2751 1451 2806 atad
1464 2768 1561 2821 corpus
1571 2751 1669 2824 legum
1681 2748 1838 2821 perlegendum

262 2838 402 2900 referendi,
421 2837 483 2890 talis
506 2844 572 2890 esto.
615 2834 702 2889 Casus
722 2833 842 2903 praecise,
862 2831 967 2908 judicia
987 2834 1046 2904 ipsa
1083 2846 1230 2895 accessuro,
1244 2829 1283 2884 nil
1305 2847 1334 2885 se
1353 2831 1477 2884 ostendat
1497 2847 1611 2901 prorsas
1629 2848 1732 2894 novum,
1746 2827 1786 2883 sed
1800 2825 1838 2879 leri

260 2928 355 2974 exacte
378 2916 555 2989 perscribito:
581 2915 698 2969 rationes
722 2912 892 2982 judiciorum,
914 2929 982 2986 quaa
1002 2913 1045 2968 ad·
1083 2909 1175 2982 aliqua
1194 2909 1304 2966 notione
1319 2917 1492 2981 praeceptum.
1534 2908 1588 2964 Jus
1602 2909 1735 2981 publicum
1750 2904 1838 2962 iniusti

261 3001 395 3053 duxerunt
413 2997 525 3065 judices,
547 2994 672 3062 adjicito:
693 3009 811 3057 casuum,
834 2993 868 3046 ad
889 2992 1045 3063 exemplum
1083 2990 1231 3044 talionibus
1244 3006 1278 3044 ne
1289 2989 1416 3060 stringito
1423 3011 1431 3055 ;
1447 3005 1539 3043 rerum
1551 2989 1624 3045 iliud
1634 3007 1670 3045 ex
1679 2984 1838 3055 iontihuipeir

262 3078 444 3139 adductorum,
458 3075 643 3129 auctoritatem
657 3091 717 3126 cum
730 3072 837 3127 casibus
852 3072 1046 3143 principalibus
1083 3068 1232 3124 hauriatur.

260 3174 296 3210 ne
310 3156 498 3210 commiscetur
512 3155 545 3208 de
559 3153 747 3207 advocatorum
759 3151 981 3221 perorationibus,
992 3153 1045 3206 nisi

261 3236 399 3307 quidpiam
412 3235 441 3288 in
455 3235 489 3288 iis
502 3234 584 3288 fuerit
594 3232 737 3285 admodum
750 3230 889 3296 eximium,
904 3230 992 3286 sileto.
1428 3213 1525 3252 “¹¹¹⁶

1122 3305 1354 3361 commentarium
1375 3304 1408 3359 de
1421 3304 1559 3359 vocabulis
1577 3306 1650 3374 juris
1669 3301 1785 3358 conficitn
1816 3297 1838 3350 lt
1864 3299 1865 3376 i

1084 3384 1264 3455 explicatione
1284 3386 1412 3455 ipsorum,
1424 3393 1451 3439 et
1464 3400 1544 3438 sensu
1563 3385 1707 3448 reddendo,
1720 3398 1751 3435 ne
1760 3378 1838 3433 curius

300 3466 433 3531 Personae,
452 3483 513 3536 qum
532 3464 688 3533 hujusmodi
712 3464 814 3533 judicia
837 3464 984 3535 excipiant,
1011 3480 1046 3520 ex
1083 3465 1164 3518 nimis
1175 3472 1222 3518 aut
1235 3463 1368 3519 laboriose
1378 3469 1514 3517 versator:
1528 3479 1621 3534 neque
1631 3464 1702 3517 enim
1711 3461 1758 3515 hoc
1766 3459 1838 3528 agitet,
1864 3479 1865 3484 ¹

261 3545 398 3600 advocatis
411 3546 530 3599 maxime
543 3544 628 3598 doctis
645 3551 732 3606 sunto,
747 3553 773 3598 et
787 3542 962 3597 honorarium
981 3544 1046 3598 libe
1082 3552 1114 3598 ut
1127 3543 1296 3597 definitiones
1310 3543 1453 3597 verborum
1468 3550 1627 3612 quaerantur
1648 3548 1744 3601 exacte,
1754 3538 1792 3591 sed
1807 3551 1839 3586 ex·
1864 3549 1865 3594 i

261 3624 316 3679 raia
330 3643 366 3680 ex
383 3626 492 3695 publico
506 3624 670 3693 excipiunto.
710 3622 820 3677 iudices
834 3623 888 3692 ipsi
907 3623 941 3676 ab
956 3622 1046 3691 hujus-
1083 3618 1839 3692 plicsuonesuntum,quelegendisjurtalibrisrianape
1864 3633 1865 3672 ι

260 3706 333 3759 modi
348 3703 585 3774 perscriptionibus
599 3702 765 3757 abstinento:
786 3719 820 3755 ne
834 3703 901 3756 iorte
916 3702 1046 3772 opinioni·
1084 3703 1152 3755 riam
1161 3701 1317 3756 faciliorem.
1359 3700 1515 3754 Tractatum
1523 3707 1616 3754 autem
1629 3700 1709 3754 istum
1721 3713 1763 3766 per
1771 3693 1865 3766 literne}

260 3783 311 3837 bus
337 3784 453 3854 propriis
477 3782 584 3847 addicti,
605 3788 634 3835 et
661 3781 817 3835 auctoritate
844 3782 954 3851 propria
975 3781 1045 3846 ireti,
1083 3779 1222 3850 alphabeti
1242 3796 1277 3833 ne
1299 3779 1424 3849 digerite.
1465 3778 1497 3832 ld
1517 3779 1604 3832 indici
1618 3778 1698 3833 alicui
1710 3772 1839 3843 relinquito:
1864 3793 1865 3802 κ

260 3861 363 3917 limites
376 3861 550 3917 referendarii
565 3860 763 3914 transcendant.
1084 3859 1131 3912 sed
1145 3858 1309 3913 collocentur
1322 3858 1403 3912 simul
1417 3857 1506 3922 verba,
1521 3876 1582 3927 quae
1597 3859 1670 3912 circa
1685 3854 1782 3910 eandem
1798 3863 1840 3903 tem
1864 3903 1865 3906 ,

1083 3945 1238 4001 versantur3
1254 3945 1283 3992 ut
1296 3935 1411 3991 aiterum
1423 3934 1501 3991 alteri
1514 3937 1551 3990 sit
1561 3937 1719 4005 iuramento
1730 3926 1840 3987 mitelli
1864 3961 1865 3970 .

1084 4016 1208 4088 gendum.

611 3371 695 3412 LXXV.

606 3997 702 4036 LXXVI.

301 4107 408 4162 iudicia
421 4107 476 4171 iiis,
491 4101 519 4161 ln
530 4107 622 4161 ordine
637 4113 664 4159 et
678 4105 748 4160 serie
763 4104 899 4175 temporis,
913 4104 1044 4176 digeritor

260 4204 316 4241 uon
336 4205 384 4258 per
407 4187 563 4241 methodum
585 4193 612 4240 et
630 4184 729 4239 titulos.
771 4184 839 4238 Sunt
855 4185 928 4237 enim
947 4184 1046 4253 scripta

261 4267 401 4334 ejusmodi,
417 4275 545 4337 tanquam
563 4265 691 4326 historica,
706 4272 753 4318 aut
766 4263 932 4317 narrationes
945 4262 1045 4333 legum.
1123 4264 1166 4318 Ad
1178 4264 1366 4318 certitudinem
1379 4264 1471 4335 legum
1484 4264 1550 4318 iacit
1564 4261 1605 4338 (si
1620 4263 1683 4336 quid
1701 4256 1777 4325 alind)
1792 4263 1841 4309 trae
1864 4255 1865 4316 l

260 4347 359 4416 Neque
379 4344 466 4399 solum
488 4352 548 4398 acta
571 4345 638 4414 ipsa,
659 4343 706 4397 sed
729 4350 755 4397 et
777 4349 898 4412 tempora
919 4342 1045 4412 ipsorum,
1084 4350 1154 4397 tatus
1166 4344 1253 4397 bonus
1270 4353 1297 4398 et
1311 4343 1429 4414 diligens
1442 4344 1475 4397 de
1489 4342 1603 4397 diversis
1613 4341 1712 4414 segedin
1722 4338 1789 4407 juria
1821 4331 1841 4383 1⁸
1864 4333 1865 4392 i

258 4425 343 4494 judici
357 4424 482 4495 prudenti
493 4424 580 4478 lucem
595 4423 723 4493 praebent.
1083 4421 1182 4492 dignus
1192 4429 1242 4487 eat,
1257 4423 1303 4492 qui
1322 4422 1451 4477 maximis
1469 4421 1596 4493 ingeniis,
1612 4429 1640 4476 et
1658 4411 1841 4491 pmdentissimit
1864 4401 1865 4484 i

1081 4500 1282 4568 jurisconsultis
1304 4501 1493 4555 committatur.
1541 4502 1641 4572 Neque
1664 4499 1732 4554 enim
1751 4494 1840 4566 piarent.
1864 4491 1865 4550 i

416 4598 453 4635 on
472 4596 673 4637 scarrroarnus
693 4593 888 4635 artmaurrcrs.
1084 4597 1145 4650 qum
1157 4578 1252 4633 in'iroc
1267 4595 1366 4651 genere
1381 4586 1484 4633 extant.
1526 4579 1693 4650 Colligendn
1706 4584 1785 4630 autem
1796 4573 1841 4623 sunt
1864 4581 1865 4634 ,

1083 4657 1193 4729 regulas,
1213 4675 1268 4712 non
1291 4665 1395 4712 tantum
1417 4665 1487 4712 notra
1509 4666 1537 4712 et
1557 4658 1680 4729 vulgatae,
1697 4654 1741 4710 sed
1757 4661 1781 4705 et
1796 4646 1841 4701 alit
1864 4645 1865 4700 l

1084 4737 1172 4807 magis
1185 4737 1299 4790 subtiles
1313 4744 1340 4791 et
1354 4736 1505 4800 recondita,
1520 4755 1580 4808 qum
1594 4755 1630 4792 ex
1642 4738 1730 4807 legam
1742 4739 1841 4786 etreruu

299 4812 343 4866 Ex
356 4810 462 4881 iegibus
482 4812 557 4881 ipsis,
571 4830 632 4883 quaa
650 4812 696 4879 jus
708 4826 849 4864 commune
866 4809 1045 4874 constituunt;
1081 4816 1262 4882 judicatarum
1286 4815 1430 4869 harmonia
1450 4816 1561 4870 extrahi
1580 4815 1701 4886 ponium
1725 4803 1841 4882 quateris

260 4891 364 4954 deinde,
379 4907 415 4945 ex
428 4891 662 4945 constitutionibus
678 4889 736 4944 sive
750 4889 871 4952 statutis;
886 4887 966 4942 tertio
978 4887 1045 4952 loco,
1083 4894 1199 4948 rubricis
1221 4893 1332 4964 optimis
1355 4894 1518 4966 quandoque
1545 4894 1727 4955 inveniunturr
1751 4893 1840 4952 suntque

262 4988 298 5026 ex
309 4969 420 5039 judiciis
433 4969 596 5040 perscriptis,
604 4985 701 5038 corpus
711 4968 781 5037 juris
790 4967 975 5023 tantummodo
985 4983 1047 5020 cou·
1083 4973 1229 5026 &acumina
1243 4972 1382 5043 generalia
1395 4973 1515 5038 rationis,
1530 4991 1590 5045 quae
1604 4989 1653 5042 per
1665 4967 1779 5025 materias
1789 4959 1841 5029 legit

260 5050 384 5105 stituitor.
425 5048 528 5103 Praeter
555 5048 610 5111 ilia,
634 5047 689 5100 alia
715 5047 880 5116 authentica,
901 5053 949 5101 aut
971 5045 1047 5101 nulla
1083 5051 1205 5106 diversas
1218 5059 1386 5121 percurrunt,
1401 5058 1429 5105 et
1448 5059 1509 5107 sunt
1524 5060 1650 5125 tanquam
1671 5050 1773 5106 saburra
1781 5038 1865 5114 jtffl't,

260 5137 347 5194 sunto,
358 5136 405 5184 aut
418 5144 497 5198 parce
511 5127 681 5197 recipiuntor.
1864 5127 1865 5192 p

1420 5191 1547 5231 axxxrtr.

1424 4154 1531 4210 aaran.
1864 4133 1865 4196 l

503 4719 681 4758 APHORISMUS
697 4718 802 4756 txxvn.

595 5264 713 5303 ‘mm‘
1124 5293 1161 5348 At
1175 5291 1284 5364 singula
1295 5291 1364 5361 juris
1379 5291 1455 5356 scita,
1470 5299 1517 5345 aut
1532 5289 1640 5361 placita,
1653 5303 1704 5341 non
1716 5278 1840 5346 inteiligas
1864 5277 1865 5286 ’

299 5373 380 5428 Nihil
394 5383 449 5428 tam
457 5375 569 5428 interest
578 5371 745 5426 certitudinis
755 5371 845 5441 legum
861 5371 906 5442 (de
915 5388 968 5442 qua
977 5388 1046 5425 nunc
1084 5378 1130 5426 tur
1144 5389 1194 5443 pro
1215 5371 1325 5441 regulis,
1340 5377 1372 5423 ut
1389 5371 1448 5424 fieri
1464 5370 1532 5426 solet
1551 5370 1617 5423 satis
1637 5363 1759 5435 imperite.
1794 5353 1840 5442 Hic

261 5452 418 5521 tractamus)
440 5470 522 5525 quam
542 5460 573 5508 ut
594 5451 694 5523 scripta
715 5450 871 5505 authentica
889 5452 960 5506 inira
978 5451 1047 5507 lines
1085 5451 1190 5506 enimsi
1205 5450 1378 5519 reciperetur,
1391 5459 1455 5520 quot
1468 5450 1552 5521 leges,
1563 5456 1601 5502 tot
1614 5444 1724 5518 regular
1737 5439 1839 5493 terrun
