3800 5875
71 318 139 374 Car.
155 314 207 371 111.
590 313 640 369 DE
662 312 886 369 intimatis
907 311 1184 373 summittebat.
1643 320 1701 378 395

71 478 315 544 temperamentum
335 471 366 527 in
389 471 504 528 tonans
524 476 605 537 statu,
628 488 711 545 quam
730 472 759 527 in
778 472 868 526 incre·
906 472 1035 529 damemo
1047 473 1144 528 nitimr
1157 473 1296 529 excellens
1308 473 1364 541 ille,
1379 480 1408 531 ct
1424 491 1474 546 per
1491 477 1584 533 omnia
1596 486 1701 550 putens,

71 562 180 607 mento:
202 558 220 585 ‘⁴
232 551 345 609 Divitia
359 552 384 607 si
398 552 519 616 affluant,
538 552 624 606 nolite
643 567 689 605 cor
703 553 867 621 apponere.’'
906 568 972 607 usus
985 552 1015 606 in
1030 552 1156 608 civilibus
1170 553 1276 624 premii
1297 562 1325 608 et
1338 570 1441 625 poenmr
1462 572 1523 627 quse
1544 560 1701 630 rerumpub-

71 632 113 689 De
127 631 262 687 similibus
277 631 440 703 quibusdam
457 629 694 686 observationibus
713 631 748 684 ab
768 631 868 687 Aristo
905 630 1020 687 boarum
1040 632 1166 688 columen
1184 641 1265 697 sunta
1291 650 1353 688 cnm
1371 634 1485 689 affectus
1502 635 1544 690 illi
1561 638 1702 707 prmdomi.

71 711 124 766 tels
138 713 168 766 in
181 711 340 766 Rhetoricis
355 710 522 765 mentionem
537 711 626 765 obiter
645 708 747 763 factam
760 725 816 765 non
828 710 868 763 in·
904 718 1001 765 nantes
1015 711 1168 766 formidinis
1178 720 1206 766 et
1215 712 1282 782 spei,
1298 713 1367 767 elios
1377 730 1471 768 omnes
1481 715 1593 771 affectus
1603 718 1701 777 nomos

70 790 156 857 ficior,
168 808 219 845 nec
232 806 288 844 non
301 791 332 844 in
343 790 459 845 eliorum
469 790 579 860 scriptis
588 788 725 843 nonnullis
733 789 865 858 sparsim:
904 788 1049 844 co'e'rceant
1062 798 1090 845 et
1103 793 1282 861 supprimant.
1323 791 1417 849 Etiam
1428 795 1498 847 ment
1516 795 1544 849 in
1566 797 1700 868 regimine

69 888 165 927 verum
178 886 317 940 nunqnam
333 869 423 925 adhuc
444 870 624 940 incorporate
644 867 796 925 fueruntin
811 885 867 923 mo·
905 875 1001 933 status,
1028 885 1083 924 non
1106 886 1169 925 raro
1195 871 1227 925 iit
1252 878 1283 926 ut
1307 871 1530 928 {scholasticus
1553 875 1582 928 in
1610 877 1700 933 officio

70 949 156 1005 ralem
175 949 398 1020 philosophiam
426 949 560 1020 adquam
580 947 768 1019 principaliter
787 949 868 1018 perti·
904 948 1089 1015 continentum
1124 949 1250 1005 similiter
1275 953 1307 1005 fit
1334 958 1363 1006 et
1388 950 1418 1005 in
1443 952 1578 1024 regimine
1601 957 1701 1013 mentis

68 1038 149 1084 nent:
170 1045 226 1084 non
239 1029 332 1083 minus
344 1036 417 1084 certe
432 1044 514 1100 qnam
527 1028 562 1083 ad
579 1027 782 1098 agriculturam,
796 1035 867 1082 trac·
904 1027 1021 1082 interno.

69 1114 141 1163 tatus
155 1108 189 1165 de
207 1108 368 1163 diversitate
385 1107 437 1163 soli
455 1116 483 1162 et
504 1107 610 1178 gleb03
630 1112 678 1161 aut
699 1106 733 1161 ad
758 1106 867 1163 medici·
943 1106 1121 1162 Pervenimus
1133 1124 1205 1162 nunc
1218 1107 1254 1163 ad
1266 1107 1322 1174 illa,
1336 1126 1398 1180 quta
1410 1109 1441 1164 ln
1462 1119 1555 1165 nosue
1572 1120 1636 1168 suut
1649 1130 1699 1185 po·

68 1204 140 1252 nam,
169 1194 299 1242 tenemus
326 1187 360 1242 de
391 1186 627 1258 complexionibus
654 1193 701 1240 ant
726 1185 867 1241 habitibus
905 1192 1012 1251 testate,
1024 1195 1292 1258 qumqusoperantur
1301 1187 1330 1242 in
1338 1188 1467 1255 ammom,
1478 1189 1698 1266 voiuntatemque

67 1284 212 1338 eorpomm
239 1266 364 1323 dirersis.
405 1267 438 1321 ld
461 1274 553 1321 antem
580 1281 651 1321 nunc
675 1266 785 1321 tandm
808 1266 866 1320 tieri
904 1272 932 1319 et
946 1266 1097 1335 appetitum
1116 1266 1237 1322 afficiunt
1258 1273 1287 1320 ct
1304 1267 1510 1339 circumagunt,
1531 1270 1645 1342 ideoque
1663 1274 1699 1328 ad

68 1354 181 1417 opmtet,
190 1346 245 1401 nisi
253 1347 321 1401 torte
332 1346 434 1402 imitari
441 1345 556 1403 velimus
565 1345 747 1401 temeritatem
755 1344 866 1414 empiri-
904 1344 1085 1399 immutandos
1098 1361 1187 1400 mores
1206 1346 1353 1417 plurimum
1367 1345 1465 1403 velent.
1506 1348 1566 1410 Qun
1578 1350 1607 1405 in
1622 1362 1698 1422 parte

67 1442 170 1491 cortun,
184 1427 233 1497 qni
245 1426 344 1481 iisdem
357 1433 469 1481 utuntur
482 1424 687 1481 medicamentis
702 1424 737 1477 ad
750 1432 867 1495 egrotos
904 1424 1055 1478 debuerant
1068 1424 1227 1495 philosophi
1247 1432 1354 1481 strenue
1369 1433 1397 1480 et
1409 1427 1533 1496 gnasitm
1551 1430 1697 1500 inquirere,

67 1522 175 1570 omnes,
191 1506 378 1576 cujuscunque
391 1507 447 1561 sint
461 1503 669 1560 constitutionis.
904 1503 947 1559 De
960 1503 1064 1558 viribus
1078 1510 1107 1558 et
1125 1505 1238 1575 energia
1256 1506 1465 1571 consuetudinis,
1484 1509 1696 1578 exercitationis,

108 1584 240 1656 Sequitur
253 1586 404 1641 doctrinam
417 1586 451 1640 de
471 1583 676 1641 characteribus
695 1582 818 1639 doctrina
832 1583 866 1637 dc
904 1581 1023 1649 habitus,
1043 1582 1218 1649 eduorumts,
1237 1583 1405 1649 imitationis,
1424 1585 1612 1653 mmnlanonis,
1635 1607 1698 1646 con·

68 1664 214 1719 affectibus
235 1673 263 1720 et
283 1664 543 1736 perturbationibus,
564 1663 612 1734 qui
632 1662 693 1717 loco
712 1661 867 1717 morborum
903 1662 999 1727 rictus,
1027 1661 1161 1727 amicitie,
1188 1663 1286 1729 landis,
1309 1664 1536 1735 reprehensionis,
1569 1667 1697 1724 exhorta-

69 1744 154 1798 snimi
178 1752 249 1807 arnt,
271 1752 303 1799 ut
328 1745 387 1813 jam
414 1743 516 1799 dictum
544 1751 595 1798 est.
635 1741 866 1803 Quemadmodum
904 1740 994 1807 tionis,
1008 1740 1097 1805 samm,
1111 1741 1211 1813 legum,
1225 1741 1363 1809 librorum,
1377 1744 1535 1810 studiorum,
1550 1754 1578 1800 et
1597 1746 1697 1819 aiqum

68 1823 140 1877 enim
156 1821 262 1892 politici
275 1824 357 1893 prisci
377 1823 410 1878 de
428 1822 601 1879 democratiis
621 1821 711 1876 dicere
725 1819 864 1885 solebants
904 1827 967 1875 sunt
989 1819 1052 1876 alia.
1094 1821 1163 1876 Hero
1184 1822 1258 1877 enim
1280 1829 1343 1877 sunt
1364 1822 1421 1888 illa,
1443 1841 1504 1895 qun
1530 1828 1697 1896 regnantia

69 1901 141 1973 quod
155 1901 273 1972 populus
287 1908 360 1958 esset
372 1903 441 1957 mari
455 1903 509 1973 ipsi
522 1900 627 1965 similis,
641 1909 762 1955 oratores
775 1908 865 1954 autem
903 1899 1065 1964 moralibusr
1087 1901 1201 1966 abistis,
1213 1901 1355 1973 agentibus
1368 1904 1474 1957 animus
1487 1904 1589 1973 patitur
1601 1912 1629 1959 ct
1642 1906 1696 1962 dis·

69 1982 177 2037 ventis:
202 1982 268 2053 qnia
285 1981 357 2037 sicut
374 1998 449 2037 mare
470 1998 519 2052 per
539 1997 569 2036 sa
591 1980 727 2050 placidum
748 1979 819 2035 foret
839 1987 867 2034 ct
904 1980 1027 2049 punitura
1048 1980 1084 2034 ab
1103 1980 1164 2035 istis
1176 1980 1260 2037 veluti
1277 1981 1500 2052 ingredientibus,
1520 1985 1697 2041 conficiuntur

69 2059 256 2132 tranquillum,
270 2061 324 2117 nisi
338 2078 357 2117 a
373 2061 461 2117 ventis
480 2061 630 2131 agitaretur
650 2067 678 2115 et
696 2059 864 2124 turbaretun
903 2058 1060 2128 pharmaca,
1075 2076 1137 2130 qum
1156 2060 1190 2114 ad
1208 2060 1417 2116 conservandam
1438 2069 1467 2115 et
1484 2064 1695 2133 recuperandam

69 2141 109 2193 sic
123 2151 151 2195 et
164 2140 285 2210 populus
298 2147 478 2196 essetnatura
485 2156 535 2195 sua
545 2146 658 2210 perenis
669 2147 695 2193 et
705 2137 865 2206 meabilis,
904 2138 988 2193 animi
1009 2139 1153 2193 sanimtem
1174 2140 1332 2205 conducant,
1352 2148 1484 2210 quatenns
1502 2143 1629 2198 remediis
1646 2143 1696 2199 hu-

68 2220 121 2273 nisi
135 2236 154 2273 s
168 2219 308 2274 seditiosis
323 2220 475 2275 oratoribus
491 2218 675 2288 impelleretur
694 2225 722 2272 et
740 2219 866 2273 incitare·
903 2218 993 2274 mania
1006 2218 1035 2273 id
1048 2218 1170 2288 praeteri
1184 2219 1277 2289 possit
1307 2219 1352 2273 Ex
1366 2236 1480 2291 quornm
1489 2236 1602 2277 numero
1611 2240 1696 2278 unum

69 2308 129 2354 tur:
150 2298 280 2354 similiter
292 2315 356 2354 vere
373 2299 501 2355 affirmari
515 2298 608 2368 possit,
625 2305 751 2352 naturam
767 2298 866 2352 mentis
903 2305 949 2351 aut
963 2296 1077 2353 aiterum
1096 2297 1252 2369 seligemus,
1271 2299 1300 2353 in
1322 2299 1420 2370 quibua
1441 2299 1581 2369 paululum
1601 2303 1697 2358 immo-

69 2377 197 2433 hnmanae
212 2378 336 2433 sedatm
350 2379 415 2445 fore,
431 2387 459 2433 et
475 2378 527 2433 sibi
545 2384 723 2442 constantem,
738 2377 762 2431 si
781 2377 863 2431 atien-
904 2377 1031 2441 rabimur,
1046 2384 1077 2431 ut
1090 2376 1203 2449 reliquia
1217 2378 1272 2432 sint
1281 2377 1415 2448 exemplo.
1449 2378 1695 2439 Deconsuetndiue

69 2463 122 2521 urs,
143 2465 277 2527 tanquam
294 2458 376 2522 renti,
395 2475 451 2513 non
469 2456 701 2522 tumultuarentur,
723 2473 756 2511 ac
775 2456 866 2511 omnia
904 2456 989 2528 igitur
1002 2467 1029 2510 et
1041 2455 1146 2520 habitu,
1160 2473 1247 2526 pauca
1260 2456 1450 2513 delibabimus.

69 2536 224 2590 miscerent
266 2536 303 2590 Et
326 2537 372 2591 hic
396 2554 489 2594 rursus
511 2536 595 2592 subiit
618 2552 691 2590 nova
714 2536 865 2599 admiratio,
944 2536 1045 2606 Opinio
1058 2534 1106 2591 illa
1120 2535 1273 2591 Aristotelis
1286 2535 1367 2607 plane
1381 2537 1449 2591 mihi
1468 2536 1575 2593 ridetur
1592 2556 1694 2612 angus·

70 2615 256 2680 Aristotelem,
278 2616 325 2687 qui
350 2624 390 2671 tot
411 2616 497 2672 libros
517 2617 551 2671 da
573 2615 673 2671 ethicis
696 2614 865 2686 conscripsit,
905 2615 957 2669 tias
979 2614 1109 2687 quasdam
1131 2614 1373 2687 contemplationis,
1388 2623 1417 2670 et
1436 2615 1632 2687 negligentiam
1653 2637 1696 2674 sa·

70 2694 191 2760 affectus,
205 2704 238 2750 ut
249 2695 403 2753 membrum
416 2696 515 2751 ethica
528 2693 686 2766 principale,
702 2694 731 2749 in
744 2693 800 2751 illis
811 2711 865 2750 nnn
904 2710 986 2764 perer
1007 2712 1068 2749 cnm
1082 2695 1179 2750 amerit
1200 2695 1229 2749 in
1250 2695 1313 2749 illas
1333 2695 1462 2761 actiones,
1476 2711 1538 2766 qum
1558 2698 1695 2754 naturales

70 2782 221 2839 tractam
242 2776 273 2829 in
291 2776 435 2831 rhetoricis
455 2782 553 2839 autem,
571 2775 618 2829 ubi
636 2774 769 2831 tractandi
787 2775 866 2829 inter·
904 2781 974 2839 sunt,
997 2774 1219 2829 consuetudinem
1246 2774 1318 2829 nibil
1346 2790 1442 2845 posse:
1470 2775 1598 2846 exemplo
1620 2794 1693 2845 usus,

70 2855 183 2909 veniunt
196 2855 359 2911 secundario
374 2859 520 2927 (qnatenus
539 2854 644 2909 scilicet
661 2854 781 2911 oratione
800 2854 865 2909 cieri
904 2854 1013 2925 quodsi
1032 2853 1103 2924 lapis
1121 2853 1222 2909 millies
1241 2852 1398 2924 projiciatur
1415 2855 1445 2908 in
1461 2852 1555 2919 altum,
1569 2871 1604 2910 ne
1617 2856 1695 2912 incli-

69 2945 116 2989 ant
128 2935 296 2994 commoveri
311 2934 428 3008 possim)
439 2934 528 2990 locum
540 2933 596 2990 illis
611 2934 743 3005 reperisse
756 2933 799 3005 (in
813 2952 867 3006 quo
904 2935 1041 2991 nunonem
1055 2933 1164 3006 quidem
1178 2943 1275 3005 sponte
1289 2933 1450 2989 ascendendi
1464 2934 1596 3005 acquirite
1618 2938 1695 3007 quin·

71 3023 162 3069 tamen
175 3013 239 3070 loco
251 3016 286 3070 de
301 3015 344 3080 iis,
359 3023 490 3087 quantum
508 3023 564 3070 tarn
584 3015 678 3084 paucis
698 3013 757 3069 fieri
770 3015 865 3084 potnit,
904 3013 988 3068 etiam
1017 3014 1089 3086 qnod
1110 3014 1210 3084 saepius
1230 3013 1353 3077 videndo,
1375 3021 1422 3069 aut
1441 3014 1582 3078 audiendo,
1605 3015 1694 3071 nihilo

70 3103 148 3149 sente
161 3103 191 3149 et
205 3095 277 3150 bene
291 3095 430 3163 disseruit)
445 3112 509 3149 nam
528 3094 739 3163 disceptationes
754 3094 814 3161 ejus
832 3094 866 3149 de
904 3091 1003 3148 melius
1023 3103 1071 3148 aut
1083 3094 1213 3158 ridemus,
1234 3101 1281 3148 aut
1299 3093 1431 3148 audimus.
1472 3092 1602 3155 Quamvis
1620 3095 1694 3152 enim

69 3172 208 3244 voluptate
223 3183 253 3229 et
267 3173 360 3232 dolore
380 3174 444 3230 hnic
462 3173 588 3230 useutrd
606 3172 681 3228 nullo
699 3173 779 3227 modo
792 3170 866 3227 satis-
905 3172 957 3228 hoc
972 3181 1061 3228 teneat
1073 3172 1102 3228 in
1117 3173 1261 3244 aliquibus,
1275 3173 1322 3231 nbi
1335 3180 1433 3227 natura
1451 3181 1493 3227 est
1511 3176 1695 3244 peremptoria

70 3251 189 3318 ‘atinate
211 3270 268 3307 non
289 3253 387 3326 magis,
408 3269 490 3325 quarn
511 3253 558 3324 qui
580 3252 613 3310 de
634 3252 695 3307 luce
717 3260 744 3307 et
764 3251 866 3309 lumine
905 3249 999 3326 (cujus
1013 3253 1053 3307 rei
1071 3269 1168 3308 causas
1185 3253 1297 3308 reddere
1316 3252 1346 3307 in
1367 3252 1514 3323 presentia
1530 3268 1586 3307 non
1602 3256 1692 3323 vacat)

70 3340 177 3387 tantum
198 3333 337 3398 eadberct,
356 3333 390 3388 de
406 3331 607 3403 particularium
628 3330 749 3388 colorum
769 3340 867 3388 natura
904 3331 985 3386 aliter
997 3341 1088 3388 tamen
1102 3333 1131 3387 in
1145 3331 1202 3387 illis
1216 3334 1254 3397 fit,
1268 3333 1298 3386 in
1316 3332 1414 3405 quibus
1426 3339 1532 3397 natura,
1546 3333 1693 3388 secundum

69 3412 216 3481 scripsine
227 3413 377 3468 diceretur:
397 3412 532 3484 siquidem
543 3410 666 3481 voluptas
675 3420 702 3466 et
711 3409 788 3466 dolor
800 3428 867 3482 erga
905 3410 1076 3467 latitudinem
1090 3412 1233 3484 quandam,
1248 3413 1349 3483 patitur
1366 3411 1543 3466 intentionem
1560 3421 1588 3466 st
1600 3413 1695 3467 remis-

70 3490 186 3546 affectns
200 3491 381 3561 particulares
394 3492 433 3546 ita
447 3509 476 3547 se
490 3491 600 3555 habent,
614 3499 644 3548 ut
655 3490 705 3546 lux
717 3508 784 3562 erga
797 3490 867 3546 colo·
904 3491 1018 3548 sionem
1060 3491 1132 3547 Sane
1159 3492 1251 3546 videta
1275 3492 1371 3562 potuit,
1399 3490 1586 3546 chirothecam
1613 3491 1695 3561 paulo

69 3587 124 3625 rea
169 3570 317 3626 Meliorem
335 3572 454 3627 certain
472 3571 526 3626 hoc
544 3579 704 3641 argumento
722 3571 866 3643 (quatenus
905 3570 1057 3635 arctiorem,
1072 3572 1164 3626 manui
1177 3572 1278 3642 smpius
1291 3570 1450 3634 inducendo,
1460 3569 1592 3625 laxiorem
1603 3571 1692 3636 reddi;

69 3667 105 3705 ex
123 3649 179 3715 bia,
196 3668 260 3722 qum
280 3668 351 3706 nnnc
370 3659 470 3716 emant,
484 3651 619 3719 conjicere
637 3649 731 3720 liceat)
749 3650 866 3722 diligen·
905 3648 1031 3706 baculum
1045 3667 1096 3706 usu
1109 3661 1137 3706 et
1151 3667 1227 3705 mors
1240 3651 1269 3705 in
1283 3650 1447 3705 contrarium
1461 3650 1549 3705 flexus
1563 3650 1605 3705 sui
1619 3658 1694 3707 natu·

70 3730 138 3783 tiam
153 3730 341 3786 adhibuenmt
354 3730 453 3795 Stoici;
475 3729 767 3802 alamanniamque
778 3732 867 3799 potius
904 3729 970 3784 ralis
983 3730 1126 3795 incurvari,
1137 3739 1166 3784 et
1178 3730 1208 3785 in
1220 3730 1314 3784 eodem
1328 3736 1400 3784 statu
1412 3729 1495 3799 paulo
1507 3737 1569 3800 post
1581 3729 1693 3796 duraret

69 3808 98 3862 in
112 3808 306 3865 definitionum
324 3809 481 3874 subtilitate,
496 3826 578 3881 quarn
597 3809 626 3863 in
644 3816 757 3864 tractatu
775 3808 867 3880 aliquo
905 3825 999 3864 rocem
1012 3810 1186 3865 exercitando
1198 3809 1287 3881 magis
1301 3809 1360 3864 fieri
1369 3809 1506 3863 robustam
1516 3816 1544 3863 et
1552 3825 1693 3875 sonorams

70 3888 154 3958 pleno
170 3896 201 3943 et
220 3889 290 3954 tuso,
304 3890 469 3944 consisteret.
509 3888 644 3960 Equidem
663 3889 770 3958 reperio
783 3889 866 3944 etism
904 3887 1006 3959 frigora
1020 3888 1508 3961 testumqueconauetudinetoleraris
1530 3896 1559 3942 et
1572 3888 1694 3957 ejusdem

71 3966 179 4023 libellos
193 3968 328 4039 quosdam
341 3968 488 4040 elegantes,
503 3969 537 4022 de
555 3966 693 4024 nonnullis
714 3985 750 4023 ex
763 3968 867 4022 affecti·
905 3969 1016 4038 generis
1029 3968 1176 4039 complura
1217 3968 1283 4029 Qum
1297 3968 1406 4040 quidem
1419 3968 1695 4038 posterioraduoex-

70 4046 136 4112 bus;
159 4048 244 4103 veluti
258 4048 293 4104 dc
307 4049 357 4112 ira,
371 4048 405 4102 de
419 4046 799 4112 inutiliterecundinetaliis
808 4064 867 4118 per-
905 4047 997 4117 ampla
1021 4048 1133 4119 propius
1159 4048 1290 4103 sooedunt
1314 4047 1349 4102 ad
1376 4064 1442 4112 rem,
1467 4064 1549 4119 quam
1571 4064 1632 4118 quta
1658 4049 1694 4102 ab

71 4127 176 4197 poncia.
219 4127 275 4182 Sed
293 4127 318 4182 si
337 4145 430 4183 verum
449 4128 560 4181 omnino
577 4126 722 4182 dicendum
740 4126 783 4191 sit,
803 4127 867 4181 doc·
904 4126 967 4196 ipso
994 4127 1108 4182 adducta
1134 4136 1205 4182 eunt.
1260 4126 1394 4192 humen,
1420 4134 1557 4199 utcunque
1584 4127 1636 4182 boc
1663 4144 1694 4182 aa

71 4213 143 4261 tores
158 4205 243 4276 hujus
261 4207 383 4262 scientim
402 4207 532 4277 precipui
550 4213 612 4261 sunt
630 4206 720 4277 pnite
738 4214 767 4262 et
783 4205 868 4261 histo·
904 4205 1013 4271 habeat,
1028 4223 1083 4277 quo
1095 4208 1184 4279 magia
1197 4224 1291 4261 rerum
1304 4206 1394 4271 fuerit,
1407 4212 1463 4260 um
1476 4207 1596 4273 virtutes,
1611 4224 1694 4279 quatu

72 4285 128 4349 rici,
143 4285 289 4356 inquibus
306 4285 342 4340 sd
355 4287 446 4341 vivum
463 4285 575 4357 depingi
596 4293 623 4340 et
642 4285 769 4341 dissecari
790 4285 866 4351 solet,
906 4286 980 4350 vitia,
995 4286 1024 4340 in
1038 4286 1134 4342 habitu
1148 4287 1312 4350 connsteree
1333 4302 1367 4340 eo
1380 4286 1469 4357 magis
1487 4286 1513 4341 ei
1534 4288 1695 4343 contenden-

72 4366 209 4435 quomndo
222 4365 336 4420 affectus
347 4366 481 4420 excitandi
490 4373 552 4419 sunt
562 4373 591 4419 et
599 4364 782 4420 accendendi?
803 4381 867 4436 quo
905 4364 969 4419 dum
984 4365 1081 4430 iuerat,
1094 4374 1125 4420 nt
1133 4382 1242 4421 normas
1253 4365 1447 4435 praecaneret,
1457 4366 1591 4437 quomodo
1601 4367 1695 4436 hujus·

72 4444 154 4498 modo
167 4443 289 4499 leniendi
303 4452 333 4498 et
350 4445 494 4515 sopiendii
515 4443 651 4516 quomodo
668 4460 761 4500 rursus
781 4444 867 4499 couti·
905 4444 978 4498 modi
992 4443 1101 4500 habitus
1115 4443 1213 4500 luerint
1227 4444 1383 4516 acquirendi
1398 4453 1444 4499 aut
1452 4446 1611 4501 amovendis
1631 4444 1693 4516 plu·

71 4523 153 4577 nendi
174 4540 208 4577 ec
228 4524 400 4589 refrenandi,
420 4541 455 4578 ne
472 4524 501 4578 iu
520 4533 599 4579 actus
620 4524 782 4593 erumpant?
803 4540 868 4593 qno·
906 4524 977 4578 rima
990 4523 1124 4596 siquidem
1144 4524 1240 4580 confici
1254 4525 1359 4594 possint
1372 4534 1509 4595 prmcepta
1522 4526 1556 4580 de
1569 4525 1694 4597 prudenti

69 4603 152 4658 nodo
168 4602 265 4661 itidem
286 4619 325 4667 ae,
344 4602 409 4657 licet
427 4603 575 4673 compressi
598 4611 627 4657 et
646 4602 782 4666 occultati,
803 4617 867 4673 pro·
905 4602 1075 4658 institutione
1089 4604 1321 4668 exercitationum,
1336 4604 1420 4659 animi
1434 4621 1488 4659 uon
1501 4605 1599 4670 minus,
1613 4621 1695 4677 quarn

70 4682 156 4737 dsntt
177 4699 248 4753 quas
262 4682 435 4752 operationes
448 4682 550 4738 edenti
572 4698 640 4753 quas
648 4682 722 4740 vices
732 4681 867 4737 subeant?
905 4681 1035 4751 corporis.
1077 4682 1188 4738 Illorum
1202 4682 1317 4752 paucula
1330 4684 1538 4739 recensebimus.

70 4761 187 4833 qualiter
206 4762 261 4817 sibi
283 4769 380 4817 mutuo
400 4761 593 4832 implicentur?
615 4761 729 4833 qualiter
748 4761 819 4816 inter
838 4778 867 4816 sa
945 4761 1069 4818 Primum
1082 4762 1140 4826 erit,
1154 4770 1185 4817 nt
1196 4764 1255 4831 jam
1270 4762 1436 4833 sprincipio
1446 4779 1588 4819 caveamus
1600 4778 1619 4816 a
1630 4779 1695 4832 pen-

70 4840 256 4912 digladientur
281 4847 310 4895 et
337 4841 528 4912 opponantur?
562 4847 592 4895 et
618 4842 761 4898 innumera
786 4842 868 4911 hujus
906 4841 952 4905 sis,
967 4839 1011 4896 vel
1023 4842 1112 4913 magis
1127 4841 1226 4906 arduis,
1244 4840 1288 4896 vel
1309 4842 1398 4913 magis
1419 4843 1533 4912 pusillis,
1549 4859 1630 4914 quam
1650 4858 1695 4895 res

69 4920 189 4990 generis.
233 4920 309 4975 Inter
323 4938 383 4992 quar
397 4919 449 4975 hoc
468 4920 595 4976 ultimum
614 4919 724 4991 plurimi
743 4927 785 4975 est
803 4938 868 4976 usus
906 4920 1040 4991 postulat:
1067 4937 1130 4976 nam
1151 4921 1174 4975 si
1195 4921 1284 4976 oneris
1305 4921 1420 4976 nimium
1441 4923 1600 4993 imponatur,
1623 4921 1696 4989 apud

69 4997 98 5054 in
112 4999 266 5055 moralibus
279 5006 308 5055 et
325 4999 469 5064 civilibuse
491 5000 611 5070 qualiter
631 5000 769 5071 (inquam)
789 5001 868 5054 affec·
906 5001 1046 5072 ingenium
1068 5000 1202 5055 mediocre
1225 5001 1294 5054 bene
1312 5002 1438 5071 sperandi
1457 5001 1625 5055 alsentatem
1644 4998 1695 5053 ob·

69 5085 112 5134 tua
126 5080 259 5134 affectum
272 5080 302 5133 in
317 5079 440 5135 ordinem
459 5086 555 5150 cogat;
576 5088 603 5133 et
623 5080 736 5134 alterius
757 5079 868 5143 auxilio,
906 5080 1016 5143 tundes;
1038 5080 1110 5152 apud
1132 5079 1273 5150 ingenium
1291 5081 1397 5135 fiduciae
1410 5080 1520 5152 plenum
1538 5077 1695 5150 opinionem

69 5158 104 5212 ad
117 5159 236 5214 alterum
249 5158 460 5230 subjugandum,
474 5159 514 5214 uti
532 5157 637 5214 liceat?
657 5159 824 5215 Venetorum
842 5168 869 5214 et
906 5159 1063 5224 concitabis,
1078 5177 1133 5232 qua
1146 5158 1207 5231 plus
1221 5159 1273 5213 sibi
1287 5159 1454 5229 polliceatur,
1470 5175 1552 5230 quam
1565 5162 1695 5229 praestare

69 5253 208 5309 aucupum
221 5254 308 5302 more,
323 5237 371 5309 qni
383 5237 479 5294 bestie
493 5254 575 5307 opera
585 5238 621 5293 ad
633 5238 741 5304 bestias,
753 5237 870 5293 volucris
907 5238 1010 5308 possit3
1032 5240 1104 5309 quod
1118 5256 1211 5295 secum
1224 5237 1308 5294 trahit
1326 5238 1486 5294 socordiam
1527 5237 1560 5291 ln
1580 5242 1695 5308 utroque

68 5315 187 5386 ancujus
208 5317 245 5371 nd
265 5316 391 5374 volucres
410 5317 556 5387 capiendas
573 5325 701 5373 utuntur:
726 5316 798 5389 quod
818 5317 869 5372 ion
907 5326 999 5371 autem
1012 5316 1115 5389 ingenii
1130 5325 1343 5389 temperamento
1364 5317 1412 5374 liet
1429 5323 1461 5371 ut
1480 5315 1696 5386 experimentum

69 5404 142 5451 tasse
157 5397 239 5452 aliter
253 5413 290 5451 ex
302 5413 373 5461 aesc,
386 5396 488 5467 absque
502 5396 643 5452 brutorum
661 5395 773 5461 auxilio,
787 5396 870 5452 homo
907 5396 1090 5466 expectationi
1104 5414 1158 5451 non
1171 5397 1337 5453 musiaciate
1358 5396 1386 5450 id
1400 5396 1472 5468 qnod
1484 5395 1605 5451 animum
1624 5412 1694 5450 sem

69 5483 125 5532 tam
141 5475 222 5531 incile
241 5483 376 5552 prmtare
394 5492 450 5532 non
469 5476 563 5551 possit.
603 5476 675 5538 Quin
694 5484 722 5532 et
739 5475 792 5532 hoc
813 5476 871 5532 iun-
906 5492 958 5546 per
977 5475 1080 5547 dejicit,
1103 5484 1132 5534 et
1152 5476 1299 5536 confundit.
1340 5474 1418 5540 Quod
1441 5474 1465 5531 si
1486 5491 1573 5548 pensa
1595 5474 1697 5532 leviora
