3800 5875
462 956 700 1030 FRANCISCI
725 953 922 1020 BARONIS
944 953 1009 1017 DE
1032 947 1305 1016 VERULAMIO

763 1216 1008 1300 SCRIPTA

282 1485 335 1558 IN
362 1482 622 1559 NATURALI
649 1479 716 1554 ΕΤ
741 1474 1055 1553 UNIVERSALI
1083 1472 1445 1549 PHILOSOPHIA.

536 1971 768 2040 TEMPORIS
790 1965 962 2034 PARTUS
985 1964 1236 2044 Masculus

281 2172 368 2227 SIVE
390 2166 648 2226 INSTAURATIO
668 2165 807 2223 Manna
828 2162 981 2218 IMPERII
1002 2163 1161 2219 HUMANI
1183 2163 1225 2219 IN
1246 2161 1484 2218 UNtvattsuM.

108 2359 157 2416 Ae
164 2360 258 2415 Deum
267 2359 384 2424 Patrem,
394 2358 483 2414 Deum
493 2358 622 2422 Verbum,
628 2355 718 2411 Deum
727 2355 866 2428 Spiritum,
900 2351 1003 2405 ratione
1016 2352 1120 2406 aarum
1134 2367 1236 2414 sensus,
1251 2358 1279 2405 et
1293 2349 1449 2405 accensione
1463 2348 1565 2415 majore
1579 2346 1689 2402 luminis

69 2458 168 2511 preces
182 2441 322 2494 fundimus
332 2438 501 2494 humillimas
512 2445 540 2493 et
552 2436 806 2500 ardentissimam
818 2438 867 2492 hu.
900 2430 1038 2495 naturalis,
1049 2430 1151 2502 aliquid
1158 2430 1384 2485 incredulitatiaet
1393 2429 1479 2482 aecus
1486 2427 1584 2480 anImis
1592 2427 1690 2481 nestris

69 2517 144 2575 mani
153 2520 265 2593 generis
273 2536 452 2574 aerumnarum
461 2535 602 2580 memores,
610 2523 638 2569 et
644 2517 868 2586 peregrinationis
901 2525 968 2580 erga
975 2509 1065 2563 divina
1074 2510 1200 2579 mysteria
1208 2509 1358 2562 oboriatur:
1373 2508 1421 2562 aed
1431 2508 1520 2577 potius
1529 2514 1560 2559 ut
1570 2506 1604 2559 ab
1611 2507 1689 2560 intel-

68 2601 148 2654 istius
163 2601 230 2654 vitae
243 2606 350 2663 nostrae,
364 2599 394 2652 in
408 2616 461 2670 qus
475 2598 533 2652 dies
546 2613 647 2667 paucos
663 2604 691 2650 et
704 2597 790 2652 malos
804 2598 867 2652 teri.
901 2587 981 2652 lectu,
996 2605 1013 2641 a
1025 2586 1176 2658 phantasiis
1197 2597 1225 2641 et
1238 2589 1355 2641 vanitate
1371 2603 1438 2657 puro
1452 2593 1480 2640 et
1493 2593 1647 2656 repurgate,
1663 2593 1690 2639 et

69 2697 143 2743 mum
174 2695 249 2733 nova
260 2677 347 2732 adhue
357 2678 498 2748 refrigeria
512 2694 526 2730 e
540 2676 658 2731 sontibus
672 2675 799 2732 bonitatis
812 2694 868 2731 ηρ
901 2667 1000 2722 divinia
1014 2667 1131 2722 oraculis
1138 2666 1314 2721 nihilominus
1323 2666 1430 2721 subdito
1441 2673 1469 2720 et
1476 2681 1586 2738 prorsus
1594 2664 1690 2719 dediti·

70 2759 250 2813 admiserint
263 2765 369 2812 nostras
384 2756 524 2811 leniendas
538 2756 680 2827 aperiant;
701 2764 783 2827 atque
802 2756 868 2811 illud
902 2748 940 2802 250
955 2748 1017 2802 fidei
1030 2747 1127 2803 dentur
1140 2763 1200 2816 ‹1¹1oe
1213 2745 1276 2801 fidei
1290 2751 1361 2800 sunt·

69 2838 192 2910 insuper,
207 2855 243 2893 ne
264 2838 385 2892 humana
397 2836 496 2892 divinis
516 2835 643 2901 efficiant,
657 2852 725 2891 neve
749 2855 784 2891 ex
798 2854 868 2891 rese-

488 3323 804 3400 FRANCISCUS
830 3326 1002 3402 BACON
1028 3324 1259 3401 LECTORI.

110 3589 205 3660 Stqui
220 3587 329 3652 suerint,
344 3587 433 3658 quiin
446 3594 568 3643 veterum
586 3589 693 3660 placitis
707 3590 759 3645 sibi
775 3592 868 3663 acqui·
901 3607 953 3646 nuc
975 3590 1179 3663 inquisiverint3
1214 3606 1248 3644 ea
1270 3587 1442 3660 potissimum
1464 3590 1607 3651 eumenus,
1630 3603 1691 3657 qua

71 3669 221 3723 ascendum
242 3684 297 3722 nen
320 3674 455 3737 putarunt,
470 3667 541 3738 quod
565 3669 710 3740 aliquando
729 3670 764 3724 ab
786 3664 868 3726 animi
901 3670 1088 3725 illismaxime
1102 3671 1232 3724 radonem
1246 3670 1327 3724 tetius
1340 3665 1513 3721 habereviaa
1529 3674 1600 3720 aaut
1640 3664 1690 3718 At·

71 3747 238 3811 constantia,
253 3748 353 3817 asapius
366 3747 402 3799 ab
416 3746 520 3816 Ingenii
538 3746 648 3802 levitate
660 3749 718 3803 fieri
733 3749 867 3814 vidimus;
903 3768 954 3820 que
968 3766 1005 3803 ex
1018 3749 1062 3803 hia
1075 3749 1217 3802 confestim
1232 3747 1407 3818 experientia
1420 3745 1573 3816 manipulis,
1588 3751 1616 3799 et
1630 3750 1690 3798 tan·

73 3828 100 3891 ii,
115 3826 325 3899 qualescunque
345 3825 454 3889 suerint,
468 3825 521 3879 hac
539 3826 595 3881 iere
618 3828 774 3883 defensione
796 3846 869 3883 cem·
902 3846 984 3900 quam
1006 3826 1166 3882 factionibus
1188 3826 1290 3899 placita
1310 3825 1495 3889 confinxerint,
1517 3831 1638 3894 anguste,
1660 3830 1688 3877 et

72 3907 148 3961 muni
162 3906 208 3960 usi
223 3914 287 3959 sunt
295 3927 303 3969 ;
332 3921 370 3970 ae,
383 3904 448 3959 licet
468 3904 503 3957 ab
526 3906 686 3977 antiquitate
700 3907 869 3971 desciverint,
902 3907 1070 3978 Inaequaliter
1083 3906 1275 3978 philosophati,
1287 3912 1315 3960 et
1328 3904 1420 3959 emnia
1433 3903 1527 3974 paucis
1540 3903 1692 3958 condonan-

72 3995 166 4040 tamen
182 3985 402 4055 eaedemque
415 4001 476 4038 curu
488 4001 569 4039 sensu
582 3987 868 4055 optimsconveniant;
903 3997 951 4042 tea.
992 3987 1082 4057 Atque
1105 3986 1157 4040 iste
1180 3994 1273 4041 tamen
1296 3983 1391 4038 modus
1415 3981 1635 4054 philosophandi,
1657 3981 1692 4035 ad

73 4074 157 4137 atque
170 4063 308 4130 homines,
322 4065 346 4118 si
361 4064 413 4118 hoc
428 4064 480 4117 sibi
493 4063 523 4118 in
537 4065 657 4120 animum
671 4067 797 4122 iuducere
811 4084 870 4137 pes-
903 4067 984 4122 fidem
1000 4065 1152 4120 faciendam
1172 4080 1357 4135 sepenumero
1376 4061 1480 4117 validus
1499 4069 1528 4116 et
1547 4060 1614 4117 felix
1632 4071 1690 4126 est;

75 4145 138 4209 net,
153 4149 188 4198 ut
209 4144 369 4198 anctoritate
382 4159 437 4197 non
453 4144 675 4215 perstringantur,
690 4146 738 4201 sed
754 4146 870 4215 sibiipsi
903 4145 937 4200 eb
950 4145 1090 4216 numanae
1103 4144 1220 4215 pectene
1233 4143 1353 4207 humani,
1367 4142 1440 4214 quod
1452 4140 1587 4212 illisque
1599 4157 1655 4195 una
1664 4148 1693 4194 et

74 4232 108 4288 et,
123 4221 255 4278 ansibus
267 4223 386 4288 credant,
400 4222 479 4276 facile
496 4224 525 4276 in
539 4239 632 4278 corum
645 4231 737 4294 partes
748 4226 871 4280 nanetu-
903 4225 993 4279 subito
1006 4231 1125 4278 mentem
1138 4223 1227 4278 subire
1248 4228 1367 4294 pessum,
1381 4220 1500 4275 maxime
1520 4227 1649 4284 movetur,
1664 4226 1693 4274 et

75 4319 126 4357 rea
163 4302 870 4367 Nosverosenaumneccentradictiouerielavimus,
903 4303 1091 4376 acquiescendi
1104 4303 1231 4372 cupidum
1244 4299 1400 4356 caemrasel
1417 4298 1541 4371 negbgit,
1556 4298 1694 4354 velmede

74 4398 125 4435 ecc
147 4381 333 4435 abstractione
356 4381 526 4445 destruimus,
537 4390 565 4436 et
583 4383 727 4438 materiem
740 4383 766 4438 ci
787 4383 870 4454 lenge
904 4383 1020 4453 quedam
1032 4398 1087 4436 non
1101 4380 1271 4453 perceptibili
1285 4381 1324 4434 ita
1337 4396 1367 4435 ec
1385 4378 1486 4433 habere
1503 4386 1587 4448 putat,
1602 4387 1632 4433 ut
1644 4377 1694 4432 illa

75 4460 241 4524 uberiorem,
256 4477 339 4530 quam
353 4459 408 4525 stit,
423 4460 595 4531 proebuImua,
610 4468 638 4515 et
650 4462 736 4518 multo
749 4462 871 4517 miniate·
904 4480 991 4532 pauca
1005 4462 1102 4533 quibua
1116 4460 1262 4532 phantasia
1274 4458 1382 4530 impleri
1393 4465 1439 4513 aut
1448 4458 1537 4513 inflari
1548 4457 1692 4513 consuevit

76 4541 117 4593 rio
130 4555 242 4593 errores
256 4540 314 4606 ejus
327 4540 503 4604 restituimus,
518 4547 664 4610 potestates
683 4542 819 4606 auximus,
833 4548 872 4595 at-
905 4542 942 4595 At
955 4551 1056 4605 contra,
1069 4557 1119 4594 nos
1132 4556 1186 4594 non
1199 4538 1390 4610 manIpnlarea,
1408 4537 1457 4592 sed
1474 4538 1577 4607 justum
1589 4536 1694 4591 dinuo·

76 4635 129 4688 que
140 4618 277 4687 judicium
290 4619 358 4686 ejus,
372 4619 507 4673 mennatis
520 4618 679 4689 phantasiis,
694 4628 776 4691 atque
790 4620 872 4675 inor·
904 4638 964 4674 rum
985 4636 1098 4691 operum
1121 4619 1269 4673 exercitum
1293 4625 1354 4689 poet
1372 4633 1422 4672 nos
1442 4617 1588 4681 trahentes,
1610 4621 1696 4671 etex

76 4697 169 4750 dinem
193 4697 303 4751 redacta
323 4698 436 4761 ratione,
458 4698 623 4753 munivimus
642 4706 671 4753 et
688 4699 871 4765 firmavimua3
904 4716 983 4770 aquo
997 4706 1024 4753 et
1034 4696 1306 4753 secundumaummss
1315 4714 1404 4753 rerum
1414 4696 1630 4767 pronunciantes,
1640 4710 1696 4749 non
1814 4714 1821 4729 ·

77 4784 107 4829 ut
120 4776 171 4830 alii
186 4777 354 4846 professione
370 4777 494 4846 quadam,
507 4793 557 4832 nes
570 4779 661 4848 reIpsa
679 4795 790 4833 sensum
802 4780 873 4833 tueri
906 4778 1038 4833 habemas
1055 4777 1111 4832 lere
1128 4794 1182 4848 quo
1200 4793 1250 4832 nos
1264 4783 1407 4841 venamur,
1426 4783 1473 4830 aut
1491 4792 1528 4830 ex
1546 4790 1600 4845 qua
1619 4779 1696 4844 parte

77 4855 239 4919 rideamun
259 4864 341 4927 atque
357 4855 532 4927 philosophia
550 4864 708 4912 nemeaea
721 4858 778 4913 iere
791 4863 872 4929 atque
906 4858 1008 4912 aditam
1032 4857 1067 4911 ad
1086 4856 1234 4911 humanam
1256 4856 1336 4910 fidem
1357 4855 1541 4926 reperiamus3
1572 4869 1634 4906 cum
1654 4868 1695 4918 ea,

78 4934 176 4989 eadem
191 4952 236 4989 res
248 4934 285 4988 ait
297 4953 359 4990 cnm
373 4951 455 4990 seam
467 4936 590 4991 restituae
607 4944 635 4992 et
651 4937 774 4992 liberato.
813 4938 872 4992 Nc·
907 4955 968 5008 quta
987 4935 1152 4999 adducimus,
1173 4935 1353 5007 unusquam
1372 4935 1504 4999 notiones,
1517 4931 1597 4986 latius
1615 4947 1697 5001 qnam

78 5031 132 5084 quc
161 5021 306 5085 prepterea
328 5022 419 5069 tamen
441 5015 519 5069 nobis
545 5016 578 5069 de
604 5015 746 5071 hominum
770 5017 823 5071 tide
846 5023 873 5071 et
907 5015 1062 5085 hujusmodi
1080 5014 1274 5084 experimenta,
1294 5031 1323 5069 se
1340 5014 1495 5069 extendant.
1536 5012 1630 5081 Itaque
1648 5026 1697 5064 ne·

79 5108 194 5147 mensu
207 5093 283 5165 large
296 5093 463 5163 pollicemur,
477 5110 539 5148 cum
548 5104 639 5150 noane
648 5097 718 5150 ratio
727 5113 790 5150 cum
798 5095 874 5151 nulla
907 5111 982 5150 cesse
996 5102 1045 5159 est,
1065 5100 1094 5148 ut
1113 5110 1149 5148 ex
1165 5092 1221 5148 illis
1239 5091 1368 5164 pleraque
1388 5089 1569 5163 praeproperis
1589 5098 1618 5143 et
1638 5105 1697 5160 pre·

78 5173 204 5240 priorum
224 5174 382 5238 consentiat,
402 5172 451 5229 sed
465 5172 546 5244 plane
567 5174 597 5228 in
619 5176 755 5231 diversum
772 5174 872 5229 natat.
907 5175 999 5244 penna
1012 5189 1139 5228 sensuum
1150 5171 1373 5243 prehensionibus
1384 5188 1439 5225 nen
1449 5169 1623 5233 sadstamant,
1633 5185 1699 5223 nou·

79 5251 157 5304 Nam
172 5252 219 5322 qui
233 5251 380 5324 hucusque,
391 5253 501 5323 pertesi
515 5269 615 5320 eorum,
627 5272 688 5326 quae
697 5261 801 5313 veteres
811 5255 874 5308 affe-
907 5253 982 5308 nulla
996 5260 1087 5308 auum
1101 5252 1175 5318 dura,
1188 5259 1217 5305 et
1228 5252 1314 5307 instm
1326 5248 1468 5321 refigionis
1481 5247 1699 5322 incredibiliaad

79 5337 153 5396 runt,
169 5329 204 5384 ad
217 5332 413 5401 experientiam
426 5338 454 5386 et
463 5348 571 5386 sensum
581 5341 712 5405 tanquam
721 5334 755 5389 de
768 5334 875 5405 integro
908 5349 1003 5387 sensus
1017 5331 1155 5386 accedant.
1196 5331 1299 5385 Sensus
1312 5329 1385 5384 enim
1404 5327 1517 5383 hnmani
1535 5327 1633 5382 fallunt
1645 5327 1699 5381 uti-

80 5424 111 5462 ae
129 5409 310 5475 contulerunt,
329 5412 358 5464 in
376 5410 449 5466 hunc
466 5412 575 5468 muru
595 5411 651 5467 lere
668 5430 698 5468 ae
717 5419 874 5484 geaneruun
909 5430 970 5483 que,
993 5412 1041 5467 aed
1061 5417 1151 5465 tamen
1171 5409 1255 5464 etiam
1274 5426 1304 5465 se
1323 5408 1460 5471 indicant;
1480 5423 1574 5462 rmum
1595 5422 1700 5461 emeres

80 5488 257 5544 utnennulls
270 5490 359 5561 primo
372 5490 518 5546 umam
532 5507 640 5547 sensum
654 5493 752 5548 aerim
764 5498 793 5547 et
806 5499 875 5548 stre-
908 5498 1015 5565 presto,
1040 5490 1141 5545 indicia
1163 5490 1293 5543 senerata
1315 5494 1385 5543 sunt
1435 5485 1531 5558 Itaque
1554 5493 1583 5542 et
1602 5502 1701 5542 novam
