3800 5875
658 326 841 383 HISTORIA
861 326 1085 383 VENTORUM.
1622 327 1678 384 521

100 483 144 538 l0.
167 484 270 538 Omnes
284 484 349 538 stati
363 486 435 539 venti
450 487 644 556 (praeterquam
659 485 780 540 ex-locis
793 501 854 555 pro
927 485 1000 539 renti
1014 483 1097 539 maris
1111 483 1234 552 Scythici
1245 483 1325 551 juxta
1332 496 1366 535 ea
1372 481 1463 537 littora
1477 482 1681 541 deueherentur.

58 564 179 635 pinquis)
195 562 326 617 imbecilli
341 574 414 628 sunt,
428 575 457 619 et
470 565 560 619 ventis
579 565 676 619 subitis
690 582 719 619 se
740 564 852 618 submit·
929 563 1049 617 Alteram
1060 561 1158 638 (quam
1171 561 1251 633 longe
1266 562 1398 631 potiorem
1409 557 1502 635 duxit)
1516 563 1588 633 quod
1599 562 1680 636 longe

58 653 123 699 tunt.
928 643 1050 711 pluribus
1064 644 1128 695 anni
1148 642 1270 711 partibus
1290 640 1406 709 spiraret
1423 641 1494 710 apud
1513 658 1560 695 eos
1579 644 1681 714 zephy-

98 721 142 776 ll.
158 721 227 775 Sunt
241 721 393 791 complures
407 721 479 774 venti
489 723 637 792 stati,quos
647 738 697 776 nos
707 739 760 775 non
768 722 853 792 perci·
929 738 982 785 rus,
998 738 1079 791 quam
1092 739 1190 775 eurus:
1212 720 1284 790 quod
1301 719 1384 773 etiam
1401 719 1467 773 facit
1480 721 1552 790 apud
1565 738 1615 774 nos
1628 723 1681 790 (in-

59 801 146 871 pimus
160 811 209 853 aut
218 801 399 862 observamus,
411 809 521 871 propter
530 801 712 855 infirmitatem
723 802 851 871 ipsorum,
929 802 1019 871 quit);
1041 800 1088 853 sed
1111 800 1182 870 apud
1203 799 1266 853 illos
1287 815 1303 851 a
1326 799 1480 863 continenti,
1505 809 1533 853 et
1556 800 1680 870 gelidus3

59 881 127 933 unde
141 895 159 933 a
173 881 263 934 ventis
282 878 375 933 liberis
392 880 555 934 obruuntur:
575 880 639 934 ideo
659 880 707 934 rix
727 888 853 935 notantur
928 879 1000 948 apud
1022 895 1072 933 noa
1089 896 1106 931 a
1119 879 1194 941 mari,
1209 886 1237 932 et
1258 878 1372 947 tepidus.
1413 878 1490 938 Quod
1509 878 1532 931 si
1551 879 1681 949 (addidit)

59 959 156 1022 hieme,
179 976 243 1012 cum
263 958 338 1011 venti
361 956 440 1011 liberi
460 967 593 1028 vagantur
614 960 716 1029 magis;
737 959 785 1013 sed
802 977 852 1029 po·
928 966 985 1012 tam
1007 958 1161 1028 frequenter
1178 966 1206 1011 et
1222 956 1268 1011 diu
1291 957 1406 1027 spiraret
1427 958 1455 1010 in
1478 956 1579 1027 Anglia
1593 975 1681 1024 eurus,

59 1039 111 1091 tius
130 1053 225 1091 versus
245 1045 378 1102 aestatem,
400 1054 462 1091 cum
482 1039 556 1091 venti
574 1038 616 1091 illi
636 1039 743 1092 erratici
764 1041 852 1111 magis
929 1054 1010 1107 quam
1027 1037 1099 1105 apud
1113 1053 1160 1091 eos
1173 1036 1314 1106 zephyrus,
1329 1034 1409 1106 longe
1423 1035 1512 1089 forent
1531 1037 1682 1092 intensiora

59 1117 191 1170 deficiant.
929 1117 1033 1186 frigora
1046 1117 1118 1186 apud
1131 1132 1188 1180 nos,
1203 1124 1231 1169 et
1241 1115 1319 1185 paria
1331 1113 1386 1169 illis
1401 1133 1461 1185 qum
1475 1115 1513 1169 ibi
1527 1115 1601 1169 fiunt.

99 1194 143 1250 12.
167 1196 200 1249 ln
213 1195 337 1265 partibus
351 1195 468 1264 Europae
481 1212 517 1249 ex
529 1196 616 1249 ventis
630 1196 707 1250 statis
720 1197 751 1249 hi
770 1196 852 1265 potis-
930 1194 956 1249 6.
979 1193 1099 1264 Zephyri
1119 1204 1182 1249 sunt
1199 1193 1310 1249 assecloe
1333 1192 1461 1248 horarum
1485 1195 1682 1263 pomeridiana-

57 1275 118 1329 simi
133 1283 207 1328 sunt.
249 1273 398 1345 Aquilones
419 1290 437 1326 a
455 1274 584 1338 solstitio;
606 1283 720 1345 suntque
743 1284 853 1329 exortus
890 1291 968 1328 rum:
990 1274 1141 1328 declinante
1156 1274 1229 1327 enim
1237 1273 1294 1328 sole
1304 1271 1471 1342 frequentius
1485 1274 1591 1343 spirant
1604 1274 1680 1328 renti

57 1354 198 1416 caniculae,
213 1361 272 1407 tum
289 1352 432 1421 prodromi,
445 1359 503 1407 tum
516 1369 662 1424 sequacem
684 1353 797 1424 zephyri
818 1355 853 1407 ab
889 1354 925 1406 ab
939 1353 1084 1416 occidente,
1097 1353 1132 1406 ab
1142 1353 1243 1407 oriente
1257 1351 1354 1405 rarius.

57 1433 223 1502 aequinoctio
233 1430 394 1485 autumnali:
409 1432 493 1485 curia
504 1450 600 1487 verno:
615 1449 677 1486 nam
690 1434 724 1486 de
737 1433 853 1487 brumali
931 1430 957 1492 7.
978 1430 1078 1487 Auster
1087 1431 1173 1485 noctis
1187 1431 1291 1485 assecla
1300 1439 1356 1484 est:
1377 1447 1440 1484 nam
1453 1437 1533 1485 noctu
1540 1438 1568 1484 et
1580 1430 1681 1501 sapius

61 1512 179 1565 solstitio
191 1511 284 1564 minus
297 1511 445 1564 curandum
459 1519 570 1581 propter
582 1509 681 1565 hiemis
695 1513 846 1566 varietates.
890 1511 983 1576 oritur,
998 1517 1027 1565 et
1040 1510 1088 1565 flat
1100 1510 1294 1565 vehementius.
1336 1508 1438 1563 Boreas
1451 1519 1540 1564 autem
1554 1510 1679 1565 interdiu.

100 1591 143 1644 13.
157 1590 239 1643 Venti
249 1589 360 1642 ornithii
370 1589 703 1661 siveaviarii,quinomen
713 1597 854 1644 traxerunt
930 1589 958 1644 8.
980 1588 1152 1644 Asseclarum
1165 1605 1229 1643 vero
1248 1587 1339 1653 maris,
1354 1596 1381 1642 et
1401 1589 1573 1655 continentis,
1588 1589 1681 1642 multis

58 1671 130 1738 quod
145 1686 240 1721 avesa
255 1668 410 1738 regionibus
425 1668 522 1736 gelidis
536 1670 723 1723 transmarinis
737 1670 853 1740 regioni·
890 1676 918 1722 et
932 1685 1040 1740 magnes
1058 1668 1300 1723 suntdifferentioe.
1341 1667 1383 1721 Ea
1397 1668 1540 1737 praecipue,
1555 1685 1619 1746 qum
1629 1668 1681 1723 Co·

57 1748 109 1801 bus
122 1749 224 1817 apricis
237 1747 391 1810 immittant,
405 1746 476 1801 nibil
496 1749 632 1818 pertinent
645 1749 680 1801 ad
692 1758 787 1803 ventos
801 1758 853 1802 sta·
889 1747 983 1802 lumbo
996 1764 1091 1802 ansam
1109 1747 1225 1817 praebuit
1244 1746 1398 1801 inveniendi
1422 1747 1484 1799 nori
1498 1747 1587 1801 orbis:
1609 1748 1680 1817 quod

57 1837 107 1889 tos,
128 1829 193 1898 quia
214 1826 255 1880 illi
276 1835 397 1895 tempore
419 1828 518 1896 saepius
542 1827 653 1881 fallunt:
681 1844 745 1882 aves
764 1838 853 1882 autem
890 1826 964 1881 venti
978 1826 1144 1881 marinistati
1154 1843 1208 1881 non
1218 1833 1288 1889 sunt,
1298 1833 1437 1879 terrestres
1448 1834 1538 1880 autem
1551 1827 1678 1881 maxime.

57 1923 151 1961 eorum
166 1906 391 1968 commoditatem,
405 1905 462 1958 sire
483 1907 563 1960 citius
583 1907 640 1960 sive
660 1907 762 1960 tardius
778 1908 852 1971 flent,
891 1906 962 1960 Cum
975 1907 1049 1959 enim
1062 1905 1180 1959 abundet
1193 1905 1338 1974 vaporibus
1351 1920 1433 1967 mare,
1449 1905 1495 1975 qui
1508 1904 1608 1974 ubique
1622 1903 1679 1960 fere
1753 1923 1755 1927 ⁴

57 1990 234 2055 exspectant:
255 1985 340 2038 etiam
352 2000 408 2037 non
426 2000 488 2038 raro
507 1993 649 2054 postquam
670 1985 736 2039 flare
758 1985 853 2056 paulu·
891 1984 1076 2039 indifferenter
1088 1984 1192 2047 adsunt,
1207 1984 1306 2055 ubique
1322 1983 1404 2037 etiam
1422 1991 1585 2053 generantur
1597 1985 1679 2048 venti,

57 2063 114 2118 lum
134 2064 288 2134 inceperint
310 2071 338 2116 et
355 2078 384 2117 se
398 2063 511 2117 subinde
526 2064 661 2128 verterint,
674 2065 855 2119 destituuntur
891 2071 918 2117 et
932 2079 1032 2134 magua
1045 2059 1227 2117 inconstantia
1234 2062 1288 2116 huc
1301 2061 1365 2116 illuc
1380 2061 1507 2127 feruntur,
1522 2079 1582 2116 cum
1593 2069 1680 2117 certas

57 2160 129 2206 ares,
152 2151 181 2197 et
202 2149 359 2214 merguntur
378 2142 408 2197 in
427 2142 534 2214 pelago,
552 2142 697 2214 aliquando
717 2144 747 2197 in
769 2160 853 2198 naves
891 2142 1010 2212 origines
1023 2150 1051 2196 et
1064 2143 1152 2197 fontes
1171 2158 1225 2195 non
1242 2141 1367 2195 habeant.
1409 2140 1446 2194 At
1462 2149 1534 2195 terra
1548 2140 1582 2195 ad
1595 2148 1680 2196 mate·

58 2223 194 2276 decidunt.
891 2221 961 2275 riam
970 2229 1109 2276 ventorum
1120 2220 1199 2275 valde
1212 2221 1383 2291 inaequaliter
1393 2237 1423 2274 se
1437 2219 1532 2284 habet;
1553 2238 1615 2274 cum
1626 2219 1681 2275 alia

101 2299 146 2354 14.
167 2300 303 2355 Praecisus
317 2299 418 2354 reditus
427 2307 569 2354 ventorum
580 2301 614 2353 ad
625 2300 697 2354 diem
707 2307 736 2355 et
748 2301 852 2363 horam,
891 2299 950 2353 loca
965 2300 998 2353 ad
1008 2306 1103 2354 reuma
1116 2300 1260 2370 pariendos
1271 2306 1298 2353 et
1306 2301 1442 2369 augendos
1456 2299 1544 2369 magis
1558 2300 1681 2353 efficacia

56 2380 144 2433 instar
158 2378 406 2443 aestusmaris,non
420 2379 565 2434 invenitur.
605 2380 854 2451 Designantquan·
891 2379 963 2441 sista
984 2378 1038 2432 alia
1050 2379 1138 2449 magis
1148 2378 1282 2432 destituta
1325 2380 1418 2449 ltaque
1428 2378 1494 2432 fiant
1508 2379 1589 2432 feres
1602 2372 1679 2449 parte

57 2459 146 2529 doque
169 2470 294 2512 auctores
314 2456 437 2512 nonnulli
459 2458 547 2522 dicm3
568 2458 616 2512 sed
633 2460 725 2529 potius
744 2475 779 2514 ex
792 2476 854 2513 con·
892 2458 1015 2511 fomitum
1030 2474 1147 2522 suorum,
1162 2466 1190 2511 et
1202 2457 1264 2511 inde
1278 2457 1453 2513 directionem
1467 2458 1621 2512 sortiuntur.

55 2539 170 2604 iectura,
185 2554 269 2608 quam
282 2553 318 2591 cx
332 2536 517 2591 observatione
531 2545 680 2594 constante.
931 2535 958 2590 9.
979 2538 1044 2591 Non
1064 2537 1130 2590 satis
1152 2543 1258 2590 constat
1277 2537 1329 2591 sibi
1344 2535 1450 2590 Acosta.
1491 2535 1538 2590 Ait
1551 2537 1586 2589 ad
1599 2536 1681 2591 Peru-

890 2615 963 2669 viam
974 2624 1003 2670 et
1016 2615 1153 2669 maritima
1166 2615 1248 2670 maris
1261 2615 1388 2670 australis
1402 2616 1458 2669 fere
1472 2632 1522 2685 per
1534 2623 1621 2670 totum
1634 2634 1681 2670 an·

890 2711 956 2749 uum
976 2695 1080 2764 spirare
1102 2702 1214 2748 austros.
1255 2694 1331 2748 Idem
1352 2694 1418 2748 alibi
1442 2694 1480 2748 ait
1501 2695 1536 2748 ad
1555 2711 1602 2749 eas
1619 2712 1681 2751 oras

297 2769 444 2823 Ventorum
455 2767 783 2824 asseclarumvocabulum
792 2786 853 2825 nos·
891 2774 994 2844 spirare
1015 2773 1183 2843 potissimum
1196 2780 1290 2827 ventos
1303 2774 1429 2828 marinos.
1469 2772 1506 2826 At
1518 2781 1608 2827 auster
1624 2775 1681 2830 illis

70 2825 222 2918 ffdcssffngiff
258 2855 330 2902 trum
341 2857 397 2901 est:
419 2848 491 2919 quod
504 2850 642 2917 imponere
655 2849 742 2903 risum
756 2854 805 2913 est,
819 2865 853 2903 ne
892 2852 1025 2907 terrestris
1046 2859 1096 2915 est,
1110 2859 1181 2907 utet
1201 2852 1297 2907 boreas
1311 2864 1339 2906 et
1351 2867 1439 2915 eurus,
1458 2858 1618 2923 tantumque
1637 2871 1681 2907 ze-

258 2937 305 2983 aut
325 2935 419 2998 pereat
441 2928 595 2982 observatio
617 2928 690 2982 circa
706 2930 788 2998 ipsos,
806 2935 854 2982 aut
891 2932 996 3003 phyma
1010 2939 1052 2987 eat
1070 2931 1127 2986 illis
1142 2931 1269 2986 marinus.
1310 2931 1483 2995 Sumendum,
1499 2930 1570 3003 quod
1583 2930 1681 2987 certius

59 3008 247 3061 confundatur.
300 3008 401 3061 Sensus
426 3007 488 3061 talis
509 3015 562 3060 est:
591 3007 688 3073 divide,
712 3008 736 3061 si
756 3008 853 3079 placet,
892 3012 977 3082 ponit,
991 3011 1045 3066 hoc
1058 3018 1108 3074 est,
1123 3017 1315 3065 austrumesse
1328 3019 1438 3066 ventum
1457 3011 1588 3065 asseclam
1602 3020 1629 3065 et
1643 3011 1681 3065 fa·

60 3103 161 3140 annum
181 3088 209 3141 in
234 3095 297 3150 tres,
320 3094 441 3157 quatuor,
462 3087 581 3158 quinque
599 3094 698 3155 partes,
713 3088 742 3141 in
763 3087 855 3157 aliqua
891 3090 1024 3145 miliarem
1048 3107 1141 3145 earum
1164 3090 1321 3160 regionum
1349 3090 1403 3144 nisi
1426 3088 1495 3143 forte
1516 3107 1552 3144 ex
1572 3091 1682 3145 nomine

60 3165 180 3232 regione.
222 3165 300 3227 Quod
320 3166 343 3220 si
359 3173 453 3218 sentus
467 3165 565 3236 aliquis
580 3165 619 3220 ibi
632 3167 687 3230 flet,
701 3166 776 3230 duas,
791 3174 853 3231 tres,
892 3170 975 3223 maris
988 3170 1114 3224 australis
1128 3168 1171 3223 rel
1188 3169 1360 3240 phantasiam
1373 3168 1417 3223 rel
1430 3169 1539 3223 modum
1552 3168 1680 3239 loquendi

61 3253 174 3312 quatuor
188 3245 325 3313 portiones
338 3262 374 3298 ex
383 3243 465 3314 ἱρείας
487 3251 583 3299 ventus
597 3246 747 3300 contrarius
756 3262 852 3310 unam;
892 3249 1017 3319 corrupit,
1032 3247 1187 3317 intelligens
1200 3249 1348 3318 zephyrum
1368 3265 1418 3317 per
1435 3255 1563 3313 austrum,
1579 3249 1652 3319 quod
1665 3265 1683 3302 a

61 3322 137 3377 illum
152 3332 272 3387 rentum,
288 3323 334 3395 qui
350 3324 515 3393 frequentius
536 3324 590 3388 flat,
606 3325 664 3391 ejus
678 3325 796 3395 regionis
810 3342 853 3379 as·
892 3328 961 3382 mari
972 3327 1083 3382 australi
1094 3328 1185 3397 spiret.
1220 3327 1257 3382 At
1266 3344 1348 3389 mare,
1359 3327 1430 3398 quod
1439 3334 1543 3391 vocent,
1553 3328 1680 3392 australe,

61 3403 161 3457 seclam
174 3404 356 3457 nominamus.
398 3402 443 3456 Sic
457 3403 490 3457 de
504 3404 677 3473 temporibus.
892 3408 1000 3478 proprie
1020 3406 1136 3461 australe
1156 3421 1211 3460 uon
1232 3415 1280 3471 est,
1298 3407 1346 3461 sed
1365 3414 1495 3478 tanquam
1513 3423 1628 3461 maanus
1642 3424 1682 3462 se·

101 3482 126 3537 l.
148 3482 247 3537 Auster
261 3483 394 3536 ethoreas
407 3482 617 3537 assecloemundi
631 3493 710 3537 sunt:
732 3483 855 3556 frequen·
892 3487 995 3541 nundus
1014 3484 1204 3551 occidentalis,
1226 3486 1334 3558 quando
1354 3485 1436 3540 simili
1461 3503 1522 3540 cum
1545 3485 1681 3540 Atlantico

62 3561 114 3615 tius
128 3562 203 3616 enirn
223 3580 273 3632 per
286 3562 441 3616 universum
460 3563 565 3632 spirant
585 3562 634 3625 illi,
649 3581 709 3616 cum
724 3564 779 3617 suis
794 3580 853 3617 sec·
892 3566 945 3620 situ
962 3566 1159 3637 exporrigatur.

60 3642 185 3705 tionibus,
201 3659 284 3712 quam
298 3657 377 3694 eurus
390 3651 418 3694 et
430 3641 564 3711 zephyrus
576 3657 637 3696 cum
651 3642 715 3696 suis.
935 3644 979 3699 to.
1000 3644 1103 3699 Marini
1123 3645 1197 3698 venti
1219 3652 1282 3698 sunt
1305 3642 1482 3714 proculdubio
1504 3643 1679 3699 terrestribus

97 3721 126 3773 2.
148 3719 252 3773 Omnes
266 3721 340 3773 senti
362 3720 440 3773 liberi
456 3724 524 3790 (non
543 3722 619 3789 stati)
636 3722 723 3791 magis
742 3720 854 3775 asseclas
892 3723 1067 3788 humidiores,
1082 3725 1129 3778 sed
1148 3730 1239 3777 tamen
1262 3724 1394 3792 puriores,
1413 3724 1513 3794 quique
1534 3722 1641 3777 facilius
1654 3731 1683 3777 et

61 3797 167 3852 memus
180 3808 251 3863 sunt,
266 3816 347 3870 quam
365 3800 476 3864 aesmtis,
490 3800 609 3854 mairime
626 3808 716 3855 autem
734 3800 854 3855 autumni
892 3803 1023 3874 aequalius
1037 3820 1098 3857 cum
1116 3801 1180 3857 aiire
1199 3818 1267 3873 puro
1280 3803 1490 3872 incorporentur.
1530 3802 1683 3857 Terrestres

62 3878 179 3931 etreris.
892 3883 968 3936 enim
989 3882 1060 3936 male
1079 3882 1259 3952 coagmentati
1274 3890 1301 3934 et
1317 3882 1409 3935 fumei.
1450 3881 1548 3950 Neque
1562 3889 1683 3951 opponat

99 3957 127 4010 3.
149 3956 254 4010 Omnes
267 3958 339 4010 venti
357 3956 436 4011 liberi
456 3959 546 4026 potius
559 3958 670 4013 asseclas
690 3967 755 4012 sunt
769 3959 855 4029 regio·
893 3961 1029 4031 quispiam
1043 3977 1090 4015 eos
1099 3961 1197 4014 debere
1208 3977 1275 4023 esse,
1287 3969 1398 4031 propter
1410 3959 1575 4030 salsuginem
1589 3962 1681 4027 maris,

62 4052 125 4090 num
147 4044 226 4090 extra
245 4036 369 4105 tropicos,
390 4045 472 4106 atque
496 4039 578 4091 etiam
602 4037 717 4092 circulos
738 4038 853 4108 polares,
892 4040 1050 4095 crassiores:
1071 4048 1168 4093 natura
1182 4040 1254 4093 enim
1267 4040 1400 4094 terrestris
1414 4038 1479 4094 salis
1492 4055 1547 4092 non
1560 4040 1683 4111 surgitin

63 4132 144 4185 quam
161 4115 251 4177 intra;
273 4114 303 4167 in
315 4116 470 4185 regionibus
492 4117 565 4169 enim
584 4117 691 4171 torridis
705 4124 734 4171 et
747 4116 854 4187 congla-
892 4121 1044 4189 vaporibus.

63 4194 141 4249 uada
154 4193 315 4263 plerumque
329 4195 436 4264 parcius
449 4194 560 4265 spirant,
575 4197 604 4249 in
617 4197 713 4250 mediis
727 4196 854 4268 frequen·
934 4198 980 4254 ll.
1000 4198 1097 4269 Tepidi
1111 4198 1156 4252 vel
1174 4196 1257 4269 gelidi
1279 4203 1341 4251 sunt
1354 4197 1429 4251 renti
1446 4196 1553 4261 marini,
1574 4214 1624 4267 pro
1641 4215 1683 4252 ra-

63 4273 124 4327 tius.
892 4278 966 4332 tione
988 4278 1149 4348 qualitatum
1169 4279 1282 4332 duarum
1303 4276 1499 4346 predictarum,
1514 4276 1683 4333 humiditatis

100 4353 128 4407 4.
149 4352 243 4406 Etiam
259 4368 354 4406 omnes
367 4352 441 4407 renti
460 4353 548 4417 liberi,
563 4354 713 4422 praesertim
728 4354 853 4408 fortiores
892 4364 919 4410 et
944 4358 1080 4428 puritatis.
1133 4355 1303 4410 Humiditate
1323 4355 1396 4411 enim
1422 4356 1526 4426 frigora
1548 4358 1682 4429 mitigant,

63 4447 97 4484 ex
111 4431 186 4500 ipsis,
207 4431 275 4484 flant
296 4432 396 4501 sapius
409 4439 438 4486 et
455 4431 588 4487 intensius
605 4449 684 4487 mane
698 4440 727 4486 et
738 4434 853 4503 vesperi,
894 4436 1014 4504 (siccitas
1036 4436 1171 4507 siquidem
1190 4442 1343 4504 utrumque,
1360 4441 1389 4488 et
1405 4434 1522 4489 calorem
1541 4444 1569 4491 et
1587 4437 1682 4508 frigus,

64 4527 143 4579 quam
157 4510 271 4565 meridie
286 4517 315 4563 et
327 4517 418 4565 noctu.
892 4513 1032 4582 intendit)
1047 4523 1076 4567 at
1089 4514 1207 4584 puritate
1220 4513 1390 4583 refrigerant
1432 4515 1529 4586 Itaque
1540 4525 1617 4570 extra
1630 4525 1684 4571 tro-

101 4590 128 4642 5.
149 4590 232 4643 Venti
247 4588 327 4643 liberi
341 4589 370 4643 in
384 4589 538 4660 regionibus
551 4589 679 4644 fistulosis
693 4598 720 4645 et
728 4608 854 4645 caverno-
893 4594 976 4662 pisos,
991 4594 1091 4662 tepidi,
1112 4594 1192 4656 intra,
1206 4592 1298 4663 gelidi.

64 4666 101 4722 sis
114 4667 284 4739 frequentius
298 4669 402 4738 spirant
416 4686 497 4740 quam
510 4670 539 4723 in
554 4670 639 4723 firmis
653 4677 681 4723 et
693 4670 793 4725 solidis.
935 4671 980 4725 12.
1002 4671 1126 4727 Arbitror
1138 4672 1239 4743 ubique
1252 4678 1347 4726 ventos
1358 4673 1477 4728 marinos
1491 4672 1609 4728 asseclas
1623 4688 1682 4728 esse

86 4790 169 4834 wa
339 4747 462 4802 cessarit
475 4748 531 4802 fere
539 4747 659 4802 humana
672 4749 815 4819 diligentia
825 4750 854 4803 in
892 4752 1035 4822 regionum
1063 4751 1227 4821 (prasertim
1258 4750 1469 4821 maritimarum)
1496 4752 1681 4823 singularum

169 4796 223 4834 m
299 4825 485 4881 observatione
499 4835 639 4882 ventorum
650 4828 813 4882 asseclarum
824 4828 854 4882 in
893 4830 1061 4902 frequentius
1074 4829 1178 4884 scilicet
1195 4830 1298 4900 spirare
1312 4838 1407 4884 ventos
1421 4848 1438 4883 a
1451 4839 1528 4900 parte
1543 4831 1589 4885 ubi
1603 4830 1684 4885 collo-

101 4906 260 4976 regionibus
274 4905 490 4975 particularibus,
500 4906 572 4977 quod
583 4917 674 4960 tamen
684 4908 742 4961 fieri
753 4907 853 4971 debuit,
893 4918 969 4964 catur
976 4925 1059 4972 mare,
1070 4917 1181 4978 propter
1192 4910 1298 4979 copiam
1308 4908 1390 4980 longe
1401 4909 1552 4963 uberiorem
1563 4910 1684 4962 materiis

102 4985 175 5038 etad
188 4984 274 5039 multa
288 4984 362 5039 utilis
377 4984 453 5038 foret.
494 4985 610 5040 Memini
619 5003 664 5040 me
677 5003 695 5039 a
708 4995 854 5041 mercatore
893 4989 927 5042 ad
941 4998 1035 5042 ventos
1048 4988 1078 5040 in
1091 4988 1168 5050 mari,
1183 5004 1265 5057 quam
1278 4988 1307 5040 in
1321 4995 1410 5052 terra;
1431 4988 1484 5042 nisi
1498 4989 1567 5041 forte
1586 4988 1621 5040 sit
1635 4988 1684 5041 ali-

102 5063 227 5133 quodam,
242 5063 369 5133 prudenti
379 5065 444 5128 viro,
459 5064 506 5134 qui
520 5065 556 5118 ad
569 5065 682 5119 Terram
696 5066 854 5135 piscationis
894 5068 955 5139 quis
967 5075 1064 5120 ventus
1086 5074 1180 5129 status,
1204 5066 1311 5137 spirans
1327 5084 1344 5120 a
1363 5075 1435 5120 tarra
1448 5082 1581 5122 excausa
1601 5081 1684 5135 pecu·

101 5142 235 5196 coloniam
255 5143 376 5206 duxerat,
391 5143 483 5214 ibique
497 5143 639 5208 hiemaret,
653 5161 762 5198 causam
781 5161 855 5214 quae·
892 5147 964 5200 liari.
1011 5147 1101 5199 Nemo
1120 5153 1211 5200 autem
1236 5145 1381 5200 confundat
1399 5154 1495 5199 ventos
1515 5152 1599 5198 statos
1621 5162 1685 5199 cum

102 5222 198 5275 siriam
212 5238 261 5275 cur
275 5222 353 5293 regio
366 5221 415 5276 illa
428 5231 484 5275 tam
494 5222 616 5292 impense
629 5222 729 5294 frigida
742 5222 855 5278 habere-
893 5224 980 5279 ventis
1002 5223 1121 5287 asseclis,
1143 5241 1205 5278 cum
1227 5224 1338 5279 asseclae
1357 5240 1464 5293 semper
1487 5224 1684 5294 frequentiores

103 5307 225 5363 tunsum
240 5300 322 5355 clima
335 5302 401 5355 satia
414 5301 563 5371 benignum
576 5312 655 5356 esset.
698 5301 854 5372 Respondit,
893 5305 955 5366 sint,
970 5304 1032 5357 stati
1053 5304 1154 5372 saepius
1167 5304 1298 5358 rarioresr
1319 5303 1348 5357 id
1366 5310 1458 5356 umen
1477 5303 1599 5374 utrisque
1613 5319 1685 5357 com·

104 5395 161 5432 rem
175 5397 234 5433 esse
250 5379 322 5433 fama
332 5379 471 5451 aliquanto
484 5382 624 5444 minorem,
639 5397 750 5435 causam
764 5390 855 5436 autem
894 5399 974 5436 mune
984 5390 1031 5445 cst,
1043 5382 1196 5452 quodrenti
1210 5383 1337 5452 spirenta
1347 5388 1423 5451 parte
1434 5381 1558 5436 fomitum
1566 5398 1683 5437 suorum.

103 5456 247 5529 duplicem.
289 5458 387 5526 Unam,
410 5459 483 5531 quod
504 5460 589 5514 moles
610 5459 740 5531 glaciales
760 5478 776 5513 a
798 5478 857 5515 cur·
936 5461 979 5515 l3.
1001 5460 1225 5517 Vehementiores
1244 5460 1403 5531 plerumque
1416 5462 1566 5517 suutventi
1579 5462 1685 5527 marini,

338 2675 424 2715 vauri
444 2676 579 2716 ASSECLB·
