3800 5875
52 300 120 357 Lts.
136 301 159 356 Ι.
682 303 821 369 NOVUM
842 302 1045 359 ORGANUM.
1613 300 1672 359 439

51 477 90 515 ex
103 459 216 514 vocibus
230 458 355 515 secunda
373 460 531 515 intentionis
550 460 686 521 tribuerits
708 461 847 532 negotium
884 462 1069 532 pressionibus
1091 460 1243 533 vulgarium
1269 460 1419 516 notionum.
1461 460 1578 532 Pugnax
1600 462 1674 516 enim

51 541 133 593 dearr'
152 548 181 593 et
198 541 266 601 reri,
283 557 333 609 per
345 540 418 610 qnod
435 555 549 611 corpora
562 540 678 595 subeunt
690 542 807 608 majores
821 549 847 595 et
885 558 972 610 genus
986 541 1168 611 philosophia
1181 550 1209 595 et
1221 540 1397 611 sophisticum
1410 538 1542 611 illaqueat
1557 540 1677 595 intellec-

51 619 174 673 minores
194 619 376 673 dimensiones
397 620 453 673 sire
473 619 569 689 spatia,
583 635 634 690 per
649 619 777 690 frigidam
795 620 847 673 dis·
886 628 958 683 tum;
980 628 1008 673 at
1021 621 1087 675 illud
1102 621 1217 675 alterum
1238 619 1440 689 phantasticum
1454 628 1482 673 et
1496 620 1635 683 tumidum,
1650 629 1677 674 et

50 699 213 752 tincdmem
239 708 316 752 actus
338 706 366 752 ct
387 698 515 769 potentia
536 700 714 768 transegerit,
743 707 847 753 motum
885 702 962 769 quasi
982 701 1126 770 politicum,
1140 701 1229 770 magis
1249 697 1384 752 blanditur
1401 698 1558 753 intellectui.
1601 700 1677 753 Inest

51 778 169 848 singulis
183 778 340 847 corporibus
351 779 462 832 unicum
476 784 505 830 et
518 779 665 847 proprium,
677 785 712 842 et,
726 779 750 832 si
764 779 847 848 parti·
885 779 958 832 enim
971 779 1073 833 homini
1087 780 1210 849 quasdam
1224 778 1376 833 intellectus
1390 779 1575 843 ambitiones
1587 779 1677 833 minor

50 859 144 926 cipent
158 874 195 911 cx
208 857 265 910 alio
277 865 360 922 motu,
374 858 401 911 id
415 857 524 912 aliunde
533 857 642 922 moveri,
657 858 809 921 asseruerit,
821 866 848 911 et
885 875 967 928 quam
993 858 1154 925 voluntatis;
1181 858 1334 928 prasertim
1360 859 1389 912 in
1417 857 1536 929 ingeniis
1559 855 1623 911 altis
1649 865 1677 911 et

50 937 198 991 imumera
216 936 280 1000 alia,
294 953 344 1005 pro
357 937 469 992 arbitrio
478 952 534 999 suo,
548 944 650 990 naturae
660 953 748 990 rerum
763 938 848 1008 impo-
885 935 1007 993 elevetis.

52 1017 155 1071 suerit:
170 1016 373 1087 magisubique
389 1015 651 1086 solicitaequomodo
664 1016 725 1087 quis
738 1032 847 1086 respon-
924 1018 1016 1085 Hujus
1043 1025 1133 1073 autem
1160 1015 1268 1089 generis
1295 1015 1451 1086 exemplum
1475 1015 1545 1069 iuter
1567 1015 1676 1071 Graecos

51 1096 142 1149 dendo
154 1112 185 1149 se
199 1095 325 1165 explicet,
339 1104 366 1148 et
379 1095 482 1166 aliquid
495 1095 622 1149 reddatur
634 1094 662 1148 in
674 1096 763 1148 verbis
777 1096 846 1166 posi·
885 1095 1026 1161 illucescit,
1045 1097 1181 1167 praecipue
1200 1095 1230 1149 in
1248 1094 1413 1165 Pythagora,
1433 1096 1481 1148 sed
1498 1111 1561 1148 cum
1582 1112 1676 1166 super·

50 1176 147 1239 tivum,
159 1193 243 1246 qnam
257 1174 291 1228 de
304 1175 410 1228 interna
423 1191 512 1229 rernm
527 1173 657 1235 veritate;
679 1176 846 1245 quodetiam
885 1176 995 1230 stitione
1019 1175 1108 1246 magis
1130 1192 1221 1230 crassa
1241 1183 1270 1229 et
1289 1191 1403 1228 onerosa
1423 1177 1613 1243 coniunctumr
1647 1180 1677 1228 at
1698 1222 1708 1237 ,

50 1255 195 1324 optimese
206 1254 325 1308 ostendit
337 1254 365 1307 in
376 1254 577 1324 comparatione
588 1251 771 1323 philosophias
780 1256 846 1322 ejus,
885 1255 1063 1324 periculosius
1090 1263 1118 1308 et
1143 1254 1269 1309 subtilius
1303 1255 1331 1307 in
1358 1253 1480 1317 Platone,
1508 1262 1591 1324 atque
1617 1254 1676 1322 ejus

49 1335 86 1386 ad
101 1334 172 1388 alias
186 1333 384 1404 philosophias,
406 1350 467 1404 quas
488 1333 559 1402 apud
583 1331 692 1387 Graecus
711 1333 847 1388 celebran-
884 1334 989 1390 schola.
1029 1334 1169 1389 Invenitur
1182 1335 1264 1388 etiam
1277 1332 1329 1387 hoc
1340 1349 1426 1403 genus
1435 1333 1500 1387 mali
1512 1333 1540 1386 in
1554 1333 1676 1404 partibus

50 1422 105 1469 tur.
148 1415 261 1468 Habent
278 1414 352 1466 enim
371 1412 556 1467 homoiomers
569 1411 748 1483 Anaxagorae,
763 1416 845 1468 atomi
884 1413 1119 1484 philosophiarum
1149 1413 1321 1485 reliquarum,
1354 1412 1546 1467 introducendo
1575 1412 1675 1468 formas

50 1492 189 1563 Leucippi
208 1505 237 1547 et
257 1492 415 1555 Democriti,
430 1491 527 1546 coelnm
542 1498 654 1546 stterra
668 1492 845 1558 Parmenidis,
884 1492 1040 1558 abstractas,
1067 1501 1096 1547 et
1121 1510 1217 1547 causas
1244 1491 1347 1555 finales,
1375 1500 1403 1545 et
1433 1508 1528 1546 causas
1555 1491 1674 1561 primas:

48 1571 86 1625 lis
106 1582 137 1627 et
156 1573 279 1627 amicitia
297 1571 477 1641 Empedoclis,
504 1572 631 1626 resolutio
653 1588 795 1642 corporum
817 1574 845 1628 in
885 1573 1031 1627 omittendo
1048 1573 1197 1642 saepissime
1216 1572 1328 1635 medias,
1346 1579 1375 1624 et
1393 1570 1559 1639 hujusmodi.
1601 1571 1674 1624 Huic

50 1652 233 1721 adiaphoram
252 1659 377 1705 naturam
396 1651 477 1720 ignis,
495 1658 524 1705 et
543 1650 684 1721 replicatio
701 1653 846 1707 eorundem
884 1658 974 1707 autem
996 1653 1035 1707 rei
1055 1669 1159 1706 summa
1178 1651 1332 1705 adhibenda
1351 1658 1393 1704 est
1413 1650 1510 1704 cautio.
1551 1648 1676 1704 Pessima

51 1732 85 1784 ad
99 1733 217 1786 densum
229 1730 369 1793 Heracliti,
379 1729 481 1801 aliquid
494 1747 530 1785 ex
543 1729 707 1800 philosopho
713 1733 844 1796 naturali3
884 1731 957 1785 enim
971 1748 1016 1785 res
1028 1739 1069 1784 est
1083 1748 1201 1786 errorum
1219 1730 1383 1801 apotheosis,
1398 1736 1425 1782 et
1441 1745 1492 1799 pro
1508 1737 1583 1799 peste
1599 1728 1676 1782 intel-

51 1819 78 1864 et
100 1828 194 1865 rerum
214 1820 348 1875 naturam,
363 1819 390 1863 et
409 1810 612 1879 experientiam,
627 1818 654 1863 et
676 1826 789 1879 corpora
805 1829 846 1866 sa·
884 1808 969 1865 lectus
1001 1810 1127 1865 habenda
1159 1818 1207 1875 est,
1234 1811 1258 1864 si
1285 1810 1362 1863 vania
1389 1809 1500 1862 accedat
1526 1809 1673 1864 veneratio.

50 1892 146 1960 pinon
169 1890 216 1945 ubi
245 1888 398 1944 Aristotelis
425 1889 539 1959 physica
565 1889 638 1943 nihil
659 1889 741 1954 aliud,
765 1909 846 1961 quam
886 1889 957 1943 Huic
976 1898 1066 1945 autem
1084 1890 1198 1943 vanitati
1216 1887 1341 1943 nonnulli
1360 1904 1397 1943 ex
1415 1887 1550 1942 modernis
1570 1904 1676 1942 summa

48 1969 204 2024 ducenos
221 1987 302 2024 voces
321 1969 479 2040 plerumque
493 1975 588 2033 sonet;
614 1984 695 2039 quarn
716 1971 796 2023 etiarn
818 1971 846 2024 in
883 1967 994 2023 levitate
1007 1969 1280 2031 iraindulssrunt,ut
1298 1968 1328 2021 in
1345 1967 1433 2035 primo
1450 1967 1570 2037 capitulo
1585 1967 1674 2021 Gens·

49 2049 250 2119 metaphysicis
272 2048 324 2103 sub
347 2047 498 2103 solenniore
522 2048 640 2112 nomine,
661 2055 688 2101 et
707 2057 737 2103 ut
757 2050 846 2121 magis
884 2050 1022 2112 seosetin
1036 2044 1674 2116 librolub,etsliisScripturissacris,philoso-

51 2128 156 2182 scilicet
182 2129 271 2192 realis,
293 2144 348 2181 non
367 2126 518 2189 nominalis,
543 2127 707 2181 retractavit.
749 2129 846 2199 Neque
885 2128 979 2197 phiam
996 2127 1146 2183 naturalem
1169 2127 1282 2181 {undare
1306 2127 1396 2180 conati
1419 2126 1486 2190 sint,
1520 2126 1591 2179 iuter
1613 2127 1675 2180 uiuo

49 2208 119 2263 illud
141 2225 298 2279 quenquam
320 2215 435 2271 moreat,
455 2207 525 2277 quod
546 2208 575 2260 in
597 2205 674 2260 libris
694 2208 753 2275 ejus
773 2215 789 2239 ‘⁶
804 2209 845 2263 De
884 2217 1032 2277 querentes
1059 2216 1169 2261 mutue.
1211 2207 1353 2275 Tantaque
1376 2205 1465 2275 magis
1489 2204 1548 2260 haec
1569 2204 1676 2258 sanitas

51 2287 244 2351 animalibus,’'
259 2287 327 2341 etin
343 2292 359 2317 “
372 2285 614 2351 Problematibns,”
630 2295 657 2339 et
670 2287 698 2339 iu
712 2287 776 2341 aliis
790 2288 846 2342 suis
884 2285 1032 2341 inhibenda
1045 2287 1126 2350 venit,
1140 2295 1167 2340 et
1180 2287 1336 2350 coirceuda,
1351 2285 1416 2355 quia
1429 2300 1466 2339 ex
1480 2284 1633 2339 divinorum
1649 2291 1677 2338 et

50 2367 220 2431 nactatibns,
244 2366 362 2420 versatio
383 2366 509 2435 frequens
532 2366 568 2419 sit
593 2366 623 2418 in
643 2368 845 2435 experimentis.
883 2365 1063 2420 humanorum
1076 2366 1215 2420 malesana
1228 2365 1394 2429 admistione,
1409 2380 1465 2418 non
1483 2363 1571 2418 solum
1588 2363 1676 2417 educi·

51 2446 101 2499 llle
116 2446 194 2501 enim
215 2447 292 2515 prins
309 2445 471 2510 decreverat,
484 2462 573 2516 neque
595 2446 790 2515 experientiam
812 2448 846 2501 ad
885 2452 927 2498 tur
939 2444 1112 2516 philosophis
1125 2445 1303 2514 phantastica,
1317 2444 1365 2497 sed
1378 2443 1460 2497 etiam
1474 2442 1572 2514 religio
1590 2442 1678 2498 basre-

51 2526 243 2579 consumenda
255 2526 363 2579 decreta
377 2533 404 2578 st
417 2526 556 2579 axiomata
569 2523 620 2578 rite
634 2525 783 2589 consuluit,
799 2527 847 2580 sed
884 2524 946 2576 tica.
991 2525 1087 2596 ltaque
1101 2523 1218 2577 salutare
1233 2523 1377 2578 admodum
1388 2530 1438 2586 est,
1450 2523 1473 2577 si
1487 2529 1577 2578 mente
1587 2522 1677 2577 sobria

51 2614 197 2676 postquam
212 2620 262 2673 pro
276 2604 389 2657 arbitrio
400 2620 450 2658 suo
463 2604 632 2667 decrevisset,
646 2606 845 2674 experientiam
884 2602 945 2657 ndei
961 2610 1066 2658 tantum
1078 2603 1175 2658 dentur
1188 2620 1249 2674 quar
1263 2603 1326 2657 ndei
1340 2611 1412 2657 sunt.

51 2683 85 2737 ad
98 2701 151 2739 sua
166 2683 269 2753 placita
283 2692 380 2737 tortam
401 2683 582 2745 circumducit,
597 2691 625 2737 et
645 2685 796 2754 captivans
817 2692 847 2740 ut

51 2762 103 2816 hoc
118 2764 206 2817 etiam
219 2763 330 2816 nomine
350 2763 438 2833 magis
456 2762 624 2817 accusandus
637 2764 681 2826 sit,
696 2781 777 2834 quam
791 2781 846 2818 aec-

51 2849 152 2897 tstures
166 2843 228 2909 ejus
243 2842 363 2895 modemi
377 2841 611 2911 (scholasticorum
622 2841 846 2913 philosophorum
923 2835 959 2888 Et
968 2836 1088 2890 damulis
1099 2835 1302 2890 auctoritatibus
1312 2832 1621 2905 philosophiamque
1631 2841 1678 2890 aut

51 2923 151 2993 genus)
167 2923 216 2993 qui
236 2921 432 2991 experientiam
446 2922 557 2977 omnino
574 2920 758 2978 deseruerunt,
884 2915 913 2968 in
926 2916 1086 2986 vulgaribus
1099 2916 1259 2980 notionibus,
1270 2924 1318 2968 aut
1331 2915 1359 2968 in
1368 2915 1469 2984 paucis
1480 2915 1677 2984 superinseruit,

884 3005 931 3049 aut
952 2996 980 3048 in
1001 2996 1192 3066 susperstitionis
1207 2994 1323 3049 fundatas
1342 3001 1411 3058 sunt,
1428 2993 1486 3061 jam
1508 2993 1608 3046 dictum
1629 3002 1677 3048 est.

1241 2741 1316 2781 lntvt.

409 3060 492 3101 ffli-
885 3074 1036 3128 Dicendum
1050 3090 1132 3144 porro
1145 3084 1187 3127 est
1200 3082 1228 3128 et
1241 3074 1274 3128 de
1288 3074 1384 3128 vitiosa
1392 3074 1506 3126 materis
1516 3072 1678 3142 contempla-

91 3154 130 3208 Δὶ
151 3153 341 3224 philosophias
363 3172 449 3226 genus
467 3156 622 3227 empiricam
644 3155 743 3226 placita
759 3156 847 3225 magis
884 3154 1192 3223 tionumpraesertimin
1203 3150 1513 3224 philosophianaturali.
1556 3150 1678 3206 inlicitur

51 3234 187 3288 deformia
200 3241 228 3288 et
247 3242 397 3288 monstrosa
409 3234 504 3297 educit,
520 3251 601 3305 quam
613 3236 788 3306 sophisticum
801 3243 847 3290 aut
884 3242 975 3287 autem
989 3233 1144 3287 intellectus
1158 3232 1292 3287 humanus
1305 3251 1341 3287 ex
1354 3232 1453 3286 intuitu
1464 3248 1563 3295 corum,
1579 3248 1639 3302 quta
1649 3231 1678 3285 in

51 3313 187 3367 rationale
209 3330 312 3384 genus3
333 3314 397 3384 quia
409 3331 464 3368 non
476 3314 507 3368 in
526 3315 587 3369 luce
601 3316 740 3369 notionum
755 3314 847 3385 vulga-
884 3312 988 3366 artibus
1003 3312 1170 3366 mechanicis
1184 3313 1259 3376 liunt,
1272 3313 1300 3365 in
1315 3311 1413 3383 quibus
1423 3327 1536 3381 corpora
1549 3327 1597 3380 per
1608 3328 1678 3365 com·

52 3394 122 3447 nuni
138 3396 214 3462 (qnae
229 3392 292 3447 licet
305 3394 395 3447 tenuis
408 3394 444 3446 sit
458 3401 486 3447 et
499 3393 686 3463 superficialis,
701 3402 792 3448 tamen
806 3401 848 3449 cst
884 3392 1034 3461 positiones
1048 3399 1096 3445 aut
1109 3392 1292 3461 separationes
1306 3401 1336 3446 ut
1350 3390 1498 3461 plurimum
1512 3389 1678 3454 alterantur;

52 3472 253 3541 quodammodo
265 3470 432 3536 universalis,
447 3473 519 3526 etad
536 3473 621 3528 multa
635 3472 785 3543 pertinens)
799 3472 847 3526 sed
884 3478 913 3524 ut
934 3472 1036 3541 cogitet
1056 3470 1144 3525 simile
1169 3471 1296 3541 quiddam
1318 3471 1402 3525 etiarn
1422 3470 1452 3523 in
1471 3477 1567 3523 natura
1588 3486 1678 3524 rerum

52 3551 80 3604 in
93 3567 246 3620 paucorum
254 3552 499 3620 experimentorum
510 3552 642 3622 angustiis
650 3561 677 3606 et
686 3553 847 3608 obscuritate
885 3550 1031 3604 universali
1045 3552 1112 3604 tieri.
1154 3551 1233 3604 Unde
1248 3552 1328 3605 fluxit
1342 3556 1523 3604 commentum
1543 3548 1611 3603 illud
1625 3549 1679 3603 ele·

52 3629 196 3683 mum
209 3640 260 3683 est.
303 3631 398 3700 Itaque
412 3631 475 3684 talis
488 3630 664 3702 philosophia
677 3631 739 3696 illis,
753 3632 800 3703 qni
818 3632 846 3685 in
885 3637 1043 3690 mentorum,
1052 3631 1139 3701 deque
1158 3630 1267 3684 illorum
1286 3646 1425 3693 concursu,
1440 3629 1475 3682 ad
1492 3628 1679 3683 constituenda

52 3708 211 3776 hnjusmodi
226 3709 421 3778 experimentis
430 3710 548 3781 quotidie
560 3719 706 3772 versantur,
717 3719 799 3781 atquc
810 3726 847 3765 ex
885 3726 999 3779 corpora
1030 3710 1174 3764 naturalia.
1234 3710 1346 3772 Rursus,
1373 3727 1436 3763 cum
1467 3708 1550 3762 bomo
1575 3714 1679 3763 naturas

53 3789 120 3857 ipsis
133 3788 313 3858 phantasiam
333 3791 556 3853 contaminarunt,
574 3789 723 3860 probabilis
740 3791 847 3844 videtur
884 3787 1039 3842 libertatem
1060 3787 1266 3858 contempletur,
1287 3790 1383 3843 incidit
1404 3789 1433 3841 in
1454 3788 1559 3858 species
1580 3804 1678 3854 rerum,

53 3876 80 3919 et
92 3869 173 3937 qnasi
188 3876 279 3921 certa:
300 3869 414 3933 ceteris,
428 3869 595 3923 incredibilis
609 3877 636 3924 et
649 3886 727 3923 vena.
762 3869 847 3940 Cujus
885 3867 1052 3930 animalium,
1069 3867 1231 3938 plantarum,
1250 3867 1438 3932 mineralium;
1459 3866 1530 3921 unde
1548 3865 1628 3920 facile
1648 3867 1679 3921 iu

54 3945 212 4016 exemplum
232 3948 352 4001 notabile
364 3957 406 4001 est
424 3947 453 4001 in
473 3948 610 4011 chemicis,
624 3966 769 4020 eorumque
782 3950 847 4020 dog·
885 3964 946 4001 eam
959 3946 1059 4001 labitur
1072 3948 1273 4017 cogitationem,
1284 3946 1679 4001 utsxistimetesseiuuatura

53 4026 187 4089 ruatibus,
202 4025 268 4079 alibi
282 4035 371 4082 autem
381 4028 428 4081 vix
441 4025 495 4081 hoc
508 4036 627 4098 ternpore
640 4028 781 4092 invenitur,
791 4029 845 4083 nisi
885 4025 1217 4095 quasdamlormasrerum
1226 4027 1555 4096 primarias,quasnatura
1564 4025 1679 4080 educere

55 4104 121 4157 torte
148 4105 179 4158 in
208 4105 384 4176 philosophia
409 4105 532 4161 Gilberti.
586 4107 641 4161 Sed
663 4115 753 4161 tamen
774 4108 847 4161 circa
883 4104 1007 4168 moliturr
1028 4115 1108 4175 atque
1120 4104 1253 4175 reliquam
1268 4106 1423 4160 varietatem
1434 4122 1469 4160 cx
1478 4104 1678 4176 impedimentis

54 4182 211 4250 hujusmodi
234 4184 425 4255 philosophias
442 4186 534 4240 cautio
553 4186 629 4242 nullo
642 4187 723 4240 modo
739 4196 847 4257 prester·
884 4193 911 4238 et
925 4184 1140 4238 aberrationibus
1156 4193 1261 4239 naturas
1278 4185 1307 4238 in
1327 4201 1409 4256 opere
1431 4201 1480 4239 auu
1502 4184 1678 4250 conficiendo,

54 4263 187 4316 mittenda
216 4274 293 4328 erat;
325 4265 389 4336 quia
414 4274 504 4319 mente
528 4266 587 4334 jem
614 4266 792 4336 providemus
819 4275 847 4320 et
885 4272 931 4318 aut
944 4281 980 4318 ex
994 4263 1161 4318 dresserum
1175 4265 1327 4333 specierum
1340 4264 1473 4328 conflictu,
1488 4272 1515 4318 et
1528 4264 1679 4335 transplan-

54 4344 262 4411 angerannus
277 4345 384 4414 qnando
397 4344 531 4407 homines,
540 4346 639 4400 nostris
653 4346 761 4399 monitis
775 4346 847 4400 exci-
885 4343 987 4397 tatione
997 4342 1109 4398 alterins
1118 4344 1147 4396 iu
1161 4342 1282 4407 alteram,
1294 4345 1444 4413 provenire.
1485 4343 1576 4415 Atque
1590 4345 1679 4413 prima

55 4422 113 4482 tati,
137 4423 173 4475 sd
198 4424 398 4491 experientiam
419 4440 448 4476 se
471 4424 542 4478 serio
561 4424 724 4479 contulerint
744 4424 846 4492 (valere
884 4422 1015 4493 cogitatio
1041 4423 1188 4492 qualitates
1215 4423 1317 4493 primas
1347 4422 1531 4486 elementares,
1559 4424 1678 4479 secunda

52 4499 135 4565 jussis
159 4501 291 4555 doctrinis
318 4503 485 4572 sophisticis)
512 4511 570 4560 tum
596 4504 713 4569 demum,
737 4514 847 4573 propter
884 4502 1063 4571 proprietates
1091 4501 1208 4556 occultas
1235 4509 1262 4555 st
1288 4502 1400 4557 virtutes
1428 4503 1576 4571 specificas,
1599 4504 1678 4557 nobis

54 4592 245 4646 praematuram
273 4589 301 4634 et
327 4598 526 4652 praeproperam
552 4582 704 4637 intellectus
735 4584 846 4637 festina·
884 4581 1008 4650 peperit;
1030 4598 1144 4651 quarum
1158 4591 1270 4652 utraque
1285 4582 1400 4651 pertinet
1409 4582 1444 4636 ad
1455 4582 1547 4636 inania
1560 4590 1679 4637 contern-

54 4659 163 4723 tionem,
186 4671 213 4713 et
242 4660 348 4723 saltum,
372 4662 428 4715 sive
450 4663 570 4717 rolatum
591 4663 626 4716 ad
651 4661 796 4731 generalia,
820 4670 847 4717 et
885 4660 1035 4728 plationum
1048 4661 1215 4730 compendia,
1230 4662 1259 4714 in
1279 4662 1375 4731 quibus
1395 4662 1543 4734 acquiescit
1562 4662 1678 4726 animus,

54 4753 142 4791 rerum
173 4740 317 4809 [mucipia
345 4741 402 4793 iore
430 4749 460 4795 ut
483 4758 613 4811 magnum
634 4742 669 4795 ab
691 4742 846 4810 hujusmodi
885 4746 913 4792 et
926 4755 944 4791 a
964 4739 1135 4793 solidioribus
1154 4740 1291 4794 avertitur.
1333 4740 1368 4795 At
1388 4742 1494 4805 medici,
1508 4743 1537 4795 in
1552 4741 1677 4796 secundis

55 4816 240 4888 philosophiis
260 4818 409 4888 periculum
429 4821 586 4875 immineat:
606 4821 650 4875 cui
670 4821 744 4875 mdo
763 4822 846 4878 etiam
884 4833 975 4872 rerum
983 4817 1158 4889 qualitatibus
1166 4828 1194 4871 et
1203 4819 1410 4887 operationibus,
1421 4821 1582 4884 attrahendi,
1592 4820 1679 4890 repel-

54 4911 125 4949 none
138 4898 248 4952 obviam
263 4900 302 4952 irs
317 4899 454 4953 debemus
884 4895 965 4963 lendi,
980 4897 1143 4961 attenuandi,
1162 4898 1335 4968 inspissandi,
1349 4900 1487 4966 dilatandi,
1502 4899 1677 4970 astringendi,

886 4976 1056 5039 discutiendi,
1070 4978 1231 5042 maturandi,
1248 4986 1277 5032 et
1295 4978 1459 5047 hujusmodi,
1478 4995 1589 5050 operam
1608 4996 1678 5048 pras·

423 5024 486 5063 ω’
885 5061 957 5109 stant
978 5055 1135 5118 meliorem
1156 5064 1246 5128 atque,
1266 5058 1319 5112 nisi
1341 5075 1377 5113 ex
1398 5059 1454 5113 illis
1475 5059 1578 5113 duobus
1603 5062 1678 5128 (quea

95 5129 131 5185 At
157 5132 297 5202 sumptio
323 5134 505 5204 philosophice
532 5152 567 5190 ex
596 5137 804 5211 superstitious,
824 5150 851 5193 et
885 5134 956 5201 dixi)
970 5134 1138 5204 compendiis
1153 5136 1677 5207 (qualitatibusscilicetelsmentaribus,

57 5208 195 5281 theologia
210 5213 334 5280 admista,
346 5213 429 5268 latius
443 5214 555 5268 omnino
569 5226 653 5284 patet,
664 5225 692 5269 et
706 5216 850 5286 plurimum
885 5222 912 5266 et
925 5214 1070 5269 virtutibus
1084 5216 1230 5284 specificis)
1245 5216 1295 5270 illa
1308 5215 1395 5271 altera
1408 5221 1483 5287 (quae
1496 5224 1569 5272 recte
1584 5223 1678 5271 notata

56 5289 120 5343 nali
143 5291 237 5354 interr,
259 5300 308 5346 out
327 5293 357 5346 io
380 5292 568 5362 philosophias
596 5296 726 5365 integras,
750 5305 798 5351 aus
819 5298 849 5352 in
885 5291 960 5361 sunt)
975 5303 1186 5363 comanerent.
1200 5295 1352 5350 reducendo
1365 5296 1414 5349 itta
1427 5296 1462 5349 ad
1475 5296 1575 5364 primas
1589 5296 1677 5367 quati-

57 5385 152 5424 csrum
162 5381 262 5439 partes.
298 5372 444 5427 Humanas
454 5373 689 5428 cnimintellectus
701 5376 851 5431 nonminus
886 5379 963 5437 tates,
979 5390 1126 5444 earumque
1141 5375 1272 5429 mixturas
1284 5374 1397 5430 subtiles
1411 5374 1678 5430 etincommensurs·

58 5447 284 5519 impressionibus
301 5451 453 5522 phantasia
476 5459 518 5506 est
534 5453 678 5520 obnoxium,
694 5472 775 5524 quam
800 5455 850 5510 lm.
884 5450 972 5517 biles;
995 5462 1040 5507 aut
1054 5470 1088 5507 ca
1100 5470 1155 5507 non
1174 5453 1428 5524 producendorum
1445 5454 1547 5523 maiore
1567 5462 1595 5510 et
1613 5455 1676 5510 dili·
