3800 5875
248 338 305 393 644
870 336 1060 392 coartata
1081 336 1129 392 ET
1149 336 1245 392 visa,

248 516 293 554 ma
307 514 420 569 qumque
441 497 577 568 principia
595 502 720 552 eventum
739 495 856 551 trahere.
897 496 990 550 Etiam
1005 512 1040 551 ex
1078 496 1122 550 sit.
1173 496 1275 550 Casum
1294 493 1424 549 nimirum
1443 493 1620 565 proculdubio
1638 496 1727 550 multis
1744 496 1841 553 iuream

247 588 345 632 natura
368 578 498 647 temporis
519 578 588 630 bene
613 577 800 630 amicabatur:
821 576 943 630 omnium
967 576 1039 630 enim
1077 574 1242 645 principium
1266 573 1381 639 dedisse,
1405 584 1513 644 sumpta
1534 592 1570 629 ex
1591 583 1686 629 natura
1707 593 1788 630 rerum
1806 596 1840 632 oe·

247 674 381 711 consensu
394 656 543 710 Veritatem
555 656 697 726 Temporis
711 655 795 709 filiam
809 671 879 710 esse.
920 655 1040 709 Summas
1077 655 1196 708 casium.
1239 655 1313 709 Num
1328 653 1390 707 ideo
1412 654 1441 708 in
1460 654 1534 724 ignis
1553 654 1663 708 invento
1676 655 1840 710 Prometheum

248 736 331 807 igitur
344 736 508 790 infirmitatis
521 744 549 789 et
563 734 795 805 pusillanimitatis
809 751 877 799 esse,
886 735 1039 789 auctoribus
1076 750 1154 787 novae
1169 733 1254 788 ludim
1267 734 1303 786 ab
1318 732 1452 803 Euromo
1473 731 1639 797 dissensisse,
1653 734 1721 805 qnod
1734 735 1795 804 apid
1806 753 1841 791 eos

247 815 353 869 infinita
367 816 491 878 tribuere,
507 815 609 869 auctori
622 821 713 868 autem
728 822 873 876 auctorum,
889 824 970 885 atque
985 832 1039 867 om·
1077 812 1177 866 scilicis
1191 828 1245 866 non
1265 819 1308 867 est
1326 812 1414 882 copia
1455 813 1551 884 Itaque
1570 814 1600 866 in
1617 813 1669 877 hia,
1689 832 1746 885 quse
1764 826 1841 883 prasio

247 894 291 948 uis
299 896 472 957 auctoritatis,
480 894 670 963 Tempori,jus
679 910 757 947 suum
765 894 910 964 denegare.
941 894 1039 964 Neque
1077 899 1146 957 sunt,
1167 909 1260 946 casum
1278 890 1383 962 largius
1403 892 1514 946 inventa
1535 892 1678 956 exhiberc3
1699 895 1727 947 ἰιι
1744 894 1780 957 iis,
1795 912 1841 964 qua

247 973 335 1028 solum
355 974 389 1027 de
410 974 538 1043 temporis
558 973 692 1027 communi
710 972 779 1040 jure,
793 973 840 1026 sed
855 973 928 1026 etde
941 983 1039 1026 nostras
1077 971 1112 1023 ab
1131 987 1182 1025 asu
1203 971 1359 1043 quotidiano
1377 980 1480 1026 semota
1499 977 1569 1036 sunt,
1583 973 1690 1042 parcius
1709 974 1753 1026 sed
1769 984 1841 1027 uteru

246 1053 335 1107 aetatis
349 1052 611 1123 praerogativabene
625 1051 758 1121 sperabat.
787 1052 949 1122 Opinionem
958 1053 1038 1115 enim,
1078 1067 1129 1120 que
1154 1050 1278 1104 omnibus
1298 1049 1397 1104 seculis
1420 1052 1553 1121 parturire
1574 1058 1604 1103 et
1627 1067 1728 1120 parere.
1763 1052 1840 1123 Neque

248 1147 331 1202 quam
355 1132 478 1187 homines
499 1132 532 1185 de
554 1132 714 1202 antiquitate
738 1130 836 1195 fovent,
854 1132 1039 1202 negligentem
1077 1130 1149 1183 enim
1163 1146 1273 1184 causam
1286 1130 1379 1193 rideri,
1393 1146 1441 1183 cur
1460 1146 1538 1185 casus
1557 1131 1729 1185 consenuisse
1746 1140 1839 1201 putetur,

247 1226 314 1275 esse,
334 1227 366 1264 ac
387 1212 434 1265 vix
457 1211 540 1264 verbo
558 1211 613 1280 ipsi
641 1227 798 1281 congruam.
840 1210 1037 1282 Antiquitatem
1077 1216 1124 1262 aut
1145 1210 1252 1263 effeetus
1271 1210 1329 1278 jam
1353 1209 1450 1263 factus.
1503 1210 1591 1280 Igitur
1614 1210 1654 1262 ita
1676 1211 1839 1281 cogitabatsi

247 1290 318 1343 enim
334 1291 441 1360 proprie
458 1290 512 1344 dici
527 1289 620 1344 mundi
640 1290 728 1360 ipsius
742 1290 854 1353 senium,
868 1298 916 1344 aut
929 1297 1038 1344 satutem
1077 1286 1233 1342 hominibus
1267 1305 1322 1342 non
1355 1288 1537 1359 quarentibus
1569 1296 1598 1342 et
1625 1288 1698 1344 aliud
1723 1291 1839 1361 agentibus

246 1370 449 1438 provectiorem.
492 1370 582 1440 Atque
611 1386 704 1423 revera
730 1375 942 1422 cousentaneum
970 1387 1038 1434 esse,
1077 1365 1285 1421 multainventa
1303 1376 1453 1433 occurrunt,
1470 1369 1574 1422 nemini
1596 1385 1662 1422 sane
1680 1369 1779 1423 dubium
1793 1387 1838 1423 esse

246 1449 470 1518 quemadmodum
480 1451 609 1519 majorem
621 1465 710 1503 rerum
723 1448 902 1503 humanarum
915 1448 1038 1503 notitiam
1077 1462 1165 1515 posse,
1187 1447 1252 1517 quin
1272 1446 1369 1501 iisdem
1392 1449 1584 1517 quaerentibus,
1608 1447 1690 1519 idque
1712 1449 1753 1501 via
1769 1456 1792 1501 et
1808 1467 1838 1503 or-

246 1538 274 1580 et
296 1529 429 1582 maturius
448 1529 582 1604 judicium
602 1528 637 1581 ab
655 1527 766 1582 homine
787 1543 851 1581 sene
870 1536 1037 1597 expetamus,
1076 1524 1148 1588 dine,
1162 1542 1217 1579 uon
1238 1527 1342 1596 impetu
1364 1528 1392 1579 et
1412 1526 1564 1592 desultorie,
1587 1526 1670 1597 longe
1688 1527 1759 1597 plura
1769 1528 1836 1599 detegi

247 1623 328 1677 quam
352 1625 370 1662 a
394 1607 502 1675 juvene,
525 1608 560 1661 ob
583 1608 789 1678 experientiam,
810 1615 954 1662 eteorum
976 1623 1037 1677 quse
1076 1621 1187 1671 necesse
1201 1605 1243 1660 sit
1285 1605 1363 1659 Licet
1375 1606 1448 1660 enirn
1462 1606 1548 1661 semel
1568 1614 1616 1661 aut
1632 1608 1725 1661 iterum
1743 1608 1836 1661 accidere

247 1686 320 1751 vidit,
335 1694 363 1740 et
381 1687 490 1751 audivit,
506 1694 535 1742 et
556 1687 685 1758 cogitavit
704 1685 920 1741 multitudinem:
942 1687 1038 1741 eodem
1077 1685 1169 1753 possit,
1185 1693 1214 1739 ut
1228 1685 1363 1755 quispiam
1377 1686 1407 1738 in
1422 1686 1451 1739 id
1464 1686 1533 1740 forte
1547 1687 1659 1740 fortuna
1677 1687 1773 1748 incidat,
1785 1687 1836 1756 quod

246 1765 326 1819 modo
340 1773 369 1820 et
382 1782 399 1819 a
412 1774 504 1819 nostra
516 1775 596 1820 aetate
611 1767 646 1835 (si
661 1766 733 1820 vires
753 1782 816 1820 suas
836 1772 935 1830 nosset,
950 1773 979 1819 et
992 1782 1037 1820 ex-
1077 1780 1177 1834 magno
1204 1773 1301 1818 conatu
1328 1772 1490 1819 scrutantem
1518 1775 1601 1819 antea
1625 1764 1700 1835 sugit,
1724 1775 1799 1819 tamen
1816 1767 1836 1818 in

245 1845 329 1914 periri
348 1853 376 1899 et
396 1846 534 1900 intendere
549 1844 644 1915 vellet)
665 1846 778 1914 majora,
798 1862 880 1915 quam
900 1861 918 1899 a
939 1845 1037 1915 priscis
1076 1859 1181 1897 summa
1194 1860 1284 1898 rerum
1298 1843 1474 1913 proculdubio
1484 1846 1652 1899 contrarium
1662 1846 1774 1898 inveniri.
1800 1844 1837 1897 Ca

246 1924 421 1994 temporibus,
436 1924 538 1994 sperari
560 1941 610 1995 par
630 1941 707 1987 ease;
728 1932 821 1993 utpote
842 1932 923 1977 aetate
944 1925 1037 1979 mundi
1075 1938 1135 1976 sum
1149 1923 1221 1976 enim
1235 1924 1342 1993 operari
1362 1939 1431 1987 raro,
1446 1932 1473 1977 et
1490 1940 1558 1987 sero,
1577 1931 1607 1977 et
1626 1924 1751 1993 sparsim;
1772 1933 1836 1977 auru

245 2003 398 2073 grandiore,
412 2012 439 2057 et
454 2004 567 2058 infinitis
586 2004 786 2073 experimentis,
801 2010 828 2057 et
846 2003 1037 2057 observationi·
1075 2011 1168 2055 contra
1181 2010 1342 2065 constanter,
1357 2011 1385 2056 et
1398 2003 1569 2073 compendio,
1587 2013 1615 2056 et
1630 2005 1764 2056 turmatim.
1797 2003 1836 2055 llt'v

245 2082 295 2136 bus
309 2083 444 2137 cumulata
458 2090 486 2136 et
499 2093 586 2138 aucta
627 2083 725 2153 Neque
739 2082 888 2151 pronihilo
901 2083 1036 2137 mstiman·
1076 2097 1121 2135 am
1135 2099 1171 2135 ex
1184 2082 1301 2135 inventis
1315 2082 1390 2151 ipsis,
1401 2100 1462 2153 quoe
1471 2084 1529 2149 jam
1542 2084 1572 2135 in
1583 2082 1671 2137 lucem
1684 2083 1775 2152 prodita
1784 2091 1835 2138 sunt.

245 2160 316 2224 dum,
328 2160 399 2231 quod
413 2178 463 2232 per
475 2161 638 2232 longinquas
651 2160 713 2215 illas
725 2162 913 2232 navigationes
923 2170 951 2217 et
961 2179 1037 2232 pere-
1075 2160 1108 2212 de
1123 2161 1164 2223 iis,
1175 2177 1235 2231 quse
1250 2160 1338 2214 adhuc
1348 2160 1440 2225 latent,
1452 2163 1640 2230 conjecturam
1651 2163 1783 2215 rectissime
1791 2163 1835 2230 erpi

245 2240 417 2310 grinationea,
433 2258 493 2311 qum
507 2249 598 2295 nostra
612 2248 692 2294 aetate
705 2240 903 2309 increbuerunt,
918 2242 1037 2311 plurima
1076 2240 1193 2309 putabat
1233 2238 1334 2294 Eorum
1348 2248 1437 2295 autem
1452 2240 1585 2294 nonnulla
1598 2243 1658 2307 ejus
1678 2257 1732 2294 eme
1747 2242 1835 2311 mmsis.

245 2319 274 2372 in
287 2329 383 2373 natura
396 2328 549 2389 patuerunt,
565 2338 626 2391 quie
640 2338 738 2374 novam
752 2317 935 2390 philosophia
948 2319 1036 2375 lucem
1075 2327 1105 2371 nt
1124 2327 1268 2390 antequam
1291 2320 1481 2383 invenirentur,
1504 2320 1580 2374 haud
1602 2320 1681 2374 facile
1700 2320 1835 2391 cuiquanin

245 2397 383 2452 effundere
397 2399 508 2469 possint.
550 2400 620 2460 Quin
630 2408 657 2453 et
670 2400 747 2453 turbe
762 2399 919 2454 hominibus
933 2401 1036 2462 essaei
1075 2407 1192 2452 mentem
1213 2398 1341 2462 venisset,
1356 2399 1390 2452 de
1410 2399 1446 2453 iis
1466 2397 1572 2471 aliquid
1594 2400 1731 2469 suspicari.
1767 2399 1836 2451 Sclere

245 2476 319 2549 globi
334 2477 483 2532 materialis
497 2486 604 2543 tractus,
620 2488 749 2533 terrarum
764 2478 897 2545 videlicet,
912 2480 1035 2544 manum,
1074 2477 1148 2531 enim
1161 2476 1286 2531 homines
1299 2478 1332 2532 de
1346 2479 1425 2532 novis
1437 2479 1517 2533 rebus
1531 2479 1565 2533 ad
1581 2478 1732 2550 exemplum
1743 2486 1834 2532 veterm

245 2565 385 2621 astrorum,
399 2558 499 2612 nostris
514 2558 680 2628 temporibus
693 2559 722 2612 in
735 2560 897 2614 immensum
911 2560 997 2629 aperti
1009 2570 1037 2614 et
1075 2564 1102 2610 et
1115 2556 1150 2610 ad
1162 2556 1335 2627 phantasiam
1351 2574 1386 2612 ex
1401 2558 1436 2611 iis
1450 2569 1618 2629 praceptam
1633 2558 1767 2613 hariolari:
1783 2557 1835 2626 qnod

245 2635 370 2690 illustrati
384 2637 454 2691 sint:
475 2636 549 2707 globi
564 2647 654 2691 autem
668 2637 857 2692 intellectualis
879 2639 946 2692 fines
967 2638 1036 2693 intra
1075 2636 1202 2705 opinandi
1216 2653 1302 2708 genus
1314 2636 1518 2692 fallacissimum
1533 2647 1584 2703 est,
1600 2637 1795 2709 quandoquidem
1805 2652 1834 2697 rr,

245 2716 527 2770 veteruminventaet
541 2718 680 2788 angustias
693 2718 824 2772 steterint.
850 2717 957 2772 litiam
971 2725 1036 2772 tem·
1075 2733 1136 2786 quae
1150 2733 1186 2769 ex
1199 2733 1289 2770 rerum
1304 2716 1423 2770 fontibus
1437 2725 1573 2788 petuntur,
1587 2736 1637 2787 per
1650 2718 1742 2772 rivulos
1753 2734 1835 2769 emaus

244 2811 342 2865 porum
362 2795 544 2850 conditionem
563 2797 593 2851 in
610 2796 727 2869 Europa,
748 2795 868 2852 civilium
889 2814 980 2852 rerum
996 2814 1036 2852 re·
1075 2803 1116 2848 tos
1129 2811 1182 2849 non
1194 2797 1288 2866 utique
1302 2795 1404 2849 fluunt:
1425 2796 1508 2849 veluti
1523 2798 1547 2850 si
1562 2800 1635 2869 quis,
1649 2806 1709 2852 ante
1721 2804 1835 2849 tormento

245 2883 347 2946 spectu,
368 2892 423 2929 non
445 2874 562 2931 alienam
583 2894 651 2931 esse.
702 2877 789 2931 Aucta
810 2875 919 2947 Anglia,
939 2884 1037 2947 pacata
1074 2891 1133 2928 rum
1147 2876 1288 2947 igneorum
1299 2876 1490 2941 inventionem,
1501 2893 1559 2931 rem
1572 2875 1834 2950 pereffectusdescrip

245 2953 343 3020 Gallia,
355 2955 456 3009 lassata
467 2957 610 3028 Hispania,
620 2957 731 3011 immota
747 2956 827 3011 ltalia
840 2965 867 3009 et
880 2956 1035 3011 Germania
1075 2956 1161 3020 sisset,
1176 2963 1257 3026 atque
1270 2956 1310 3009 ita
1328 2955 1451 3021 dixisset,
1465 2958 1610 3012 inventum
1632 2958 1753 3029 quoddam
1768 2956 1834 3008 detre-

246 3034 340 3105 ltaque
351 3035 458 3090 libratis
469 3054 563 3107 regum
573 3036 752 3090 maximorum
763 3035 899 3107 potentiis,
911 3044 938 3091 et
948 3036 1037 3091 incus·
1074 3042 1131 3088 turn
1143 3052 1210 3100 esse,
1225 3052 1275 3105 per
1288 3034 1360 3106 quod
1373 3037 1442 3089 muri
1457 3045 1484 3090 et
1494 3039 1660 3092 munitiones
1670 3053 1771 3109 quaque
1781 3050 1835 3088 mar·

244 3130 275 3168 ao
297 3115 438 3168 nationum
459 3116 687 3170 nobilissimarum
707 3123 790 3182 statu,
811 3131 855 3170 res
876 3116 910 3170 ad
932 3132 1035 3185 pacem,
1076 3114 1139 3168 imm
1150 3131 1185 3167 er
1196 3114 1280 3186 longo
1288 3115 1431 3169 intervallo
1444 3124 1624 3187 quaterentur
1636 3124 1664 3170 et
1676 3118 1834 3184 dejicerentur,

245 3210 305 3263 quaa
319 3195 440 3248 scientiis
454 3194 538 3249 instar
552 3196 721 3265 tempestatis
741 3211 844 3249 serenae
864 3202 890 3249 et
911 3195 1037 3266 benignae
1075 3192 1198 3247 homines
1213 3211 1278 3247 sane
1298 3195 1331 3248 de
1351 3195 1454 3248 viribus
1472 3204 1670 3250 tormentorum
1688 3205 1713 3249 et
1730 3193 1834 3248 machina

244 3280 294 3335 est,
319 3273 459 3328 inclinare.
501 3275 599 3345 Neque
619 3275 709 3345 ipsum
730 3275 776 3345 rei,
788 3274 915 3329 literaria
936 3281 1036 3329 statum
1075 3288 1134 3326 rum
1149 3289 1197 3342 per
1210 3274 1337 3343 pondera,
1351 3282 1381 3328 et
1393 3283 1472 3339 rotas,
1487 3283 1516 3329 et
1530 3275 1634 3330 similia
1651 3271 1832 3345 multiplicanda

244 3351 320 3405 hisce
329 3353 495 3423 temporibus
504 3354 702 3408 incommodum
713 3370 790 3408 esse:
805 3353 853 3407 sed
864 3360 891 3406 et
901 3353 1036 3424 quandam
1075 3352 1162 3405 multa
1176 3359 1203 3406 et
1216 3354 1291 3407 varia
1304 3362 1534 3409 commentaturos
1553 3355 1657 3420 luissee
1678 3356 1709 3408 de
1729 3361 1833 3406 ventose

244 3433 472 3502 opportunitatem
485 3449 542 3502 prae
555 3450 584 3486 se
599 3434 676 3497 terre,
692 3433 796 3488 tumob
807 3432 981 3501 imprimendi
996 3450 1037 3487 ar·
1075 3437 1131 3485 tem
1143 3432 1226 3502 igneo
1238 3433 1285 3487 vix
1303 3450 1421 3504 unquam
1440 3434 1666 3505 imaginationem
1686 3434 1787 3504 aliquan
1803 3445 1832 3481 or·

244 3519 308 3575 tem,
322 3511 439 3582 antiquis
453 3513 626 3582 incognitam,
635 3513 712 3580 cujus
725 3513 858 3566 mueficio
869 3510 1037 3581 singulorum
1075 3527 1214 3565 cursuram
1228 3510 1329 3577 luisse,
1349 3520 1380 3565 ut
1393 3513 1471 3580 cujus
1485 3515 1645 3583 exemplum
1662 3530 1713 3568 non
1730 3513 1833 3566 vidisent

243 3589 353 3645 inventa
366 3600 393 3644 et
407 3591 528 3661 cogitata
547 3591 662 3662 fulguris
676 3592 756 3645 modo
769 3599 951 3646 transcurrere
972 3610 1036 3663 que·
1076 3590 1128 3644 nisi
1143 3590 1211 3644 forte
1220 3591 1248 3644 in
1264 3600 1342 3644 terrm
1354 3599 1430 3645 motu
1444 3600 1491 3647 aut
1505 3593 1630 3657 fulmine,
1641 3610 1698 3665 qua
1707 3588 1833 3645 utamini·

244 3677 298 3734 ant,
313 3681 370 3725 turn
391 3670 425 3724 ob
444 3669 584 3742 religionis
604 3673 807 3736 controversias,
822 3687 936 3742 quarum
957 3672 1038 3725 toedio
1076 3669 1170 3723 tabilia
1183 3671 1348 3738 rejecissent.
1388 3670 1493 3726 Eodem
1517 3672 1600 3726 modo
1619 3673 1645 3725 si
1666 3681 1723 3725 ante
1736 3669 1833 3723 filihon·

244 3748 357 3804 fortasse
382 3749 506 3804 homines
529 3750 564 3804 ad
590 3750 643 3804 Dei
671 3758 842 3820 patestatem,
867 3751 1037 3822 sapientiam,
1075 3748 1167 3817 bycini
1180 3750 1373 3812 inventionem,
1388 3750 1524 3821 quispiam
1540 3750 1696 3822 hujusmodi
1715 3762 1832 3804 sermonem

244 3837 272 3882 et
285 3830 433 3883 bonitatem
444 3831 471 3883 in
483 3830 609 3898 operibus
617 3829 674 3884 auis
682 3830 919 3901 contemplandum
931 3830 1038 3885 facilius
1075 3828 1228 3895 injecisset:
1250 3844 1309 3883 esse
1329 3829 1463 3899 quoddam
1483 3831 1522 3884 lili
1544 3848 1633 3902 genus
1652 3830 1685 3885 ad
1705 3830 1834 3883 resumet

243 3909 366 3963 animum
384 3908 501 3977 adjicere
521 3910 635 3979 possint.
677 3908 706 3963 Si
730 3911 791 3980 quis
813 3918 903 3964 autem
926 3910 969 3972 sit,
991 3910 1037 3979 qui
1075 3906 1250 3976 supellectilis
1269 3924 1355 3973 usum,
1377 3909 1449 3979 qnod
1473 3911 1548 3965 filum
1568 3911 1673 3965 lineum
1692 3918 1733 3962 aut
1751 3907 1833 3959 husun

244 4003 376 4043 consensu
390 3998 416 4041 et
430 3989 560 4057 temporis
571 3988 744 4043 diuturnitate
755 3991 782 4042 in
794 3998 914 4043 veterum
928 3988 1038 4058 placitis
1076 3984 1156 4058 longe
1170 3988 1309 4051 tenuitate,
1323 4005 1355 4041 ac
1368 3988 1545 4044 nihilominus
1565 3990 1715 4053 tenacitate,
1727 4004 1754 4040 ac
1771 3985 1832 4038 etian

244 4076 391 4132 moveatur,
413 4068 445 4132 is,
459 4068 482 4120 si
504 4068 532 4121 in
547 4085 589 4121 rea
603 4068 708 4122 acutius
724 4068 899 4138 introspiciat,
914 4068 1038 4122 ductores
1076 4065 1219 4135 splendore
1234 4075 1260 4121 et
1274 4065 1388 4121 mollitie
1402 4068 1558 4135 excelleret,
1572 4069 1697 4124 homines
1710 4067 1784 4122 statim
1798 4071 1832 4115 aut

245 4146 388 4200 admodum
401 4162 510 4216 paucos,
524 4146 642 4218 reliquos
656 4155 801 4201 sectatores
823 4156 925 4202 tantum
940 4155 968 4200 et
987 4162 1037 4200 uu·
1076 4145 1109 4198 de
1124 4146 1212 4201 serico
1225 4145 1318 4217 aliquo
1330 4147 1484 4218 vegetabili,
1499 4159 1546 4203 aur
1560 4149 1594 4202 de
1609 4149 1719 4217 alicujus
1737 4140 1833 4198 animali

244 4240 348 4279 merum
362 4241 420 4278 esse
435 4227 566 4296 reperiet;
588 4227 713 4281 homines
732 4229 868 4290 nimirum,
883 4227 929 4296 qui
951 4225 986 4279 ab
999 4227 1037 4297 ig·
1076 4224 1139 4295 pilis
1152 4225 1361 4290 delicatioribus,
1375 4234 1422 4280 aut
1434 4227 1468 4282 de
1482 4228 1572 4282 avium
1588 4228 1686 4298 plumis
1698 4235 1724 4280 et
1734 4223 1832 4291 tumne

244 4305 368 4357 morantia
377 4305 411 4358 ad
424 4306 609 4373 praejudicium
622 4307 793 4371 transierunt,
801 4323 889 4377 neque
905 4306 934 4361 in
943 4322 1038 4360 verum
1076 4303 1179 4376 aliquid
1192 4308 1347 4376 opinaturos
1361 4305 1461 4361 adme:
1481 4307 1515 4360 de
1529 4309 1631 4361 vermis
1643 4317 1727 4361 autem
1746 4301 1831 4365 ahmiu

244 4399 405 4437 consensum
425 4381 488 4458 (qui
502 4385 661 4455 interposito
670 4386 773 4453 judicio
792 4383 838 4459 fir)
851 4402 971 4456 unquam
984 4385 1038 4440 coi·
1075 4392 1189 4449 textura,
1204 4402 1290 4456 eaque
1305 4392 1360 4438 tam
1374 4386 1484 4455 copiosa
1499 4394 1526 4440 et
1539 4385 1726 4448 anniversaria,
1739 4381 1772 4435 nil
1779 4376 1831 4446 cogi

245 4471 330 4516 erunt.
373 4461 461 4534 Atque
481 4464 569 4534 ipsam
593 4466 721 4536 temporis
742 4466 944 4520 diuturnitatem
965 4473 1038 4519 recte
1076 4473 1187 4519 tataros.
1228 4464 1305 4525 Quod
1324 4466 1347 4517 si
1366 4465 1426 4535 quis
1440 4466 1521 4519 etiam
1535 4466 1569 4520 de
1585 4467 1669 4519 vermi
1690 4463 1785 4517 verbum
1795 4456 1830 4543 ali:

245 4542 424 4596 consideranti
443 4542 472 4596 in
494 4544 635 4613 angustias
654 4561 751 4615 parvas
771 4545 868 4616 redigi.
908 4545 982 4598 Nam
1003 4560 1038 4598 ex
1076 4543 1146 4614 qnod
1160 4544 1303 4607 emisisset,
1315 4542 1431 4598 ludibrio
1443 4552 1517 4599 certe
1532 4544 1651 4600 futurum
1661 4545 1751 4598 fuisse:
1769 4545 1831 4604 atqu

245 4621 343 4692 viginti
357 4622 476 4692 quinque
491 4639 622 4677 annorum
636 4625 772 4689 centuriis,
786 4626 814 4679 in
829 4624 925 4695 quibus
938 4639 1038 4677 memo·
1075 4639 1158 4677 novas
1172 4638 1333 4677 aranearum
1347 4639 1442 4692 operas
1457 4626 1613 4679 somniaret.
1652 4623 1734 4684 Quare
1745 4615 1830 4673 eandrtv

246 4701 287 4755 ris
300 4701 440 4755 hominum
455 4702 512 4756 r'ere
522 4711 651 4766 versatur,
661 4706 708 4757 vix
718 4705 838 4775 quinque
852 4703 986 4757 centurias
998 4719 1038 4757 se·
1076 4710 1217 4766 eteorum,
1232 4703 1334 4773 quaein
1348 4703 1408 4756 sinu
1422 4712 1525 4758 natura
1538 4705 1627 4758 adhuc
1645 4697 1829 4780 reconditarum

246 4780 319 4851 poni,
340 4798 400 4852 qum
421 4781 593 4837 scientiarum
618 4784 759 4853 proventui
781 4783 860 4837 utiles
884 4789 911 4835 et
934 4782 1038 4835 t'eraces
1075 4798 1176 4853 magna
1190 4799 1225 4837 ex
1245 4792 1330 4853 parte,
1346 4781 1478 4836 rationem
1492 4800 1561 4847 esse,
1574 4793 1605 4836 ut
1618 4782 1749 4836 hominum
1761 4777 1829 4842 imae·

246 4859 353 4926 luerint,
368 4877 469 4931 easque
483 4862 557 4932 ipsas
579 4862 658 4932 longe
681 4864 800 4916 maxima
821 4880 857 4916 ex
878 4869 954 4932 parte
976 4861 1037 4915 aliis
1075 4862 1198 4915 nationes
1212 4870 1241 4914 et
1254 4863 1497 4916 commentationes
1509 4862 1614 4933 fugiant
1627 4870 1653 4914 et
1667 4859 1759 4913 salunt.
1793 4853 1828 4939 ¹¹²5

247 4940 375 5003 scientiis,
389 4955 444 4994 nou
464 4941 514 4995 illa
533 4942 677 4994 denatura
697 4951 770 4995 satas
792 4949 819 4996 et
838 4941 923 4995 cultas
944 4941 1036 4996 tuisse.
1075 4958 1127 5012 que
1149 4942 1187 4994 sic
1208 4940 1350 5011 cogitabat,
1364 4941 1389 4994 si
1410 4943 1487 5009 cujus
1507 4958 1582 5010 spem
1605 4941 1638 4994 de
1659 4937 1828 4992 nunciaverat

246 5017 314 5072 Trea
328 5021 400 5073 enim
415 5021 596 5074 doctrinarum
610 5021 790 5075 revolutiones
810 5030 837 5076 et
850 5020 976 5091 periodos
990 5036 1038 5074 nu·
1075 5020 1208 5084 cohibeat,
1224 5019 1302 5091 quod,
1316 5021 1522 5089 sumptuariis
1541 5037 1600 5091 quae
1615 5030 1709 5090 praesto
1720 5020 1773 5070 sunl
1783 5025 1827 5094 οφ·

246 5098 363 5153 meraris
383 5116 464 5153 unam
486 5100 557 5169 apud
579 5099 696 5160 Graecos,
711 5099 822 5154 alteram
844 5099 914 5169 apud
938 5100 1037 5154 Roma·
1073 5100 1184 5167 iectura,
1200 5117 1233 5153 ea
1254 5107 1301 5153 ant
1322 5099 1509 5168 impossibilia,
1531 5108 1576 5152 aut
1597 5100 1684 5153 minus
1703 5087 1828 5148 censuim

247 5194 305 5242 nos,
327 5177 447 5232 ultimam
471 5180 542 5249 apud
563 5177 743 5232 occidentales
761 5179 879 5249 Europae
898 5179 1037 5233 nationes:
1076 5187 1158 5248 putet,
1172 5197 1234 5232 eum
1250 5178 1319 5233 scire
1333 5178 1440 5241 debere,
1455 5195 1484 5232 se
1498 5195 1551 5232 non
1565 5179 1630 5232 satis
1644 5176 1742 5230 doctum
1761 5161 1827 5224 need

247 5257 352 5326 reliqua
367 5258 458 5310 mundi
473 5265 594 5327 tempora
615 5257 694 5310 bellis
716 5265 742 5311 et
763 5259 824 5312 aliis
843 5258 940 5312 studiis
961 5274 1037 5312 oocu-
1076 5258 1221 5328 optandum
1237 5258 1344 5328 quidem
1359 5257 1497 5312 commode
1513 5264 1540 5311 et
1560 5257 1680 5326 apposite
1699 5268 1757 5307 esse.
1790 5241 1829 5298 Μ

248 5345 319 5407 pata,
334 5344 361 5389 et
375 5337 462 5405 quoad
478 5337 648 5390 scientiarum
663 5344 784 5407 segetem
798 5337 900 5391 sterilia
914 5345 943 5390 et
962 5347 1038 5391 vasta
1075 5354 1166 5392 rursus
1186 5338 1332 5408 cogitabat,
1347 5353 1405 5389 esse
1420 5354 1455 5391 ex
1470 5337 1527 5404 jam
1544 5336 1658 5390 inventis
1671 5333 1726 5390 alia.
1742 5329 1829 5381 ‘litis’ae

248 5415 373 5468 inveniri.
414 5416 502 5485 Atque
521 5415 554 5467 de
576 5427 695 5484 tempore
717 5417 756 5468 sic
778 5416 933 5485 cogitabat:
955 5418 1037 5471 etiam
1076 5425 1103 5471 et
1123 5418 1178 5471 fere
1200 5417 1342 5470 contrariae
1359 5422 1470 5480 naturis,
1485 5433 1545 5487 quae
1562 5416 1639 5469 tidem
1661 5413 1827 5474 adinrpose

248 5509 284 5545 ex
297 5509 375 5545 casus
390 5494 414 5545 vi
430 5503 456 5546 et
470 5502 563 5548 natura
575 5494 727 5562 hujusmodi
741 5494 930 5550 divinationem
946 5514 1038 5567 sump·
1075 5514 1161 5567 genus
1183 5497 1332 5554 humanum
1353 5494 1455 5550 nobilia
1478 5494 1585 5550 iuventa
1598 5495 1677 5550 etiam
1694 5497 1748 5544 ante
1762 5480 1827 5554 prist
