3800 5875
67 316 134 373 Csr.
157 316 195 371 ll.
580 317 632 373 DE
652 315 879 375 AUGMENTIS
900 316 1176 375 scissurarum.
1634 318 1692 376 409

66 481 200 539 natatem
220 473 327 547 absque
345 491 428 531 caasa
446 475 600 532 manifesta.
640 477 751 532 Etenim
770 476 860 532 officia
936 477 979 531 Ad
1000 478 1126 532 notitiam
1151 477 1222 550 quod
1246 477 1346 532 attinet
1364 475 1402 537 de
1421 475 1566 532 hominum
1593 478 1693 533 animis

65 556 118 609 ista
137 555 245 609 niuosa
267 554 394 610 bomiues
414 554 531 610 reddunt
550 557 707 622 oscitantes,
731 565 760 610 et
781 557 860 629 qussi
896 557 1094 622 secundariam,
1119 557 1256 621 nimirum,
1280 573 1341 627 quse
1365 556 1401 609 ab
1424 556 1542 611 alierum
1563 555 1693 611 relatione

65 633 219 703 emsopitoe
233 642 291 687 tam
305 634 340 687 sd
356 634 518 699 mationem,
538 652 620 706 quam
633 636 669 689 ud
681 634 859 690 industriam:
896 636 1053 701 desumitur,
1066 636 1283 691 breviterdicere
1292 636 1415 690 sufficiet
1449 634 1615 689 Deiectuset
1628 636 1694 690 vitia

65 720 147 783 atque
178 718 254 766 recte
273 727 292 764 a
315 712 500 767 Demosthene
528 713 700 784 appellantur
730 714 860 768 ahmeuta
896 715 1024 769 didiceris
1042 716 1144 786 optime
1161 716 1196 769 ab
1216 715 1351 769 inimicia:
1372 715 1484 769 virtutm
1506 720 1534 769 et
1550 714 1693 769 facultates

66 790 204 846 malim
245 790 332 845 Porro
351 792 546 862 proprietatem
559 800 587 845 et
598 802 725 848 naturam
743 792 860 847 nonnul-
896 794 932 847 ab
950 795 1063 849 amicis:
1085 810 1175 849 mores
1188 803 1215 849 et
1229 802 1354 865 tempora
1372 810 1389 848 a
1404 794 1530 850 famulis:
1551 793 1694 864 opiniones

65 869 150 924 lurum
160 869 305 933 maman.
314 869 396 924 etism
408 887 469 941 quae
476 870 670 926 beneficiorum
683 870 745 926 locu
758 871 860 927 habeu-
896 881 925 927 et
937 873 1127 928 meditationes
1141 875 1176 928 ab
1194 873 1298 928 intimis
1314 872 1501 938 familiaribus,
1516 889 1578 928 cum
1595 874 1694 944 quibua

65 957 115 1013 tur,
128 948 273 1003 subdolam
286 955 316 1002 et
328 947 493 1019 ambiguam,
508 949 659 1006 luculenter
671 967 782 1006 cerame
796 952 861 1006 licet
897 953 1065 1023 frequentius
1078 952 1214 1024 colloquia
1230 952 1356 1008 miscent.
1397 952 1484 1007 Numa
1497 952 1635 1023 popularis
1652 951 1693 1006 le-

63 1044 99 1082 ex
110 1043 152 1091 so,
167 1026 242 1098 quod
252 1027 372 1082 Antonio
384 1029 474 1098 primo
487 1029 617 1100 imposuit
631 1029 790 1085 Matienus:
812 1031 859 1101 qui
896 1032 939 1087 sis
958 1041 1007 1096 est,
1022 1039 1050 1086 et
1065 1033 1235 1101 superiorum
1245 1032 1349 1099 judicia
1367 1031 1457 1087 minus
1470 1040 1563 1087 certa:
1590 1033 1694 1087 etenim

63 1114 124 1176 post
139 1107 260 1161 reditum
272 1123 336 1161 curn
359 1123 393 1161 eo
406 1108 437 1162 in
457 1110 583 1180 gratiam,
597 1109 646 1163 sed
663 1109 717 1163 fide
740 1110 860 1180 pentima
896 1127 988 1165 coram
1001 1109 1058 1165 illis
1071 1111 1198 1166 tectiores
1205 1111 1478 1166 incedunthomiues.
1509 1110 1608 1166 Ven'or
1620 1110 1694 1167 lama

62 1185 195 1256 plruimoe
218 1202 256 1239 ex
277 1186 390 1241 Antonii
409 1187 506 1242 amicis
526 1187 562 1242 ad
581 1188 730 1260 dignitates
748 1190 858 1244 erexit:
897 1189 1084 1245 edomesticis
1097 1199 1213 1246 emanat.

63 1272 78 1295 ‘⁴
92 1265 181 1320 Simul
195 1265 295 1320 amicis
308 1265 367 1333 ejus
381 1266 555 1336 praefecturas
568 1274 595 1322 et
610 1268 762 1322 tribunatus
779 1266 860 1340 largi-
937 1269 1039 1324 Verum
1066 1269 1102 1324 ad
1124 1269 1330 1340 inquisitionem
1356 1268 1437 1324 istam
1464 1269 1620 1323 unieemam
1647 1269 1694 1324 ria

62 1346 131 1399 tur.''
174 1341 239 1400 Hoc
254 1354 346 1399 autem
364 1353 427 1401 astu
441 1345 588 1400 Antonium
601 1363 655 1400 non
674 1346 797 1411 munivit,
811 1347 860 1402 sed
896 1347 1496 1418 maximecompeudiariuintribusconsistit.
1525 1348 1694 1413 Primum,ut

61 1425 215 1479 exarmavit
235 1425 344 1494 penitus
357 1432 385 1478 et
397 1424 537 1490 desolavit,
552 1426 688 1481 amicitiae
708 1426 768 1494 ejus
781 1427 816 1480 ad
829 1443 859 1481 se
897 1428 1030 1482 amicitias
1035 1426 1693 1499 multaacomparemuscumeJ'usmodibomiuibus

62 1502 260 1558 merendo.
898 1508 945 1578 qui
960 1505 1139 1577 multiplicem
1152 1508 1297 1562 etruriam
1310 1508 1412 1562 habent
1427 1515 1595 1571 tumrerum,
1610 1522 1694 1579 quam

100 1582 264 1637 Certissima
279 1591 371 1638 sutem
384 1582 477 1647 claris,
493 1583 528 1637 ud
542 1584 647 1639 animoa
664 1584 806 1641 bominum
820 1602 860 1640 re·
897 1602 1081 1656 personarum,
1098 1587 1238 1642 notitiam:
1259 1586 1394 1657 imprimis
1410 1603 1475 1641 sero
1485 1586 1695 1650 mirandumne

61 1662 200 1726 arraudus,
214 1662 337 1725 vertitur,
358 1663 387 1717 in
407 1663 537 1718 minandi·
551 1670 579 1718 et
599 1664 801 1734 pernoscendis,
816 1665 860 1719 rel
897 1664 1694 1738 saltemsingulosbabeamusprrsetqquipronegotiorum

61 1741 181 1811 ingeniis
202 1750 231 1795 et
258 1742 362 1796 naturis
390 1743 518 1812 ipsorum,
538 1742 582 1796 rel
601 1742 700 1797 linibus
720 1753 748 1798 et
772 1744 860 1798 inten-
897 1753 981 1816 atque
1000 1743 1142 1799 bominum
1164 1745 1328 1809 diversitate,
1351 1761 1401 1800 nos
1423 1745 1458 1799 de
1479 1761 1641 1816 unaquaque
1662 1762 1693 1800 re

62 1820 190 1875 tionibus
232 1820 323 1892 Atque
344 1820 538 1876 imbecilliores
552 1830 625 1877 certe
639 1830 667 1878 et
680 1821 860 1893 simpliciores
897 1825 1025 1879 certiores
1039 1825 1128 1879 fucere
1141 1834 1170 1879 et
1179 1823 1264 1879 solide
1278 1825 1425 1879 informare
1434 1824 1550 1894 possint.
1593 1825 1694 1879 Secun-

61 1917 97 1954 ex
119 1901 258 1971 ingeniis3
286 1894 474 1970 prudentiores
497 1909 590 1955 autam
613 1909 642 1956 et
667 1903 801 1967 tectiores,
824 1921 860 1958 ex
896 1904 939 1967 do,
964 1913 994 1958 ut
1017 1904 1134 1974 prudens
1157 1912 1400 1974 temperamentum
1426 1912 1455 1959 et
1481 1904 1694 1959 mediocritatem

62 1979 159 2034 finibus
173 1980 233 2035 suis
248 1980 351 2049 optime
368 1980 532 2048 judicantur.
573 1981 654 2035 Certe
674 1981 820 2051 prudenter
832 1989 861 2037 et
898 1984 1033 2053 quandam
1055 2000 1256 2054 persequamur,
1271 1990 1299 2038 et
1318 1984 1349 2038 in
1371 1982 1496 2038 libertate
1510 1983 1651 2048 aerumnis,
1666 1988 1695 2038 et

61 2058 148 2113 tacete
162 2059 244 2128 (licet
265 2075 328 2113 meo
343 2059 447 2128 judicio
459 2060 551 2115 minus
565 2062 641 2127 vere)
656 2059 758 2115 dictum
778 2060 861 2115 suita
898 2064 928 2116 in
939 2062 1136 2117 taciturnitate:
1158 2063 1326 2135 frequentius
1338 2061 1492 2117 libertatem
1512 2070 1692 2132 usurpantem

61 2139 296 2209 nuuuoquopiam
308 2138 860 2211 Pontificis,subreditnejusalegatione
898 2149 1007 2206 etcum
1020 2157 1064 2196 res
1084 2141 1212 2212 postulat,
1226 2142 1372 2197 silentium
1413 2141 1540 2196 Libertus
1560 2142 1695 2212 siquidem

61 2218 131 2289 apud
154 2219 298 2272 nationem
322 2218 466 2289 quandam,
490 2219 536 2273 ubi
558 2228 687 2290 tauquam
708 2220 861 2275 munaum
898 2221 927 2276 in
941 2237 1066 2276 sermone
1086 2223 1169 2277 etiam
1187 2221 1257 2277 alios
1274 2223 1372 2276 invitat
1390 2229 1419 2275 et
1441 2226 1577 2292 provocat,
1592 2221 1694 2292 utpari

60 2298 207 2351 resederat.
251 2297 438 2368 Interrogatus
450 2299 484 2353 de
506 2297 613 2353 delectu
630 2300 794 2354 successoris
810 2300 860 2364 sui,
899 2300 1025 2355 libertate
1039 2316 1105 2372 erga
1121 2317 1172 2356 nos
1189 2309 1316 2366 utaunrrr
1336 2308 1364 2356 et
1378 2301 1417 2355 sic
1437 2300 1525 2355 multa
1538 2300 1647 2355 deducit
1659 2300 1696 2356 ad

60 2376 206 2431 seruilium
223 2376 317 2440 dadin
341 2384 372 2431 ιιι
391 2376 565 2433 nullomodo
583 2378 734 2433 mitteretur
752 2378 860 2450 aliquis,
899 2380 1023 2435 notitiam
1033 2387 1165 2444 nosuam3
1186 2388 1216 2433 at
1228 2380 1398 2435 taciturnitas
1413 2380 1494 2435 tidem
1507 2379 1643 2444 conciliat,
1657 2379 1696 2434 ei·

61 2456 106 2527 qui
130 2455 236 2511 eximie
261 2457 382 2527 prudens
404 2467 483 2521 esset
506 2457 555 2511 sed
577 2458 668 2528 potius
691 2457 862 2512 mediocriter
899 2459 1011 2531 ficitquc
1022 2466 1053 2514 ut
1065 2468 1157 2515 ament
1167 2459 1293 2515 homiues
1303 2468 1468 2515 secreturus
1480 2460 1552 2530 apud
1566 2475 1624 2523 nos,
1634 2465 1695 2513 tan·

61 2543 185 2598 taatum3
210 2536 395 2606 “quonium'’
409 2537 575 2607 iuquit,“ex
584 2536 803 2606 prudentioribus
816 2553 861 2592 ue·
900 2554 984 2608 quum
997 2539 1026 2593 iu
1046 2539 1115 2604 sinu,
1130 2539 1275 2610 deponere.
1314 2538 1417 2602 Tertio,
1430 2539 1456 2594 is
1470 2538 1550 2592 nobis
1564 2537 1695 2608 paulatim

61 2631 105 2667 mo
118 2614 203 2669 facile
218 2615 356 2683 conjiciet,
371 2615 436 2685 quid
449 2616 597 2671 remumile
619 2616 688 2671 iuret
706 2616 781 2672 illius
793 2634 862 2689 gen·
900 2618 1081 2690 acquirendus
1099 2626 1142 2673 est
1164 2617 1281 2684 babitus,
1302 2625 1340 2683 ut,
1359 2617 1491 2689 vigilante
1514 2625 1542 2671 et
1560 2624 1695 2687 prasente

62 2694 96 2748 tia
116 2693 249 2749 homines
268 2693 415 2749 tacturos.”
456 2695 528 2750 Saue
551 2712 606 2749 non
629 2712 692 2751 raro
713 2697 862 2753 interrenit
900 2699 1001 2764 animo,
1014 2697 1184 2753 iuomuibus
1198 2697 1341 2770 colloquiis
1363 2704 1391 2751 et
1405 2695 1558 2750 actionibus
1571 2697 1654 2752 simul
1667 2701 1696 2750 et

61 2772 105 2827 ille
119 2790 207 2836 error,
218 2782 246 2828 et
260 2774 381 2828 maxime
396 2773 586 2829 familiarisest
599 2775 665 2831 viris
676 2777 860 2847 prudentibus,
901 2796 967 2844 rem,
982 2794 1043 2849 quae
1051 2777 1141 2842 instat,
1156 2793 1297 2848 geramum
1318 2783 1346 2830 et
1357 2775 1421 2841 alia,
1436 2774 1633 2846 quaeincidunt,
1647 2776 1696 2829 ob·

62 2861 90 2906 ut
113 2870 150 2908 ex
172 2851 289 2907 modulo
311 2853 413 2924 ingenii
435 2854 538 2924 proprii
558 2854 629 2909 ulios
652 2856 805 2924 metiantur,
830 2874 861 2913 ac
900 2873 1047 2913 sumemus.
1087 2857 1161 2912 Nam
1175 2856 1247 2912 sicut
1261 2852 1401 2927 Epictetus
1420 2854 1545 2926 precipit
1564 2861 1595 2908 ut
1608 2853 1697 2924 pbilo-

61 2932 173 3002 proinde
188 2932 263 2987 ultra
276 2949 390 3003 scopum
404 2933 504 3005 saepius
513 2933 674 3003 jaculentur,
685 2937 863 3008 supponendo
900 2938 1012 3009 sophus,
1032 2938 1061 2992 in
1082 2935 1197 3008 singulis
1220 2935 1276 2991 auis
1295 2933 1455 3000 actionibus,
1479 2934 1520 2989 itu
1541 2950 1633 2989 secum
1658 2932 1697 2989 lo-

61 3013 130 3083 quod
152 3012 285 3067 homiues
305 3013 410 3081 majora
431 3015 555 3084 quaedam
576 3014 746 3081 meditentur,
763 3024 791 3072 et
809 3018 862 3072 sibi
901 3024 1014 3088 quaturr
1037 3016 1073 3071 Et
1086 3015 1139 3070 hoc
1159 3015 1229 3080 volo,
1243 3023 1271 3070 et
1291 3015 1375 3069 etiam
1396 3014 1549 3069 institutum
1569 3029 1694 3080 servare,

61 3092 208 3156 deuineut,
233 3100 261 3146 et
288 3091 476 3148 subtilioribus
503 3093 611 3148 technis
639 3102 753 3161 utantur,
781 3113 863 3166 quam
901 3097 940 3151 sic
964 3095 1101 3167 politicus,
1126 3095 1155 3149 iu
1179 3093 1294 3166 singulis
1317 3094 1442 3165 negotiis,
1465 3093 1505 3147 ita
1527 3108 1618 3147 secum
1640 3098 1696 3147 sta·

62 3171 492 3243 quaeillorumanimoauuquam
507 3173 648 3229 subierint.
689 3174 766 3236 Quod
779 3176 863 3230 etium
901 3183 975 3240 ιιιιις
996 3175 1033 3229 Et
1046 3175 1100 3230 lroc
1114 3173 1184 3239 vole,
1198 3183 1280 3245 atque
1294 3173 1377 3228 etium
1394 3172 1505 3244 aliquid,
1520 3171 1636 3243 quodin
1652 3171 1696 3226 iu-

61 3251 208 3322 elegautur
230 3251 322 3305 innuit
343 3252 472 3322 adagium
498 3252 633 3318 Italicum,
658 3270 713 3324 quo
735 3262 859 3321 ιιοιιιιιις
901 3263 992 3310 turum
1011 3255 1073 3309 usui
1093 3270 1153 3309 esse
1170 3255 1266 3325 possit,
1283 3253 1431 3308 addiscere.
1474 3251 1576 3322 ltaque,
1598 3250 1645 3321 qui
1662 3263 1697 3305 eo

62 3331 257 3393 Nummorum,
271 3329 429 3401 prudentias,
443 3331 514 3395 fidei,
528 3348 638 3403 semper
654 3333 772 3389 minores
789 3334 864 3388 inre-
901 3341 966 3388 aunt
985 3334 1106 3405 ingenio,
1120 3339 1150 3389 ut
1165 3333 1280 3388 nimium
1301 3331 1354 3397 buc
1373 3332 1574 3404 agantettoti
1594 3331 1697 3384 sintin

61 3410 111 3464 uiri
126 3410 259 3474 rsfioues,
274 3425 358 3479 quam
372 3411 433 3480 quis
450 3421 566 3481 putaret.
608 3412 696 3473 Quare
710 3413 739 3466 iu
753 3412 863 3468 levioris
901 3422 1034 3483 praesente
1059 3413 1178 3484 negotio,
1199 3413 1272 3485 quod
1290 3411 1321 3466 in
1337 3411 1463 3466 manibus
1483 3409 1594 3473 habent,
1608 3409 1642 3463 de
1661 3409 1697 3463 iis

60 3490 165 3560 ¹ingenii
185 3489 352 3553 hominibus,
367 3490 430 3561 quia
450 3490 534 3545 multe
552 3491 668 3546 absurda
689 3492 799 3557 faciunt,
820 3509 864 3547 ca·
901 3502 1000 3557 autem,
1018 3510 1079 3564 quse
1101 3492 1292 3557 interveniunt,
1312 3507 1362 3546 nec
1383 3490 1505 3563 cogitant
1522 3489 1633 3559 quidem
1655 3487 1697 3556 (id

62 3569 159 3638 pieuda
174 3575 221 3623 eat
239 3568 397 3637 conjectura
411 3570 502 3638 potius
521 3587 558 3625 ex
577 3572 805 3643 propensioribus
825 3574 864 3626 in·
902 3572 978 3643 quod'
995 3573 1024 3626 in
1048 3587 1077 3627 ae
1094 3572 1220 3643 agnoscit
1238 3571 1415 3638 Montaneus)
1430 3568 1471 3624 illi
1485 3576 1557 3624 certe
1578 3567 1697 3622 ministri

61 3649 216 3719 geniorum,
231 3664 317 3719 quam
336 3663 373 3702 ex
386 3647 612 3704 desdnatiouibus
626 3651 728 3706 finium.
770 3649 863 3716 Porro,
901 3668 997 3724 regum
1011 3659 1057 3706 aut
1077 3650 1336 3722 rerumpublicarum
1349 3656 1412 3705 srmt
1426 3649 1472 3704 vel
1485 3646 1587 3718 optimi,
1601 3646 1649 3701 sed
1663 3646 1698 3701 ad

62 3727 207 3798 principes
225 3744 334 3799 quoque
356 3727 418 3796 (sed
438 3727 518 3800 louge
536 3728 620 3784 ubam
637 3728 676 3784 ub
691 3733 814 3797 cauum)
829 3730 864 3783 ab
902 3731 1025 3800 proprius
1046 3730 1166 3785 fortunas
1185 3730 1345 3784 claudicant
1388 3728 1502 3782 Interim
1522 3726 1614 3781 cautio
1634 3734 1697 3780 ante

64 3808 184 3878 ingeniis
196 3808 304 3877 optime
311 3805 483 3875 judicantur:
498 3808 698 3878 privatiautem
709 3826 744 3864 ex
755 3810 862 3866 finibus.
902 3811 993 3864 omnia
1007 3809 1168 3875 adhibenda,
1182 3817 1213 3864 ιιι
1231 3809 1363 3879 impetum
1380 3807 1465 3862 animi
1485 3814 1512 3861 ct
1530 3805 1698 3860 alacritatem

64 3884 209 3957 Principes
222 3886 298 3939 euim
319 3885 459 3957 hstigium
478 3886 571 3957 adepti
593 3887 772 3944 bumanorum
793 3890 864 3943 desi·
901 3889 1016 3943 nimiam
1030 3889 1212 3953 cohibeamus,
1227 3906 1262 3943 ne
1276 3886 1361 3943 multu
1381 3886 1498 3949 sciendo,
1513 3884 1548 3939 ad
1567 3901 1617 3939 uos
1632 3884 1699 3940 mul·

63 3964 211 4029 derium
227 3964 320 4018 nullos
339 3964 396 4020 iere
413 3965 467 4020 sibi
489 3967 644 4037 propositos
662 3968 731 4023 fines
752 3967 864 4034 babent,
902 3969 937 4022 tis
956 3967 1163 4024 immiscendam
1185 3969 1310 4022 feramur.
1353 3964 1454 4020 Infelix
1475 3965 1547 4019 enim
1570 3964 1699 4034 quiddam

64 4045 189 4118 adquae,
205 4043 359 4115 praesertim
376 4044 552 4101 vehementer
566 4053 593 4100 ct
607 4053 770 4113 constanter,
791 4048 865 4118 aspi·
902 4055 945 4102 est
968 4056 995 4102 et
1018 4047 1198 4111 temerarium,
1221 4046 1477 4118 polypragmosyne.
1519 4045 1615 4114 ltaque
1636 4043 1699 4109 ista,

65 4135 139 4189 reut3
161 4141 199 4178 ex
209 4140 325 4194 quorum
335 4123 430 4178 finium
443 4124 497 4179 situ
507 4133 534 4179 et
548 4125 683 4190 ᾱίιιιιιιιίιι,
697 4125 866 4198 reliquarum
903 4143 986 4197 quam
1008 4127 1218 4197 comparandam
1236 4126 1417 4196 praecipimus,
1435 4123 1539 4178 notitiis
1559 4138 1650 4178 rerum
1672 4128 1700 4178 et

65 4220 175 4258 marum
193 4203 332 4257 mtionum
347 4203 433 4273 possit
447 4205 538 4275 excipi
560 4212 588 4259 et
600 4205 696 4259 confici
710 4204 825 4261 directio
838 4215 866 4261 et
903 4222 1080 4277 personarum
1094 4206 1211 4260 varietas
1224 4204 1278 4260 huc
1298 4205 1408 4258 tandem
1424 4203 1501 4267 redit,
1516 4210 1545 4257 ut
1558 4211 1586 4256 et
1599 4220 1699 4268 rerum,

65 4282 157 4337 scala:
179 4282 216 4346 id,
231 4281 306 4353 quod
318 4282 391 4336 inter
411 4281 465 4336 alia
487 4300 571 4338 causa
591 4293 633 4339 est
654 4283 698 4338 rel
718 4287 864 4357 precipua,
903 4302 971 4357 quus
985 4285 1155 4355 suscipimus,
1164 4291 1192 4341 et
1205 4284 1356 4348 hominum,
1371 4298 1484 4354 quorum
1495 4297 1578 4351 opera
1590 4283 1699 4346 utimur,

66 4371 92 4416 ut
105 4362 191 4416 corda
206 4379 303 4416 eorum
313 4361 400 4433 (quod
414 4362 554 4433 Scriptura
567 4363 742 4432 pronunciat)
755 4366 811 4419 sint
824 4365 866 4419 in·
903 4366 992 4436 magis
1006 4382 1067 4419 cum
1078 4364 1182 4433 judicio
1192 4363 1326 4418 delectum
1340 4363 1479 4427 iaciamus,
1490 4361 1665 4416 undecuncta
1674 4370 1702 4416 et

65 4441 234 4497 scrutabilia
276 4441 314 4495 At
335 4442 503 4511 privatorum
525 4442 615 4497 nullm
635 4450 684 4506 est,
699 4443 746 4514 qui
760 4461 815 4498 aon
830 4444 866 4499 sit
904 4445 993 4516 magn’s
1006 4444 1119 4498 dextere
1133 4454 1160 4499 et
1178 4443 1267 4515 magis
1287 4450 1346 4498 tuto
1361 4441 1505 4512 disponere
1526 4449 1554 4495 et
1574 4440 1702 4496 adminis-

65 4520 865 4595 plsnerelutisistor,etproficiscaturintenteadaliquam,
903 4531 976 4577 trare
991 4523 1117 4578 sciamus.

65 4601 169 4656 itineris
178 4609 293 4664 metam,
301 4600 349 4653 ubi
360 4600 503 4656 consistat:
518 4601 590 4655 unde
600 4617 656 4655 uon
664 4601 735 4656 male
745 4602 866 4657 divinare
944 4602 1078 4657 Notitiam
1099 4601 1215 4656 aliorum
1237 4599 1360 4671 sequitur
1379 4599 1476 4654 notitia
1500 4599 1552 4655 sui.
1592 4598 1702 4653 Etenim

64 4681 125 4751 quis
138 4680 249 4751 poterit,
265 4679 332 4751 quid
345 4679 457 4733 iacturis
478 4680 521 4744 sit,
535 4688 582 4734 aot
595 4696 651 4735 uon
666 4681 795 4737 facturus.
836 4681 867 4736 Si
903 4698 959 4737 non
969 4682 1058 4735 minor
1068 4680 1211 4752 diligentia
1221 4678 1376 4733 adhibenda
1387 4688 1437 4743 est,
1449 4678 1497 4734 sed
1506 4679 1593 4746 major
1603 4678 1701 4747 potius,

64 4761 182 4814 enimin
196 4759 292 4813 ordine
306 4759 343 4813 sit
356 4758 496 4830 quidpiam
511 4759 546 4813 ed
564 4759 646 4814 finem
665 4776 751 4825 mum,
766 4762 865 4830 proba·
904 4769 933 4815 ut
946 4777 997 4815 nos
1010 4761 1044 4814 da
1057 4761 1136 4814 nobis
1149 4759 1225 4829 ipsis,
1236 4775 1318 4830 quum
1331 4759 1366 4812 de
1380 4757 1450 4822 aliis,
1464 4775 1529 4813 rere
1543 4763 1702 4812 etaccurata

64 4838 120 4894 bile
134 4847 176 4894 est
190 4838 346 4893 iacturum:
367 4838 411 4892 sin
432 4838 468 4893 sit
485 4839 515 4893 iu
535 4839 703 4893 contrarium
725 4841 796 4905 finis,
815 4841 867 4895 mi·
904 4841 1089 4895 informemus.
1130 4837 1237 4908 Quippe
1258 4854 1321 4892 cum
1338 4837 1476 4892 oraculum
1491 4837 1566 4901 illud,
1582 4836 1703 4890 “Nosce

66 4918 148 4973 nime
191 4918 294 4989 Neque
306 4917 446 4972 deliniam
460 4925 507 4974 aut
520 4918 694 4990 ingeniorum
707 4918 737 4972 iu
752 4918 868 4974 homini·
905 4928 931 4974 te
945 4919 1061 4990 ipsum,”
1076 4935 1132 4973 uou
1154 4924 1257 4971 tantum
1276 4918 1313 4971 ait
1332 4933 1419 4971 canon
1434 4916 1584 4987 prudentius
1598 4915 1704 4969 unirer·

65 4996 115 5052 bus
135 4997 297 5051 diversitate
322 4996 478 5054 informatio
495 4997 627 5068 cupienda
643 5004 686 5052 est
709 4997 868 5069 simpliciter
905 4998 978 5063 salis,
993 4998 1084 5053 sedet
1104 4997 1132 5051 in
1154 4997 1274 5067 politicis
1293 4996 1464 5066 precipuum
1484 4996 1575 5050 locum
1594 4992 1703 5048 babeat

65 5084 179 5140 tantum,
195 5076 245 5131 sed
257 5085 287 5131 et
300 5083 471 5146 comparate:
493 5076 559 5148 quid
575 5076 679 5132 scilicet
691 5077 869 5147 prmdomiue-
906 5078 1016 5148 Optime
1031 5076 1105 5131 enim
1119 5075 1244 5131 homiues
1260 5083 1352 5131 monet
1374 5075 1402 5130 S.
1422 5073 1550 5138 lacobus,
1563 5088 1635 5136 eum,
1656 5072 1704 5144 qui

65 5165 115 5218 tur,
130 5154 283 5226 etreliqua
300 5155 331 5209 iu
344 5153 467 5209 ordinem
480 5157 582 5227 cogat?
623 5155 677 5221 Sic,
692 5162 723 5210 ut
737 5156 867 5222 ridemus,
906 5156 1009 5211 vultum
1022 5156 1051 5211 iu
1062 5154 1173 5227 speculo
1183 5155 1372 5220 consideravit,
1383 5154 1506 5208 oblivisci
1518 5158 1609 5206 maren
1620 5149 1704 5217 illico,

65 5233 229 5306 Tigellinus,
248 5252 313 5288 cum
332 5249 362 5287 se
383 5233 511 5289 Petronio
529 5234 690 5305 Turpiliano
712 5235 869 5291 inferiorem
907 5234 996 5307 qualis
1016 5235 1114 5299 luerit,
1148 5241 1179 5289 ut
1198 5235 1309 5289 omnino
1325 5233 1460 5305 frequenti
1479 5231 1649 5300 inspectione
1669 5231 1705 5285 ait

65 5314 229 5377 oeutiremn
244 5312 428 5383 voluptatibus
442 5314 547 5390 Neroni
560 5315 747 5370 ministrandis
761 5323 788 5370 et
801 5332 869 5386 prra-
906 5331 984 5385 opus.
1027 5314 1113 5387 quue
1128 5321 1201 5368 tenet
1215 5313 1298 5368 etiam
1314 5310 1484 5383 inpuliticia.
1525 5309 1579 5364 Sed
1593 5309 1706 5381 specula

65 5391 218 5462 gustandis,
235 5399 252 5423 ⁶·
267 5392 384 5455 metus,”
400 5398 430 5446 ut
442 5392 482 5445 ait
493 5391 613 5457 Tacitus,
629 5394 869 5452 “Neronisrima·
907 5394 1011 5451 scilicet
1033 5402 1095 5448 suut
1114 5393 1239 5448 diversa:
1270 5409 1334 5447 uam
1358 5389 1499 5461 speculum
1520 5389 1651 5455 divinum,
1675 5389 1705 5444 in

66 5479 110 5526 tus
125 5471 192 5536 est,”
207 5479 237 5527 et
251 5469 306 5526 boc
319 5477 400 5540 pacto
412 5469 539 5526 amulum
553 5474 656 5529 evertit.
906 5490 961 5545 quo
974 5490 1024 5529 nos
1037 5474 1159 5529 contueri
1179 5473 1318 5539 debemus,
1332 5478 1374 5526 est
1387 5468 1501 5524 verbum
1519 5467 1590 5526 Dei:
1612 5485 1706 5541 specu-
