3800 5875
216 312 273 368 650
653 312 882 370 DESCRIPTIO
904 312 1020 369 cnosi
1041 311 1380 370 rumunncrusnls.

215 471 379 542 superfluum
398 471 525 543 quiddam
545 478 617 526 esset
635 479 663 525 et
685 471 820 526 intinitum
836 471 871 526 de
892 470 1009 541 singulis
1045 472 1195 536 admoveat,
1210 479 1257 526 aut
1269 480 1408 535 amoveatr
1429 473 1536 544 reliqua
1554 477 1683 526 naturam
1702 469 1778 524 intns
1795 486 1847 540 per

214 551 314 604 dicere.
356 552 451 622 ltaque
470 551 557 606 sicubi
579 551 650 605 absit
669 550 718 604 illa
738 551 892 620 promiscua
913 542 1008 605 simili·
1044 567 1075 605 ae
1088 552 1247 622 transigere.
1290 553 1442 621 Itaqueubi
1455 552 1535 606 datur
1548 550 1641 606 debita
1653 550 1846 604 admotiocor·

214 630 288 694 tudo,
302 630 399 699 recipit
411 630 493 684 etiam
512 629 627 683 historia
644 629 776 684 naturalia
795 630 953 694 individuae
974 646 1009 684 es
1045 647 1142 701 porum
1153 629 1318 686 naturalium
1337 638 1384 684 aut
1401 632 1523 693 remotio,
1537 628 1631 684 omnia
1646 636 1741 699 potest
1752 628 1846 692 homo,

215 709 325 773 scilicet,
354 726 468 779 quorum
491 725 545 762 non
566 717 607 763 eat
625 724 760 771 numerus,
775 717 822 763 aut
840 710 916 763 natio
936 725 1008 779 quas·
1044 718 1127 780 atque
1149 726 1208 764 ars:
1236 710 1283 763 ubi
1306 726 1360 763 non
1381 710 1468 773 datur,
1489 710 1569 764 nihil
1621 707 1729 763 Rursus
1753 716 1846 762 antem

213 787 286 842 dam.
326 788 399 842 Nam
414 799 440 842 et
454 788 526 852 solis,
540 796 568 842 ct
580 786 660 852 lunae,
674 795 703 842 et
721 795 806 851 terrae
821 796 849 842 et
869 787 1006 852 similium,
1045 789 1127 843 modo
1139 805 1282 859 corporum
1295 790 1344 842 frat
1357 789 1447 842 debita
1461 788 1707 851 illaadmotio,aut
1720 788 1845 849 remotio,

215 883 276 936 quar
288 866 376 921 unicis
389 868 492 920 suntin
506 867 596 936 specie
615 883 672 930 sua,
691 867 842 920 rectissima
859 867 1007 921 conscribi·
1045 867 1074 920 in
1084 868 1178 923 ordine
1187 868 1222 921 ad
1233 867 1353 939 aliquem
1363 868 1497 931 effectum,
1507 869 1563 922 sire
1575 867 1628 921 hoc
1639 884 1690 936 per
1703 865 1846 920 hominem

214 953 260 999 tur
282 946 411 1008 historiar
443 963 493 999 nec
515 948 603 1000 minus
623 962 723 1010 eorum,
747 962 807 1016 qum
826 946 969 1016 insigniter
990 962 1008 998 a
1045 953 1074 1000 et
1087 955 1172 1001 artem
1187 948 1310 1011 fiataire
1324 946 1481 1001 naturaliter
1493 948 1596 1019 absque
1610 946 1732 1008 homine,
1747 962 1846 1014 pamm

215 1024 305 1094 specie
324 1041 374 1078 sua
392 1024 544 1089 deflectunt,
564 1032 591 1078 et
609 1033 758 1078 monstrosa
776 1032 856 1089 suntr
886 1023 1007 1095 quando·
1045 1025 1136 1081 refert.
1176 1026 1274 1097 Neque
1287 1025 1341 1079 hoc
1354 1026 1404 1081 illo
1420 1025 1513 1081 ioru‘us
1531 1034 1580 1089 est,
1594 1025 1680 1079 veluti
1693 1025 1717 1079 si
1732 1026 1797 1094 quis
1809 1042 1846 1080 ex

215 1104 324 1174 quidem
337 1104 366 1157 in
379 1102 442 1168 illis,
456 1104 603 1173 descriptio
620 1111 646 1157 ει
663 1103 782 1173 cognitio
801 1104 887 1172 ipsius
903 1103 1005 1173 speciei
1044 1105 1200 1175 aspersione
1219 1121 1296 1175 squar
1313 1105 1488 1160 simulacrum
1508 1107 1584 1159 iridis
1605 1121 1690 1174 super
1710 1104 1845 1174 parietem

214 1198 265 1237 nec
278 1183 438 1237 sufficitnec
452 1183 589 1252 competit.
632 1183 728 1254 ltaque
741 1181 1006 1237 hrecduoindividu-
1044 1186 1155 1251 excitet,
1168 1199 1224 1237 non
1240 1184 1330 1238 minus
1349 1184 1515 1255 obsequente
1533 1185 1619 1238 utimr
1633 1193 1741 1246 natura,
1761 1200 1844 1254 qnam

216 1278 292 1317 orum
306 1278 406 1332 genera
416 1262 532 1316 historia
545 1261 675 1316 naturalis
684 1278 740 1315 non
753 1260 861 1329 rejicit:
882 1269 912 1315 ut
924 1262 1007 1332 pluri·
1044 1280 1107 1317 cum
1120 1263 1193 1317 idern
1206 1262 1237 1315 fit
1248 1263 1278 1315 in
1290 1261 1354 1317 aiire
1368 1280 1405 1318 cx
1418 1263 1489 1317 nube
1498 1263 1613 1318 roscida.
1656 1263 1762 1316 Contra
1771 1279 1843 1325 reru,

214 1358 288 1395 mum
299 1349 388 1396 autem
400 1340 638 1412 (quemadmodum
649 1340 750 1395 dictum
760 1343 814 1406 est)
824 1341 853 1394 in
863 1341 1006 1411 speciebus
1044 1358 1106 1395 cum
1119 1358 1214 1396 aurum
1228 1342 1363 1396 invenitur
1380 1343 1411 1396 in
1429 1341 1547 1396 arenulis
1566 1359 1676 1413 purum,
1689 1358 1770 1411 nque
1790 1343 1842 1396 ribi

214 1428 342 1475 versatur.
383 1421 419 1473 At
436 1419 608 1490 partitionem
627 1419 747 1473 historiar
765 1419 895 1474 naturalis
912 1419 1006 1474 molie-
1044 1420 1098 1491 ipsi
1112 1420 1249 1475 ministrat
1260 1428 1364 1485 naurra,
1378 1438 1410 1474 ac
1424 1421 1448 1474 si
1464 1437 1560 1476 aurum
1573 1438 1673 1490 purum
1687 1436 1739 1489 per
1751 1420 1843 1473 forna·

214 1516 323 1553 murex
337 1499 364 1552 ri
378 1506 406 1554 et
425 1499 579 1554 conditione
598 1499 685 1569 ipsius
702 1506 813 1563 nature,
827 1516 889 1570 quta
908 1498 939 1553 in
958 1498 1006 1553 tri-
1044 1516 1103 1554 cem
1127 1507 1155 1554 et
1177 1499 1357 1554 ministerium
1384 1500 1502 1555 hominis
1530 1508 1738 1571 excoqueretur.
1787 1499 1843 1552 Ali·

215 1577 280 1648 plici
307 1585 381 1632 statu
407 1578 496 1648 posita
517 1579 660 1641 invenitur,
683 1586 710 1632 et
732 1585 862 1648 tanquam
884 1577 1006 1648 regimen
1044 1578 1152 1650 quando
1178 1586 1269 1632 sutem
1295 1578 1477 1634 ministerium
1498 1578 1617 1650 exlege
1639 1579 1761 1632 universi
1781 1578 1842 1632 aliis

215 1658 289 1713 subit
301 1658 409 1713 trinum.
450 1658 506 1712 Aut
517 1657 590 1712 enim
603 1656 690 1711 libera
700 1665 741 1711 est
750 1665 855 1720 natura,
867 1674 898 1710 ac
909 1665 1005 1726 sponte
1044 1657 1207 1711 animalibus
1219 1658 1377 1727 deputatur:
1397 1658 1573 1730 nequeenim
1587 1659 1681 1712 minus
1698 1657 1841 1712 artificiale

215 1737 282 1800 insa,
296 1746 379 1808 atque
391 1754 473 1791 cursu
484 1745 611 1790 consueto
624 1752 653 1790 se
667 1735 814 1806 explicans,
828 1753 889 1789 cum
903 1734 1007 1790 scilicet
1045 1737 1171 1807 quiddam
1185 1746 1228 1790 est
1239 1736 1303 1801 mel,
1317 1737 1389 1808 quod
1408 1739 1439 1791 fit
1457 1738 1595 1792 mediante
1616 1737 1755 1791 industria
1774 1738 1841 1806 amr.

214 1816 275 1885 ipsa
289 1825 385 1870 natura
398 1832 447 1885 per
467 1832 496 1869 se
516 1814 620 1877 nititur,
633 1814 789 1869 nullatenus
807 1815 939 1885 impedita
958 1823 1007 1869 aut
1044 1831 1126 1885 quam
1149 1815 1317 1882 saccharum,
1339 1817 1412 1887 qnod
1432 1817 1559 1881 hominis,
1583 1824 1668 1887 atque
1688 1817 1719 1870 in
1741 1832 1842 1869 manns

215 1895 342 1950 subacta:
364 1902 395 1948 ut
405 1895 434 1947 in
448 1894 532 1958 colis,
544 1893 713 1957 animalibus,
727 1893 834 1965 plantis,
844 1901 872 1947 et
881 1894 1006 1949 universo
1044 1896 1131 1965 (quod
1144 1895 1241 1949 similis
1254 1906 1297 1950 est
1309 1897 1429 1966 generis)
1439 1905 1536 1951 natura
1549 1895 1645 1967 seipsa
1652 1904 1782 1949 contenta
1791 1908 1841 1949 est.

213 1981 317 2029 natura
330 1981 478 2043 apparatur
499 1980 548 2027 aut
563 1989 655 2027 rursus
674 1971 723 2026 ills
741 1988 759 2025 a
779 1973 958 2043 pravitatibus
977 1980 1006 2028 ct
1045 1973 1216 2046 Itaque-cum
1230 1991 1285 2029 una
1297 1984 1380 2046 atque
1395 1976 1490 2029 eadem
1506 1977 1543 2029 sit
1555 1984 1661 2040 namra,
1675 1976 1735 2042 ejus
1750 1983 1841 2029 autem

109 2116 112 2123 Ι
213 2052 365 2108 insolentiis
378 2052 497 2107 materiae
510 2051 675 2106 contumacia
694 2057 722 2105 et
739 2049 856 2116 rebellis,
871 2059 951 2122 atque
970 2053 1006 2106 ab
1043 2053 1085 2106 ris
1097 2070 1147 2123 per
1166 2054 1258 2108 omnia
1276 2054 1372 2118 salem,
1391 2071 1481 2126 neque
1501 2072 1621 2125 uuquam
1643 2054 1692 2108 ille
1711 2070 1729 2107 a
1751 2055 1841 2125 seipsa

214 2132 468 2201 impedimentorum
487 2129 624 2194 violentia,
638 2130 673 2185 de
691 2138 762 2185 statu
778 2147 827 2185 suo
845 2130 924 2199 plane
944 2148 1006 2186 con·
1044 2132 1188 2198 desciscam
1223 2134 1333 2187 omnino
1352 2142 1482 2205 tanquam
1506 2151 1543 2188 ex
1563 2152 1644 2204 aequo
1664 2133 1841 2188 subordinate

213 2210 324 2266 vellitur
343 2219 370 2265 et
388 2210 543 2275 detruditur,
555 2218 586 2263 ut
603 2210 631 2264 in
645 2211 772 2264 monstris
793 2217 820 2263 et
839 2209 1006 2266 heteroclitia
1044 2219 1148 2266 tantum
1175 2212 1210 2266 ad
1229 2221 1352 2267 naturam
1373 2215 1438 2284 poni
1461 2214 1561 2267 debent
1580 2213 1641 2267 hec
1662 2214 1723 2277 tria,
1746 2231 1840 2267 cursus

214 2298 333 2345 naturas:
355 2297 401 2344 aut
418 2289 533 2359 denique
548 2289 583 2343 ab
600 2300 658 2344 arte
676 2298 703 2344 et
719 2289 869 2343 ministerio
886 2289 1007 2345 humano
1043 2300 1162 2356 naturae3
1196 2293 1360 2363 exspatiatio
1378 2288 1498 2355 naturum
1533 2301 1562 2347 et
1581 2309 1627 2346 ars
1647 2293 1706 2346 siae
1733 2293 1839 2346 additus

213 2369 413 2440 constringitur,
427 2376 456 2424 et
468 2368 584 2440 tingitur,
599 2377 626 2423 et
638 2367 719 2440 plane
733 2367 896 2434 transfertur,
907 2378 936 2424 et
945 2378 1006 2424 tan·
1044 2370 1125 2425 rebus
1143 2371 1241 2436 homor
1262 2372 1376 2443 ideoque
1393 2373 1423 2425 in
1438 2372 1553 2426 historia
1570 2371 1689 2425 naturali
1703 2389 1738 2424 ea
1751 2373 1841 2425 omnia

216 2465 297 2518 quam
310 2455 431 2513 noratur,
446 2458 475 2503 ut
489 2449 519 2502 iu
537 2447 730 2504 artificialibus.
771 2448 882 2503 Etenim
900 2449 930 2503 in
943 2450 1006 2504 arti·
1044 2466 1098 2504 una
1111 2456 1139 2505 et
1151 2450 1278 2504 continua
1297 2453 1482 2506 uenationum
1501 2452 1571 2505 serie
1591 2449 1696 2505 involvi
1717 2468 1767 2520 par
1785 2461 1839 2505 est:

215 2528 349 2583 ticialibus
361 2536 459 2583 nature
472 2535 610 2598 tamquam
624 2529 696 2582 iacta
708 2528 820 2591 ridetur,
834 2535 862 2582 et
876 2530 1006 2599 conspici·
1044 2530 1211 2600 quodetiam
1225 2529 1307 2586 Caius
1321 2530 1428 2585 Plinius
1441 2547 1544 2601 magna
1557 2548 1593 2585 ex
1607 2539 1688 2600 parte
1699 2530 1782 2594 terim
1795 2532 1841 2600 qui

214 2614 259 2662 tur
278 2624 388 2678 prorsus
409 2624 479 2662 nora
495 2624 638 2678 corporum
659 2607 742 2662 facies
762 2616 790 2661 et
809 2606 893 2662 veluti
914 2625 1006 2663 rerum
1045 2608 1185 2664 historiam
1209 2610 1361 2664 naturalem
1381 2627 1432 2681 pro
1452 2610 1584 2680 dignitate
1605 2609 1769 2680 complexus
1793 2618 1841 2671 est,

213 2686 377 2743 universitas
390 2687 482 2742 altera.
525 2687 621 2757 ltaque
635 2693 732 2741 tractat
744 2685 860 2740 historia
872 2686 1006 2742 naturalia
1043 2689 1092 2742 sed
1105 2687 1276 2759 complexam
1289 2690 1477 2761 indignissime
1491 2689 1628 2744 tractarit.
1670 2690 1765 2761 Atque
1783 2689 1840 2744 hee

119 2820 121 2823 ,
214 2776 262 2820 aut
288 2766 440 2821 libertatem
465 2773 575 2830 nature,
602 2772 649 2820 aut
674 2783 786 2828 errores,
817 2774 864 2820 aut
889 2765 1005 2823 vincula
1044 2767 1081 2822 sit
1093 2766 1223 2823 naturalis
1236 2767 1355 2824 historia
1368 2769 1480 2840 partitio
1493 2768 1591 2839 prima.

214 2846 329 2906 Quodsi
342 2846 469 2917 cuiquam
483 2844 626 2900 molestum
640 2845 675 2900 sit
684 2853 755 2899 artes
765 2845 818 2899 dici
832 2853 935 2900 naturas
948 2847 1006 2900 vin·

214 2923 283 2991 cula,
296 2943 359 2981 cum
373 2926 463 2996 potius
480 2925 637 2980 liberatores
655 2932 682 2979 et
695 2924 814 2980 vindices
833 2926 938 2980 censeri
958 2925 1005 2981 de·

214 3006 304 3069 beant,
327 3005 399 3077 quod
420 3014 544 3060 naturam
567 3005 596 3058 in
615 3004 751 3060 nonnullis
771 3022 827 3059 suae
848 3004 1006 3060 intentionis
1339 3005 1464 3062 CAPUT
1485 3006 1542 3061 111.

214 3093 367 3155 compotem
381 3085 491 3147 iaciant,
507 3084 706 3154 impedimentis
723 3085 752 3138 in
770 3085 892 3139 ordinem
911 3086 1006 3139 redac-

214 3165 263 3219 tis:
284 3181 333 3218 nos
346 3181 411 3218 vero
424 3164 580 3232 hujusmodi
593 3162 704 3218 delicias
717 3172 745 3217 et
753 3163 867 3234 pulchra
877 3163 952 3218 dictu
966 3165 1007 3218 nil
1045 3162 1167 3218 Portitio
1177 3164 1298 3221 historic
1306 3166 1451 3230 naturalis,
1462 3183 1496 3219 ec
1505 3183 1558 3220 usu
1569 3169 1663 3237 etfiae
1673 3186 1742 3223 ssu:
1764 3169 1841 3240 qued-

214 3259 366 3308 moramurr
387 3244 416 3298 id
429 3251 533 3298 tantum
547 3242 670 3298 volumus
687 3250 714 3299 ει
730 3242 913 3315 intelligimus,
927 3251 1006 3299 natu·
1084 3261 1133 3315 qus
1143 3246 1216 3314 fiais
1230 3246 1307 3317 longe
1320 3246 1501 3300 nobilissimae
1514 3246 1638 3301 historie
1652 3250 1792 3302 amardo
1803 3251 1839 3302 rit

214 3339 272 3377 ram
286 3339 335 3393 per
348 3329 442 3388 artem
451 3330 580 3395 tanquam
590 3322 724 3387 Proteum,
734 3324 764 3376 in
772 3324 930 3377 necessitate
941 3324 1006 3394 poni
1083 3326 1248 3378 ministratio
1266 3327 1357 3396 primu
1378 3325 1415 3378 ud
1439 3325 1601 3378 caedendum
1620 3327 1836 3399 philosophica,-

214 3402 243 3455 id
255 3403 361 3473 agendi,
376 3403 449 3475 quod
462 3402 564 3473 absque
577 3409 634 3456 arte
647 3409 737 3456 actum
750 3418 804 3456 non
818 3402 928 3457 suisset:
949 3403 1006 3458 sire
1084 3411 1109 3456 et
1133 3406 1202 3474 quod
1221 3405 1376 3473 hujumodi
1391 3405 1506 3459 historia
1524 3409 1605 3478 (quc
1622 3408 1731 3461 rcr'ir'cet
1751 3410 1790 3461 sit
1810 3411 1838 3458 ι’»

214 3480 282 3537 illud
294 3482 337 3537 vir
350 3491 460 3537 vocetur
473 3489 501 3537 et
514 3481 630 3547 vincula,
645 3482 701 3536 sive
715 3480 847 3536 auxilium
860 3490 887 3535 et
901 3484 1006 3551 perfec·
1084 3483 1176 3536 ordine
1190 3485 1227 3537 od
1239 3481 1411 3554 canisiana)
1427 3485 1605 3541 desideretur.

214 3562 260 3616 tio.
301 3562 454 3616 Partiemur
467 3563 558 3633 itaque
568 3560 709 3616 historiam
721 3560 871 3616 naturalem
880 3561 910 3616 in
924 3561 1007 3618 hiato·

215 3642 284 3696 riam
295 3642 516 3712 generationumr
537 3640 680 3696 historiam
690 3643 1005 3712 praetergenerationum
1085 3640 1237 3697 Carsium
1257 3641 1373 3696 historia
1391 3641 1522 3696 naturalis
1541 3649 1573 3695 ut
1593 3642 1719 3710 subjecto
1740 3643 1839 3715 triplex

214 3729 242 3775 et
264 3721 408 3775 historiam
429 3721 538 3787 artium
559 3737 642 3792 quern
666 3722 749 3775 etiam
771 3720 960 3776 mechanicam
981 3731 1007 3776 et
1046 3722 1284 3791 (quemadmodum
1296 3721 1429 3787 diximus)
1445 3720 1486 3774 ita
1498 3738 1549 3776 usu
1565 3720 1673 3792 duplex
1692 3731 1744 3776 est
1786 3723 1838 3776 Ad·

215 3800 455 3871 experimentalem
475 3797 614 3870 appellare
636 3800 830 3855 consuevimus.
876 3800 1007 3857 Libenter
1045 3798 1154 3855 hibetur
1168 3801 1241 3855 enim
1260 3809 1306 3855 aut
1327 3810 1436 3871 propter
1454 3802 1638 3871 cognitionem
1661 3819 1751 3857 rerum
1766 3803 1838 3871 ipa·

214 3888 306 3934 autem
316 3880 459 3934 historiam
472 3881 573 3934 artium
580 3888 612 3934 ut
619 3878 742 3935 historie
749 3878 879 3934 naturalia
887 3882 1007 3951 speciem
1045 3897 1113 3944 rum,
1128 3897 1189 3951 quer
1202 3880 1324 3935 historias
1338 3880 1507 3943 mandantur,
1522 3888 1570 3934 aut
1583 3889 1715 3951 tanquam
1728 3883 1840 3936 materia

215 3960 414 4025 constituimusr
430 3959 780 4031 quiaiureteraritprorsue
788 3977 847 4015 mos
857 3960 1006 4015 disserendi
1044 3959 1133 4029 prima
1145 3959 1337 4029 philosophia.
1377 3959 1572 4014 Nobilissimus
1590 3969 1683 4014 autem
1703 3960 1765 4014 finis
1784 3961 1837 4013 his

215 4046 243 4092 et
256 4039 356 4108 opinio,
371 4039 441 4093 acsi
461 4038 535 4094 aliud
554 4038 695 4109 quippiam
712 4046 785 4093 esset
803 4055 847 4094 ars
864 4054 882 4091 a
901 4047 1006 4105 natura,
1045 4039 1119 4093 torier
1136 4038 1268 4094 naturalia
1292 4039 1316 4094 is
1338 4047 1394 4104 ectr
1424 4047 1456 4093 ut
1475 4039 1512 4093 sit
1533 4039 1699 4094 inductionis
1722 4057 1793 4094 rere
1812 4052 1839 4093 ει

215 4124 245 4171 nt
258 4118 411 4173 artificialia
431 4135 449 4170 a
467 4117 636 4174 naturalibus
654 4118 793 4190 segregari
811 4119 935 4184 debeant,
950 4128 1007 4173 tan-
1045 4116 1174 4188 legitimae
1185 4117 1310 4190 supellex
1322 4127 1402 4191 etque
1416 4118 1511 4186 sylrar
1532 4119 1839 4190 atquecatistrahatex

216 4213 297 4267 quam
310 4205 367 4252 toto
381 4214 480 4268 genere
502 4196 701 4267 discrepantia:
722 4196 792 4251 unde
807 4196 914 4252 etillud
931 4198 1006 4264 mali,
1045 4212 1128 4252 sensu
1140 4197 1175 4251 ad
1188 4199 1373 4253 instruendum
1383 4197 1556 4252 intellectum.
1598 4197 1732 4253 lllaenim
1745 4198 1838 4262 altera,

215 4276 286 4346 quod
299 4275 420 4347 plerique
430 4276 550 4332 ffinorim
560 4276 690 4332 naturalis
701 4276 844 4347 scriptores
854 4276 1007 4347 perfunctos
1045 4294 1106 4347 quae
1124 4284 1170 4330 aut
1193 4277 1377 4332 narrationum
1394 4277 1563 4346 jucunditate
1581 4277 1708 4342 delectat,
1729 4285 1776 4332 snt
1794 4294 1838 4331 ex·

216 4371 246 4410 se
266 4363 369 4425 putant,
387 4356 410 4409 si
430 4355 572 4411 historiam
594 4355 759 4420 animalium,
780 4363 827 4410 aut
846 4355 1005 4425 plantarum,
1044 4355 1255 4424 perimentumm
1268 4373 1319 4411 usu
1334 4357 1418 4426 jurat,
1431 4365 1511 4427 atque
1524 4357 1681 4426 hujusmodi
1694 4357 1838 4427 voluptatis

215 4440 264 4487 sut
276 4433 446 4490 mineralium
458 4435 631 4500 confecerint,
642 4435 750 4490 omissis
760 4435 859 4489 artium
869 4434 1007 4490 mechani-
1044 4443 1092 4488 aut
1111 4435 1212 4491 fruetus
1233 4435 1322 4507 matie
1342 4436 1456 4507 quaesita
1477 4443 1533 4500 est;
1561 4436 1701 4491 inferioris
1721 4437 1838 4507 proiecto

216 4529 308 4568 earum
322 4513 516 4585 experimentis
531 4517 605 4586 (quea
619 4515 699 4585 longe
712 4513 825 4568 maximi
840 4514 875 4567 ad
885 4513 1006 4584 philoso·
1044 4520 1116 4570 notar
1129 4523 1178 4579 est,
1193 4524 1221 4569 et
1234 4532 1333 4586 genere
1347 4515 1407 4586 ipso
1420 4515 1507 4579 vilior,
1520 4532 1578 4585 prae
1594 4532 1635 4578 ea,
1651 4517 1731 4583 cujus
1748 4533 1782 4569 ea
1800 4525 1838 4568 est

215 4592 311 4663 phiam
325 4593 452 4648 momenti
472 4593 565 4662 sunt);
587 4601 644 4648 tum
666 4594 750 4649 etiam
770 4592 890 4648 illabitur
908 4595 1007 4649 animis
1044 4593 1085 4646 vis
1099 4601 1127 4647 et
1138 4594 1261 4665 qualitas,
1269 4602 1300 4649 ut
1308 4595 1418 4664 propria
1426 4594 1462 4648 sit
1471 4611 1616 4665 parasceue
1625 4596 1662 4648 ad
1672 4595 1836 4649 condendam

216 4672 357 4727 hominum
371 4671 495 4728 subtilius
508 4672 581 4727 aliud
595 4672 711 4738 malumr
732 4689 831 4743 nempe
841 4680 872 4728 ut
885 4690 930 4727 ars
943 4691 1006 4728 cen·
1044 4670 1256 4743 philosophiam.
1303 4674 1372 4728 Hac
1390 4673 1464 4727 enim
1483 4673 1591 4728 demum
1611 4691 1645 4727 ea
1666 4683 1709 4728 est
1728 4674 1838 4728 historia

216 4760 308 4808 seatur
321 4752 488 4807 solummodo
505 4759 536 4806 ut
550 4752 759 4807 additamentum
779 4752 914 4823 quoddam
932 4761 1007 4808 natu
1045 4749 1182 4816 naturalis,
1196 4771 1257 4824 quse
1268 4769 1340 4808 verae
1352 4760 1382 4807 et
1399 4753 1494 4808 actirae
1512 4752 1690 4822 philosophia
1708 4754 1795 4807 solida
1811 4761 1838 4805 et

216 4849 269 4896 τως
289 4833 366 4900 cujus
379 4831 485 4886 scilicet
497 4848 531 4886 ea
544 4831 581 4886 sit
594 4832 643 4897 vis,
657 4838 687 4887 ut
699 4840 823 4886 naturam
835 4830 879 4887 sel
892 4832 1005 4887 inchoa·
1045 4839 1146 4885 aterna
1168 4832 1241 4887 basis
1260 4832 1449 4896 constitunturr
1481 4849 1594 4903 qumque
1615 4832 1716 4886 lumini
1738 4843 1837 4886 natiue

216 4917 271 4965 tam
285 4912 422 4982 perficere,
437 4911 481 4966 sel
494 4909 651 4966 inclinatam
669 4911 812 4967 emendare
831 4912 933 4982 possit;
954 4911 1006 4967 mi·
1044 4918 1160 4980 puroet
1182 4912 1293 4965 minime
1315 4910 1488 4983 phantastico
1509 4911 1625 4982 primam
1650 4913 1835 4966 accensionem

214 4990 288 5045 nime
302 5006 367 5045 vero
379 4990 507 5046 radicitus
520 4998 705 5055 transmutare,
719 4998 800 5062 atque
814 4991 842 5045 in
860 4991 924 5047 imis
940 5009 1005 5047 con·
1045 4990 1165 5058 prabet3
1186 4991 1262 5058 cuius
1277 5008 1384 5062 quoque
1398 4989 1538 5061 neglectus
1555 5000 1583 5043 et
1602 4991 1701 5061 genius
1717 5007 1771 5044 non
1786 4990 1836 5060 pla-

215 5076 325 5136 cuterer
347 5071 419 5141 quod
431 5070 577 5141 plurimum
587 5069 666 5124 rebus
676 5069 804 5126 humanis
813 5071 1007 5142 desperationis
1044 5077 1128 5133 catus,
1142 5070 1215 5125 acies
1227 5069 1289 5124 illas
1310 5069 1452 5134 larvarum,
1470 5087 1502 5123 ac
1520 5068 1604 5124 veluti
1624 5086 1712 5140 regua
1731 5070 1834 5124 umbra-

216 5147 314 5202 intulit.
362 5150 399 5203 At
418 5157 513 5204 contra
532 5146 600 5202 illud
621 5148 726 5218 penitus
750 5150 848 5205 animis
866 5150 1007 5206 hominum
1045 5165 1113 5214 rum,
1136 5166 1197 5220 qum
1216 5150 1246 5203 in
1268 5148 1449 5220 philosophiis
1468 5149 1581 5203 volitare
1601 5159 1758 5212 cernuntur,
1778 5165 1835 5204 cum

216 5225 336 5282 insidere
344 5228 480 5294 debueret,
490 5226 667 5282 artificialiaa
677 5229 846 5283 naturalibus
855 5246 910 5284 nun
922 5230 1008 5284 forma
1045 5228 1166 5282 maxima
1179 5236 1206 5282 et
1215 5227 1375 5283 calamitosa
1388 5245 1500 5298 operum
1510 5226 1650 5282 sterilitate
1661 5228 1743 5283 nobis
1757 5229 1836 5299 pessi·

216 5313 265 5359 aut
278 5307 403 5372 essentia,
418 5307 466 5362 sed
478 5306 614 5362 efficiente
632 5312 743 5370 tantum,
757 5307 882 5373 differre3
903 5308 1007 5362 homini
1046 5324 1090 5361 mo
1105 5306 1161 5360 sato
1173 5309 1295 5364 immisit.
1335 5308 1509 5362 Affirmamus
1528 5316 1626 5372 autem,
1640 5316 1668 5361 et
1689 5306 1772 5378 plum
1785 5316 1835 5362 ter·

215 5401 279 5438 vere
293 5386 322 5438 in
339 5394 462 5441 naturam
480 5385 561 5458 plane
580 5383 680 5439 nullius
698 5385 738 5439 rei
756 5393 919 5456 potestatem
939 5404 1007 5452 esse,
1045 5395 1139 5450 tamur,
1161 5386 1302 5442 historiam
1323 5387 1481 5452 naturalem,
1504 5385 1592 5458 qualia
1613 5389 1641 5442 in
1663 5387 1759 5442 ordine
1779 5403 1835 5440 esse

217 5469 396 5533 preterquam
410 5472 514 5521 motusr
534 5470 565 5518 ut
575 5479 688 5535 corpora
701 5464 804 5521 scilicet
817 5465 1008 5522 naturaliasut
1045 5463 1143 5520 debeat
1159 5466 1195 5520 ad
1213 5467 1294 5522 istum
1311 5468 1401 5532 finem,
1420 5483 1474 5522 non
1492 5465 1596 5532 haberi,
1613 5465 1664 5523 sed
1682 5465 1833 5526 mudena.

1758 5749 1771 5832 l
