3800 5875
527 313 718 370 HISTORIAE
738 311 960 370 NATUNALIS
980 313 1188 370 PRAEFATlO.
1612 314 1670 371 513

57 480 203 543 ροιειιιιιιιι
216 473 244 526 iu
257 488 287 526 se
301 471 495 543 complectitur.
538 473 688 527 Intervenit
700 480 728 526 et
740 472 809 527 iliud
822 491 858 527 ex
872 472 1014 527 hominum
1026 473 1182 528 curiositate
1192 478 1221 527 et
1231 472 1311 536 testu,
1322 472 1394 543 quod
1407 472 1443 526 sd
1451 481 1555 527 secreta
1570 479 1597 527 et
1607 491 1669 530 rara

58 571 82 607 se
94 554 244 623 plerumque
253 561 448 615 converterunt,
463 561 491 607 et
504 554 533 606 in
542 552 587 606 his
600 569 713 623 operam
723 560 751 606 et
763 553 967 623 inquisitionem
978 559 1131 622 posuemut,
1142 552 1241 622 spretis
1251 553 1445 621 experimentis
1456 559 1536 622 atque
1546 554 1669 608 observa·

56 633 161 686 tionibus
173 632 305 702 vulgatis:
326 632 398 702 quod
412 633 536 687 ridentur
553 631 658 694 iecisse,
673 641 719 685 aut
732 632 939 686 admirationem
952 639 982 686 ct
1002 631 1103 686 famam
1116 640 1264 702 captantes,
1279 638 1326 686 aut
1338 632 1366 685 in
1382 649 1415 686 eo
1428 631 1498 701 lapsi
1513 639 1541 685 et
1554 633 1667 703 decepti,

57 711 118 782 qood
138 710 321 781 philosophias
341 712 459 766 officium
478 712 507 764 in
522 710 756 765 accommodandis
769 720 797 765 et
811 710 971 766 reducendis
992 710 1140 765 rarioribus
1154 711 1295 765 eventibus
1316 710 1350 764 ad
1363 728 1404 776 ea,
1419 728 1480 781 quse
1497 711 1667 767 familiariter

56 799 189 855 oormmut,
203 806 258 844 nou
272 807 350 861 arque
370 790 401 844 in
413 792 534 862 ipsarum
556 790 666 844 illarum
679 789 831 859 vulgarium
853 807 944 844 rerum
963 789 1060 854 causis,
1075 797 1101 844 ct
1115 806 1256 850 causarum
1271 792 1361 845 causis
1375 790 1517 845 altioribus
1530 792 1666 856 amendia,

56 871 122 923 dum
135 886 192 923 esse
206 869 407 924 existimarunt.
450 869 593 924 Universae
603 877 695 923 autem
707 869 790 937 hujus
801 870 834 923 de
849 868 965 924 naturali
980 868 1093 923 historia
1107 869 1226 939 querela
1239 886 1321 924 causa
1334 887 1367 923 ea
1380 870 1518 941 praecipua
1532 878 1581 934 est,
1596 873 1668 941 quod

56 949 163 1002 homines
176 965 231 1003 nou
244 949 274 1002 in
288 965 369 1019 opere
384 949 553 1012 tantumsed
565 949 593 1002 in
608 949 668 1018 ipso
682 949 807 1002 instituto
816 949 982 1003 aberrarunt.
1023 949 1152 1018 Namque
1161 948 1284 1004 Historia
1296 948 1345 1003 illa
1357 947 1498 1013 naturalis,
1510 966 1572 1020 quse
1582 958 1666 1014 extat,

56 1037 94 1080 aot
105 1028 136 1080 ob
153 1028 274 1098 ipsorum
288 1028 535 1097 experimentorum
549 1027 701 1090 utilitatem,
716 1037 764 1082 aut
781 1028 816 1082 ob
829 1028 1014 1083 narrationum
1032 1027 1236 1095 jucunditatem,
1251 1028 1373 1083 coniecta
1386 1028 1499 1093 ridetur,
1514 1037 1542 1082 et
1555 1038 1668 1099 propter

56 1125 79 1160 se
91 1108 167 1168 iacta;
187 1123 244 1160 non
257 1115 288 1161 ut
301 1107 484 1178 philosophias
497 1115 525 1162 et
538 1107 658 1161 sciemus
671 1108 758 1171 initia,
773 1115 800 1160 et
813 1106 897 1162 veluti
911 1123 1059 1161 mammam
1071 1108 1198 1178 praebeat.
1241 1108 1336 1178 itaque
1346 1108 1411 1163 huic
1422 1108 1463 1163 rei
1475 1124 1525 1177 pro
1538 1108 1666 1164 facultate

56 1195 131 1239 nostra
144 1187 176 1240 de
190 1203 251 1240 esse
265 1185 399 1242 nolumus.
439 1187 529 1241 Nobis
548 1187 621 1241 enim
635 1194 765 1258 quantum
779 1186 961 1257 philosophiis
975 1186 1116 1241 amnaetis
1130 1187 1165 1241 sit
1177 1187 1346 1242 tribuendum
1357 1187 1522 1257 jampridem
1537 1189 1666 1243 eonstitu-

56 1273 102 1319 tum
113 1274 162 1320 est.
201 1266 297 1320 Etiam
310 1267 370 1320 rias
388 1266 554 1321 inductionis
570 1283 642 1320 verm
660 1273 689 1320 et
706 1265 793 1330 boum,
807 1266 836 1319 in
851 1282 906 1337 qua
919 1274 982 1320 nint
995 1266 1094 1330 omnia,
1113 1273 1205 1320 tenere
1225 1283 1274 1321 nos
1288 1266 1457 1331 arbitramur,
1472 1273 1500 1320 et
1513 1266 1665 1322 intellectus

55 1344 151 1397 hnmani
165 1362 260 1399 sersus
274 1345 401 1400 scientias
418 1344 574 1400 facultatem
587 1347 815 1415 incompetentem
828 1352 856 1399 et
869 1362 978 1415 prorsus
991 1345 1132 1414 imparem,
1142 1345 1226 1400 veluti
1240 1362 1289 1417 per
1302 1346 1451 1410 machinas,
1466 1350 1513 1400 aut
1526 1346 1602 1401 iilum
1616 1347 1666 1401 ali-

55 1425 114 1492 quod
133 1423 289 1494 labyrinthi,
306 1441 384 1494 posse
400 1425 504 1494 juvare.
544 1425 644 1495 Neque
663 1425 749 1478 nescii
770 1441 870 1488 mutus,
884 1441 942 1489 nos,
958 1425 982 1478 si
1001 1425 1224 1479 instaurationem
1243 1425 1322 1479 illam
1342 1426 1522 1488 scientiarum,
1537 1443 1619 1497 quam
1633 1426 1663 1480 in

54 1504 131 1558 auimo
144 1503 285 1567 babemus,
299 1504 371 1557 intra
384 1505 494 1559 iuventa
508 1502 566 1558 ulla
578 1505 683 1573 majora
695 1503 823 1559 cohibere
838 1503 1026 1567 voluissemus,
1040 1503 1200 1574 ampliorem
1214 1504 1326 1558 sortasse
1340 1504 1452 1559 honoris
1469 1505 1585 1559 fructum
1605 1522 1665 1575 per-

54 1583 132 1650 cipere
150 1584 280 1653 potuisse.
321 1583 423 1638 Verum
440 1601 503 1638 eum
523 1583 602 1637 nobis
620 1583 696 1638 Deus
717 1584 837 1637 animum
857 1582 992 1647 indiderit,
1013 1584 1059 1653 qui
1079 1599 1108 1637 se
1130 1584 1211 1638 rebus
1231 1584 1389 1638 submittere
1409 1584 1485 1647 sciat,
1505 1584 1613 1654 quique,
1628 1602 1664 1639 ex

54 1663 130 1715 meriti
142 1663 310 1716 conscientia
323 1670 351 1716 et
363 1679 504 1718 successus
518 1662 624 1726 fiducia,
639 1663 763 1733 speciosa
772 1662 861 1717 libens
876 1671 1034 1732 praeteream
1057 1679 1117 1716 eam
1131 1663 1214 1717 etiam
1224 1672 1328 1734 partem
1343 1664 1433 1732 operis
1445 1663 1523 1717 nobis
1537 1663 1663 1734 desump-

53 1742 132 1803 simus,
146 1758 226 1811 quam
241 1742 429 1796 existimamus
442 1742 526 1796 alium
540 1759 704 1812 quemqnam
719 1742 805 1796 autin
819 1743 975 1797 universum
994 1742 1097 1810 lugere,
1112 1752 1225 1796 autnon
1239 1759 1289 1812 pro
1302 1743 1426 1796 instituto
1443 1749 1535 1796 nostro
1550 1749 1663 1798 tractare

53 1819 163 1875 soluisse.
203 1821 287 1875 Circa
299 1820 350 1875 hoe
364 1829 455 1876 sutem
468 1821 521 1876 duo
534 1829 602 1887 snut,
616 1822 650 1876 de
664 1822 763 1893 quibus
776 1820 909 1885 homines,
923 1829 951 1875 et
964 1821 1041 1883 alias,
1054 1829 1082 1874 et
1094 1838 1164 1875 nunc
1176 1822 1320 1892 praecipue,
1333 1839 1393 1875 curn
1404 1821 1437 1875 ad
1452 1838 1509 1876 rem
1522 1822 1610 1891 ipsam
1621 1839 1664 1877 ae-

52 1900 177 1968 cingimur,
187 1902 310 1954 monitos
324 1900 457 1956 volumus.
498 1901 599 1965 Primo,
612 1908 643 1956 ut
655 1902 764 1955 mittant
774 1900 849 1955 illum
859 1900 1060 1971 cogitationem,
1075 1918 1136 1971 quse
1146 1901 1225 1955 iseile
1239 1900 1381 1955 hominum
1394 1909 1499 1955 mentes
1509 1909 1621 1971 occupat
1636 1911 1664 1957 et

53 1978 150 2043 obsidet,
162 1979 227 2033 licet
239 1981 277 2034 sit
287 1979 433 2035 salsissima
445 1987 474 2035 et
486 1980 732 2050 pemiciosissimar
747 1996 808 2034 eam
821 1979 956 2042 videlieet,
968 1979 1040 2050 quod
1055 1995 1144 2034 rerum
1154 1979 1358 2050 particularium
1372 1980 1516 2050 inquisitio
1528 1980 1663 2035 inlinitum

53 2057 164 2126 quiddam
181 2059 217 2113 sit
238 2068 269 2113 et
286 2060 346 2113 sine
365 2061 457 2115 exitu:
479 2076 541 2114 cum
561 2058 629 2113 illud
648 2061 739 2115 verina
752 2059 797 2124 sit,
811 2060 970 2128 opinionum
990 2065 1017 2113 et
1035 2059 1246 2127 disputationum
1268 2059 1377 2113 modum
1397 2057 1502 2113 nullum
1515 2076 1593 2123 esser
1614 2061 1663 2115 sed

54 2137 193 2204 phantasias
207 2138 272 2193 illas
286 2138 322 2192 ad
334 2147 480 2210 perpetuos
494 2155 600 2194 errores
613 2146 641 2193 et
653 2140 772 2194 inlinitas
787 2140 950 2210 agitatioms
964 2138 1086 2193 damnari
1098 2161 1105 2202 ;
1125 2138 1300 2209 particularia
1313 2147 1403 2193 autern
1416 2146 1443 2192 et
1456 2138 1662 2194 informationes

53 2233 132 2271 ussus
145 2218 278 2288 (demptis
291 2217 437 2274 individuis
458 2227 486 2273 et
499 2235 589 2273 rerum
604 2218 740 2290 gradibus,
755 2219 827 2290 quod
843 2218 1013 2289 inquisitioni
1034 2218 1158 2273 veritatis
1171 2218 1238 2272 satis
1256 2220 1309 2284 est)
1324 2217 1596 2287 comprehensionem
1612 2236 1661 2290 pro

52 2307 172 2360 certo,uec
186 2314 251 2351 eam
265 2314 331 2352 saue
340 2306 500 2354 rastamant
513 2298 691 2367 desperatam,
703 2299 850 2369 patiuntur.
891 2297 1023 2362 Secundo,
1033 2305 1064 2352 ut
1073 2297 1197 2351 homines
1204 2297 1318 2352 subinde
1332 2296 1505 2351 meminerint
1520 2297 1584 2368 quid
1598 2315 1662 2368 aga·

52 2382 93 2436 tur,
105 2387 181 2448 atque
191 2395 258 2431 eum
269 2377 412 2432 inciderint
425 2379 453 2431 in
467 2377 621 2447 complures
634 2394 678 2432 res
692 2377 899 2448 vulgatissimus,
910 2376 1004 2442 exiles,
1019 2393 1051 2429 ac
1065 2377 1157 2447 speeie
1171 2385 1248 2431 tenus
1262 2376 1344 2442 leves,
1353 2376 1435 2430 etiam
1446 2382 1546 2447 turpes,
1561 2386 1588 2430 et
1602 2378 1662 2447 qui-

51 2451 92 2507 bos
105 2458 143 2522 (ut
155 2458 193 2510 ait
214 2456 280 2525 ille)
298 2455 386 2511 honos
406 2457 560 2527 praefandus
580 2457 630 2522 sit3
651 2474 707 2511 nou
727 2457 892 2511 arbitrentur
909 2473 960 2511 nos
973 2456 1078 2526 ungari,
1094 2464 1141 2509 sut
1154 2463 1274 2510 mentem
1288 2456 1434 2509 humanam
1446 2455 1566 2519 inferius,
1581 2473 1662 2526 quam

51 2549 91 2600 pro
107 2535 235 2604 dignitate
252 2552 310 2599 sua,
325 2536 485 2606 deprimere.
526 2536 624 2607 Neque
638 2536 711 2590 enim
724 2536 778 2590 ista
791 2545 902 2607 propter
915 2552 945 2589 se
965 2535 1080 2606 quesita
1093 2543 1140 2589 aut
1157 2535 1292 2604 descripta
1305 2542 1382 2598 sunt;
1404 2534 1452 2588 sed
1466 2534 1541 2588 nulla
1553 2551 1663 2605 prorsus

51 2611 95 2664 alia
107 2623 177 2683 patet
189 2614 343 2670 intellectui
357 2616 477 2670 humano
490 2615 543 2679 ria,
560 2632 649 2687 neque
667 2616 738 2670 ratio
752 2616 843 2686 operis
856 2615 936 2669 aliter
955 2622 1075 2668 constat:
1096 2630 1145 2669 nos
1165 2614 1300 2685 siquidem
1319 2630 1449 2668 conamur
1469 2631 1527 2669 rem
1541 2615 1661 2669 omnium

51 2693 154 2747 maxime
175 2694 287 2758 seriam,
303 2702 329 2750 ct
342 2695 464 2750 hnmana
481 2702 571 2751 mente
590 2694 785 2767 dignissimam,
801 2702 831 2749 ut
846 2694 939 2748 lumen
952 2702 1057 2748 naturoe
1071 2710 1168 2764 pnmm
1187 2702 1214 2748 et
1227 2693 1338 2748 minime
1356 2693 1557 2763 phantasticum
1570 2695 1661 2764 (eujus

51 2785 134 2825 nomen
145 2773 281 2829 hactenus
297 2775 457 2846 quaudoque
472 2776 609 2844 jactatum
631 2792 674 2830 res
688 2773 844 2829 hominibus
858 2773 967 2844 penitus
986 2774 1080 2843 ignota
1095 2773 1149 2839 est)
1163 2789 1212 2842 per
1225 2773 1313 2826 lacem
1326 2789 1343 2825 a
1356 2772 1449 2825 divino
1460 2773 1580 2826 Numine
1594 2789 1662 2842 prar-

52 2848 120 2906 bitam
133 2862 158 2906 et
167 2852 316 2918 admotam,
331 2853 383 2909 hoc
396 2862 489 2909 nostro
502 2854 595 2910 seculo
608 2854 776 2909 accendatur.
816 2854 915 2923 Neque
927 2853 1000 2907 enim
1010 2852 1210 2906 dissimulamus
1223 2868 1274 2906 nos
1287 2852 1317 2906 in
1327 2868 1361 2905 ea
1374 2851 1501 2922 opinione
1516 2868 1583 2914 esse,
1595 2869 1662 2921 prm·

52 2940 169 2998 posteram
188 2933 267 2989 illam
289 2940 510 3006 argumentorum
531 2943 560 2990 et
579 2934 784 2990 meditationum
802 2931 988 2997 subtilitatem,
1002 2931 1097 3004 primm
1114 2931 1314 2987 informationis
1329 2931 1386 2987 sire
1408 2948 1479 2986 verse
1496 2930 1661 2986 inductionis

52 3010 182 3067 subtilitate
203 3022 231 3068 et
246 3013 365 3069 veritate
379 3031 428 3069 suo
448 3023 571 3085 tempore
589 3015 779 3084 praetermissa,
793 3020 840 3067 aut
853 3029 908 3067 non
921 3020 994 3068 recte
1011 3013 1140 3077 instituta,
1154 3029 1213 3067 rem
1229 3012 1259 3065 in
1279 3012 1414 3082 integrum
1431 3011 1571 3065 restituere
1585 3011 1662 3066 nullo

52 3091 118 3144 modo
130 3109 216 3161 posse,
231 3093 299 3148 licet
313 3094 404 3148 omnia
416 3095 538 3149 omnium
552 3104 664 3149 etatum
676 3094 788 3164 ingenia
801 3093 929 3159 coierint;
950 3092 1000 3147 sed
1017 3100 1148 3156 namnam,
1161 3097 1192 3146 ut
1204 3092 1350 3154 fortunam,
1363 3107 1381 3144 a
1394 3090 1481 3144 ironte
1495 3087 1659 3161 capillutum,

51 3167 206 3242 oboceipitio
214 3171 325 3227 cairam
336 3189 405 3228 esse.
446 3173 543 3229 Restat
555 3174 648 3245 itaque
661 3181 692 3226 ut
704 3190 749 3228 res
759 3173 793 3227 de
804 3173 913 3243 integro
926 3177 1052 3235 tentetur,
1066 3171 1146 3243 idque
1160 3171 1307 3239 majoribus
1321 3169 1461 3240 presidiis,
1472 3177 1561 3240 atque,
1571 3170 1662 3224 exutis

51 3248 194 3315 opinionum
208 3252 285 3317 celis,
297 3252 375 3307 detur
387 3252 476 3308 aditus
489 3253 525 3307 ad
537 3269 651 3324 regnum
665 3251 847 3324 philosophias
860 3262 889 3305 et
902 3251 1078 3306 scientiarum
1086 3251 1114 3304 in
1126 3267 1181 3322 quo
1189 3267 1255 3320 opes
1266 3250 1392 3304 humanae
1403 3250 1464 3304 sitae
1473 3258 1542 3314 snut,
1552 3254 1662 3319 (natura

51 3329 111 3380 enim
124 3347 175 3384 non
189 3333 242 3386 nisi
258 3333 380 3402 parendo
393 3333 531 3401 vincitne)
547 3332 635 3403 qualis
649 3339 724 3403 patet
736 3332 772 3386 ad
789 3348 903 3402 regnum
916 3330 985 3385 illud
998 3330 1136 3395 erulorum,
1151 3332 1180 3384 in
1194 3330 1272 3400 quod,
1283 3329 1336 3384 nisi
1351 3329 1402 3384 sub
1413 3345 1528 3399 persona
1540 3329 1660 3394 intentis,

52 3404 139 3475 ingredi
152 3427 205 3465 nm
219 3411 296 3466 licet
337 3411 424 3466 Usum
439 3420 530 3466 autem
543 3410 625 3481 hujus
639 3412 729 3482 operis
743 3410 880 3481 plebeium
893 3410 971 3465 illum
985 3417 1012 3465 et
1025 3411 1207 3480 promiscuum
1220 3427 1256 3464 ex
1263 3409 1457 3480 experimentis
1471 3408 1538 3478 ipsis
1552 3409 1662 3462 omnino

51 3499 94 3538 non
102 3491 299 3555 coutemninus,
307 3489 381 3559 (cum
391 3499 419 3545 et
431 3492 536 3546 notitise
548 3498 576 3546 et
586 3492 736 3545 inventioni
744 3490 895 3554 hominum,
910 3506 962 3560 pro
974 3490 1103 3544 varietate
1113 3490 1212 3544 artium
1226 3497 1253 3543 et
1267 3488 1447 3560 ingeniorum,
1457 3487 1573 3558 plurima
1583 3487 1662 3543 utilia

52 3567 210 3630 proculdubio
224 3586 374 3641 suggerere
388 3570 497 3641 possit),
512 3578 630 3625 attamen
643 3571 786 3625 minimum
801 3570 928 3641 quiddam
942 3585 1003 3624 esse
1018 3586 1160 3624 censemus
1171 3586 1227 3639 prae
1237 3585 1270 3622 eo
1283 3569 1358 3622 aditu
1371 3568 1407 3622 ad
1419 3567 1560 3623 scientiam
1573 3575 1601 3621 et
1615 3585 1662 3638 po

51 3646 147 3702 leudam
158 3646 320 3714 hnmauam,
334 3666 415 3720 quem
428 3666 464 3704 ex
477 3648 663 3705 misericordia
673 3650 766 3704 divina
778 3666 934 3720 speramus:
956 3665 1039 3719 aqua
1048 3649 1131 3703 etiam
1145 3647 1283 3719 supplices
1293 3648 1393 3702 iterum
1406 3647 1531 3719 petimus,
1540 3653 1570 3701 ut
1582 3647 1661 3702 novis

50 3720 213 3795 deemorynis
228 3745 281 3799 per
295 3745 391 3783 manus
403 3736 509 3783 nocuas
523 3729 656 3784 familiam
668 3728 818 3784 humanum
831 3728 924 3782 dotare
938 3728 1072 3799 dignetur.

81 3802 178 3860 Natura
187 3824 284 3863 rerum
298 3815 347 3862 sut
359 3807 445 3862 libera
458 3817 507 3873 est,
521 3816 551 3863 ut
563 3808 592 3863 in
604 3807 765 3880 speciebus,
786 3816 834 3863 aut
846 3808 1010 3878 perturbata,
1024 3815 1054 3861 ut
1065 3806 1095 3861 iu
1108 3808 1252 3872 monstris3
1274 3815 1323 3862 aut
1334 3807 1486 3870 constricta,
1498 3805 1565 3861 utin
1580 3824 1662 3878 expe·

50 3879 156 3940 numus
168 3888 290 3942 artiumr
311 3886 433 3942 facinora
446 3894 537 3943 autem
552 3889 612 3957 ejus
625 3889 809 3959 cujuscunque
823 3887 931 3959 generis
944 3887 1028 3957 digna
1040 3894 1190 3941 memoratu
1202 3895 1230 3941 et
1242 3886 1365 3942 historia
1406 3885 1460 3941 Sed
1471 3886 1586 3941 historia
1599 3903 1661 3955 spe·

49 3958 145 4026 cirrum,
159 3983 221 4036 quae
231 3966 359 4031 habetur,
372 3966 456 4021 veluti
473 3968 636 4038 plantarum,
650 3967 817 4032 animalium,
832 3965 1009 4030 metallorum,
1024 3973 1052 4021 et
1064 3964 1205 4031 fossilium,
1221 3966 1323 4021 tumida
1337 3974 1378 4020 est
1391 3974 1419 4019 et
1431 3965 1555 4030 curiosa3
1577 3965 1661 4020 histo·

50 4040 83 4092 rit
95 4044 266 4110 mirabilium,
281 4062 352 4100 rana
359 4053 387 4100 et
401 4063 416 4100 c
430 4063 549 4111 rumore,
570 4045 686 4101 historia
699 4046 948 4118 experimentorum
957 4052 1171 4109 mancateutata
1184 4062 1233 4117 per
1247 4054 1346 4115 partes,
1355 4051 1469 4099 tractata
1481 4045 1660 4116 negligenter,

50 4126 118 4189 tique
127 4127 237 4179 omnino
250 4126 282 4179 in
297 4142 374 4179 usum
389 4125 522 4196 practica,
536 4142 590 4180 nou
603 4126 633 4180 in
643 4144 721 4181 usum
735 4125 927 4197 philosophias.
968 4125 1059 4180 Nobis
1071 4125 1164 4195 itaque
1179 4134 1234 4179 stat
1246 4125 1392 4189 decretum,
1406 4124 1548 4178 historiam
1559 4125 1662 4195 specie·

50 4212 97 4251 mm
109 4204 279 4269 manauere,
293 4202 434 4259 historiam
448 4205 613 4260 mirabilium
627 4212 754 4260 excutere
768 4212 849 4277 atque
859 4221 1011 4275 expurgare
1023 4227 1030 4271 ς
1052 4204 1218 4276 precipuum
1231 4212 1322 4259 autem
1331 4220 1442 4274 operam
1455 4204 1484 4256 in
1494 4206 1662 4274 experimen·

50 4276 78 4329 lit
89 4281 249 4339 mechanicis
265 4291 294 4339 et
307 4283 501 4350 artificialibus,
515 4291 598 4356 atque
613 4292 717 4339 naturae
736 4301 802 4356 erga
814 4301 924 4339 manum
938 4285 1086 4340 humanam
1106 4282 1251 4354 obsequiis,
1266 4283 1406 4338 collocare.
1447 4282 1516 4343 Quid
1540 4284 1612 4338 enim
1627 4284 1662 4338 ad

49 4369 89 4410 Μ
101 4357 171 4415 lusus
184 4372 293 4418 naturus
306 4370 335 4417 et
347 4362 482 4418 lasciviat
511 4365 572 4418 Hoc
586 4372 628 4419 est
646 4363 753 4434 pusillas
766 4365 917 4434 specierum
931 4381 967 4418 ex
988 4364 1076 4435 figam
1093 4362 1252 4417 differentior
1271 4381 1331 4433 quae
1353 4362 1388 4415 ad
1401 4378 1484 4432 opera
1497 4362 1537 4415 nil
1550 4363 1661 4429 iaciunt,

49 4434 170 4507 ltquibus
183 4442 365 4496 nihilominus
376 4443 506 4498 naturalis
514 4443 629 4498 historia
641 4443 801 4498 luxuriatur.
842 4443 1012 4498 Mirabilium
1026 4451 1114 4497 autern
1129 4442 1249 4513 cognitio
1256 4450 1333 4512 grata
1347 4450 1419 4497 certa
1432 4441 1519 4506 nobis,
1530 4443 1552 4496 si
1564 4460 1662 4512 expur-

49 4523 103 4581 rata
114 4526 139 4571 et
151 4520 241 4576 electa
256 4523 309 4576 sit:
331 4522 379 4576 sed
393 4523 567 4593 quamobrem
581 4522 688 4577 tandem
703 4523 803 4595 grata?
838 4524 903 4576 Non
916 4523 952 4576 ob
961 4523 1050 4593 ipsam
1064 4522 1249 4577 admirationis
1263 4522 1431 4585 suavitatem,
1446 4522 1494 4575 sed
1508 4522 1579 4591 quod
1589 4539 1661 4592 supe

48 4601 121 4650 mem
133 4600 215 4654 officii
230 4601 276 4655 sui
287 4601 423 4669 admonet,
437 4609 468 4656 ut
480 4611 606 4657 naturam
620 4603 756 4658 emensae
769 4602 906 4672 perducat,
921 4618 976 4673 quo
989 4602 1048 4672 ipsa
1063 4608 1158 4672 sponte
1172 4618 1221 4656 sua
1234 4618 1425 4673 nonnunquam
1440 4601 1556 4670 praeivit.
1598 4602 1661 4655 Om-

48 4672 105 4727 nino
117 4679 216 4745 primas
235 4688 330 4750 partes
343 4681 378 4734 ad
392 4681 564 4736 excitandum
585 4683 677 4737 lumen
691 4690 794 4737 naturae
807 4681 995 4735 artificialibus
1016 4681 1176 4745 tribuimusr
1197 4697 1252 4734 non
1268 4688 1371 4735 tantum
1385 4681 1449 4751 quia
1466 4696 1516 4749 per
1529 4697 1559 4734 se
1572 4679 1661 4734 utilis·

48 4751 113 4817 Μ
127 4758 172 4810 sed
192 4760 261 4829 quia
283 4759 445 4814 naturalium
460 4761 583 4815 fidissimi
597 4761 767 4831 interpretes.
809 4762 884 4815 Num
898 4760 966 4814 torte
986 4760 1109 4830 fulguris,
1122 4766 1169 4812 ent
1187 4759 1265 4814 iridis
1277 4768 1403 4815 nattrram
1416 4768 1472 4814 tam
1486 4759 1558 4814 clare
1572 4758 1661 4829 expli·

48 4842 123 4888 unet
135 4838 291 4908 quisquam,
305 4847 450 4910 antequam
465 4856 514 4909 per
526 4847 661 4894 tormenta
673 4840 773 4895 bellica
786 4847 833 4894 aut
846 4839 991 4893 artificiosa
1004 4839 1102 4893 iridum
1117 4854 1198 4908 super
1211 4839 1342 4910 parietem
1356 4839 1509 4903 simulacra,
1519 4838 1661 4908 utriusque

48 4911 107 4997 totio
123 4914 309 4972 demonstrata
328 4920 418 4973 esset?
444 4918 519 4980 Quod
533 4919 557 4972 si
571 4935 713 4973 causarum
734 4920 781 4973 lidi
803 4920 972 4989 interpretes,
987 4919 1071 4972 etism
1091 4918 1247 4972 affectorum
1268 4927 1295 4973 et
1315 4935 1428 4991 operum
1441 4918 1506 4972 certi
1520 4925 1547 4972 et
1568 4916 1661 4971 felices

48 4989 139 5047 lodium
151 5005 239 5050 erunt.
282 4998 380 5067 Neque
400 5005 490 5051 tamen
508 5004 720 5053 consentaneum
736 5007 861 5068 putamus
874 5015 910 5052 ex
929 4996 1030 5065 triplici
1044 4997 1096 5051 ista
1110 4997 1257 5068 partitione
1271 4997 1416 5053 historiam
1428 5003 1548 5052 nostram
1562 4995 1660 5049 diana-

47 5066 110 5133 here,
124 5082 152 5126 ιιι
165 5075 279 5146 singula
292 5093 412 5131 seorsum
426 5084 579 5141 tractentur,
594 5077 642 5130 sed
656 5094 755 5147 genera
770 5078 831 5148 ipsa
843 5077 1025 5140 miscebimus,
1037 5075 1172 5130 naturalis
1185 5077 1380 5142 artificialibus,
1387 5081 1514 5131 consueta
1528 5073 1661 5128 admiran-

47 5146 82 5201 dlt
91 5151 279 5223 adjungentes,
293 5164 374 5226 atque
387 5155 540 5210 utilissimis
554 5155 706 5227 quibusque
721 5156 841 5211 maxime
855 5155 1029 5210 inhaerentes.

80 5228 162 5301 Atque
176 5250 193 5286 a
208 5234 396 5303 phaenomcnis
409 5235 519 5290 aetheris
533 5235 616 5290 ordiri
630 5235 768 5290 solennius
783 5236 858 5290 iuret.
880 5268 882 5271 -
898 5236 959 5289 Nos
979 5242 1069 5289 sutem
1082 5233 1122 5288 nil
1135 5234 1169 5289 de
1183 5235 1326 5291 serentate
1340 5233 1454 5289 instituti
1471 5232 1556 5286 nostri
1570 5232 1662 5286 remit-

48 5312 128 5369 itfllet,
141 5328 175 5364 ea
188 5313 381 5376 anteieremus,
395 5333 457 5385 quse
477 5324 603 5370 naturam
616 5316 782 5370 constituunt
802 5322 830 5369 et
844 5314 964 5368 scierunt
984 5313 1073 5384 magis
1087 5330 1266 5381 communem,
1281 5316 1357 5384 cujus
1374 5322 1489 5382 uterque
1508 5310 1605 5380 globus
1619 5320 1662 5365 est

47 5387 176 5459 pomceps.
219 5390 363 5447 Ordiamur
375 5410 440 5448 vero
454 5393 489 5447 ab
502 5394 615 5448 historia
629 5411 771 5465 corporum
793 5394 940 5449 secuudum
960 5410 1021 5447 eam
1039 5393 1221 5448 differentiam
1239 5410 1300 5464 qum
1314 5393 1421 5446 ridetur
1440 5390 1660 5460 simplicissima;

47 5477 73 5515 ta
82 5474 119 5519 est
127 5470 208 5538 eopia
215 5478 263 5526 aut
271 5471 391 5542 paucitas
402 5473 522 5604 matari&
529 5473 601 5528 intra
610 5472 684 5529 idem
693 5475 812 5544 spatium
822 5474 880 5530 sive
891 5474 1006 5530 eandem
1013 5472 1290 5545 circumscriptionem
1300 5478 1434 5528 contenta
1444 5476 1471 5524 ct
1478 5478 1660 5540 exporrectmr

82 5558 138 5600 vot.
154 5562 189 5602 ιι.
543 5567 560 5606 ι
