3800 5875
740 308 790 367 Dll
811 310 1036 368 annuentis
1057 310 1329 370 solennitatis.

849 790 1218 864 FRANCISCI

480 1024 648 1081 BARONIS
668 1024 719 1080 DE
739 1026 976 1092 VERULAMIO,
997 1027 1255 1084 vlclecotssuts
1280 1026 1417 1083 sancit
1438 1025 1591 1092 ALBANI,

364 1307 706 1392 DIGNITATE
745 1308 819 1389 ET
854 1307 1223 1392 AUGMENTIS
1258 1307 1710 1393 SCIENTIARUM.

929 1555 1018 1597 stass
1030 1555 1143 1599 SEXTUS

865 1925 915 1979 AD
936 1925 1071 1980 REGEM
1091 1925 1206 1981 SUUM.

1050 2091 1079 2138 et
1096 2084 1273 2156 grammatica
1292 2084 1396 2147 dicitur,
1411 2083 1511 2155 duplex
1531 2092 1590 2138 est:
1611 2083 1700 2140 altera
1719 2085 1754 2140 de
1773 2084 1845 2142 locu-

466 2163 590 2219 CAPUT
610 2162 779 2219 PRlMUM.
1051 2164 1132 2229 tione,
1147 2163 1233 2217 altera
1246 2164 1445 2234 descriptione.
1486 2164 1570 2218 Recte
1585 2164 1660 2219 enim
1675 2164 1844 2231 Aristoteles,

1052 2247 1068 2273 ‘⁴
1081 2243 1282 2314 cogitationum
1310 2252 1419 2298 tesserae
1446 2244 1536 2306 rerba,
1561 2244 1707 2299 verbomm
1730 2246 1844 2301 litera!

224 2321 348 2376 Partitis
361 2321 500 2377 tradition
515 2323 545 2375 in
555 2324 702 2376 doctrinam
715 2322 747 2374 de
758 2338 857 2393 organo
866 2321 993 2376 semonia
1000 2344 1013 2388 ,-
1051 2319 1202 2393 Utrumque
1226 2324 1410 2394 grammaticas
1431 2322 1639 2394 assignabimus,
1689 2325 1793 2380 Verum
1814 2334 1846 2380 ut
1890 2332 1891 2337 ’

264 2404 411 2456 doctrinam
425 2402 457 2454 de
470 2403 587 2455 methodo
605 2403 748 2461 sermonis:
770 2410 795 2453 et
816 2400 962 2454 doctrinam
983 2404 1015 2455 de
1050 2418 1107 2455 rem
1120 2401 1201 2456 altius
1214 2412 1374 2472 repetamus,
1390 2411 1535 2473 antequam
1549 2402 1583 2456 ad
1596 2407 1805 2474 grammaticam
1818 2416 1845 2459 et
1890 2412 1891 2445 3

264 2483 444 2538 illustratione
460 2484 596 2537 sermonis.
639 2480 904 2536 Partitiodoetrinoe
920 2480 953 2532 de
974 2499 1015 2534 or·
1049 2490 1140 2550 partes
1154 2482 1213 2550 ejus
1224 2481 1280 2550 jam
1294 2482 1378 2536 dictas
1390 2482 1536 2546 veniamus,
1546 2482 1576 2535 in
1584 2499 1685 2552 genere
1699 2484 1733 2537 de
1742 2501 1844 2555 organo
1890 2482 1891 2547 l

260 2581 334 2635 geno
347 2565 474 2616 sermonis
485 2564 513 2615 in
524 2562 671 2615 doctrinan
686 2561 717 2615 de
732 2562 802 2614 notis
812 2578 899 2612 reram
906 2580 919 2625 ,·
936 2559 970 2614 de
982 2562 1015 2614 to
1050 2561 1182 2615 traditiose
1195 2560 1337 2615 dicendum
1352 2569 1402 2615 est.
1445 2560 1663 2616 Videnturenim
1678 2578 1740 2617 esse
1754 2564 1844 2634 proles
1890 2552 1891 2629 J

262 2644 376 2707 cutione,
392 2651 418 2695 et
433 2642 465 2694 de
478 2644 643 2714 scriptione:
660 2659 770 2711 quornm
782 2641 842 2693 dne
854 2642 1015 2710 posteriores
1050 2640 1171 2708 quiedam
1183 2640 1747 2712 traditivaealioe,praeterverbaetliteras.
1781 2644 1844 2696 Hoc

259 2720 1013 2793 grammaticamconstituunt,ejusqnepertitionessunt.
1049 2719 1133 2790 igitur
1147 2718 1227 2789 plane
1241 2720 1410 2775 statuendum
1425 2729 1484 2774 est:
1505 2719 1635 2793 quicquid
1651 2721 1739 2775 scindi
1759 2725 1844 2792 possit
1890 2726 1891 2733 ’

262 2800 386 2855 Partitis
398 2801 526 2855 doctrines
539 2802 571 2854 de
586 2802 656 2854 notis
669 2818 756 2853 rerum
771 2802 800 2853 in
813 2799 1014 2870 hieroglyphice
1048 2799 1077 2852 in
1091 2799 1255 2854 differentias
1274 2800 1339 2854 satis
1359 2815 1523 2863 numerosas,
1542 2799 1576 2854 ad
1595 2800 1737 2856 notionum
1756 2802 1842 2855 varie·

262 2890 288 2934 et
303 2883 470 2935 characteres
484 2882 578 2935 reales.
620 2877 1014 2949 Partitiosecandogromnro-
1048 2884 1131 2933 tatem
1154 2879 1343 2950 explicandam
1368 2879 1460 2948 (modo
1483 2878 1645 2933 differentiae
1670 2878 1727 2934 illm
1751 2881 1842 2935 sensui

261 2963 324 3015 tice
339 2964 368 3016 in
378 2963 527 3017 h'teruriurn
538 2971 562 3014 et
572 2960 808 3033 philosophantem
842 2959 1015 3030 Aggregotio
1049 2959 1238 3030 perceptibiles
1246 2961 1313 3027 sint)
1325 2959 1384 3014 fieri
1394 2976 1475 3030 posse
1485 2958 1641 3013 vehiculum
1648 2961 1842 3029 cogitationum

255 3059 366 3113 poeseos
387 3042 473 3114 quom
488 3051 597 3094 metram
611 3041 648 3093 od
668 3039 859 3093 doctrinande
875 3039 1012 3092 locotione.
1049 3038 1082 3092 de
1102 3038 1212 3093 homine
1232 3040 1260 3093 in
1280 3038 1427 3093 homiuem
1474 3038 1549 3093 Nasu
1572 3038 1698 3093 videmus
1721 3041 1841 3094 nationes

262 3122 436 3193 Aggregotio
449 3123 578 3175 doctrina
592 3120 625 3173 de
646 3120 751 3190 ciphris
764 3121 801 3173 od
814 3120 961 3172 doctrinam
980 3120 1013 3172 de
1047 3117 1150 3189 linguis
1164 3118 1347 3189 discrepantes
1364 3118 1527 3172 commercia
1544 3133 1599 3171 non
1620 3116 1694 3172 male
1714 3135 1765 3189 per
1782 3137 1842 3190 ges·

261 3200 416 3273 scriptione.
1048 3206 1091 3251 tus
1105 3214 1249 3262 exercere;
1270 3205 1298 3251 at
1311 3197 1340 3251 in
1354 3198 1473 3266 practica
1493 3196 1694 3262 nonnullorum,
1709 3198 1755 3269 qui
1768 3199 1840 3253 surdi

1048 3286 1075 3330 et
1087 3278 1155 3330 muti
1169 3294 1254 3347 usque
1268 3293 1285 3330 a
1298 3276 1438 3331 nativitate
1452 3276 1567 3340 fuerant,
1581 3283 1610 3330 et
1623 3277 1695 3331 alias
1710 3288 1786 3331 erant
1798 3279 1840 3332 in·

262 3358 448 3413 Coscsmron
459 3368 531 3413 certe
545 3357 631 3412 cuivis
646 3359 708 3426 (rex
721 3356 835 3428 optime)
851 3356 972 3425 seipsum
985 3364 1013 3410 et
1047 3355 1161 3425 geniosi,
1175 3357 1259 3410 miros
1278 3356 1400 3410 videmus
1420 3355 1516 3409 haberi
1535 3356 1605 3409 inter
1625 3372 1674 3409 eos
1692 3367 1721 3410 et
1741 3358 1840 3412 amicos

222 3454 272 3493 sua
285 3438 372 3492 ridere
386 3445 414 3491 et
433 3437 534 3493 ludere.
575 3437 640 3499 Quis
660 3437 744 3509 igitur
764 3435 845 3496 novit,
860 3452 924 3489 num
944 3435 1013 3489 forte
1047 3452 1118 3500 suos,
1152 3435 1198 3505 qui
1232 3451 1324 3490 eorum
1351 3441 1444 3504 gestus
1470 3434 1681 3506 perdidicerant,
1709 3435 1839 3508 dialogoe

222 3535 291 3589 opus
305 3517 376 3572 istud
389 3526 513 3572 nostrum
530 3534 585 3571 non
599 3516 764 3587 descriptum
786 3514 868 3568 luerit
887 3532 923 3568 ex
942 3513 1013 3569 libro
1047 3514 1200 3573 Quinetiam
1226 3514 1395 3569 notissimum
1423 3515 1481 3568 lieri
1504 3515 1562 3582 jam
1589 3514 1686 3585 copie,
1714 3517 1788 3586 quod
1812 3517 1841 3570 in

221 3597 338 3670 quodam
357 3597 450 3661 reteri,
466 3604 573 3667 reperto
586 3597 655 3650 inter
668 3596 752 3650 libros
772 3594 960 3648 famosissimae
979 3594 1012 3648 il·
1047 3593 1144 3657 China,
1155 3601 1183 3647 et
1196 3594 1343 3664 provinciis
1355 3593 1445 3646 ultimi
1455 3594 1572 3657 orientis,
1583 3594 1612 3646 in
1626 3610 1681 3650 usu
1692 3594 1774 3650 bodie
1787 3597 1841 3650 sint

221 3676 275 3732 lius
288 3676 461 3730 bibliothecae
476 3676 569 3730 Sancti
583 3676 716 3738 Victoris;
732 3691 844 3746 quorum
858 3672 1013 3744 catalogum
1046 3672 1216 3727 characteres
1237 3672 1347 3745 quidem
1366 3671 1461 3737 reales,
1479 3689 1534 3727 non
1553 3673 1716 3739 nominales,
1731 3676 1778 3746 qui
1791 3677 1841 3730 sci·

221 3759 331 3827 excepit
358 3757 488 3827 magister
514 3756 675 3811 Franciscus
708 3752 894 3808 liabelesiusi
951 3752 1011 3806 Illic
1046 3751 1110 3806 licet
1128 3770 1178 3806 nec
1192 3751 1292 3817 literas,
1305 3768 1356 3805 nec
1369 3752 1460 3816 verba,
1474 3752 1522 3806 sed
1535 3769 1579 3807 res
1597 3760 1627 3806 et
1645 3754 1772 3808 notiones
1792 3771 1840 3809 ex·

221 3837 294 3889 enim
307 3835 441 3890 invenitur
454 3836 532 3901 liber,
547 3836 591 3889 cui
611 3833 702 3889 titulus
724 3841 773 3898 est,
788 3838 803 3864 ‘¹
817 3832 1012 3888 Formicarium
1046 3831 1173 3900 primunt
1214 3831 1290 3885 Adeo
1306 3840 1336 3885 ut
1353 3839 1448 3901 gentes
1466 3830 1627 3902 complures,
1641 3831 1748 3903 linguis
1765 3851 1840 3905 pror·

220 3915 347 3969 artium.''
397 3916 458 3970 Nos
482 3931 546 3969 sane
570 3913 698 3984 pusillum
722 3928 846 3967 acervum
868 3911 1011 3982 pulvisculi
1046 3927 1092 3965 sus
1110 3911 1301 3982 discrepantes,
1316 3910 1364 3964 sed
1385 3908 1540 3978 hujusmodi
1560 3911 1766 3967 characteribus
1780 3914 1840 3984 (qui

221 3994 414 4064 congessimus,
429 4003 458 4048 et
471 3995 522 4049 sub
535 4011 568 4048 eo
582 3993 719 4065 complura
733 3992 906 4047 scientiarum
921 3999 948 4043 et
969 4008 1011 4046 ar·
1047 3991 1119 4059 apud
1131 3990 1192 4045 illos
1206 3990 1287 4045 latius
1301 3989 1403 4059 recepti
1417 3990 1496 4063 sunt)
1510 3990 1720 4056 consentientes,
1734 3993 1840 4062 scriptis

220 4073 289 4126 tium
298 4090 384 4144 grana
394 4074 569 4137 condidimus,
583 4090 637 4144 quo
650 4072 770 4127 formica
781 4081 886 4140 reptare
899 4071 1010 4141 possint,
1046 4070 1260 4124 communicent:
1288 4085 1413 4139 eousque,
1434 4078 1465 4123 ut
1487 4069 1587 4123 librum
1604 4070 1729 4141 aliquem
1750 4071 1841 4139 hujus

221 4159 248 4205 et
262 4152 393 4221 paulatim
405 4154 600 4224 conquiescere,
615 4160 643 4207 et
657 4151 769 4207 subinde
783 4151 817 4204 ad
832 4167 914 4204 noros
928 4168 957 4204 se
971 4150 1011 4203 la·
1046 4148 1118 4202 modi
1132 4149 1331 4202 characteribus
1341 4148 1529 4218 conscriptum,
1539 4165 1655 4220 quaeque
1669 4168 1741 4222 gens
1753 4153 1840 4222 patria

220 4230 299 4284 bores
320 4231 469 4301 accingere.
515 4232 552 4286 At
571 4249 666 4304 regum
686 4230 899 4301 sapientissimus
919 4230 1011 4300 pigros
1045 4227 1139 4298 lingua
1152 4227 1243 4299 legera
1258 4237 1285 4282 et
1297 4227 1407 4282 reddere
1421 4228 1516 4297 possit.

220 4326 393 4381 quoscunque
405 4312 518 4365 remittit
531 4311 565 4365 ad
579 4311 718 4366 formicas:
738 4326 788 4363 nos
808 4316 899 4363 autem
919 4309 1011 4379 pigros
1086 4308 1166 4362 Nota·
1187 4307 1271 4379 igitur
1291 4323 1464 4377 rerumquae
1483 4308 1585 4378 absque
1605 4323 1659 4376 ope
1681 4317 1732 4364 aut
1753 4309 1841 4364 medio

221 4405 268 4443 eos
282 4387 406 4443 homines
417 4391 634 4460 pronunciamus,
646 4391 743 4462 quibus
754 4388 894 4460 acquisitis
905 4388 943 4441 uti
956 4398 1011 4441 tan-
1046 4386 1186 4442 verborum
1215 4404 1259 4441 res
1288 4386 1448 4456 significant,
1472 4385 1588 4457 duplicis
1617 4389 1731 4454 generis
1760 4398 1840 4444 sunt:

220 4478 277 4521 tum
291 4468 364 4521 cordi
379 4468 431 4533 sit3
452 4486 540 4541 neque
554 4470 667 4525 subinde
686 4485 769 4524 noras
783 4467 955 4522 scientiarum
968 4484 1011 4521 se·
1046 4483 1157 4537 quarum
1166 4465 1241 4537 prius
1249 4481 1334 4536 genus
1342 4483 1376 4519 ex
1384 4482 1518 4536 cougmo,
1539 4465 1654 4521 alterum
1665 4468 1701 4521 ad
1712 4467 1840 4537 placitum

219 4553 325 4601 mentes
340 4555 366 4600 et
375 4565 478 4602 messes
491 4548 587 4604 iacere.
1046 4546 1189 4616 significat
1236 4544 1340 4599 Prioris
1361 4545 1469 4614 generis
1493 4551 1556 4599 sunt
1577 4543 1794 4618 hieroglyphice
1815 4557 1842 4602 ct

260 4626 429 4680 Accedamus
448 4644 518 4682 nunc
540 4628 574 4681 ad
595 4635 682 4682 artem
701 4624 831 4688 tradendi,
851 4624 908 4679 sive
922 4625 1011 4695 proie·
1046 4633 1155 4694 gestus:
1177 4624 1331 4694 posterioria
1341 4641 1406 4677 vero
1416 4624 1444 4688 ii,
1454 4641 1519 4695 quos
1530 4624 1659 4689 &murus
1669 4626 1841 4681 characteres

219 4705 297 4761 rendi
311 4714 339 4759 et
358 4705 518 4759 enunciaudi
538 4723 578 4772 ea,
594 4725 654 4778 quaa
667 4707 782 4768 iuventa,
793 4705 921 4774 judicata,
937 4721 968 4757 ae
983 4704 1011 4758 in
1046 4702 1142 4759 reales.
1185 4702 1463 4774 Hieroglyphicorum
1476 4721 1540 4758 usus
1554 4706 1840 4768 venrstasadmodum,

219 4785 352 4840 memoria
366 4786 484 4855 reposita
498 4796 577 4851 sunt;
599 4803 680 4856 quam
693 4787 802 4840 nomine
822 4783 943 4855 generali
956 4792 1011 4838 tra·
1046 4791 1073 4837 et
1086 4784 1115 4837 iu
1136 4784 1308 4838 veneratione
1330 4782 1446 4854 quadarn
1465 4782 1589 4847 habitum
1615 4786 1756 4856 praecipue
1770 4786 1841 4856 apud

219 4866 331 4920 ditiraru
346 4863 551 4935 appellabimus.
591 4865 633 4918 Ea
646 4881 739 4920 omnes
759 4873 831 4919 artes
844 4865 916 4917 circa
930 4864 1012 4917 rerba
1045 4863 1188 4934 AEgyptios
1196 4873 1304 4935 gentem
1312 4861 1390 4916 valde
1400 4862 1558 4932 antiquam:
1579 4862 1650 4917 adeo
1660 4873 1691 4919 ut
1701 4866 1841 4920 rideantur

220 4953 248 5000 et
262 4961 399 5000 sermones
413 4943 607 5014 complectitur.
649 4943 774 5006 Quamvis
788 4944 862 4998 enim
875 4943 944 4997 ratio
957 4960 1012 4996 ser·
1045 4941 1254 5014 hieroglyphice
1274 4941 1357 4996 luisse
1379 4942 1490 5012 scriptio
1511 4941 1636 5013 quadam
1658 4953 1794 5010 antenats,
1813 4953 1841 4999 et

219 5027 308 5080 monis
321 5022 402 5077 veluti
417 5023 508 5076 anima
521 5024 563 5086 sit,
577 5032 667 5077 tamen
683 5025 712 5077 in
734 5022 873 5078 tractando
892 5022 1010 5094 disjungi
1046 5022 1137 5076 senior
1150 5023 1217 5092 ipsis
1232 5020 1372 5078 elementis
1386 5021 1531 5086 literarum,
1545 5021 1599 5075 nisi
1614 5023 1685 5077 sorte
1700 5025 1772 5094 apud
1786 5024 1839 5078 He·

219 5104 318 5159 debent
338 5104 407 5157 ratio
427 5111 455 5156 et
476 5119 580 5167 sermo;
601 5119 656 5156 non
676 5102 765 5158 minus
779 5119 860 5173 quam
874 5102 965 5155 anima
983 5110 1011 5156 et
1045 5102 1140 5156 bracos.
1182 5098 1286 5158 Gestus
1300 5107 1390 5155 autem
1400 5109 1531 5172 tanquam
1544 5100 1840 5173 hieroglyphicetrnn-

219 5201 325 5255 corpus.
365 5182 531 5237 'l'raditiram
546 5182 574 5235 in
591 5190 646 5235 tres
666 5191 756 5251 partes
777 5182 933 5244 dividemus,
947 5181 1011 5235 doe·
1046 5182 1140 5235 sitoria
1162 5190 1233 5237 sunt
1274 5180 1506 5242 Quemadmodum
1530 5180 1602 5234 enim
1625 5184 1712 5236 rerba
1734 5183 1839 5254 prolata

219 5264 319 5317 trinam
333 5263 406 5317 cirea
419 5278 550 5333 organum
561 5261 701 5326 sermonis,
716 5261 865 5315 doctrinam
875 5262 947 5314 circa
957 5278 1012 5315 me·
1046 5260 1143 5325 volant,
1154 5261 1256 5332 scripta
1265 5268 1391 5323 maneut;
1412 5259 1451 5313 ita
1460 5268 1488 5314 et
1497 5259 1708 5331 hieroglyphice
1719 5262 1838 5334 gestibtrs

219 5342 333 5397 thodum
346 5341 484 5406 sermonis,
500 5349 527 5395 et
540 5341 688 5396 doctrinam
702 5341 775 5395 circa
788 5341 918 5395 sermonis
937 5338 1012 5394 illus·
1046 5356 1176 5410 expressa
1202 5345 1348 5402 transeunt,
1375 5338 1485 5409 depicta
1514 5339 1620 5394 durant.
1664 5340 1735 5395 Cum
1766 5342 1836 5396 enim

220 5422 364 5475 trationem
378 5423 434 5476 sire
449 5429 582 5476 ornatum.
1046 5418 1202 5482 Periander,
1213 5419 1351 5475 consultus
1361 5417 1394 5471 de
1406 5419 1590 5473 conservanda
1600 5420 1754 5488 tyrannide.
1766 5422 1837 5492 legs·

259 5499 389 5554 Doctrina
401 5502 434 5556 de
449 5517 552 5573 organo
570 5498 702 5556 sermonis
720 5498 804 5572 vulgo
820 5507 936 5571 recepta,
951 5515 1012 5568 quse
1046 5505 1103 5555 tum
1116 5506 1204 5555 more
1215 5500 1338 5570 jubercts
1359 5503 1441 5568 atque
1453 5497 1513 5567 ipse
1526 5498 1556 5552 in
1568 5497 1649 5555 horto
1662 5499 1835 5556 deambulans
