3800 5875
680 316 860 375 HISTORIA
882 318 1109 377 VEN'I'ORUM.
1133 320 1139 335 '
1653 319 1710 373 535

109 471 165 527 53.
189 473 336 528 Nubecula
351 474 443 545 aliqua
456 491 512 528 non
526 481 588 528 ante
597 474 657 529 visa
667 476 793 530 subitose
804 493 877 531 mou·
913 478 989 543 bunt,
1001 477 1242 541 nantuadensium,
1258 479 1354 532 sivero
1364 476 1479 547 carptim
1489 493 1583 530 vocem
1592 478 1712 531 resorbe-

65 557 174 616 strans,
190 552 262 607 coelo
274 555 374 608 circum
390 569 495 618 sereno,
509 554 663 624 praesertim
681 555 717 608 ab
737 555 876 609 occidente
914 557 988 620 bunt,
1003 566 1049 612 aut
1060 574 1109 628 per
1122 556 1266 611 intervalla
1272 556 1397 628 longiora
1410 555 1587 620 crocitabunt,
1601 557 1709 613 imbres.

65 640 120 686 aut
131 632 209 685 circa
220 633 370 698 meridiem,
380 640 571 703 tempestatem
579 633 683 688 indicat
695 634 875 704 ingruentem.
956 635 1002 696 7l.
1024 637 1133 691 Noctua
1154 635 1265 706 garrula
1284 636 1428 706 putabatur
1442 636 1612 706 abantiquis
1626 644 1710 690 muta

112 709 164 765 54.
188 709 306 767 Nebulae
315 721 343 766 et
356 712 488 783 caligines
498 713 682 777 ascendeutes,
693 721 720 767 et
730 731 837 768 sursum
847 732 876 769 se
916 714 1019 770 tionem
1046 717 1214 785 tempestatis
1241 722 1462 785 praemonstrare,
1497 715 1520 769 si
1549 714 1578 768 iu
1603 731 1710 779 sereno,

68 790 382 861 recipienteapluvias3
397 792 561 849 etsisubito
574 792 732 856 hoctist,ut
746 802 876 863 tanquam
914 792 1032 859 imbres;
1054 796 1079 849 si
1105 795 1135 849 in
1161 794 1264 859 nubilo,
1292 796 1480 859 serenitatem,
1502 801 1531 848 st
1557 794 1630 863 apud
1652 811 1710 859 nos,

70 869 248 935 sorbeantur,
261 879 356 927 ventus
369 871 535 941 praedicunt,
550 879 579 926 at
597 872 726 926 cadentes
740 880 767 926 et
777 873 808 927 iu
820 873 877 928 val-
916 882 1022 938 noctua,
1036 874 1109 928 clare
1123 881 1152 928 et
1164 873 1280 928 libenter
1292 873 1408 940 ululam,
1421 874 1580 928 serenitates
1594 874 1711 943 plerum-

71 948 150 1005 libus
163 951 325 1017 reddentes,
336 951 520 1006 serenitatem.
915 968 968 1023 que
982 953 1092 1017 indicat,
1106 953 1243 1024 praecipue
1257 953 1357 1008 hieme.

114 1029 164 1082 55.
186 1029 270 1084 Nube
290 1030 402 1101 gravida
415 1030 584 1094 candicante,
600 1047 681 1100 quarn
696 1040 795 1085 vocant
808 1031 877 1085 anti·
956 1032 973 1091 7
975 1033 1004 1087 2.
1026 1034 1099 1086 Aves
1109 1033 1139 1086 in
1150 1033 1291 1087 arboribus
1302 1032 1465 1098 habitantes,
1475 1033 1499 1086 si
1512 1033 1542 1086 in
1554 1032 1633 1087 nidos
1648 1049 1711 1086 suos

73 1108 122 1178 qni
149 1117 342 1179 tempestatem
364 1110 463 1174 sibam,
491 1109 620 1181 sequitur,
644 1119 744 1176 astate,
772 1110 877 1182 grando
915 1110 1009 1167 sedulo
1023 1112 1140 1182 irrgitent
1153 1119 1181 1166 et
1194 1128 1212 1165 s
1230 1111 1425 1183 pabulocitius
1445 1113 1579 1176 recedant,
1595 1119 1711 1182 tempes-

73 1189 183 1242 minata
196 1188 282 1243 instar
291 1190 447 1254 confituresr
468 1187 567 1254 hicum,
582 1189 638 1245 nix.
914 1197 985 1244 tates
996 1199 1218 1262 praemonstrant3
1234 1191 1389 1246 ardeavero
1398 1192 1427 1245 in
1436 1209 1520 1246 arena
1530 1200 1604 1245 stans
1618 1191 1710 1255 tristis,

115 1267 165 1321 56.
187 1267 342 1324 Autumnus
365 1286 477 1324 serenus
499 1276 640 1323 ventosam
663 1267 781 1323 hiemem
806 1286 876 1341 prae·
914 1275 1071 1325 autcarius
1084 1271 1214 1340 spatians,
1229 1271 1330 1325 imbres
1344 1279 1458 1325 tantum.

72 1354 225 1411 monstrat,
247 1354 360 1402 ventosa
379 1348 477 1413 hiems,
498 1365 546 1402 ver
564 1347 732 1419 pluviosam,
753 1365 802 1403 ver
815 1347 876 1418 plu·
955 1345 1002 1409 73.
1023 1349 1157 1419 Delphini
1177 1349 1323 1422 tranquillo
1338 1350 1408 1404 mari
1430 1349 1603 1404 lascivientes
1617 1349 1709 1403 ilatum

73 1427 193 1491 mosum,
206 1434 329 1483 mistam
343 1444 485 1493 serenum,
501 1444 598 1483 sersus
611 1434 700 1491 restas,
715 1436 876 1483 autumnum
914 1428 1106 1484 existimantur
1129 1429 1284 1500 predicere,
1305 1447 1342 1484 ex
1362 1446 1417 1500 qua
1435 1430 1547 1483 veniunt
1564 1437 1660 1499 partc;
1682 1438 1711 1483 at

75 1513 232 1561 ventosam.
273 1507 318 1562 lta
332 1509 518 1578 stannus(ut
533 1508 677 1577 proverbio
695 1506 808 1575 dicitur)
824 1508 875 1561 sibi
914 1509 1023 1564 turbato
1036 1508 1161 1563 ludentes
1174 1516 1201 1563 et
1219 1525 1318 1580 aquam
1336 1517 1503 1579 spargentes,
1518 1515 1621 1573 contra,
1635 1525 1709 1562 sere-

76 1585 188 1640 debitnr
201 1603 264 1641 raro
283 1587 337 1652 sit;
356 1604 446 1658 neque
465 1587 561 1641 eadem
582 1587 668 1642 series
682 1593 876 1658 tempestatum
914 1588 1044 1643 nitatem:
1066 1597 1095 1641 at
1116 1587 1240 1659 plerique
1262 1589 1379 1660 piscium
1398 1589 1428 1642 in
1449 1604 1556 1642 summo
1573 1595 1709 1655 natantes,

75 1664 171 1719 redesu
185 1682 236 1736 per
250 1666 317 1720 duos
331 1683 417 1722 annos
431 1666 521 1721 simul.
914 1674 962 1721 aut
975 1668 1137 1739 quaudoque
1152 1668 1305 1733 exilientes,
1319 1666 1440 1738 pluviam
1454 1667 1616 1736 significant.

116 1742 165 1806 57.
190 1745 275 1815 ignes
289 1746 318 1799 in
333 1746 401 1801 iocis
418 1745 577 1816 pallidiores
597 1745 686 1809 solito,
701 1752 783 1817 atque
804 1744 877 1801 iutra
956 1744 1002 1807 74.
1025 1747 1174 1818 ingruente
1183 1757 1272 1813 vento,
1283 1762 1346 1802 sues
1359 1747 1399 1800 ita
1412 1755 1552 1811 terrentur,
1563 1753 1590 1798 et
1602 1748 1711 1800 turban-

74 1841 105 1877 se
134 1834 343 1889 murmurantes,
370 1831 545 1895 tempestates
572 1824 719 1879 nunciant:
752 1824 825 1893 quod
851 1825 874 1878 ai
914 1833 964 1889 tur,
987 1835 1015 1880 et
1038 1826 1217 1897 incomposite
1242 1836 1334 1898 agunt,
1360 1832 1390 1880 ut
1413 1826 1507 1880 nistici
1531 1825 1621 1878 dicant
1643 1825 1710 1880 illud

74 1903 189 1957 &mma
205 1904 325 1958 flexuose
334 1904 431 1958 volitet
447 1910 476 1957 et
489 1903 587 1966 εἰιιιιοι,
600 1909 711 1957 ventum
725 1904 874 1973 praecipue:
914 1906 1004 1960 solum
1024 1904 1126 1960 animal
1149 1906 1240 1961 videre
1265 1912 1382 1969 ventum,
1404 1905 1495 1975 specie
1519 1905 1622 1958 scilicet
1644 1906 1710 1959 hor-

74 1983 275 2052 stiungi,aive
290 1984 398 2037 tuberes
411 1985 441 2037 in
454 1983 581 2045 lucernis,
595 1982 702 2052 pluvias
716 1983 816 2052 potius.
914 1985 1036 2040 rendum.

116 2062 166 2117 58.
190 2061 330 2117 Carbones
344 2062 442 2117 clarius
456 2061 636 2132 perlucentes,
651 2070 760 2116 sennim
773 2062 876 2132 signifi·
955 2063 972 2123 7
975 2065 1002 2119 5.
1024 2064 1110 2119 Paulo
1127 2070 1318 2119 anteventum
1335 2080 1443 2119 aranea
1464 2062 1558 2117 sedulo
1577 2063 1710 2127 laborant,

74 2149 158 2206 cante
183 2142 268 2196 etiam
281 2158 342 2196 cum
359 2141 467 2196 favillas
482 2158 519 2197 ex
537 2157 567 2195 ae
580 2142 661 2196 citius
681 2141 829 2196 discuhunt
849 2148 877 2195 et
914 2149 943 2196 et
965 2153 1038 2208 nent,
1059 2160 1092 2198 ac
1113 2144 1138 2198 si
1158 2144 1270 2214 provide
1294 2151 1522 2214 preoccuparent,
1546 2142 1610 2213 quia
1631 2151 1712 2198 vento

74 2222 226 2291 deponam.
913 2223 997 2278 flante
1010 2240 1076 2279 nare
1090 2231 1237 2294 nequeunt.

116 2298 166 2355 59.
189 2300 270 2354 liare
287 2318 349 2354 cum
361 2300 528 2371 conspicitur
547 2300 577 2354 in
596 2308 676 2371 portu
696 2300 875 2372 tranquillum
955 2300 1001 2362 76.
1024 2304 1094 2358 Ante
1116 2302 1238 2372 pluviam
1258 2319 1452 2374 campanarum
1477 2302 1581 2357 sonitus
1604 2302 1712 2356 auditur

75 2382 107 2433 iu
119 2380 277 2450 superficie,
296 2386 325 2433 et
336 2380 516 2435 nihilominus
529 2379 603 2434 intra
616 2397 645 2434 se
660 2381 875 2446 murmuraverit,
913 2382 1004 2452 magis
1018 2399 1054 2437 ex
1068 2382 1234 2453 longinquo,
1251 2391 1279 2437 at
1292 2389 1355 2436 aute
1369 2389 1488 2447 ventum,
1503 2381 1610 2436 auditur
1623 2382 1712 2453 magis

73 2458 144 2513 lieet
157 2475 214 2513 non
228 2460 395 2524 intumuerit,
409 2467 520 2515 rentum
533 2459 664 2530 preadicit
913 2461 1093 2532 inaequaliter,
1101 2463 1234 2517 accedens
1247 2470 1275 2518 et
1287 2462 1424 2526 recedens,
1440 2461 1668 2531 quemadmodum
1684 2462 1712 2514 tit

115 2537 167 2594 60.
190 2538 296 2593 Littera
318 2539 349 2593 in
372 2538 521 2611 tranquillo
547 2539 713 2603 resonantia,
736 2540 876 2611 marisque
913 2550 997 2595 vento
1010 2543 1156 2597 manifesto
1169 2543 1261 2599 dante.

74 2618 166 2688 ipsius
180 2618 285 2673 sonitus
298 2636 360 2674 curu
373 2619 505 2691 plangore
514 2627 562 2675 aut
571 2620 689 2691 quadam
699 2619 769 2674 echo
775 2620 876 2676 clarius
955 2618 1002 2682 77.
1023 2621 1168 2677 Trifolium
1184 2621 1381 2685 inhorrescere,
1401 2627 1430 2673 et
1448 2618 1516 2673 folia
1533 2627 1628 2675 contra
1647 2626 1712 2674 tem-

73 2708 103 2751 et
116 2698 230 2769 longius
243 2697 325 2754 solito
338 2699 453 2765 auditas,
468 2708 563 2755 ventos
577 2699 771 2770 praenunciant.
914 2708 1049 2772 pestaoem
1063 2701 1212 2772 subrigere,
1227 2707 1365 2771 procerte
1379 2699 1460 2770 ponit
1474 2698 1591 2753 Plinius.

116 2776 166 2831 61.
188 2777 219 2831 si
234 2778 419 2849 intranquilla
425 2788 454 2834 et
467 2779 549 2849 plana
562 2779 705 2849 superficie
718 2780 802 2834 maris
815 2796 877 2834 cou-
956 2781 1002 2842 78.
1025 2782 1102 2836 Idem
1111 2781 1151 2836 eit
1160 2780 1270 2845 rasa,in
1279 2779 1377 2851 quibus
1385 2778 1524 2834 esculenta
1536 2784 1711 2849 reponuntur,

75 2858 229 2926 spiciantnr
241 2874 345 2928 spuma
366 2858 430 2913 hinc
450 2860 521 2924 inde,
542 2866 589 2912 aut
609 2875 716 2914 corones
736 2859 815 2926 alba,
829 2867 877 2915 aut
915 2863 1076 2933 quandoque
1090 2860 1216 2916 sudorem
1229 2861 1259 2914 in
1272 2859 1441 2931 repositoriis
1452 2858 1614 2929 relinquere,
1629 2857 1711 2929 idque

75 2955 212 3008 aquarum
229 2938 320 3004 bulla,
334 2946 429 2996 senus
451 2940 615 3010 predicuntr
635 2940 705 2994 etsi
721 2939 781 2995 haec
796 2940 878 3013 signa
914 2942 988 2997 diras
1002 2950 1179 3014 tempestates
1192 2941 1388 3012 praenunciare.

75 3016 181 3072 inerint
193 3017 353 3089 insigniora,
368 3035 478 3090 asperas
493 3026 677 3090 tempestates.
994 3022 1065 3077 Cum
1078 3021 1172 3092 pluvia
1184 3027 1212 3076 et
1225 3021 1299 3074 venti
1318 3019 1438 3074 habeant
1457 3035 1513 3072 ma·

117 3097 165 3151 62.
189 3098 223 3151 ln
237 3098 306 3152 mari
318 3098 444 3154 ductibus
457 3101 562 3171 agitato
575 3100 761 3170 siappareant
772 3116 878 3171 spumea
955 3103 1052 3157 teriam
1083 3102 1140 3155 sere
1173 3115 1361 3163 communem
1395 3114 1511 3168 cumque

75 3184 257 3241 wwnieb
273 3179 355 3250 (qim
370 3178 513 3249 pulmones
531 3179 653 3234 marinas
667 3178 789 3248 vocant)
809 3198 877 3251 prec-
955 3188 1065 3236 ventum
1092 3197 1200 3251 semper
1226 3179 1363 3251 praecedat
1386 3176 1517 3232 nonnulla
1538 3174 1713 3231 condensatio

75 3257 212 3311 nunciant
225 3257 382 3312 duraturam
396 3266 587 3329 tempestatem
600 3259 629 3312 iu
643 3259 736 3330 plures
749 3259 817 3315 dies.
955 3261 1035 3325 aeris,
1045 3278 1081 3315 ex
1095 3264 1159 3315 aire
1173 3260 1279 3315 noviter
1292 3258 1365 3312 iacto
1378 3257 1451 3311 iutra
1459 3265 1579 3310 veterem
1593 3262 1711 3326 recepta,

118 3336 167 3391 63.
188 3336 219 3391 si
234 3353 307 3392 marc
322 3338 432 3393 silentio
444 3339 617 3403 intumescat,
632 3347 660 3393 et
676 3340 748 3393 intra
767 3347 877 3410 portum
954 3348 987 3395 ut
1013 3357 1048 3396 ex
1075 3340 1255 3410 plangoribus
1282 3338 1411 3402 littorum,
1437 3342 1465 3391 et
1485 3336 1595 3390 excelso
1619 3334 1713 3390 volatu

74 3415 160 3470 altius
185 3414 266 3471 solito
283 3418 414 3488 insurgat,
428 3427 475 3472 aut
494 3425 575 3473 estus
596 3418 632 3472 ad
651 3418 745 3474 littora
761 3419 878 3475 celerius
955 3420 1043 3474 ardeae
1066 3433 1095 3473 et
1115 3421 1178 3474 aliis
1199 3426 1289 3490 patet;
1308 3434 1424 3488 cumque
1447 3416 1568 3487 pluviam
1589 3414 1714 3471 similiter

75 3495 287 3561 solitoaocedst,
302 3505 396 3552 ventos
409 3500 587 3568 praenunciat.
955 3499 1091 3570 praecedat
1117 3500 1189 3553 aeria
1211 3497 1393 3561 condensatio,
1418 3497 1480 3566 (sed
1501 3498 1548 3549 adr
1569 3496 1599 3549 in
1619 3494 1713 3565 pluvia

117 3575 166 3629 64.
188 3575 300 3630 Bonitus
324 3593 341 3630 a
362 3578 508 3643 montibus,
533 3593 730 3648 nemorumque
756 3595 878 3633 murmur
955 3588 1052 3651 postea
1065 3579 1235 3633 contrahitur
1248 3577 1384 3648 magis,in
1396 3576 1484 3630 ventis
1498 3583 1592 3630 contra
1606 3591 1714 3628 excres-

73 3655 291 3719 increbrescens,
305 3664 387 3728 atque
402 3657 494 3729 fragor
508 3657 590 3712 etiam
602 3657 750 3711 nonnullus
763 3658 792 3711 in
806 3675 877 3711 cam-
955 3660 1014 3726 cit,)
1042 3675 1155 3713 necesse
1180 3666 1228 3723 est,
1252 3665 1282 3711 ut
1308 3656 1408 3727 pluviae
1432 3655 1553 3708 habeant
1574 3652 1714 3724 complura

74 3734 324 3805 pestribus,ventos
331 3736 474 3805 portendit.
496 3735 878 3808 Coeliquoquemurmurpro·
954 3739 1129 3809 prognostica
1146 3756 1209 3793 cum
1228 3736 1318 3791 ventis
1337 3735 1502 3790 communia.
1544 3733 1586 3788 De
1600 3733 1636 3787 iis
1650 3750 1714 3787 con·

74 3814 217 3886 digiosum
231 3815 333 3886 absque
347 3817 456 3881 tonitru,
471 3815 506 3869 ad
520 3824 616 3871 ventos
628 3815 749 3870 aramme
762 3825 875 3886 spectat.
956 3817 1014 3872 sule
1028 3817 1204 3889 prognostica
1216 3815 1378 3887 pluviarum,
1393 3814 1443 3869 snb
1457 3813 1536 3868 titulo
1546 3829 1603 3866 suo.

117 3893 166 3948 65.
188 3892 271 3948 Folia
283 3903 312 3949 et
330 3896 419 3966 palera
438 3895 562 3950 ludentes
575 3896 635 3950 sine
649 3912 724 3960 aura,
738 3912 799 3965 quas
819 3912 877 3950 sen·

75 3974 171 4038 tiatur,
184 3982 215 4027 et
228 3974 373 4045 lanugines
387 3975 540 4044 plantarum
555 3973 707 4039 volitantes,
722 3974 877 4045 plumaque

75 4053 106 4105 in
133 4054 215 4124 aquis
239 4053 392 4108 innatantes
414 4062 443 4109 et
465 4053 641 4119 colludentes,
663 4060 758 4108 ventos
782 4054 877 4109 adesse
956 4049 1116 4103 Sisnimum
1124 4048 1516 4117 hominesiuducerepossent,

76 4134 222 4186 umscisnt.
915 4135 946 4183 ut
959 4128 1204 4199 contemplationes
1216 4128 1450 4195 suasinaubjecto
1463 4126 1517 4181 sibi
1550 4110 1683 4202 {wa}

118 4210 167 4265 66.
188 4211 263 4265 Ares
294 4212 425 4281 aquaticae
458 4218 649 4267 concursantes
682 4220 709 4266 et
741 4213 877 4283 gregatim
915 4209 1243 4279 propositononnimium
1251 4209 1375 4278 figerent,
1383 4213 1519 4261 etcaetera

75 4290 212 4355 volantes,
230 4292 373 4362 mergique
391 4292 529 4362 praecipue
548 4301 576 4346 et
594 4290 685 4346 fulica
703 4308 721 4345 a
739 4291 809 4346 mari
830 4300 878 4347 aut
915 4294 1045 4359 tauquam
1066 4303 1183 4359 parerga
1204 4287 1361 4356 rejicerent3
1382 4303 1433 4340 nec
1451 4286 1525 4339 circa
1544 4284 1634 4355 ipsum
1653 4285 1715 4339 sub

77 4371 184 4441 stagnis
198 4370 343 4440 fugientes,
355 4381 382 4425 et
395 4371 430 4425 ad
441 4371 532 4425 littora
545 4379 592 4425 aut
605 4372 679 4441 ripas
692 4379 877 4441 properantes,
912 4368 1017 4436 jectum
1030 4367 1060 4422 in
1072 4368 1218 4432 infinitum,
1233 4375 1261 4421 et
1279 4366 1440 4437 plerumque
1458 4362 1591 4419 inutiliter
1609 4364 1714 4419 subtili·

76 4451 232 4520 praesertim
246 4465 307 4503 cum
321 4451 458 4521 clangore,
473 4458 500 4505 et
513 4451 674 4505 ludentesin
688 4451 768 4516 sicco,
782 4459 877 4505 ventos
916 4453 1026 4513 sareutr
1046 4446 1259 4518 haudquaquam
1281 4445 1352 4510 talis,
1370 4445 1458 4517 qualis
1477 4442 1553 4509 solet,
1568 4452 1716 4514 occuparet

78 4530 275 4599 mundant,
290 4530 411 4584 maxime
424 4531 448 4584 ai
463 4530 516 4585 hoc
530 4530 631 4584 iaciant
642 4546 731 4584 mane.
915 4526 991 4597 ipsos
998 4533 1098 4597 stupor,
1106 4527 1155 4582 sed
1161 4526 1350 4581 hansierendo
1357 4525 1537 4596 cogitationes
1546 4540 1617 4588 suas,
1627 4532 1655 4577 et
1662 4524 1715 4578 dis·

118 4607 166 4668 67.
188 4608 227 4661 At
241 4615 382 4663 terrestres
390 4609 513 4665 volucres
521 4617 621 4673 conns,
631 4625 731 4679 aquam
744 4615 876 4678 petentes,
915 4607 1056 4672 currendo,
1065 4607 1184 4677 plurima
1196 4606 1350 4660 invenirent
1358 4605 1387 4658 in
1394 4605 1461 4674 long
1472 4605 1619 4675 inquoquae
1629 4619 1714 4673 prope

78 4704 193 4758 eamque
205 4686 257 4740 alis
271 4690 461 4758 percutientes,
477 4698 504 4744 et
520 4689 663 4759 clangores
682 4689 785 4753 dautes,
800 4697 829 4743 et
848 4706 893 4744 se*
915 4685 1009 4740 latent
1052 4687 1147 4758 ltaque
1165 4693 1196 4740 ut
1208 4686 1238 4739 iu
1252 4686 1313 4753 jure
1327 4683 1411 4749 civili,
1425 4684 1465 4737 ita
1479 4685 1508 4738 in
1527 4685 1589 4752 jure
1602 4689 1713 4746 namra,

78 4767 293 4836 perfundentes,
314 4785 347 4822 ac
360 4769 498 4839 praecipue
512 4769 615 4833 cornix,
630 4775 804 4839 tempestates
817 4785 878 4839 por·
916 4764 1117 4836 procedendum
1129 4765 1222 4819 animo
1235 4764 1328 4835 sagaci
1342 4763 1377 4817 ad
1391 4762 1493 4818 similia
1512 4771 1541 4817 et
1554 4760 1711 4816 conformia.

78 4847 204 4900 tendunt.
959 4845 985 4899 1.
1008 4844 1101 4899 Folles
1119 4844 1192 4914 apud
1210 4843 1336 4898 homines
1349 4842 1421 4898 AEoli
1442 4849 1518 4897 utres
1539 4846 1621 4895 sunt:
1642 4841 1713 4894 uude

118 4925 166 4979 66.
187 4924 281 4997 Mergi
295 4932 445 4997 anatesque
459 4933 521 4982 ante
537 4933 648 4982 venhrm
668 4943 773 4999 pennas
790 4935 878 4982 rostro
915 4932 1027 4978 venturu
1050 4924 1111 4994 quis
1133 4940 1257 4993 promere
1282 4924 1376 4995 possit,
1398 4939 1450 4993 pro
1475 4919 1585 4976 modulo
1610 4927 1713 4975 nostro.

1551 3067 1673 3110 Manlium.

1131 3956 1314 3996 ΙΙΙΤΛΜΕΝΤΑ
1334 3954 1499 3994 taurosum.

78 5014 212 5076 pnrgant;
227 5013 255 5059 at
265 5022 378 5061 anseres
391 5006 518 5077 clangore
529 5024 580 5062 suo
588 5007 744 5077 importuno
756 5007 877 5078 pluriam
916 5002 1009 5057 Etiam
1022 5003 1171 5058 interstitia
1184 5009 1214 5057 et
1233 5004 1327 5058 fauces
1341 5003 1483 5065 montium,
1498 5007 1525 5054 et
1538 4997 1713 5053 edificiorum

80 5083 213 5138 invocant
916 5081 1062 5147 anfractus,
1076 5099 1130 5136 nau
1151 5081 1207 5136 alia
1227 5090 1292 5137 sunt
1313 5099 1395 5153 quam
1414 5080 1494 5135 folles
1511 5079 1637 5145 majtsres.
1680 5078 1714 5132 in

119 5162 169 5217 69.
191 5162 285 5218 Ardea
298 5172 394 5236 petens
405 5163 523 5229 excelsa,
532 5164 601 5218 sdes
610 5173 640 5219 ut
648 5165 749 5220 nubem
758 5164 878 5236 quando-
915 5178 968 5216 usu
980 5169 1071 5216 autem
1086 5169 1149 5217 sunt
1162 5161 1243 5217 folles
1256 5163 1402 5233 precipue,
1417 5168 1464 5214 ant
1477 5160 1513 5213 ad
1522 5156 1713 5212 eadmdonem

80 5258 132 5311 que
150 5242 284 5297 hamilem
299 5244 474 5314 supervolare
487 5243 679 5315 conspiciatur,
692 5251 803 5299 ventum
824 5243 878 5314 sig·
916 5241 1097 5307 flammarum,
1111 5241 1206 5296 autad
1220 5257 1325 5314 organa
1334 5240 1446 5295 musica
1488 5236 1608 5292 Follium
1622 5243 1713 5290 autem

80 5321 179 5377 nificat.
222 5322 258 5376 ht
277 5323 354 5378 milvi
374 5323 521 5387 naumain
537 5322 648 5378 sublimi
661 5323 793 5388 volantes,
808 5339 879 5378 sere·
915 5320 1195 5392 ratioestutsugant
1207 5324 1299 5375 s’e'rem
1309 5326 1418 5390 propter
1427 5317 1561 5372 rationem
1571 5316 1658 5380 vacui,
1671 5320 1714 5384 (ut

80 5399 200 5456 nitatem.
915 5399 1085 5471 loquuntur,)
1099 5408 1128 5455 et
1142 5400 1266 5455 emittant
1279 5417 1328 5470 per
1340 5397 1580 5466 compressionem.

119 5481 167 5539 70.
189 5481 259 5536 Cori
273 5482 393 5554 singultu
409 5482 526 5554 quodum
542 5482 679 5547 latrantes,
695 5483 719 5537 si
739 5482 879 5537 continua·
957 5481 984 5535 2.
1005 5479 1100 5535 Etiam
1113 5479 1230 5535 flabellis
1252 5480 1354 5534 utimur
1367 5475 1538 5531 manualibus
1557 5475 1592 5529 ad
1613 5475 1714 5530 iacien-
