3800 5875
240 319 298 384 750
957 319 1160 376 EPISTOLAE.

236 481 298 536 Dei.
339 479 472 534 Voluntas
486 480 539 536 Dei
555 479 689 535 revelatur
702 479 791 550 magis
804 494 855 548 per
875 477 1037 550 Scripturas,
1069 479 1123 534 tius
1143 478 1243 550 gradus
1264 486 1305 534 est
1324 497 1426 545 eorum,
1447 480 1493 552 qui
1520 485 1626 533 arctam
1649 485 1678 532 et
1700 478 1869 549 resmingunt

238 567 254 592 “
278 559 441 615 Scrutamini
455 560 488 624 ;”
527 569 646 630 potestas
682 559 771 629 magis
804 574 854 626 per
891 568 1037 622 creaturas,
1070 559 1227 629 opinionem
1248 560 1367 630 priorem
1388 567 1492 613 tantum
1512 559 1548 612 ad
1574 559 1701 612 actiones
1727 557 1867 622 munaum,

237 646 254 672 ⁴⁶
268 638 522 709 Contemplamini.''
566 640 607 693 lta
627 638 772 692 asserenda
791 636 931 706 plenitudo
949 648 1037 708 potes
1070 656 1131 710 quae
1146 639 1309 708 participant
1322 656 1358 693 ex
1372 637 1679 710 peccato,quasvoluut
1693 637 1869 702 substantiae,

236 719 301 773 tatis
314 718 375 783 Dei,
390 735 424 771 ne
438 717 605 773 maculemus
618 718 792 773 voluntatem.
836 717 879 771 ltu
892 718 1038 771 asserenda
1070 718 1173 788 absque
1187 735 1261 772 nexu
1275 717 1368 790 aliquo
1381 735 1532 783 causarum,
1555 734 1592 771 ex
1606 718 1719 771 iuterna
1732 718 1870 772 voluntate

236 798 344 852 bonitas
365 797 518 860 uoluntatis,
539 815 574 851 ne
593 798 748 852 minuamus
767 803 938 867 potestatem.
983 797 1035 850 lta·
1071 806 1097 851 et
1121 797 1234 852 arbitrio
1257 797 1379 851 humano
1402 797 1528 869 pendere,
1553 804 1733 868 statuuntque
1762 796 1870 852 latiores

238 894 290 948 que
305 876 403 948 religio
417 893 482 931 vera
495 877 550 931 sita
563 885 605 932 est
617 877 647 930 in
658 877 845 931 mediocritate
866 877 936 930 inter
946 892 1037 946 snper-
1071 878 1202 932 terminos
1224 877 1344 932 scientiae
1363 878 1417 931 Dei
1439 893 1522 948 quam
1543 877 1697 947 potestatis,
1719 876 1765 930 rel
1785 878 1870 947 potius

237 956 374 1010 stitionem
388 973 450 1010 cum
464 956 614 1011 haeresibus
628 956 825 1027 superstitiosis
834 972 870 1009 ex
882 972 938 1009 una
949 964 1035 1024 parte,
1071 956 1131 1024 eius
1144 957 1232 1027 partis
1246 957 1388 1027 potestatis
1402 957 1464 1020 Dei,
1480 955 1562 1032 (nam
1576 957 1681 1026 etipsa
1695 957 1811 1011 scientia
1822 974 1870 1028 po-

236 1040 264 1088 et
283 1035 448 1089 atheismum
467 1052 529 1090 cum
549 1036 699 1092 heresibus
719 1035 869 1105 prophanis
884 1051 920 1088 ex
941 1034 1035 1088 altera
1072 1044 1155 1090 testas
1168 1032 1235 1110 est,)
1256 1052 1310 1108 qua
1324 1036 1383 1100 scit,
1405 1053 1488 1107 quam
1505 1036 1566 1104 ejus
1581 1052 1637 1107 qua
1650 1044 1743 1090 moret
1755 1047 1784 1090 et
1796 1038 1869 1108 agit:

237 1113 399 1184 Superstitio
420 1115 562 1184 repudiata
582 1114 641 1170 luce
663 1115 871 1186 Scripturamnr,
891 1130 975 1184 seque
992 1115 1036 1167 de·
1071 1123 1101 1170 ut
1111 1118 1245 1186 praesciat,
1261 1116 1386 1188 quedam
1402 1116 1496 1178 otiose.
1512 1132 1574 1185 quse
1587 1132 1644 1170 non
1656 1115 1831 1185 madusius
1844 1125 1870 1170 et

236 1192 304 1248 dens
324 1193 512 1248 traditionibus
531 1196 624 1265 pravis
648 1195 692 1249 rel
715 1193 888 1264 apocryphis,
908 1202 936 1246 et
957 1195 1036 1248 novis
1071 1194 1242 1261 praeordinet.
1284 1194 1320 1247 Et
1345 1209 1401 1247 nou
1425 1193 1551 1248 absimile
1573 1203 1616 1246 est
1638 1194 1780 1262 figmento,
1803 1195 1871 1264 quod

236 1272 455 1338 revolutionibus,
468 1273 513 1328 rel
536 1272 612 1327 salsis
626 1272 896 1344 interpretationibus
917 1272 1036 1343 Scriptu-
1070 1271 1205 1342 Epicurus
1227 1273 1377 1327 introduxit
1399 1271 1429 1325 iu
1456 1272 1709 1336 Democritismum,
1734 1279 1764 1326 ut
1788 1272 1870 1328 iatum

236 1368 335 1416 rarum,
349 1351 436 1406 multa
454 1353 487 1406 de
506 1351 641 1407 voluntate
663 1353 717 1407 Dei
738 1352 818 1423 tiumt
832 1357 860 1405 et
880 1353 1005 1416 somniat,
1019 1369 1037 1405 a
1071 1350 1183 1416 tolleret,
1198 1352 1355 1407 ett'ortunae
1368 1351 1459 1405 locum
1476 1352 1560 1415 daret,
1574 1350 1787 1405 declinationem
1800 1354 1869 1407 side·

237 1430 386 1501 Scripturis
396 1432 474 1486 deria
483 1440 511 1486 et
521 1433 619 1486 aliena.
646 1432 805 1487 Atheiamus
818 1438 909 1485 autern
923 1439 951 1484 et
962 1430 1036 1486 theo·
1070 1429 1135 1485 lieet
1156 1433 1247 1496 atomi,
1262 1432 1334 1503 quod
1348 1447 1487 1502 sempera
1506 1430 1731 1500 prudentioribus
1745 1432 1868 1486 inanissi-

235 1510 345 1564 machia
359 1520 452 1564 sonna
472 1518 636 1581 potestatem
650 1512 704 1567 Dei
718 1511 835 1582 insurgit
849 1519 877 1564 et
889 1508 1035 1588 tumultua-
1070 1527 1146 1565 muru
1167 1520 1349 1566 commentum
1375 1510 1499 1565 habitum
1527 1517 1577 1565 est
1619 1510 1676 1564 Sed
1702 1511 1827 1581 quidquid
1852 1530 1869 1566 a

235 1595 288 1654 tur,
302 1590 385 1644 verbo
408 1590 461 1644 Dei
483 1607 540 1645 non
561 1592 680 1657 credens,
700 1591 772 1662 quod
791 1589 955 1646 voluntatem
975 1590 1036 1658 ejus
1070 1588 1131 1643 Deo
1149 1607 1204 1645 non
1219 1592 1325 1661 pendet,
1341 1599 1370 1645 ut
1387 1596 1539 1644 auctorest
1553 1590 1701 1661 principio,
1716 1607 1766 1661 per
1782 1608 1865 1646 uerus

236 1669 347 1733 revelat,
362 1670 397 1724 ob
417 1670 635 1725 incredulitatem
649 1671 792 1742 potestatis
806 1671 872 1739 ejus,
886 1669 931 1723 cui
944 1670 1036 1724 omnia
1070 1677 1098 1722 et
1111 1669 1210 1740 gradm
1230 1670 1427 1734 subordinatos,
1446 1670 1474 1722 id
1494 1669 1556 1724 loco
1575 1668 1630 1723 Dei
1651 1670 1712 1735 erit,
1731 1679 1760 1724 et
1772 1688 1865 1726 uorum

236 1748 462 1819 suntpossibilia.
504 1750 632 1804 Haereses
647 1758 745 1814 autem,
763 1767 824 1820 ana
842 1749 945 1804 existo
960 1749 1034 1803 sonte
1070 1749 1242 1820 principium,
1265 1758 1294 1804 et
1313 1750 1420 1804 deaster
1439 1750 1559 1820 quidam.
1601 1749 1692 1809 Quare
1712 1751 1808 1804 mento
1822 1751 1866 1804 illa

236 1835 371 1893 emanant,
391 1829 529 1898 graviores
550 1830 676 1884 ridentur
699 1829 813 1884 crateris.
854 1829 929 1882 Nam
955 1836 983 1883 et
1005 1828 1034 1883 in
1070 1828 1163 1898 opinio
1176 1829 1320 1900 respuitur,
1334 1837 1364 1883 ut
1382 1828 1459 1883 laesio
1474 1837 1500 1883 et
1513 1828 1660 1882 diminutio
1673 1831 1823 1898 majestatis
1840 1841 1866 1884 et

235 1906 338 1976 politiis
363 1908 483 1962 atrocius
505 1916 546 1962 est
566 1916 727 1980 potestatem
751 1915 779 1963 et
797 1908 968 1976 majestatem
987 1909 1035 1962 mi·
1069 1909 1212 1977 potestatis
1234 1909 1295 1963 Dei.
1336 1908 1372 1962 Et
1391 1918 1483 1962 tamen
1503 1908 1654 1963 admodum
1674 1918 1750 1963 recte
1768 1909 1866 1974 dicitm,

234 2001 327 2050 nuere,
350 2004 433 2057 quam
456 1988 557 2042 famam
581 1987 713 2059 principis
734 1995 837 2042 notare.
880 1987 1034 2042 Hmresium
1070 1988 1141 2058 quod
1162 1995 1178 2020 ‘⁶
1192 1988 1268 2042 Dens
1287 2004 1342 2042 non
1365 1989 1401 2042 ait
1419 1997 1515 2042 auctor
1536 1986 1631 2051 mali,”
1655 2005 1712 2043 nou
1733 1990 1797 2060 quia
1817 2007 1866 2044 nou

236 2073 335 2130 autem,
349 2083 410 2136 quaa
424 2074 586 2136 potestatem
606 2067 660 2121 Dei
675 2067 806 2131 minuunt,
822 2072 922 2137 praeter
935 2066 1035 2121 atheis·
1070 2076 1170 2133 auctor,
1182 2067 1230 2121 sed
1247 2069 1311 2139 quia
1321 2084 1377 2122 non
1390 2066 1464 2122 mali.

235 2160 312 2198 mum
333 2161 432 2214 purum
451 2154 508 2199 tres
530 2154 593 2200 sunt
613 2146 720 2217 medus,
734 2145 889 2215 habentque
909 2162 994 2199 unum
1008 2155 1036 2200 et

234 2222 308 2276 idem
336 2225 494 2292 mysterium
531 2228 607 2294 (nam
636 2226 726 2279 omnis
757 2224 1034 2279 antichristianismus
1247 2243 1284 2283 us
1305 2242 1436 2284 accusare
1457 2243 1492 2282 aa
1514 2243 1694 2283 acarnanas.

236 2307 362 2371 operatur
375 2302 404 2357 in
418 2304 555 2372 mysterio,
570 2304 598 2358 id
612 2312 661 2368 est,
676 2305 726 2359 sub
742 2304 862 2375 imagine
876 2303 963 2373 boni)
981 2305 1033 2359 hoc
1069 2357 1085 2384 a
1315 2354 1321 2367 ,
1774 2355 1780 2366 ,
1810 2357 1817 2369 ,

234 2379 333 2450 ipsum.
348 2389 378 2435 ut
391 2381 555 2438 voluntatem
570 2383 623 2438 Dei
644 2384 679 2437 ab
692 2383 766 2438 omni
780 2383 938 2453 aspersione
953 2383 1032 2438 mali·
1098 2351 1230 2425 Pmoegffl
1251 2370 1299 2409 ‘⁰⁸
1313 2371 1342 2408 ¹¹¹
1361 2353 1605 2459 mi'emmbff‘)
1623 2371 1641 2407 ⁸
1659 2355 1865 2410 ⁰⁰⁰md¹⁰t¹⁰⁰e

236 2459 282 2513 tire
305 2459 430 2515 liberent.
471 2461 579 2518 Primus
600 2464 700 2534 gradm
720 2470 764 2517 est
786 2479 887 2527 eorum,
911 2463 958 2535 qni
980 2463 1034 2517 duo
1375 2433 1541 2504 hnssmmm·

234 2538 373 2609 principia
386 2541 558 2597 constituunt
571 2543 656 2613 paria,
669 2559 701 2596 ac
714 2543 785 2597 inter
798 2559 828 2597 se
844 2543 995 2613 pugnantia
1006 2551 1035 2597 et
1107 2539 1381 2595 Coumrnrcrrorss
1408 2539 1565 2612 linguarum
1601 2541 1704 2614 ubique
1733 2555 1865 2600 occmrmt

235 2620 377 2683 contraria,
405 2636 489 2674 uuum
518 2622 592 2687 boni,
622 2622 738 2677 alterum
764 2621 839 2676 mali.
894 2622 1033 2677 Secundus
1067 2626 1146 2674 extra
1158 2620 1362 2675 tabernaculum
1381 2620 1445 2675 Dei.
1487 2620 1578 2681 Quare
1594 2637 1757 2694 quocunque
1770 2633 1797 2677 te
1810 2642 1865 2679 rar·

235 2697 336 2767 gradus
350 2706 394 2752 est
412 2716 514 2765 eorum,
529 2702 628 2771 quibus
641 2702 756 2756 nimium
775 2700 841 2755 leesa
856 2700 964 2755 videtur
978 2717 1033 2754 ma·
1068 2701 1141 2763 teris,
1159 2699 1264 2754 exitum
1278 2700 1523 2754 controversiarum
1537 2716 1594 2754 nou
1613 2704 1738 2771 reperies
1750 2703 1804 2757 uisi
1816 2704 1865 2758 huc

188 2827 189 2831 ,
232 2776 319 2844 jestas
343 2777 395 2832 Dei
417 2778 446 2833 in
466 2780 656 2836 constituendo
675 2780 803 2835 adsersus
816 2797 879 2835 eum
899 2781 1033 2850 principio
1067 2784 1094 2832 te
1109 2779 1254 2849 receperis.
1295 2779 1492 2843 Dicesverum
1508 2789 1559 2844 est,
1574 2797 1677 2852 nempe
1699 2783 1728 2835 iu
1741 2783 1864 2837 unitatem

235 2855 395 2912 affirmativo
409 2865 436 2912 et
449 2859 554 2914 activo:
578 2877 661 2930 quare
683 2861 824 2915 exturbata
845 2858 892 2913 tali
911 2860 1032 2924 audacia,
1067 2857 1198 2912 ecclesiae.
1240 2857 1294 2913 Sed
1316 2859 1435 2913 adverte.
1476 2860 1545 2913 Erat
1564 2860 1594 2913 iu
1611 2861 1788 2916 tabernaculo
1801 2880 1865 2926 arca,

233 2934 411 2991 nihilomiuus
425 2937 557 2994 inducunt
570 2948 664 2994 contra
673 2940 763 2995 Deum
776 2940 941 3011 principium
950 2957 1033 3011 nega·
1067 2945 1094 2993 et
1107 2939 1137 2993 in
1150 2954 1215 2993 arca
1228 2939 1413 2995 testimonium
1427 2939 1471 2994 vel
1484 2939 1679 3012 tabulaelegia.
1723 2942 1864 3004 Quidmihi

234 3014 319 3069 tivum
333 3024 362 3069 et
376 3018 548 3087 privativum.
590 3021 664 3073 Nam
678 3019 772 3074 volunt
791 3035 850 3074 esse
865 3036 933 3088 opus
946 3020 1033 3089 ipsius
1067 3035 1162 3073 narras
1175 3019 1304 3074 corticem
1319 3018 1496 3083 tabernaculi,
1511 3021 1571 3074 siue
1587 3020 1690 3074 nucleo
1704 3023 1864 3077 testimari?

232 3095 354 3149 materiae
368 3104 397 3149 et
410 3105 539 3153 creature
552 3099 688 3153 internum
699 3105 728 3152 et
741 3099 862 3153 nativum
873 3106 900 3152 et
910 3098 1034 3153 substan·
1068 3098 1284 3153 'sabernaculum
1298 3098 1334 3152 ad
1347 3099 1555 3154 custodiendum
1572 3107 1602 3154 ct
1621 3102 1783 3156 tradendum
1797 3106 1865 3157 testi

233 3172 452 3237 tivum,utexse
465 3184 600 3248 vergatet
613 3177 994 3233 relabaturadconiusionem
1007 3185 1035 3232 et
1068 3178 1190 3231 monium
1203 3187 1262 3232 erat
1274 3178 1436 3234 ordinatum.
1478 3178 1585 3233 Eodem
1602 3180 1687 3233 modo
1706 3189 1736 3235 et
1750 3183 1864 3236 ecclesie

233 3252 268 3303 ad
281 3252 416 3318 nihilum,
437 3257 590 3312 nescientes
609 3257 733 3325 ejusdem
754 3274 814 3311 esse
831 3257 1034 3326 omnipotentiae
1068 3257 1191 3311 custodia
1204 3265 1233 3311 et
1250 3258 1360 3312 traditio
1373 3275 1422 3329 per
1431 3275 1530 3313 manus
1544 3257 1750 3330 scripturarum
1763 3260 1863 3316 deman·

232 3345 270 3384 ex
283 3330 376 3402 aliquo
385 3333 457 3389 nihil
467 3335 564 3401 iacere,
579 3337 657 3406 cujus
668 3354 703 3391 ex
712 3336 803 3391 nihilo
816 3336 930 3407 aliquid.
966 3336 1033 3391 'l'cr-
1068 3335 1133 3390 data
1147 3343 1195 3401 est,
1210 3338 1259 3392 sed
1272 3338 1363 3392 anima
1374 3337 1543 3394 tabernaculi
1557 3347 1600 3394 est
1610 3339 1804 3397 tesfimouium.

887 3893 1210 3977 EPISTOLAE.

1065 4205 1144 4276 posui
1164 4212 1256 4260 nmen
1278 4207 1378 4278 scripta
1398 4224 1460 4262 mea
1482 4210 1596 4265 moralia
1612 4219 1640 4266 et
1661 4213 1781 4284 politica,
1802 4214 1859 4287 quia

346 4287 368 4339 1.
389 4288 568 4344 lampone
584 4291 638 4343 AD
656 4290 913 4348 summumne,
1064 4286 1153 4355 magis
1163 4293 1241 4339 erant
1254 4286 1283 4340 iu
1296 4295 1431 4358 promptu
1474 4290 1543 4344 Hac
1557 4300 1638 4345 sunt:
1653 4294 1752 4362 primo,
1768 4301 1785 4326 ‘⁴
1800 4295 1858 4349 His·

1065 4366 1135 4418 toria
1147 4365 1236 4435 Regni
1250 4366 1363 4421 Henrici
1379 4367 1496 4438 Septimi
1512 4369 1598 4442 Regis
1608 4372 1719 4442 Angliae
1730 4376 1757 4438 ;''
1768 4373 1859 4427 deinde

309 4434 560 4478 Wfflllfflfissfflll
579 4440 604 4479 P·
627 4440 781 4491 'MENTI’
1064 4450 1192 4514 sequetur
1211 4444 1319 4500 libellus
1342 4445 1396 4512 ille,
1412 4465 1493 4518 quem
1517 4460 1608 4503 vestra
1631 4450 1730 4522 lingua
1750 4459 1765 4485 ¹⁸
1779 4452 1858 4523 siggi

270 4512 385 4569 Farsoa
399 4532 443 4570 me
464 4517 605 4573 literarum
621 4519 670 4573 tibi
691 4520 841 4575 debitorem
860 4536 941 4576 esse:
963 4521 1028 4576 sub·
1064 4522 1160 4577 morali
1168 4524 1185 4551 ''
1200 4523 1368 4594 appellastis.
1396 4526 1498 4581 Verum
1509 4529 1550 4582 illi
1564 4528 1636 4583 libro
1644 4547 1746 4586 nomen
1754 4533 1860 4603 gravius

230 4600 288 4646 erat
306 4597 446 4650 excusatio
462 4597 536 4665 justa
554 4598 652 4663 nimis,
666 4598 821 4668 implicatus
835 4599 909 4653 enim
923 4599 1029 4656 ineram
1063 4602 1181 4673 impono,
1195 4603 1301 4658 scilicet
1314 4614 1344 4658 ut
1355 4606 1529 4673 inscribatur,
1549 4615 1565 4639 ‘⁴
1580 4609 1729 4665 Sermones
1748 4612 1859 4673 Fideles

230 4673 391 4742 gravisdmo
417 4676 520 4743 morbo,
540 4694 558 4730 a
584 4694 638 4748 quo
664 4679 780 4733 necdum
807 4677 938 4733 liberatus
958 4696 1027 4736 sum.
1064 4682 1121 4736 sive
1133 4683 1269 4737 Interiora
1280 4683 1408 4739 Rerum.”
1450 4686 1539 4741 Erunt
1552 4700 1643 4742 autem
1656 4708 1798 4746 sermones
1812 4692 1859 4753 isti.

230 4750 300 4806 Volo
314 4755 471 4810 reverentia
485 4763 539 4811 ture
549 4765 613 4811 nota
623 4774 684 4812 esse
695 4757 810 4813 consilia
824 4775 887 4813 mea
898 4759 932 4813 de
945 4761 1029 4830 scrip-
1063 4769 1090 4814 et
1110 4778 1224 4817 numero
1248 4763 1328 4827 aucti,
1350 4772 1379 4818 et
1405 4772 1523 4821 tractatu
1550 4767 1668 4824 multum
1696 4770 1858 4841 amplificati

229 4830 264 4884 tis
278 4833 424 4905 meisque
434 4835 550 4890 meditor
560 4843 588 4890 et
598 4836 712 4892 molior:
727 4853 782 4892 non
797 4839 956 4907 perficiendi
970 4856 1027 4909 spe,
1065 4840 1134 4895 ltem
1146 4843 1298 4897 continebit
1312 4852 1401 4898 tomus
1416 4846 1468 4899 iste
1486 4845 1610 4902 libellum
1631 4855 1648 4880 ·‘
1658 4848 1703 4903 De
1724 4851 1860 4921 Sapieam

229 4911 277 4964 sed
291 4911 424 4967 desiderio
437 4915 613 4985 experiundi,
629 4925 657 4970 et
670 4917 735 4987 quia
748 4917 905 4988 posteritati
921 4918 1028 4988 (secula
1063 4920 1192 4976 Veterum
1203 4923 1228 4975 :’'
1243 4932 1323 4993 atque
1338 4922 1383 4977 hic
1395 4931 1484 4980 tomus
1498 4928 1541 4996 (ut
1554 4927 1690 4995 dirime)
1705 4931 1858 4999 interjectus

229 4991 302 5045 euim
325 4991 378 5046 ista
404 4994 557 5063 requirunt)
585 4994 712 5050 inservio.
768 4996 908 5067 Optimum
935 5004 1028 5053 autem
1062 5007 1111 5064 est,
1119 5010 1148 5055 et
1160 5017 1216 5055 nou
1229 5018 1265 5055 ex
1274 5002 1366 5056 ordine
1381 5009 1397 5034 “
1406 5003 1641 5060 Instauratiouis.”
1671 5007 1744 5063 Tum
1755 5010 1858 5064 demum

228 5071 321 5139 putavi
343 5088 377 5126 ea
398 5074 497 5140 omnia,
515 5073 544 5127 in
563 5073 690 5129 Latinam
711 5074 833 5148 lingulam
852 5077 983 5141 haducta,
998 5078 1028 5130 in
1062 5087 1191 5151 sequetur
1218 5082 1385 5152 “Organnm
1413 5083 1524 5139 Novum
1535 5085 1561 5150 3⁹⁹
1590 5086 1636 5140 cui
1658 5089 1780 5142 secunda
1801 5104 1858 5160 pars

229 5155 314 5204 tomos
342 5151 471 5207 dividere.
512 5152 622 5207 Primus
650 5162 741 5209 tomus
763 5164 869 5210 constat
890 5174 927 5210 ex
949 5155 1027 5211 libris
1062 5158 1150 5213 adhuc
1165 5160 1319 5229 adjicienda
1332 5168 1381 5226 est,
1402 5179 1485 5233 quarn
1501 5172 1593 5219 tamen
1608 5166 1703 5221 animo
1714 5170 1774 5235 jam
1787 5186 1855 5222 com·

229 5232 245 5259 ‘⁴
258 5227 301 5282 De
316 5227 477 5301 Augmeutis
496 5231 711 5287 Scientiarum:”
726 5234 774 5306 qui
789 5242 888 5299 tamen,
903 5238 1026 5302 utnosti,
1062 5238 1158 5307 plexus
1172 5248 1199 5293 et
1217 5241 1326 5294 metitus
1346 5258 1414 5296 surm.
1456 5242 1547 5315 Atque
1569 5243 1623 5297 hoc
1641 5247 1726 5300 modo
1745 5247 1854 5302 secuudt

224 5305 283 5374 jam
298 5310 569 5377 perlectuaeteditus
583 5319 668 5373 estet
680 5314 838 5382 partitiones
852 5315 1025 5370 scientiarum
1062 5334 1125 5386 pars
1139 5319 1399 5374 “Instaurationis’'
1414 5321 1577 5378 absolvetur.
1608 5325 1686 5385 Quod
1701 5326 1737 5380 ad
1752 5327 1851 5381 mrum

227 5386 433 5456 complectitnr;
455 5409 516 5461 qnae
529 5399 573 5444 est
591 5398 607 5423 ‘⁴
624 5392 940 5466 Instauratiouishmeffl
956 5412 1022 5464 pars
1061 5405 1166 5465 purtem
1188 5404 1203 5430 “
1219 5398 1454 5454 Instaurationis'’
1474 5403 1577 5465 attinet,
1593 5402 1738 5459 historiam
1756 5405 1851 5459 scilieet

228 5464 324 5531 prima.
366 5466 504 5523 Debuerat
513 5471 589 5539 sequi
604 5476 621 5503 ‘¹
634 5471 744 5525 Novum
751 5470 892 5542 Orgauum
902 5474 927 5538 3’'
942 5474 1023 5529 inter·
1059 5476 1220 5542 naturalem,
1237 5495 1305 5547 opus
1326 5478 1393 5532 illud
1407 5489 1449 5533 est
1470 5482 1552 5549 plane
1569 5483 1677 5553 regium
1692 5494 1738 5539 aut
1752 5483 1852 5556 papula
