3800 5875
221 351 277 407 atu
725 354 775 408 DE
799 352 1027 409 AUGMENTIS
1049 352 1321 409 SClIiNTlriRUM.
1717 353 1782 407 Lata
1798 353 1838 407 11.

221 518 324 576 statum
339 510 460 565 historie
467 512 633 567 mechanica
642 526 719 566 usum
729 529 796 582 erga
803 511 1007 582 philosophiam
1045 512 1079 566 ad
1092 511 1283 567 instituendam
1297 511 1497 582 philosophiam
1506 512 1561 566 sint
1573 511 1793 580 accommodata)
1804 512 1840 564 ad

220 589 379 654 naturalem,
394 607 452 645 esse
469 591 587 645 maxime
605 590 752 645 radicalem
773 599 801 645 et
818 592 1007 646 tundamentu-
1044 590 1085 644 uil
1098 592 1190 661 magni
1204 608 1247 644 res
1260 591 1369 645 recidet
1409 591 1505 663 Longe
1518 597 1609 646 autem
1623 592 1842 661 proiectoabest

220 668 285 724 lem.
326 669 420 724 Talem
435 669 560 740 intelligo
569 669 770 740 philosophiam
778 670 937 735 naturalem,
948 688 1008 741 quar
1046 670 1080 724 ab
1094 686 1127 725 ea
1141 669 1263 733 historia,
1279 686 1359 740 quam
1374 671 1466 725 animo
1479 672 1611 727 metimur.
1650 670 1750 725 Primo
1763 672 1841 725 enim

219 765 275 802 nou
297 749 379 803 abeat
399 750 427 803 in
451 748 540 804 fumos
560 748 774 819 speculationum
795 749 941 815 subtilium,
962 757 1010 804 aut
1045 749 1230 803 desiderantur
1243 749 1302 803 dura
1320 749 1375 804 illae
1392 750 1514 804 historia
1527 749 1658 804 naturalis
1673 757 1771 821 partes
1793 751 1845 818 (de

221 827 395 883 sublimium:
416 826 465 881 sed
478 846 538 899 quas
556 828 701 882 efficaciter
718 836 849 898 operetur,
864 828 898 882 ad
916 827 1007 882 suble·
1046 828 1143 898 quibus
1163 827 1243 882 modo
1264 827 1394 897 diximus)
1414 830 1736 899 praeter-generationum,
1754 837 1782 883 et
1798 847 1845 883 ar·

220 906 309 960 raude
328 908 390 961 rita
408 907 533 962 humanas
550 907 727 962 incommoda.
768 907 866 978 Neque
884 907 957 962 euim
974 908 1008 960 ad
1045 907 1119 970 uum,
1138 906 1277 977 inquibus
1295 924 1345 961 nos
1366 907 1509 977 plurimum
1527 908 1666 977 ponimus:
1690 909 1791 962 deinde
1812 909 1844 962 iu

220 1003 341 1056 praesens
359 993 463 1040 tantum
482 987 597 1055 jurabit,
619 986 752 1041 nectendo
775 994 802 1040 et
822 986 1008 1041 transferendo
1045 986 1125 1040 tertia
1139 985 1187 1039 illa
1201 987 1273 1055 (quta
1286 985 1391 1057 reliqua
1404 987 1458 1056 est)
1470 997 1546 1057 parte
1560 987 1692 1059 generali,
1707 988 1843 1041 nimirum

220 1065 418 1119 observationes
432 1065 511 1121 unius
529 1066 596 1121 artis
616 1066 645 1119 in
664 1082 743 1121 usum
761 1064 884 1128 aliarum,
898 1072 927 1119 et
945 1066 1007 1119 inde
1045 1065 1079 1119 de
1099 1065 1323 1135 generationibus,
1337 1066 1384 1120 uni
1404 1074 1509 1120 tantum
1523 1067 1691 1137 exquirique
1713 1068 1840 1136 partibus

219 1160 303 1197 noras
325 1144 530 1199 commoditates
551 1144 701 1210 elicieudn;
733 1146 804 1216 quod
830 1161 940 1199 necesse
968 1151 1009 1198 est
1045 1144 1104 1212 ejus
1133 1144 1271 1198 safisiacit.
1312 1144 1452 1214 Siquidem
1477 1145 1598 1200 historiae
1629 1147 1843 1215 generationum

219 1223 287 1287 lieri,
301 1239 363 1276 cum
377 1223 561 1293 experimenta
578 1224 745 1279 diremamm
765 1224 863 1279 artium
880 1224 910 1278 in
929 1224 1008 1277 unius
1045 1223 1240 1277 constituuntur
1266 1231 1358 1294 partes
1384 1224 1565 1278 subordinate
1591 1225 1729 1295 quinque:
1752 1226 1844 1295 prima

220 1299 341 1356 hominis
357 1302 572 1357 observationem
584 1310 612 1357 et
624 1303 868 1358 considerationem
880 1303 1006 1366 venient;
1045 1301 1204 1368 caelestium,
1219 1319 1280 1372 quea
1303 1301 1482 1372 phaenomena
1501 1305 1561 1373 ipsa
1580 1303 1689 1358 sincera
1706 1303 1843 1374 compleo

220 1381 268 1434 sed
288 1397 371 1451 porro
391 1381 425 1435 ad
445 1398 540 1436 causas
561 1399 651 1437 rerum
668 1383 844 1454 indagandas,
863 1389 891 1436 et
910 1382 1008 1436 artium
1046 1381 1118 1448 titur,
1139 1389 1222 1451 atque
1248 1390 1373 1452 separata
1395 1399 1413 1436 a
1435 1382 1622 1453 dogmatibus:
1643 1383 1767 1437 munda
1788 1401 1843 1438 me·

219 1460 359 1514 axiomata
385 1459 549 1527 deducenda,
573 1461 735 1516 lucidiorum
761 1462 849 1516 facem
873 1462 1007 1525 accendet,
1046 1469 1181 1515 teororum
1191 1461 1405 1531 (annumerando
1413 1462 1495 1516 etiam
1506 1460 1637 1530 cometas)
1645 1470 1674 1516 et
1684 1463 1842 1533 regionum,

220 1556 301 1609 quam
324 1539 456 1594 hacteuus
479 1556 598 1612 unquam
625 1540 737 1596 affulsit.
777 1540 1007 1602 Quemadmodum
1045 1547 1225 1610 quasroeant,
1239 1541 1324 1594 aens:
1339 1557 1427 1611 neque
1442 1542 1513 1595 euim
1527 1542 1560 1595 de
1574 1542 1697 1604 cometis,
1709 1545 1843 1597 meteoris

219 1617 292 1671 enim
306 1618 445 1689 ingenium
459 1619 575 1688 alicujus
588 1620 661 1674 haud
674 1620 743 1675 bene
756 1621 838 1685 noris,
852 1629 899 1673 aut
913 1620 1008 1689 proba-
1045 1619 1150 1690 ignitis,
1165 1619 1261 1683 ventis,
1275 1618 1381 1690 pluviis,
1396 1620 1608 1691 tempestatibus,
1618 1629 1645 1674 et
1658 1620 1787 1691 reliquis,
1801 1622 1842 1676 in·

219 1697 265 1759 ris,
279 1697 334 1750 nisi
348 1714 410 1752 eum
423 1698 587 1761 irmtareriss
607 1716 695 1770 neque
709 1699 821 1754 Proteus
834 1716 864 1753 se
877 1699 906 1752 in
919 1699 1008 1753 varias
1045 1699 1151 1752 venitur
1163 1696 1255 1768 aliqua
1268 1698 1390 1764 historia,
1406 1716 1466 1770 quaa
1480 1699 1563 1753 ullius
1577 1700 1613 1754 sit
1622 1701 1716 1768 pretii.
1747 1701 1843 1754 Tertia

219 1792 311 1830 rerum
324 1776 408 1831 facies
425 1783 529 1831 vertere
548 1777 645 1832 solitus
664 1787 713 1843 est,
727 1778 781 1832 nisi
799 1776 914 1832 manicis
935 1785 1008 1831 arcte
1045 1783 1123 1831 terrra
1143 1784 1173 1831 et
1192 1778 1274 1831 maris
1296 1781 1440 1849 (quatenus
1462 1786 1525 1833 suut
1541 1779 1661 1833 universi
1688 1787 1786 1849 partes
1804 1781 1842 1833 in-

220 1854 446 1925 comprehensum
468 1855 593 1910 similiter
612 1858 694 1911 etiam
714 1865 814 1911 natura
830 1866 887 1911 arte
900 1857 1008 1911 irritata
1046 1854 1177 1927 tegrales)
1201 1857 1340 1921 montium,
1361 1858 1510 1921 fluminum,
1535 1867 1657 1922 marum,
1683 1875 1841 1923 arenarum,

220 1941 249 1988 et
261 1942 359 1988 vexata
373 1951 402 1988 se
423 1935 523 1990 clarim
544 1935 641 2006 prodit,
662 1953 744 2008 qnam
765 1952 827 1991 cum
848 1936 901 1990 sibi
921 1935 1009 1990 libera
1045 1936 1190 2003 sylvarum,
1203 1935 1686 2008 insularum,deuiquefiguraeipsius
1699 1939 1844 1992 continen-

219 2013 392 2084 permittitur.
1046 2015 1113 2070 tium
1131 2022 1211 2087 prout
1232 2016 1455 2086 expunguntur,
1476 2017 1504 2070 in
1525 2016 1569 2070 hia
1590 2017 1727 2081 omnibus,
1751 2020 1844 2087 potius

259 2092 412 2161 Antequam
425 2107 489 2146 vero
503 2091 556 2146 hoc
569 2093 720 2148 membrum
739 2093 860 2148 historin
876 2093 1008 2148 naturalis
1045 2094 1179 2149 naturalia
1198 2095 1360 2164 inquirendo
1383 2103 1410 2149 et
1430 2095 1605 2159 observando,
1626 2112 1711 2166 quam
1733 2114 1843 2151 cosmo·

221 2169 306 2240 (quod
329 2169 515 2224 mechanicum
535 2180 616 2242 atque
637 2171 848 2244 experimentale
868 2175 1007 2241 vocamus)
1046 2174 1188 2244 graphica.
1229 2173 1338 2240 Quarta,
1352 2175 1386 2230 de
1399 2176 1496 2229 massis
1509 2176 1629 2228 materias
1639 2177 1842 2240 communibus,

220 2248 395 2314 dimittamus,
406 2248 473 2303 illud
483 2249 681 2319 adjiciendum:
702 2250 870 2322 corpustalis
880 2251 1008 2316 historie,
1047 2269 1113 2322 quas
1126 2252 1241 2323 collegia
1250 2255 1489 2323 majoravocamus
1499 2253 1593 2325 (vulgo
1601 2254 1739 2309 elementa
1749 2257 1845 2310 dicun-

219 2344 275 2382 non
289 2327 377 2382 solum
391 2344 428 2383 ex
440 2329 544 2384 artibus
558 2330 626 2400 ipsis
639 2331 814 2397 mechanicia,
828 2347 922 2385 verum
935 2340 1009 2385 etex
1046 2331 1120 2400 tur);
1142 2348 1229 2402 neque
1250 2333 1324 2388 euim
1346 2334 1380 2387 de
1403 2334 1474 2403 igne,
1497 2337 1567 2397 aire,
1592 2350 1670 2403 aqua,
1694 2342 1777 2398 terra,
1800 2354 1845 2389 eo-

220 2407 359 2476 operativa
372 2414 450 2477 parte
463 2407 638 2464 scientiarum
650 2410 812 2476 liberalium,
826 2427 858 2464 ac
872 2409 953 2464 simul
974 2426 1009 2464 ex
1046 2428 1158 2483 rumque
1178 2412 1289 2475 naturis,
1309 2413 1434 2475 motibus,
1454 2413 1589 2483 operibus,
1602 2414 1843 2482 impressionibus,

219 2486 347 2555 practicis
358 2485 541 2558 compluribus
549 2488 623 2559 (qum
634 2490 663 2543 in
672 2498 759 2544 artem
771 2507 826 2544 non
839 2489 1007 2556 coaluerunt)
1045 2491 1212 2545 narrationes
1225 2493 1402 2561 reperiuntur,
1417 2508 1477 2562 quse
1487 2509 1584 2562 corpus
1594 2492 1705 2562 aliquod
1718 2493 1845 2548 historia

220 2566 316 2619 confici
326 2565 432 2631 debere,
446 2573 476 2621 ut
488 2567 559 2621 nihil
572 2568 639 2623 utile
651 2570 878 2640 praetermittatur,
890 2569 961 2640 quod
974 2568 1010 2622 ad
1042 2571 1144 2646 justum
1157 2571 1328 2625 constituant
1357 2571 1456 2632 Quinta
1468 2579 1496 2626 et
1503 2572 1608 2636 ultima,
1623 2571 1657 2625 de
1672 2571 1845 2627 collectioni·

220 2643 418 2699 informandum
430 2645 597 2701 intellectum
608 2647 692 2715 juvat.
727 2648 816 2721 Atque
830 2648 889 2704 hmo
903 2655 944 2703 est
952 2645 1009 2702 his·
1045 2650 1095 2703 bus
1108 2650 1229 2704 materia
1241 2650 1392 2721 exquisitis,
1405 2668 1465 2722 quta
1475 2668 1492 2704 a
1502 2651 1581 2706 nobis
1592 2651 1711 2722 collegia
1725 2654 1844 2718 minora,

220 2724 297 2779 toria
310 2724 439 2781 naturalis
452 2726 564 2796 pertitio
577 2727 674 2796 prima.
1046 2728 1127 2800 vulgo
1140 2730 1245 2799 species
1259 2730 1437 2800 appellantur.
1479 2730 1511 2784 In
1525 2731 1577 2785 hac
1591 2738 1683 2785 autem
1697 2740 1842 2801 postrema

1046 2807 1111 2872 sola,
1138 2809 1272 2863 industria
1298 2810 1459 2880 scriptorum
1487 2809 1603 2874 enituit3
1632 2811 1672 2864 ita
1697 2818 1792 2865 tamen
1812 2821 1844 2865 nt

1045 2887 1138 2958 potius
1155 2888 1292 2944 luxuriata
1311 2888 1394 2951 sitin
1416 2889 1559 2961 superfluis
1580 2889 1717 2961 (iconibus
1737 2892 1844 2946 anima·

452 2962 577 3019 CAPUT
597 2964 781 3021 TERTIUM.
1046 2967 1120 3032 lium,
1131 2977 1177 3022 aut
1186 2968 1351 3039 plantarum,
1363 2976 1390 3023 et
1399 2969 1534 3024 similibus
1547 2970 1746 3039 intumescens)
1757 2988 1843 3042 quam

1046 3046 1140 3101 solidis
1166 3056 1194 3102 et
1212 3048 1387 3119 diligentibus
1407 3049 1637 3104 observationibus
1659 3050 1757 3113 ditata,
1780 3069 1844 3121 quas

153 3130 157 3138 ·
220 3118 343 3174 Portitio
355 3121 477 3175 taenia
496 3124 631 3178 naturalis
651 3124 776 3188 secunda,
791 3140 825 3177 ea
838 3141 889 3178 usu
910 3131 936 3177 st
947 3126 1007 3194 stne
1045 3126 1145 3197 ubique
1161 3127 1191 3181 iu
1204 3127 1442 3183 historianaturali
1453 3128 1575 3183 subnecti
1587 3128 1716 3183 debeant.
1740 3130 1842 3201 Atque,

258 3216 314 3264 suo,
329 3202 360 3253 iu
373 3202 539 3255 narrmiuom
552 3212 579 3255 et
599 3203 785 3258 inductivum.-
805 3203 924 3275 quodque
936 3206 1008 3273 finis
1046 3213 1076 3260 ut
1093 3208 1176 3261 verbo
1196 3207 1292 3273 dicam,
1313 3208 1408 3272 omnm,
1430 3225 1511 3279 quam
1538 3208 1680 3273 habemus,
1704 3210 1844 3263 naturalis

258 3279 439 3334 nobilissimas
452 3280 574 3335 historia
585 3284 721 3338 nastulis
734 3284 780 3346 ait,
792 3291 823 3335 ut
835 3284 968 3337 ministret
982 3292 1008 3336 et
1045 3285 1166 3351 historia,
1180 3294 1235 3341 tam
1256 3287 1430 3358 inquisitione
1444 3304 1501 3352 sua,
1516 3303 1597 3357 quam
1609 3289 1751 3358 congerie,
1764 3289 1843 3344 nullo

261 3358 290 3409 iu
305 3359 448 3414 ordinarit
467 3360 503 3414 ed
520 3361 681 3416 caedendam
696 3362 913 3434 philosophiam:
933 3380 1009 3433 quem
1045 3366 1125 3419 modo
1138 3367 1167 3420 iu
1182 3366 1275 3422 ordine
1289 3368 1324 3421 ad
1337 3384 1406 3431 eum,
1420 3384 1501 3437 quem
1518 3367 1645 3432 diximm,
1661 3369 1747 3422 finem
1766 3372 1843 3435 (con

250 3440 336 3506 finem
350 3440 471 3493 intuetur
481 3440 630 3495 inductiva.
661 3440 783 3496 Partitis
796 3440 916 3495 historin
928 3459 1008 3513 gene·
1045 3444 1139 3501 dendae
1153 3445 1466 3516 scilicetphilosophiae)
1481 3453 1574 3517 aptata
1587 3454 1638 3501 est.
1681 3448 1773 3508 Quare
1785 3447 1842 3502 his·

258 3517 391 3571 rationum
405 3519 434 3570 in
447 3518 587 3572 historiam
599 3521 757 3576 coelestium.-
770 3520 910 3575 historiam
918 3530 1008 3574 meteo-
1045 3524 1141 3579 teriam
1155 3525 1319 3580 inductiram
1333 3526 1479 3581 desiderari
1491 3526 1713 3597 pronunciamus.
1751 3527 1842 3600 Atque

258 3614 367 3650 rorum.-
387 3598 526 3652 historiam
537 3599 612 3669 globi
624 3609 703 3654 terrea
717 3609 743 3653 et
756 3601 856 3654 murier
870 3600 1008 3655 historiam
1046 3603 1078 3658 de
1091 3604 1209 3660 naturali
1223 3604 1336 3660 historia
1349 3606 1488 3661 hacteuus.

258 3694 404 3730 massarum
412 3678 469 3731 aive
480 3678 649 3749 collegiorum
662 3682 808 3748 majoram:
829 3688 855 3733 et
868 3680 1008 3734 lectoriam

258 3756 407 3825 specierum
419 3757 477 3811 tine
491 3758 661 3828 eulogiarum
672 3760 811 3814 minorum.

1269 3841 1393 3898 CAPUT
1414 3843 1610 3905 QUARTUM.

218 3906 223 3914 '
259 3911 400 3967 Hrsroara
413 3915 550 3978 naturalis,
565 3921 595 3969 ut
615 3915 736 3984 subjecto
753 3914 854 3985 triplex
868 3916 1008 3989 (quemad-

219 3990 327 4045 modum
341 3993 470 4062 diximus)
485 3994 523 4047 its
533 4010 582 4049 usu
591 3994 693 4065 duplex
703 4003 762 4050 eat:
777 3995 918 4051 adhibetur
926 3997 1006 4062 enim,
1044 3999 1404 4067 Partitioiistoriacioilis,
1415 4003 1444 4056 in
1453 4002 1669 4066 ecelesiasticam,
1678 4004 1841 4068 literarium,

219 4075 268 4123 aut
281 4073 576 4142 proptercognitiouem
585 4091 674 4129 rerum
684 4075 812 4144 ipsarum,
820 4075 1008 4145 quatrimoda
1084 4092 1110 4134 et
1124 4087 1201 4153 (quse
1212 4085 1323 4154 generis
1336 4100 1427 4136 comen
1441 4084 1556 4149 retinet)
1571 4083 1699 4135 ciuilem:
1715 4087 1839 4157 quodque

219 4149 396 4215 mandentum
417 4160 464 4205 aut
484 4159 614 4223 tanquam
635 4154 750 4208 materia
776 4154 864 4224 prima
888 4155 1007 4225 phitona
1083 4161 1196 4217 historia
1224 4164 1348 4217 literaria
1372 4162 1556 4217 desideretur.-
1577 4165 1640 4230 ejus
1662 4167 1841 4233 conficiendas

219 4227 300 4297 phire.
326 4228 413 4299 Atque
428 4231 500 4301 prior
513 4230 570 4297 illa,
584 4249 644 4302 quaa
658 4240 706 4287 aut
717 4234 902 4288 narrationum
912 4236 1007 4303 jucun·
1078 4251 1226 4313 precepta.

219 4306 302 4361 ditate
316 4307 439 4373 delectat,
454 4317 499 4364 aut
515 4312 761 4381 experimentorum
771 4329 821 4367 usu
828 4313 912 4381 juret,
927 4321 1007 4383 atqua

218 4386 374 4454 hujusmodi
388 4387 533 4458 voluptatis
547 4399 593 4445 aut
612 4391 715 4446 fructus
728 4392 816 4463 gratia
830 4392 943 4462 quaesita
956 4400 1006 4456 eat,
1084 4390 1248 4444 Htsroarart
1275 4390 1382 4446 civilem
1401 4391 1431 4446 in
1453 4398 1508 4445 tres
1531 4390 1637 4460 species
1651 4398 1731 4445 recte
1754 4392 1841 4449 diridi

218 4464 300 4536 longe
314 4466 449 4521 inferioris
463 4475 533 4522 notre
547 4471 688 4535 censenda,
708 4487 765 4541 prta
784 4488 824 4536 ea,
840 4488 901 4542 quar
915 4471 1007 4527 induc·
1043 4479 1184 4537 putamus:
1199 4471 1286 4540 ptimo
1295 4486 1407 4534 sacram,
1422 4472 1478 4525 sive
1492 4470 1724 4526 ecclesiasticam:
1741 4472 1842 4527 deinde

218 4545 300 4599 tionis
314 4562 384 4599 serm
396 4552 424 4600 et
440 4545 570 4618 legitima
590 4549 666 4619 sylva
679 4550 714 4605 sit
733 4557 812 4619 utque
832 4549 965 4620 supellex,
980 4558 1008 4605 et
1044 4564 1112 4613 eam,
1127 4567 1188 4619 quaa
1201 4550 1309 4619 generis
1322 4566 1420 4604 nomen
1434 4551 1539 4612 retinet,
1553 4550 1679 4604 civilem:
1695 4562 1840 4620 postremo

218 4623 335 4693 primam
358 4624 539 4697 philosophia
563 4645 710 4683 mammam
733 4630 860 4699 prmbeat
902 4621 1007 4685 Rur'sus
1043 4626 1181 4682 literarum
1190 4637 1217 4682 et
1229 4630 1334 4684 artium
1376 4629 1519 4684 Ordiamur
1532 4638 1623 4682 autem
1637 4629 1673 4681 ab
1687 4647 1723 4684 ea
1737 4634 1840 4703 speeie,

218 4703 308 4773 itaque
322 4705 469 4773 partiemur
482 4705 624 4762 historiam
636 4708 785 4762 naturalem
797 4708 827 4762 in
844 4709 1007 4764 narrativam
1045 4724 1126 4777 quam
1142 4715 1280 4778 postremo
1292 4709 1439 4778 posuimus,
1454 4709 1519 4779 quia
1531 4708 1643 4778 reliques
1658 4708 1721 4762 duee
1736 4709 1841 4766 haben·

218 4790 246 4836 et
257 4782 443 4839 inductivamr
464 4784 534 4839 hanc
558 4794 649 4843 autem
672 4788 849 4856 posteriorem
871 4787 940 4843 inter
961 4789 1006 4843 de·
1045 4794 1104 4851 tur3
1125 4787 1201 4841 illam
1218 4795 1309 4842 autem
1323 4788 1394 4843 inter
1406 4788 1559 4843 desiderata
1572 4787 1672 4841 referre
1681 4790 1775 4844 risum
1789 4799 1838 4845 est.

218 4861 336 4916 siderate
354 4864 485 4932 ponimus.
526 4866 624 4936 Neque
647 4883 711 4921 vero
732 4867 818 4921 aciem
838 4868 938 4922 mentis
959 4867 1007 4922 ali·
1043 4865 1085 4920 Ea
1098 4875 1141 4921 est
1152 4866 1268 4921 historia
1276 4867 1524 4938 literarumzatque
1532 4866 1732 4923 certehistoriu
1743 4871 1839 4925 mundi

218 4942 294 5010 cujus
308 4944 499 5014 perstringant,
513 4952 561 4998 aut
577 4962 678 5017 magna
697 4947 868 5016 antiquorum
886 4948 1006 5013 nomina,
1044 4946 1067 5000 si
1088 4945 1141 4999 hac
1161 4954 1237 5015 parte
1256 4947 1338 5001 inerit
1358 4947 1492 5011 destituta,
1507 4963 1560 5000 non
1581 4945 1719 5003 absimilis
1733 4952 1839 5004 censeri

217 5027 264 5073 aut
275 5037 374 5092 magna
387 5024 536 5077 recentium
548 5024 693 5079 volumina.
724 5026 796 5080 Satis
810 5025 884 5080 enim
898 5027 1005 5091 scimus,
1043 5024 1131 5095 possit
1145 5032 1241 5080 statum
1253 5024 1425 5096 Polyphemi,
1439 5034 1514 5081 eruto
1527 5025 1623 5088 oculor
1642 5043 1709 5081 cum
1723 5046 1758 5083 ea
1776 5047 1839 5099 pars

217 5097 313 5154 haberi
327 5101 469 5155 historiam
483 5102 633 5157 naturalem
650 5102 721 5158 mole
735 5105 862 5174 amplam,
875 5106 1006 5161 varietate
1043 5105 1171 5175 imaginis
1191 5105 1268 5169 desit,
1283 5123 1344 5176 quta
1365 5106 1503 5177 ingenium
1521 5113 1551 5159 et
1569 5104 1692 5160 indolem
1714 5125 1839 5178 personae

217 5185 330 5248 gratam
353 5180 498 5251 diligentia
524 5181 623 5250 saepius
649 5184 792 5239 curimam.
833 5183 963 5238 Attamen
982 5186 1007 5239 si
1044 5185 1162 5239 maxime
1181 5185 1289 5239 referat
1330 5184 1409 5239 Hanc
1430 5184 1496 5239 licet
1509 5184 1658 5239 desiderari
1674 5195 1836 5252 statuamus,

217 5257 278 5326 quis
299 5276 335 5313 ex
355 5276 389 5313 ea
410 5258 524 5322 fabulas,
548 5267 577 5313 et
599 5261 797 5331 antiquitatem,
819 5270 846 5317 et
867 5271 1007 5319 auctorum
1043 5281 1093 5317 nos
1113 5264 1290 5318 nihilominus
1309 5263 1419 5318 minime
1440 5264 1518 5335 sugit,
1532 5265 1560 5318 in
1580 5264 1705 5320 scientiis
1720 5268 1839 5336 partica·

216 5336 364 5404 citationes,
379 5346 408 5393 et
426 5338 522 5393 inanes
543 5341 745 5406 controversias,
765 5342 943 5414 philologiam
963 5344 1007 5399 de·
1043 5342 1144 5397 laribus
1151 5343 1411 5412 jurisconsultorum,
1418 5344 1681 5408 mathematicorum,
1688 5345 1839 5411 rhetorum,

217 5413 299 5483 nique
314 5423 342 5470 et
355 5424 513 5471 ornamenta
526 5417 629 5472 eximat
648 5419 722 5489 (quta
735 5420 770 5473 ad
787 5422 939 5477 convivales
953 5439 1007 5476 ser·
1044 5421 1276 5492 philosophorum,
1297 5422 1393 5477 haberi
1414 5423 1501 5478 levem
1521 5422 1642 5493 aliquam
1660 5427 1838 5491 mentionem,

217 5508 311 5548 mones
326 5493 520 5565 hominumque
542 5496 680 5553 doctorum
700 5506 802 5565 noctes,
816 5501 906 5570 potius
925 5518 1007 5572 quam
1043 5506 1092 5556 aut
1109 5502 1277 5558 narrationes
1291 5503 1420 5573 quasdam
1435 5504 1550 5573 ieiunas,
1564 5503 1598 5559 de
1617 5504 1712 5572 sectis,
1727 5507 1837 5573 scholis,
