3800 5875
226 254 283 309 402
740 256 790 311 DE
812 253 1038 310 evomentis
1061 253 1337 313 scrutiniatum.
1695 257 1762 313 Lta.
1777 258 1845 315 Vlll

226 430 337 483 prorsus
350 414 462 470 abeam
492 415 626 486 Equidem
637 415 753 486 cognovi
768 413 936 469 consiliarios
944 412 1020 479 duos,
1059 413 1243 469 subsannant:
1265 414 1374 481 nmero,
1399 416 1434 470 ad
1460 431 1542 487 quam
1564 415 1724 488 principum
1744 416 1860 472 cornilio

226 493 298 547 viros
317 500 390 548 certe
412 511 534 565 magnos,
553 502 581 549 ct
601 494 756 565 prudentes,
779 500 807 547 ct
831 493 930 564 quibua
951 508 1021 546 onus
1057 493 1195 562 precipue
1208 503 1271 548 sunt
1284 494 1479 565 componenda,
1491 502 1521 549 ut
1531 495 1645 551 salivam
1658 496 1746 566 vulgi,
1757 504 1788 551 et
1801 513 1858 551 rear

226 589 316 627 rerum
330 580 393 627 tunc
414 574 551 644 precipue
570 573 755 637 incumbebat,
777 572 874 644 quibua
887 570 956 626 illud
970 571 1021 626 tuit
1057 571 1112 627 cito
1134 571 1390 642 praetervolaturarn,
1415 582 1610 629 contemnunt:
1631 575 1730 647 legum
1754 577 1813 629 rim
1832 584 1860 630 et

226 658 388 720 perpetuum
402 662 429 707 et
441 653 589 724 proprium,
603 661 634 707 ut
646 652 753 724 quoties
767 668 828 706 cum
849 651 1019 722 principibus
1058 652 1253 714 auctoritatem,
1263 658 1294 707 ut
1304 653 1418 708 rebonis
1428 653 1560 725 quasdam,
1571 654 1671 727 quibus
1680 671 1728 710 rea
1738 655 1859 723 mamers

226 730 283 784 stris
296 731 330 784 de
345 732 465 802 negotiis
477 732 596 803 ipsorum
617 731 861 795 communicarent3
882 728 1019 802 colloquia
1057 730 1168 785 minime
1181 730 1306 786 cohiberi
1320 731 1445 797 debeam,
1465 731 1505 787 nil
1522 741 1679 789 morantur:
1700 733 1860 790 concilicet

225 809 255 862 in
269 811 349 864 rebus
362 810 473 882 adipso
488 811 597 883 negotia
611 810 794 881 spectantibus
812 826 951 881 uunquam
967 816 1019 864 ter·
1057 810 1251 879 praecautiones
1274 810 1304 865 in
1327 812 1439 882 lougurn
1465 811 1669 882 prospicientes,
1691 820 1724 868 nt
1751 815 1859 868 somaia

226 888 378 956 minareut;
400 907 493 945 verum
515 907 622 961 semper
643 890 741 945 autad
758 890 859 958 jocum,
879 895 925 943 aut
944 888 1019 944 aliud
1057 888 1224 958 quadamet
1238 890 1470 960 apprehensiones
1481 890 1703 957 melancholicas,
1712 893 1858 960 rejiciunt:

226 968 337 1039 aliquid,
353 969 424 1040 quod
437 970 530 1024 audire
545 978 603 1024 erat
621 970 727 1040 volupe,
742 967 903 1024 &verucula
917 985 1019 1040 quaere·
1058 966 1122 1021 viria
1150 984 1244 1024 resera
1270 969 1448 1039 prudentibus
1474 980 1502 1025 et
1528 986 1619 1026 rerum
1641 972 1749 1041 peritia,
1774 980 1857 1042 atque

226 1055 303 1114 rent;
325 1055 413 1120 atque,
426 1057 456 1104 ιιι
475 1049 574 1120 adagio
587 1049 693 1113 dieitur,
715 1053 731 1079 ‘⁸
745 1064 884 1103 sermones
899 1048 1018 1102 mannas
1056 1047 1148 1117 magni
1159 1048 1243 1103 animi
1257 1057 1286 1104 et
1298 1048 1414 1112 consilii,
1425 1048 1547 1105 dicteriis
1560 1057 1589 1103 et
1601 1050 1711 1105 beania
1724 1050 1856 1107 illuduote

226 1141 297 1198 aqua
315 1127 440 1183 fluviatili
464 1129 515 1183 sub
534 1138 688 1183 extremum
709 1127 875 1182 abluerent”
917 1127 1016 1196 Neque
1056 1125 1173 1197 denique
1194 1127 1369 1183 fundamenta
1382 1128 1476 1183 omnia
1488 1128 1631 1200 regiminis
1650 1129 1761 1200 politici
1775 1131 1856 1187 simul

225 1205 342 1261 bocillis
356 1207 428 1262 iuter
441 1214 513 1263 artes
526 1217 693 1279 postremm
708 1216 775 1261 erut.
1056 1204 1230 1261 labefactant.
1280 1207 1358 1269 Quod
1379 1208 1468 1279 magis
1491 1208 1688 1265 attendendum
1712 1216 1765 1275 est,
1789 1210 1854 1281 quia

1055 1284 1188 1340 cuniculis
1211 1292 1240 1341 et
1259 1303 1315 1342 non
1338 1286 1443 1357 impetu
1465 1294 1568 1357 aperto,
1593 1287 1653 1342 baec
1675 1304 1723 1343 res
1748 1289 1854 1359 agitur:

1054 1378 1142 1435 neque
1161 1366 1245 1436 eoepit
1271 1382 1330 1422 esse
1351 1366 1424 1421 iuter
1450 1365 1575 1421 homiues
1599 1369 1697 1438 (prout
1720 1369 1854 1435 meretur)

265 1445 280 1471 ‘¹
295 1441 371 1496 Sicut
384 1458 485 1497 musca
499 1450 611 1498 morture
627 1443 720 1497 foeure
734 1441 837 1497 iaciunt
847 1447 1017 1512 unguentum
1054 1450 1190 1514 suspecta.

224 1520 365 1589 optimum,
376 1522 415 1575 sic
427 1522 565 1577 bominem
576 1521 727 1594 pretiosum
737 1520 874 1591 sapientia
881 1529 909 1574 ct
918 1520 1015 1592 gloria,

223 1615 307 1669 parra
321 1599 463 1656 stultitia”

520 1346 664 1387 ennon
685 1346 726 1385 11.

1336 1570 1480 1610 nunnoni
1501 1571 1564 1611 xtlt.

1094 1681 1110 1707 ‘¹
1124 1677 1263 1749 Princeps,
1279 1678 1327 1749 qui
1340 1677 1456 1734 libenter
1469 1678 1572 1748 probet
1585 1694 1667 1735 aurea
1677 1680 1770 1735 verbis
1784 1697 1853 1735 men

530 1725 706 1765 mmmm
1054 1754 1132 1822 dacii,
1148 1772 1242 1811 omnes
1255 1773 1347 1813 aenos
1360 1756 1443 1812 habet
1456 1757 1620 1829 improboa”

264 1835 362 1907 Iniqua
375 1836 519 1892 admodum
533 1844 560 1890 et
573 1837 674 1891 misera
687 1842 729 1890 cst
743 1835 861 1890 conditio
874 1835 1016 1890 bominum

224 1915 320 1969 virtute
347 1916 562 1985 procedentium
589 1917 633 1988 (ιιι
652 1916 752 1985 optime
772 1921 849 1969 notat
872 1914 1015 1985 parabola)
1364 1898 1541 1940 mmmm·

224 1993 289 2063 quia
307 1995 443 2049 erroribus
464 2012 565 2058 eorum,
583 1993 755 2067 quantumvis
775 1993 927 2059 levissimis,
940 1993 1016 2048 nullo
1094 1987 1164 2043 Cum
1191 1989 1318 2061 princeps
1347 1989 1409 2045 talia
1432 1988 1521 2057 inerit,
1545 1997 1576 2044 ut
1603 1991 1808 2057 susurronibus,
1828 2002 1853 2045 et

223 2073 306 2127 modo
318 2074 474 2143 ignoscitur.
504 2075 614 2138 Verum,
625 2073 852 2145 quemadmodum
861 2073 891 2126 in
899 2090 1015 2144 gemma,
1054 2068 1230 2138 sycophantia
1243 2069 1346 2141 absque
1356 2069 1461 2139 judicio
1475 2068 1570 2124 faciles
1584 2077 1612 2123 ct
1624 2070 1755 2126 credulas
1776 2088 1853 2126 aures

223 2150 301 2206 valde
311 2151 406 2217 nitida,
415 2152 556 2209 minimum
569 2153 693 2224 quodque
704 2152 858 2225 grunnium,
873 2160 920 2206 aot
934 2153 1016 2207 nube·
1054 2147 1181 2217 probeat,
1196 2149 1282 2220 spirat
1296 2149 1413 2214 omnino,
1424 2157 1553 2221 tanquam
1568 2165 1586 2203 a
1599 2156 1679 2220 parte
1694 2151 1779 2222 regia,
1790 2168 1853 2205 aura

223 2229 293 2296 cula,
308 2231 401 2287 ocutos
413 2232 484 2297 terit,
502 2241 529 2287 et
547 2231 674 2288 molestia
693 2232 809 2304 quotam
822 2232 923 2297 afficit,
944 2233 1016 2303 quod
1055 2226 1194 2296 pestilens
1204 2244 1264 2298 quc
1273 2244 1367 2283 omncs
1374 2245 1466 2284 seno
1479 2229 1539 2297 eiua
1552 2229 1705 2301 corrumpit
1722 2239 1749 2284 et
1760 2230 1851 2284 inficit.

224 2317 315 2363 tamen
334 2311 359 2365 si
381 2312 411 2366 in
432 2328 541 2383 gemma
560 2312 697 2366 vitiosiore
718 2318 857 2383 repertum
878 2311 954 2376 foret,
969 2313 1016 2366 vix
1054 2305 1110 2360 Alii
1124 2313 1211 2362 metus
1224 2306 1357 2378 principis
1371 2307 1511 2373 rimentur,
1531 2324 1633 2380 “iique
1649 2310 1853 2365 ncmfifflibffl

222 2397 315 2443 notam
340 2389 456 2445 obiret:
478 2391 603 2446 similius
624 2391 654 2446 ia
673 2392 741 2446 vina
765 2389 895 2462 singulari
916 2390 1015 2446 vinna
1054 2385 1156 2440 fictitiis
1182 2396 1366 2458 exstruemus
1388 2387 1437 2442 clii
1460 2387 1571 2443 invidio
1598 2386 1687 2442 iuricc
1711 2389 1852 2452 conciunt

223 2468 353 2537 proditis,
367 2470 480 2525 minima
494 2487 608 2541 quoque
627 2471 693 2526 vitia
712 2470 806 2526 atatim
823 2470 853 2525 in
874 2468 967 2525 oculos
989 2479 1017 2527 et
1054 2465 1204 2534 prasertim
1217 2466 1247 2520 in
1260 2466 1378 2536 optimos
1392 2481 1529 2539 quosque:
1550 2466 1600 2522 alii
1612 2467 1852 2523 criminationibus

224 2563 362 2603 semones
381 2548 522 2604 hominum
541 2551 688 2615 incurrunt,
703 2559 731 2605 et
750 2566 864 2605 censura
885 2550 1016 2620 perstrin.
1054 2545 1169 2600 aliorum
1179 2546 1302 2616 proprias
1312 2546 1403 2601 sordes
1413 2552 1440 2600 et
1453 2546 1634 2601 conscientias
1645 2546 1736 2602 malas
1743 2546 1852 2602 ebrum:

223 2634 322 2697 guntur
336 2629 475 2698 μηνίσω
491 2646 552 2700 quae
566 2630 595 2684 in
610 2629 764 2685 hominibus
777 2629 1017 2687 mediocribusque
1054 2623 1101 2677 alii
1116 2624 1264 2680 amicorum
1279 2642 1390 2681 suorum
1403 2624 1552 2681 honoribus
1566 2632 1595 2680 et
1608 2625 1757 2681 desideriis
1770 2627 1851 2680 reliti-

223 2706 333 2761 omnino
345 2706 467 2773 lauant
475 2709 637 2765 aeternnm
651 2709 731 2765 facin
739 2709 897 2779 reponat
920 2709 1016 2783 traque
1054 2704 1433 2775 contemporaneorum
1446 2703 1637 2759 calumniando
1648 2713 1676 2759 et
1690 2706 1850 2761 ωοιᾱειόοι

223 2785 282 2839 ιὶιο
301 2785 379 2842 valde
405 2788 530 2858 prudenti
553 2804 638 2860 parra
663 2789 794 2852 stultitiae
828 2788 907 2843 valde
931 2789 1017 2860 probo
1055 2783 1101 2837 ulii
1129 2783 1283 2840 fabultmm
1310 2791 1478 2856 momenta,
1504 2792 1598 2838 emim
1624 2784 1757 2840 {nimivm
1781 2801 1850 2849 ⁸⁰⁰⁸,

222 2881 337 2937 parvum
363 2874 520 2940 peceatum,
548 2868 652 2923 urbano
679 2876 707 2924 et
738 2868 859 2924 moribus
887 2868 1015 2941 eleganti,
1055 2874 1184 2934 tanquam
1198 2864 1227 2918 in
1242 2880 1332 2930 mena,
1346 2871 1529 2935 componunt:
1551 2871 1578 2918 et
1597 2863 1746 2920 innumera
1763 2864 1852 2932 bajus·

223 2947 545 3016 paululumjndmide
560 2949 633 3004 tm
646 2949 887 3005 etefflfimifione
901 2948 1016 3004 muitum
1055 2944 1136 2998 modi.
1177 2944 1267 3017 Atque
1288 2943 1348 3000 baec
1366 2944 1416 3010 illi,
1431 2943 1478 3015 qui
1496 2961 1533 2998 ex
1552 2944 1640 2998 servia
1661 2944 1795 3015 principis
1811 2945 1848 2998 in

223 3026 350 3082 detrahit.
385 3028 461 3083 Adeo
473 3037 502 3084 ut
515 3044 570 3084 non
580 3028 727 3099 pessimum
736 3028 805 3084 ioret
814 3028 1016 3100 rinoegregiis,
1055 3024 1136 3093 genio
1161 3036 1227 3078 aaut
1250 3023 1339 3095 magis
1365 3023 1500 3094 improbo·
1553 3022 1591 3077 At
1617 3022 1659 3077 illi
1689 3025 1783 3088 enam,
1807 3024 1849 3094 ‘1²1¹'

223 3106 247 3159 δί
264 3106 397 3162 nonanus
410 3108 525 3163 absttrda
540 3104 630 3182 (quod
647 3109 714 3164 citra
727 3108 823 3163 vitium
837 3109 896 3163 fieri
915 3109 1015 3179 possit)
1055 3111 1150 3156 santra
1163 3102 1305 3173 probiores
1319 3109 1382 3158 sunt
1394 3113 1424 3158 et
1437 3102 1536 3158 melius
1550 3103 1656 3167 ιιιοιιιιί,
1665 3105 1848 3175 postquamin
1886 3141 1887 3144 ι

223 3185 376 3241 actionibus
394 3187 451 3242 auia
464 3187 654 3253 immiscerent,
667 3194 698 3243 ne
711 3186 865 3243 libertatem
880 3189 1017 3259 quandam
1054 3181 1210 3236 innocentia
1223 3198 1272 3237 sua
1292 3198 1387 3252 parum
1408 3181 1529 3253 praesidii
1542 3199 1603 3237 esse
1617 3185 1758 3238 senserint
1771 3179 1848 3257 (qoo-
1886 3177 1887 3184 '

222 3263 276 3318 sibi
299 3265 441 3332 retineant,
460 3274 489 3321 et
510 3283 654 3337 panorum
675 3267 827 3322 defectuum
847 3275 928 3323 notas
954 3284 1016 3323 con·
1054 3260 1128 3314 ssiam
1149 3261 1353 3332 princepum
1370 3279 1387 3315 ὃ
1404 3261 1480 3317 felth
1501 3261 1671 3333 diffiniverit
1693 3279 1749 3318 Μ
1766 3261 1849 3329 1ιονῄ)

223 3341 343 3400 mndnnr,
1055 3356 1160 3395 morum
1172 3356 1283 3395 suorum
1296 3341 1458 3411 probitatem
1472 3347 1621 3406 cruentet
1638 3350 1737 3397 ventos
1750 3341 1848 3396 rubeos

1054 3426 1171 3490 captant,
1185 3420 1272 3492 iisque
1292 3420 1419 3475 servilem
1439 3420 1470 3475 in
1489 3419 1599 3475 modurn
1616 3421 1847 3477 circumferuntur.

1055 3505 1072 3532 “
1085 3499 1135 3554 Nil
1149 3499 1222 3554 enim
1232 3500 1248 3526 ’'
1264 3505 1294 3553 ιιι
1308 3500 1348 3552 sit
1362 3499 1473 3555 Tacitus
1486 3499 1520 3554 de
1534 3498 1660 3565 Claudio,
1676 3505 1693 3531 ‘⁴
1708 3509 1796 3556 tuturo
1808 3509 1848 3554 ert

263 3583 279 3608 ‘⁴
294 3578 428 3634 Homines
443 3578 577 3634 derisores
590 3579 725 3633 civitatem
743 3577 865 3649 perdunt,
879 3577 1016 3648 sapientes
1054 3579 1126 3650 apud
1143 3578 1305 3649 principem,
1320 3580 1396 3648 cnjus
1413 3580 1505 3634 animo
1524 3579 1617 3634 omnia
1639 3589 1708 3634 aunt
1723 3588 1847 3651 tauquam

222 3673 287 3712 vcro
301 3657 641 3714 avertuntcalamitatem.”
1054 3658 1138 3714 indita
1158 3665 1186 3712 et
1210 3658 1314 3726 jussa.”
1355 3656 1445 3730 Atque
1469 3658 1539 3713 bene
1563 3657 1733 3724 Comiueus3
1754 3659 1847 3713 “Pra-
1884 3727 1885 3732 ἵ

263 3884 365 3940 Mirum
381 3886 467 3940 rideri
481 3888 575 3957 possit,
589 3887 662 3958 quod
681 3887 711 3942 in
728 3887 909 3958 descriptione
928 3889 1015 3943 homi·
1053 3894 1175 3951 ιιιοιὶηι,υ
1883 3931 1884 3966 ,

222 3980 294 4028 num,
309 3965 355 4035 qui
370 3965 405 4018 ad
425 3965 592 4037 respublicas
605 3965 808 4021 labefactandae
820 3975 848 4020 et
864 3966 1016 4037 perdendas

223 4042 307 4097 veluti
321 4053 419 4097 natura
432 4047 581 4116 comparati
595 4052 623 4101 et
636 4046 701 4100 iusti
714 4053 783 4111 sunt,
793 4045 926 4117 delegerit
940 4047 1015 4102 Salo
1339 4037 1480 4076 ”mm
1501 4037 1562 4075 m·

223 4138 287 4176 mou
296 4122 492 4190 characterem
507 4141 561 4179 non
571 4125 690 4180 hominis
703 4124 813 4196 superbi
824 4124 1013 4190 etinsolentis;
1094 4130 1215 4186 “iustus
1226 4129 1477 4185 misereturauimn
1488 4129 1676 4199 iumentisui3
1692 4127 1847 4184 aeduum
1882 4149 1883 4190 ς

221 4217 277 4256 non
304 4203 438 4271 tyrannici
465 4212 494 4259 et
514 4204 647 4269 crudelis;
672 4220 727 4259 uon
749 4205 886 4261 temerarii
909 4212 937 4259 et
960 4206 1015 4260 rio
1053 4209 1152 4264 cordia
1165 4210 1311 4280 impiorum
1326 4209 1476 4266 enucleat·

223 4279 305 4346 lenti;
326 4296 381 4335 uon
393 4282 470 4353 impii
485 4291 514 4338 et
526 4283 669 4349 scelerati;
687 4300 743 4339 nou
755 4284 850 4353 injusti
863 4292 893 4339 ct
905 4300 1014 4355 oppres

512 3472 654 3510 errabunt
675 3471 724 3509 xli.

223 4360 309 4425 soris;
329 4376 383 4415 non
401 4362 523 4419 seditiosi
541 4371 569 4419 et
581 4364 741 4428 turbulentie
761 4380 817 4417 nou
836 4362 974 4419 libidinosi
988 4372 1016 4419 et
1358 4347 1536 4388 mmm

222 4437 383 4510 voluptarii3
398 4458 452 4496 nou
465 4442 582 4516 deniqne
596 4442 752 4513 insipientis
766 4451 794 4498 et
806 4442 955 4508 inhabilis;
966 4444 1015 4499 red
1094 4441 1197 4497 lnditua
1211 4447 1260 4507 est,
1276 4442 1385 4513 abipsa
1403 4447 1510 4504 namra,
1523 4439 1630 4494 homini
1654 4437 1845 4495 misericordia

223 4516 359 4574 derisoris.
410 4521 511 4578 Verum
533 4523 587 4578 boc
615 4522 751 4593 sapientia
778 4523 837 4592 ριἰιι
859 4522 942 4593 regis,
967 4524 1014 4594 qui
1053 4523 1165 4576 atiecttts
1179 4521 1278 4576 nobilis
1292 4529 1320 4577 et
1333 4520 1489 4585 excelleus;
1510 4519 1558 4590 qui
1574 4519 1661 4573 etiarn
1675 4516 1846 4573 adauinalia

222 4599 483 4669 remmpnblicarum
502 4602 720 4658 conservationes
741 4607 770 4656 et
794 4601 948 4657 eversiones
968 4619 1015 4673 op
1053 4600 1130 4655 bruta
1150 4601 1321 4665 extenditur3
1344 4616 1405 4671 qora
1425 4615 1461 4654 ex
1482 4598 1652 4653 ordinatione
1676 4598 1770 4652 divim
1789 4598 1846 4664 ejus

222 4677 287 4732 time
301 4686 387 4745 uorat,
402 4680 593 4753 dignissimum
611 4687 662 4736 eat.
702 4680 801 4752 Neque
820 4681 893 4735 enim
916 4681 1015 4738 similis
1052 4679 1170 4750 irnperio
1182 4679 1370 4748 subjiciuntur.
1394 4679 1487 4749 ltaque
1501 4677 1586 4732 habet
1599 4676 1845 4733 istumisericordia

222 4756 279 4812 iere
294 4765 335 4814 est
348 4760 432 4828 pestis
447 4761 541 4833 regnis
553 4767 583 4815 et
596 4760 802 4831 rebuspubiieis,
816 4778 898 4832 quam
914 4760 938 4814 si
952 4778 1015 4816 con-
1052 4758 1208 4829 analogiam
1222 4759 1358 4831 quandam
1372 4775 1433 4813 curn
1444 4756 1491 4810 illa
1501 4756 1634 4827 principis
1644 4756 1844 4829 ergasubditos

222 4835 320 4892 siliarii
339 4855 442 4910 regom,
466 4847 515 4894 aut
534 4846 681 4904 senatores,
704 4838 803 4911 quique
824 4839 1014 4910 gubernaculis
1052 4838 1288 4900 Quinetiamillnd
1308 4838 1489 4893 certissimum
1510 4835 1648 4907 estquod
1670 4853 1726 4909 quo
1743 4835 1845 4908 dignior

222 4932 313 4971 rerum
326 4918 511 4983 admoventur,
526 4918 580 4974 aiut
597 4918 708 4989 ingenio
727 4919 870 4975 derisores.
912 4920 1014 4989 Hujus
1053 4917 1382 4989 estanimacopluribus
1395 4916 1584 4987 compatiatur.
1626 4914 1845 4971 Etenimanioa

222 4996 296 5051 modi
310 4997 383 5052 enim
399 4996 534 5062 homines,
548 4996 730 5067 periculorum
749 4998 972 5070 magnitudinem,
986 5008 1015 5053 ut
1053 5003 1175 5068 angustae
1189 5003 1216 5052 et
1226 4997 1374 5069 degeneres
1385 4995 1540 5064 huiusmodi
1554 5011 1599 5048 res
1612 4995 1648 5049 ad
1661 5011 1692 5050 sc
1707 4994 1778 5050 nibil
1789 5009 1844 5065 per·

222 5075 305 5131 fortes
319 5076 461 5131 videantur
469 5082 615 5142 senatores,
626 5085 905 5149 semperextenuant3
916 5077 1014 5151 iisque,
1052 5076 1138 5131 unere
1154 5083 1269 5147 putant:
1290 5083 1319 5130 at
1341 5075 1398 5140 illa,
1412 5091 1474 5146 quta
1493 5073 1610 5129 nobilior
1627 5082 1672 5129 est
1690 5075 1778 5145 portio
1789 5071 1845 5126 uni·

223 5155 270 5224 qui
283 5154 413 5225 pericula,
427 5162 508 5226 prout
520 5171 571 5226 par
584 5163 634 5219 est,
644 5157 803 5227 ponderant,
815 5156 902 5213 relati
912 5157 1015 5213 timidis
1052 5156 1131 5221 versi,
1142 5157 1375 5212 excommunione
1384 5153 1518 5210 afficitnn
1547 5153 1637 5215 Quare
1651 5154 1784 5220 ridemua,
1797 5149 1843 5206 sub

222 5232 370 5289 insultant:
391 5234 562 5290 consultandi
572 5243 601 5290 et
609 5234 777 5290 deliberandi
783 5244 903 5292 mauras
914 5254 1013 5304 moras,
1052 5235 1135 5290 veteri
1143 5234 1205 5307 lege
1213 5234 1288 5291 baud
1297 5251 1385 5306 pauca
1393 5233 1476 5288 inisse
1486 5239 1631 5303 praecepta,
1641 5250 1698 5288 nou
1709 5240 1765 5287 tarn
1774 5245 1843 5286 mere

223 5317 252 5365 et
264 5312 408 5368 meditatas
426 5313 645 5384 disceptationes,
659 5313 741 5370 veluti
752 5332 809 5371 rem
820 5316 974 5383 oratoriam,
988 5324 1016 5372 et
1052 5315 1252 5380 ceremonialia,
1272 5331 1355 5386 quam
1373 5312 1564 5368 misericordiae
1580 5312 1748 5367 iustitutira:
1768 5306 1842 5381 quale

222 5390 295 5445 todi
308 5390 425 5460 plenam,
440 5393 516 5449 etad
529 5410 648 5450 summas
661 5410 752 5451 rerum
769 5395 841 5451 nihil
860 5396 1014 5463 facientem,
1053 5393 1105 5450 tuit
1117 5393 1192 5460 illud,
1208 5394 1241 5449 de
1256 5410 1311 5449 non
1328 5391 1494 5449 comedendo
1514 5408 1702 5448 cameracum
1715 5388 1842 5464 sanguim
