3800 5875
224 903 432 986 TITULI
464 902 886 987 HISTORIARUM
919 904 993 984 ET
1027 904 1515 1002 INQUISITIONUM

424 1174 469 1231 lN
493 1174 650 1234 PRIMOS
673 1175 751 1233 SEX
773 1175 939 1235 MENSES
961 1176 1311 1235 DESTINATARUM.

52 1424 197 1466 HISTORIA
215 1424 387 1468 VENTORUH·
890 1425 1028 1467 HISTORIA
1039 1424 1217 1468 SYHPATHIAE
1230 1425 1266 1467 u'r
1279 1424 1469 1468 ANTIPATHIAE
1482 1426 1592 1469 RERUM

52 1488 194 1531 HISTORIA
206 1489 292 1531 DRNSI
310 1490 347 1532 ET
364 1490 442 1538 RARI,
457 1490 574 1532 NECNON
594 1489 738 1533 comouls
753 1489 790 1532 mr
803 1489 848 1532 EX·
889 1490 1027 1533 HISTORIA
1039 1489 1209 1537 SULPHURIS,
1223 1488 1374 1533 usscuau.
1387 1489 1423 1532 ET
1436 1490 1520 1533 sauls.

101 1551 260 1595 PANSIONIS
273 1553 412 1596 HATERIAE
425 1554 479 1595 PER
492 1553 600 1597 SPATIA.
888 1553 1027 1596 HISTORIA
1039 1553 1115 1595 VITAE
1129 1552 1165 1595 ET
1177 1552 1292 1596 Mortuis.

54 1615 195 1659 HISTORIA
209 1616 315 1660 ORAVlS
328 1617 364 1660 ΕΓ
375 1617 460 1660 Levis

378 1969 590 2034 HISTORIA
614 1970 865 2035 NATURALIS
886 1971 940 2035 ΕΤ
964 1970 1368 2036 EXPERIMENTALIS

761 2148 795 2180 ΑΙ)
811 2147 976 2180 CONDBNDAU

594 2271 1142 2354 PHILOSOPHIAM:

838 2437 897 2471 SIVE

691 2540 883 2584 PHAENOHENA
900 2539 1044 2587 UNIVRRSI·

354 2680 438 2742 QUAE
458 2679 528 2734 EST
549 2686 564 2712 ‘⁸
578 2679 901 2735 INSTAURATIONIS
922 2680 1097 2735 MAGNAE”
1120 2679 1215 2735 PARS
1236 2679 1383 2734 TERTIA.

95 2843 238 2898 Mortuum
259 2842 352 2915 utique
372 2853 436 2899 sunt
456 2843 590 2909 homiues,
613 2852 641 2897 et
659 2861 709 2914 per
730 2844 850 2898 {ortunae
885 2843 1019 2908 cohibitae,
1034 2842 1184 2898 senioribus
1203 2843 1383 2913 imponuntur,
1398 2844 1611 2900 adolescentibus
1631 2847 1674 2900 in-

58 2940 118 2978 suar
131 2922 247 2995 rogandi
262 2929 342 2995 atque
356 2922 521 2989 obsecrandi,
531 2933 561 2980 ut
571 2925 674 2980 animos
684 2924 850 2987 submittant,
885 2922 1035 2989 stillantur;
1065 2929 1095 2978 ut
1116 2921 1174 2990 jam
1195 2923 1280 2992 (quod
1302 2922 1443 2978 casillstus
1465 2931 1507 2979 est
1528 2923 1625 2979 Cicero
1644 2926 1674 2980 in

57 3010 84 3056 et
102 3004 234 3058 scientias
253 3002 282 3056 in
300 3003 401 3057 mundo
421 3005 521 3072 majore
540 3011 679 3075 quaerant:
701 3003 850 3076 quinetiam
885 3003 1003 3057 Caesaris
1016 3004 1130 3069 anuum)
1153 3008 1169 3033 “
1183 3001 1268 3056 Stella
1280 3002 1347 3072 lyrae
1366 3021 1403 3058 ex
1421 3003 1509 3058 edicto
1528 3004 1630 3058 oriatur
1641 3006 1672 3069 ;”

58 3082 91 3136 de
103 3081 283 3152 philosophia
294 3083 339 3137 vel
352 3083 545 3152 cogitationem
558 3083 695 3151 abjiciant,
709 3082 753 3137 vel
766 3083 850 3137 modi·
885 3090 912 3135 et
925 3082 1068 3137 auctoritas
1081 3097 1131 3151 pro
1145 3082 1264 3146 veritate,
1278 3099 1333 3136 non
1342 3083 1442 3136 veritas
1452 3099 1502 3152 pro
1515 3083 1674 3143 auctoritate

58 3162 213 3215 eossaltem
229 3168 258 3215 et
275 3169 370 3216 tenues
387 3162 488 3216 fructus
509 3179 545 3217 ex
561 3162 610 3216 illa
629 3170 745 3231 sperent,
765 3178 850 3234 usque
885 3161 929 3215 sit.
971 3161 1048 3223 Quod
1060 3178 1146 3232 genus
1159 3160 1334 3215 institutionis
1347 3170 1374 3215 et
1387 3161 1536 3232 disciplinas
1551 3162 1674 3217 adusum

59 3242 120 3295 dum
132 3240 259 3295 Historia
269 3240 400 3294 naturalis
410 3249 438 3295 et
450 3241 678 3311 experimentalis,
692 3242 809 3312 diligens
822 3248 851 3295 et
884 3249 1046 3309 praesentem
1066 3240 1175 3311 egregie
1189 3239 1276 3304 valet;
1297 3240 1345 3295 sed
1358 3240 1431 3295 idem
1444 3240 1585 3295 meliorum
1602 3242 1673 3295 indi·

59 3321 176 3390 prohata,
191 3327 350 3389 comparata
363 3319 398 3373 sit
411 3327 438 3374 et
451 3320 581 3374 coniecta
622 3320 691 3380 Quid
705 3320 778 3375 enim
798 3320 850 3374 sibi
884 3320 921 3373 cit
934 3319 1056 3374 exilium.
1096 3319 1234 3373 Nimirum
1252 3318 1399 3388 primorum
1416 3327 1557 3389 parentum
1576 3337 1673 3390 pecca·

59 3399 148 3454 roirmt
165 3400 221 3453 ista
239 3399 373 3452 cerebella
389 3398 539 3466 hominum,
559 3406 586 3453 et
606 3406 729 3469 potentes
748 3399 849 3469 nugs?
885 3406 942 3452 tum
964 3407 991 3453 et
1013 3398 1112 3453 luimus
1132 3405 1160 3451 et
1179 3398 1331 3453 imitamurc
1351 3399 1393 3452 illi
1413 3399 1466 3453 Dei
1488 3399 1590 3454 similes
1613 3417 1673 3455 esse

59 3478 176 3532 Fuerunt
190 3478 264 3549 apud
278 3479 404 3548 antiquos
416 3478 517 3548 placita
535 3477 758 3548 philosophorum
771 3479 849 3533 valde
884 3476 1034 3541 voluerunt,
1049 3478 1150 3547 posteri
1160 3494 1252 3531 eorum
1263 3477 1351 3532 adhuc
1360 3479 1466 3548 magIsr
1487 3479 1588 3533 etenim
1598 3496 1674 3535 muu-

58 3573 219 3619 semerom
244 3557 416 3627 Pythagorae,
436 3556 564 3623 Philolai,
585 3556 774 3627 Xenopbauir,
795 3558 850 3612 He·
884 3557 933 3610 dos
946 3573 1076 3621 creamus,
1090 3563 1192 3610 naturae
1205 3557 1332 3626 pissimus
1345 3565 1374 3610 et
1392 3557 1568 3622 dominamur,
1583 3559 1674 3612 omnia

58 3637 152 3701 racliti,
174 3636 358 3707 Empedoclis,
380 3636 558 3701 Parmenidis,
581 3635 760 3705 Anaxagora,
780 3635 850 3691 Leu-
884 3636 923 3690 ita
935 3653 965 3691 se
979 3635 1080 3691 habere
1093 3634 1224 3700 volumus,
1237 3644 1317 3705 prout
1326 3644 1424 3691 nostres
1438 3637 1553 3691 fatuitati
1564 3654 1674 3691 consen-

59 3715 136 3785 eippI,
156 3715 316 3779 Democriti,
334 3714 463 3780 Platonis,
478 3714 638 3779 Aristotelis,
658 3715 849 3786 Theophrasti,
885 3722 997 3769 taneum
1016 3715 1072 3770 lore
1092 3715 1205 3777 videtur,
1225 3731 1280 3768 non
1301 3725 1382 3785 prout
1401 3715 1498 3769 disinae
1519 3715 1672 3785 Sapientiae,

59 3794 318 3860 Zenonisaliorum.
361 3794 399 3848 Hi
410 3811 502 3849 omues
512 3795 672 3850 mundorum
683 3803 848 3865 argumenta,
883 3810 934 3848 nee
948 3793 1041 3865 qualia
1056 3793 1228 3848 inveniuntur
1247 3793 1277 3847 iu
1296 3794 1376 3848 rebus
1394 3793 1477 3865 ipsis,
1498 3811 1547 3849 nec
1567 3797 1624 3850 scio
1637 3813 1674 3850 au

59 3882 186 3946 mquam
203 3872 364 3936 fabularum,
383 3890 433 3943 pro
451 3873 563 3928 arbitrIo
580 3874 773 3937 confinxerunt,
793 3890 850 3929 eas-
884 3890 927 3927 res
941 3881 989 3928 aut
1000 3873 1111 3944 ingenia
1124 3872 1213 3942 magis
1223 3881 1409 3944 torqueamusr
1430 3873 1477 3927 sed
1491 3873 1571 3943 plane
1581 3875 1675 3946 sigilla

61 3969 109 4022 que
119 3953 227 4008 Isbulss
237 3969 301 4006 snas
309 3953 463 4016 recitarunt,
472 3953 660 4023 publicarunt;
681 3952 750 4007 alias
761 3954 849 4025 magis
883 3952 1013 4023 imaginis
1026 3960 1125 4006 nostras
1139 3952 1269 4006 creaturis
1285 3959 1314 4006 et
1331 3952 1457 4021 operibus
1471 3952 1524 4006 Dei
1538 3954 1673 4023 imprimi·

59 4033 202 4087 concinnas
223 4040 297 4086 certe
321 4039 349 4085 et
369 4030 531 4101 probabiles,
549 4031 618 4086 alias
641 4032 770 4087 duriores.
812 4031 850 4086 At
883 4048 951 4097 mus,
966 4047 1021 4086 uon
1041 4031 1176 4085 CreatorIs
1193 4031 1285 4102 sigilla
1301 4048 1363 4085 cum
1382 4048 1447 4085 cura
1467 4031 1625 4102 inspicimus
1646 4042 1675 4089 et

60 4112 155 4165 uostris
168 4110 277 4174 sectilis,
293 4118 402 4180 propter
418 4111 540 4165 instituta
558 4110 714 4166 scholarum
727 4110 849 4166 etcolle·
883 4110 1063 4180 agnoscimus.
1104 4110 1198 4180 Itaque
1212 4127 1266 4164 nou
1279 4110 1414 4164 immerito
1432 4111 1528 4165 iterum
1542 4111 1576 4166 de
1589 4113 1673 4183 impe-

61 4190 171 4259 giomm,
185 4190 348 4245 cohibentur
360 4189 469 4260 ingenia
482 4190 587 4260 magisr
609 4206 696 4261 neque
707 4197 850 4259 propterea
882 4190 924 4243 rio
947 4190 976 4243 in
1000 4198 1136 4244 creaturas
1157 4190 1323 4243 decidimus:
1357 4196 1467 4244 etcum
1485 4197 1548 4260 post
1567 4189 1673 4262 lapsum

61 4270 167 4324 omnino
185 4277 322 4323 cessatum
341 4276 398 4322 est:
420 4268 562 4333 Patricius,
580 4268 713 4333 Telesius,
733 4269 848 4335 Brunus,
883 4268 1003 4323 hominis
1013 4268 1191 4323 nihilominus
1201 4268 1348 4323 dominatio
1357 4268 1486 4323 nonnulla
1495 4270 1524 4324 in
1534 4280 1672 4326 creaturas

61 4347 201 4403 &serium
228 4348 332 4411 Dauus,
359 4347 497 4402 Gilbertus
522 4347 635 4418 Anglus,
663 4347 848 4418 Campanella,
883 4348 1046 4402 reluctantes
1070 4347 1164 4402 relicta
1186 4347 1276 4412 tuerit,
1298 4358 1328 4401 ut
1348 4365 1397 4418 per
1419 4365 1497 4405 veras
1524 4358 1552 4404 et
1573 4350 1673 4406 solidas

61 4443 165 4481 scenam
189 4435 332 4489 tentarunt,
359 4434 388 4480 et
410 4443 494 4482 noras
519 4426 624 4482 fabulas
650 4436 771 4497 egerunt,
798 4444 849 4482 nee
883 4434 956 4480 artes
969 4427 1059 4498 subigi
1072 4435 1100 4481 et
1119 4427 1193 4481 flecti
1211 4428 1322 4497 possint,
1336 4428 1364 4481 id
1377 4428 1468 4497 ipsum
1480 4445 1517 4483 ex
1530 4429 1674 4485 insolentia

61 4504 150 4573 plausu
174 4505 305 4569 celebres,
325 4522 374 4560 uec
398 4514 558 4576 argumento
584 4506 731 4576 elegantes.
773 4507 848 4561 Num
882 4515 981 4570 nostra,
996 4514 1024 4561 et
1037 4506 1101 4577 quia
1114 4506 1166 4560 Dei
1181 4506 1284 4560 similes
1297 4523 1356 4561 esse
1370 4506 1501 4572 volumus,
1517 4515 1544 4562 et
1556 4510 1673 4580 propriae

62 4582 116 4638 bac
129 4585 280 4640 miramur?
301 4584 385 4646 Quasi
396 4601 461 4638 vero
473 4601 527 4639 nou
546 4586 650 4654 possint
662 4585 772 4639 infinita
784 4586 848 4640 orIri
884 4585 996 4640 rationis
1011 4585 1159 4639 dictamina
1178 4586 1263 4656 sequi,
1282 4587 1403 4640 maxima
1424 4604 1460 4641 ex
1479 4593 1556 4655 parte
1575 4589 1673 4643 amitti·

61 4661 207 4731 hujusmodi
221 4663 595 4735 placimetsectmomnibus
608 4663 730 4718 seculis?
749 4666 848 4736 Neque
882 4681 953 4720 mus.
992 4664 1180 4727 Quamobrem,
1200 4665 1224 4719 si
1239 4681 1293 4735 qua
1313 4672 1356 4720 est
1375 4682 1441 4736 erga
1455 4665 1610 4721 Creatorem
1624 4668 1673 4721 hu·

61 4744 129 4797 enlm
140 4754 187 4805 ert,
201 4752 250 4798 aut
263 4743 323 4806 erit,
342 4742 455 4810 hujusce
474 4743 514 4798 rei
530 4744 593 4797 finis
612 4743 711 4813 ahquis
729 4753 776 4798 aut
794 4761 849 4797 mo·
882 4744 991 4808 militas,
1007 4745 1030 4799 si
1045 4760 1100 4815 qua
1111 4760 1222 4813 operum
1236 4744 1295 4812 ejus
1308 4745 1459 4799 reverentia
1471 4752 1500 4800 et
1512 4747 1672 4817 magnifica·

62 4820 115 4875 dus.
153 4823 232 4876 Alius
255 4822 330 4877 aliud
352 4822 454 4890 arripit,
476 4822 539 4876 aliis
559 4821 614 4876 alia
634 4822 758 4893 placent;
779 4823 849 4878 nihil
883 4824 938 4887 tio;
959 4823 1050 4893 siqua
1064 4823 1183 4876 charitas
1197 4823 1370 4888 inhomines,
1381 4831 1409 4878 et
1421 4841 1488 4895 erga
1499 4825 1672 4880 necessitates

62 4908 102 4952 est
115 4900 225 4955 luminis
245 4902 311 4955 sicci
333 4908 362 4954 et
383 4901 486 4970 aperti;
508 4900 621 4972 quisque
642 4919 678 4956 ex
699 4901 849 4971 phantasia
883 4910 910 4956 et
929 4919 1063 4957 semmuas
1082 4901 1215 4956 humanas
1235 4902 1393 4957 relevandas
1414 4903 1546 4968 studium;
1567 4904 1591 4956 si
1612 4904 1672 4974 quis

62 4994 114 5031 ruse
124 4979 236 5042 cellulis,
252 4988 381 5050 tanquam
392 4996 428 5033 ex
440 4996 522 5050 specu
532 4981 663 5044 Platonis,
674 4980 849 5052 philosopha-
882 4998 959 5036 amor
970 4980 1091 5036 veritatis
1103 4980 1133 5035 in
1147 4980 1324 5045 naturalibus,
1337 4991 1366 5036 et
1383 4982 1475 5037 odium
1493 4982 1671 5046 tenebrarum,

63 5064 119 5121 tur;
138 5060 250 5130 ingenia
268 5058 434 5121 sublimiora,
454 5060 567 5123 acutius,
582 5059 702 5123 felicium
723 5061 849 5125 tardiora,
883 5069 910 5114 et
921 5060 1075 5115 intellectus
1086 5059 1244 5130 purificandi
1258 5061 1428 5125 desiderium,
1441 5060 1535 5116 orandi
1549 5067 1613 5115 sunt
1625 5059 1673 5115 ho·

63 5136 160 5191 minore
180 5153 315 5203 successu,
337 5137 385 5191 sed
405 5155 482 5209 reque
504 5139 661 5208 pertinacia
703 5139 775 5201 Quin
794 5156 848 5195 non
882 5140 970 5193 mines
983 5141 1082 5195 iterum
1096 5147 1176 5212 atque
1190 5140 1295 5206 iterum,
1309 5148 1346 5206 ut,
1361 5140 1452 5195 missis
1465 5139 1611 5210 paulisper,
1626 5148 1674 5195 sut

62 5214 98 5267 ita
120 5216 231 5285 pridem,
253 5234 289 5272 ex
312 5217 479 5288 quorundam
500 5217 619 5273 virorum
640 5219 787 5285 doctorum,
813 5228 848 5284 et,
883 5218 978 5273 saltem
992 5220 1126 5289 sepositis,
1140 5219 1322 5290 philosophiis
1340 5220 1401 5275 istis
1419 5219 1541 5274 volaticis
1560 5227 1587 5272 et
1605 5235 1674 5287 prm·

63 5303 136 5361 prout
148 5312 219 5349 nunc
238 5304 301 5350 sunt
316 5312 368 5361 res,
383 5293 573 5351 excellentium
594 5296 745 5367 disciplina,
760 5298 848 5353 scien·
883 5298 1005 5367 posteris,
1020 5316 1081 5369 quse
1095 5300 1185 5354 theses
1199 5299 1397 5370 hypothesibus
1412 5305 1630 5368 anteposuerunt,
1645 5306 1674 5353 et

63 5372 103 5426 tis
117 5374 209 5441 (credo
222 5383 333 5445 propter
346 5375 485 5429 varietatis
499 5382 526 5430 et
540 5375 658 5432 licentiae
672 5377 765 5447 tedia)
778 5379 849 5432 intra
883 5378 1079 5446 experientiam
1094 5379 1230 5449 captivam
1243 5379 1384 5441 duxerunt,
1399 5384 1480 5448 atque
1498 5377 1532 5430 de
1545 5376 1673 5446 operibus

62 5460 145 5508 certos
165 5463 194 5510 et
215 5453 364 5525 descriptos
380 5461 505 5586 atrqctore2s
525 5454 689 5522 coercentur,
709 5464 790 5528 atque
811 5458 850 5512 ita
883 5457 935 5511 Dei
958 5457 1173 5528 triumpharuntr
1202 5458 1352 5522 summisse,
1374 5462 1482 5511 etcum
1500 5457 1673 5515 veneratione

447 5549 463 5588 u
