3800 5875
66 283 124 338 Lra.
139 283 174 337 il.
686 277 825 334 NOVUM
846 275 1047 333 ORGANUM.
1619 275 1674 331 stt

945 436 1086 490 distantes.
1128 433 1182 488 Sed
1204 432 1314 487 interim
1340 433 1487 488 notandum
1508 440 1556 497 est,
1579 433 1678 490 multas

946 531 1006 568 esse
1033 528 1113 583 posse
1141 512 1311 582 operationes
1334 511 1470 567 radiorum
1496 511 1569 577 solis,
1596 522 1677 585 atque

945 594 1028 647 etiarn
1042 609 1078 646 ex
1091 597 1187 645 natura
1201 590 1289 654 calidi,
1305 608 1364 661 quae
1379 608 1433 645 non
1450 597 1512 644 sunt
1526 594 1677 662 proportio·

945 679 1016 725 natae
1030 673 1065 726 ad
1078 677 1179 725 tactum
1195 677 1316 723 nostrum
1327 692 1334 733 ;
1355 671 1423 723 adeo
1436 678 1467 723 ut
1480 678 1603 739 respectu
1617 688 1678 726 nos-

63 442 122 495 data
134 442 203 495 inest
216 446 245 494 et
258 445 404 510 comparet.
439 438 519 494 Hanc
533 438 650 492 tabulam
660 437 850 491 declinationis

63 523 115 578 aire
127 522 258 575 absalio
271 522 303 574 ia
312 521 435 591 prosim
447 517 586 589 appellare
599 517 796 571 consuevimus.

64 706 219 745 llid‘l'Aii'l'lB
240 704 272 743 nt
295 704 435 752 suanno,
457 704 522 748 Qum
545 699 713 740 PRIVANTUR
732 699 849 739 annuat

403 783 507 821 cmm,
946 750 981 805 tri
1002 766 1057 804 non
1076 756 1222 819 operantur
1240 764 1325 818 usque
1341 748 1376 803 ad
1396 748 1607 815 calefactionem,
1629 752 1678 805 sed

946 836 1069 898 respectu
1093 828 1208 882 aliorum
1233 828 1423 882 nonnullorum
1445 844 1588 898 corporum
1612 846 1677 885 exe·

946 917 1063 978 quantur
1075 923 1157 976 opera
1170 906 1260 962 calidi.

906 988 935 1041 4.
958 985 1411 1055 Fiathujusmodiexperimentnm.
1433 985 1484 1039 Ac-

945 1065 1063 1136 cipiatur
1070 1065 1209 1135 speculum
1216 1063 1376 1119 fabricatum
1386 1072 1478 1119 conns

945 1147 1016 1199 sciit
1027 1144 1056 1198 in
1066 1143 1184 1214 speculis
1197 1142 1429 1208 comburentibua;
1451 1152 1479 1198 et
1491 1143 1677 1212 interponatur

85 942 208 983 ,dm
278 906 303 962 l.
324 906 411 961 Lnnm
424 913 453 960 et
470 904 618 966 stellarum,
638 910 666 958 et
684 909 849 957 cometarum

63 992 112 1080 ξω
131 994 181 1047 ,¹³²³
200 991 230 1033 ss·
312 985 389 1050 radii,
403 1001 458 1039 non
471 984 643 1038 inueniuntur
655 981 782 1035 calidiad
796 989 849 1034 tac·

64 1044 202 1132 ιῃᾞῖιῗᾶἷῗᾲ
314 1071 388 1120 tum:
423 1064 571 1136 quinetiam
597 1061 734 1116 observari
762 1059 850 1114 solent

313 1144 445 1199 acerrima
458 1143 562 1213 frigora
574 1142 604 1195 in
618 1139 781 1211 pleniluniis.
813 1138 849 1192 At

1544 1028 1578 1070 rid
1586 1031 1643 1073 dam.

64 1137 208 1180 mitrave!

62 1183 208 1239 ”smum
238 1183 257 1223 ἵ
312 1221 399 1279 stellae
412 1223 476 1276 fixae
489 1219 614 1297 majores,
626 1220 734 1290 quando
747 1218 788 1272 sol
802 1234 848 1271 eas

115 1301 197 1365 subit,
207 1309 253 1356 aut
265 1301 300 1356 iis
313 1302 524 1372 approximatur,
535 1301 722 1356 existimantur
731 1298 848 1352 fervores

116 1380 183 1435 solis
197 1397 297 1452 augere
311 1390 339 1434 et
351 1382 506 1444 intenderee
527 1387 558 1434 ut
571 1381 609 1444 iit,
620 1394 682 1432 cunr
692 1376 734 1432 sol
745 1377 850 1431 sistitur

115 1460 147 1513 in
160 1459 247 1526 leone,
262 1468 290 1514 et
302 1461 397 1514 diebus
411 1459 617 1514 canicularibus.

96 1589 131 1632 Μ
137 1592 195 1631 m
260 1538 287 1593 2.
309 1539 390 1593 Rodii
405 1539 471 1593 solis
484 1539 513 1591 in
527 1536 616 1591 media
631 1538 724 1607 (quam
738 1535 847 1602 vocant)

317 1619 428 1690 regione
437 1618 508 1673 a'e‘ris
518 1633 572 1670 non
581 1615 757 1676 calefaciunt3
772 1615 848 1681 cujm

117 1694 188 1747 ratio
205 1694 287 1767 vulgo
305 1712 359 1752 non
379 1698 451 1752 male
469 1696 603 1759 redditur;
625 1695 690 1765 quia
706 1695 783 1764 regio
800 1693 849 1746 illa

118 1789 170 1826 nec
194 1775 262 1828 satis
283 1777 482 1848 appropinquat
504 1774 540 1827 nd
561 1790 658 1844 corpus
681 1772 754 1836 solis,
779 1772 848 1826 unde

118 1853 188 1906 radii
202 1863 335 1919 emanant,
349 1872 398 1910 nec
412 1856 493 1910 etiam
506 1855 542 1909 ad
554 1860 661 1916 terram,
674 1852 745 1907 unde
758 1852 849 1905 reflec-

119 1939 220 1986 tuntur.
262 1932 351 2005 Atque
365 1934 417 1989 hoc
435 1935 521 2004 liquet
534 1950 570 1987 ex
583 1931 701 2002 insugiis
714 1932 848 1985 montium

120 2012 187 2079 (nisi
207 2011 263 2065 sint
284 2013 401 2083 praealti)
425 2013 471 2068 ubi
495 2013 570 2066 uires
592 2020 722 2082 perpetuo
741 2010 847 2064 durent.

120 2090 175 2144 Sed
188 2100 282 2146 contra
295 2101 415 2147 notatum
429 2101 470 2147 est
483 2108 501 2145 a
520 2089 664 2154 nonnullis,
678 2089 748 2161 quod
764 2089 792 2142 in
806 2104 849 2142 ca·

119 2171 227 2223 cumine
241 2170 324 2225 Picus
337 2172 371 2225 de
382 2170 527 2242 Tenariph,
539 2181 618 2240 atque
629 2170 711 2223 etiarn
724 2168 753 2221 in
764 2168 849 2221 Audis

120 2248 254 2313 Perusiae,
274 2251 335 2321 ipsa
357 2251 466 2321 fastigia
485 2250 618 2304 montium
640 2249 701 2301 nire
722 2247 850 2301 destituta

120 2328 175 2382 sint
181 2350 189 2392 ς
211 2329 319 2384 nivibus
336 2330 488 2398 jacentibus
505 2337 609 2383 tantum
627 2326 740 2381 inferius
757 2326 786 2379 in
804 2343 847 2379 aa·

117 2424 213 2462 ceusu.
255 2410 344 2480 Atque
366 2408 477 2479 insuper
503 2411 550 2462 adr
573 2407 629 2461 illis
652 2407 719 2476 ipsis
743 2405 849 2459 vertici·

120 2486 172 2540 bus
198 2488 331 2543 montium
358 2488 567 2559 deprehenditur
592 2486 703 2540 minime
727 2484 849 2555 frigidus,

121 2566 171 2620 sed
192 2568 282 2622 tenuis
305 2576 407 2622 tantum
428 2575 456 2622 et
475 2583 556 2631 acer;
577 2565 646 2620 adeo
666 2565 744 2619 utin
765 2563 850 2618 Audis

121 2655 226 2716 pungat
244 2654 272 2700 et
290 2647 412 2702 vulneret
430 2646 521 2701 oculos
540 2662 589 2716 per
608 2645 721 2699 nimiam
740 2644 851 2698 scrinio-

121 2726 203 2789 niam,
217 2733 299 2796 atque
313 2727 394 2781 etiam
408 2735 511 2797 pungat
525 2744 555 2780 os
568 2723 717 2786 ventriculi,
731 2733 759 2777 et
775 2722 851 2777 indu·

123 2812 167 2857 cat
187 2807 328 2860 vomitum.
370 2807 459 2876 Atque
477 2806 512 2858 ab
532 2804 649 2875 antiquis
670 2811 789 2857 notatum
803 2810 850 2868 eat,

122 2883 153 2938 in
164 2886 265 2940 vertice
279 2884 388 2957 Olympi
400 2894 502 2941 tantam
512 2884 595 2939 iuiase
606 2881 677 2939 ae'ria
686 2882 850 2946 tenuitatem,

123 2972 154 3017 ut
179 2981 292 3019 necesse
321 2966 402 3020 fuerit
433 2965 497 3029 iliis,
525 2965 572 3035 qui
603 2980 637 3017 eo
669 2963 850 3025 ascenderant,

123 3059 215 3098 secmu
228 3044 333 3099 deferre
346 3046 474 3116 spongias
487 3054 564 3097 aceto
582 3050 610 3098 et
629 3059 699 3114 aqua
717 3043 851 3097 madefac·

125 3131 173 3185 tas,
193 3140 294 3195 easque
316 3123 351 3177 ad
369 3141 400 3177 os
419 3134 447 3178 et
467 3140 546 3177 nares
564 3123 677 3177 subinde
697 3137 850 3191 apponere;

124 3202 186 3271 quia
199 3206 247 3256 a‘e'r
261 3203 297 3255 ob
315 3204 471 3257 tenuitatem
491 3219 546 3256 non
566 3201 717 3256 sufficiebat
736 3203 851 3271 respira·

125 3282 198 3335 tinni.
240 3280 273 3336 Iu
287 3299 341 3354 quo
353 3284 452 3336 vertice
467 3282 550 3336 etiam
560 3281 675 3335 relatum
688 3288 736 3345 est,
751 3289 852 3334 tantam

124 3359 207 3414 tuisse
227 3362 400 3416 serenitatem
420 3372 447 3416 et
468 3361 690 3432 tranquillitatem
708 3377 726 3413 a
746 3359 851 3431 pluviis,

124 3447 151 3492 et
171 3439 288 3504 nivibus,
310 3450 337 3495 et
359 3442 464 3506 ventis,
487 3449 517 3495 ut
537 3439 748 3495 sacrificantibus
767 3438 852 3494 litere

124 3517 267 3589 descriptae
281 3521 368 3591 digito
378 3521 406 3575 in
420 3520 554 3574 cineribus
567 3520 758 3574 sacrificiorum
772 3536 853 3588 super

125 3613 200 3654 aram
214 3599 302 3662 doris,
315 3609 453 3654 manerent
467 3601 495 3654 iu
509 3616 608 3654 annum
624 3599 776 3669 proximum
789 3598 852 3650 abs-

125 3694 176 3748 que
203 3678 261 3732 ulla
287 3679 498 3748 perturbatione.
548 3678 635 3750 Atque
663 3678 745 3731 etiam
771 3676 851 3732 hodie

123 3758 301 3811 ascendentes
315 3758 350 3811 ad
362 3758 489 3812 verticem
508 3757 588 3812 Picus
604 3757 638 3811 de
660 3754 805 3826 Tenaripb,
819 3772 853 3809 eo

125 3836 226 3890 radunt
248 3845 328 3890 noctu
351 3846 380 3891 et
402 3853 457 3891 non
479 3836 608 3900 interdiu;
639 3844 667 3889 et
689 3833 853 3905 paulopost

124 3926 211 3970 crtum
232 3915 300 3969 solis
320 3925 462 3971 monentur
484 3924 512 3969 et
532 3915 684 3970 excitantur
703 3931 721 3967 a
741 3913 855 3968 ducibus

126 3995 188 4058 sois,
201 4002 233 4049 ut
253 3995 381 4049 festinent
394 3995 565 4059 descendere,
579 4001 690 4064 propter
703 3992 852 4063 periculum

127 4076 167 4139 (ot
180 4074 300 4141 ridetur)
315 4091 332 4127 a
347 4075 474 4129 tenuitate
488 4074 567 4138 airis,
584 4089 619 4128 ne
638 4072 725 4128 solvat
743 4072 853 4144 spiritus

127 4155 287 4208 etsnii'oeet

98 4263 128 4305 A,
154 4266 238 4308 m
285 4231 313 4285 3.
334 4230 460 4288 Reflexio
480 4232 618 4287 radiorum
638 4230 711 4297 solis,
733 4230 763 4285 iu
784 4230 854 4301 regi·

76 4313 124 4353 tan
141 4319 189 4372 aare
207 4315 238 4358 et
323 4311 420 4366 onibus
460 4328 544 4381 prope
584 4311 698 4366 circulos
737 4310 853 4381 polsres,

76 4361 206 4406 ”mm
322 4390 465 4446 admodum
484 4390 582 4445 debilis
599 4398 627 4444 et
639 4390 767 4444 inefficax
782 4390 854 4443 inve·

127 4468 198 4523 nitur
211 4468 241 4522 iu
255 4468 362 4532 calore3
384 4470 451 4523 adeo
460 4477 489 4523 ut
503 4469 605 4540 Beigae,
620 4471 666 4540 qui
679 4468 855 4523 hibernarunt

125 4547 153 4600 in
166 4548 247 4601 Nova
260 4547 382 4611 Zembla
395 4566 455 4603 cunr
469 4556 646 4618 expectarent
660 4548 738 4601 uaris
751 4563 807 4602 suae
818 4547 852 4600 li-

126 4626 292 4681 berationem
309 4635 337 4680 et
354 4627 596 4682 deobstructionem
614 4643 631 4680 a
653 4625 761 4697 glaciali
784 4626 854 4680 mole

128 4708 197 4776 (quea
208 4722 271 4760 eam
286 4704 440 4774 obsederat)
454 4723 504 4777 per
516 4707 595 4760 initia
609 4707 710 4760 mensis
723 4704 791 4759 Julii
805 4722 854 4775 spe

127 4801 173 4839 ma
183 4785 305 4839 frustrati
313 4786 375 4848 sint,
386 4793 414 4839 et
426 4785 512 4839 coacti
521 4785 630 4855 scapha·
640 4801 669 4839 se
677 4785 853 4839 committere.

128 4863 219 4935 ltaque
234 4864 304 4918 radii
318 4863 383 4918 solis
401 4864 496 4919 directi
510 4864 633 4919 videntur
651 4880 747 4934 parum
765 4880 854 4933 posse,

127 4944 204 4997 etiam
219 4950 415 5013 superterram
432 4943 560 5013 plenam,
580 4960 630 4997 nec
649 4943 745 4998 reflexi
764 4944 854 5007 etiam,

127 5023 177 5077 uisi
197 5021 411 5092 multiplicentur
431 5031 460 5076 et
480 5024 621 5089 uniantur;
652 5024 724 5094 quod
743 5023 773 5076 ne
793 5040 855 5078 cum

127 5100 165 5154 sol
183 5103 273 5172 magis
292 5102 381 5172 vergit
401 5101 436 5155 ad
455 5101 690 5172 perpendiculume
712 5102 776 5172 quis
798 5111 854 5157 turn

127 5179 271 5234 incidentia
288 5180 424 5235 radiorum
444 5181 509 5234 facit
527 5181 641 5252 angulos
659 5182 805 5246 acutiorem
827 5189 856 5236 ut

127 5257 203 5314 hem
223 5260 359 5314 radiorum
380 5261 434 5313 sint
455 5261 543 5331 magis
561 5261 590 5315 iu
610 5261 781 5331 propinquo:
808 5262 855 5315 ubi

128 5347 217 5392 eontra
229 5339 259 5392 iu
271 5340 380 5410 magnis
394 5339 597 5409 obliquitatibus
608 5339 673 5394 solis
687 5339 780 5410 anguli
795 5348 856 5395 sunt

129 5417 202 5472 ratde
221 5419 318 5485 obtusi,
337 5427 366 5473 et
385 5418 497 5489 proinde
515 5418 594 5474 linere
613 5419 747 5474 radiorum
768 5420 856 5491 magis

906 1857 933 1911 5.
968 1857 1032 1911 Fiat
1072 1857 1286 1927 experimentum
1329 1853 1479 1924 diligenter,

909 2806 937 2862 6.
957 2806 1123 2861 Practicetur
1145 2806 1228 2861 etiam
1250 2804 1349 2857 riuum
1374 2803 1481 2857 combu-

912 4626 941 4684 9.
964 4629 1033 4683 Sunt
1052 4628 1176 4698 quadam
1197 4627 1403 4690 consecutiones,
1425 4643 1485 4696 qum

945 1223 1018 1279 inter
1031 1240 1142 1279 manum
1155 1231 1182 1277 et
1197 1223 1288 1278 radios
1307 1220 1387 1286 solis3
1407 1230 1435 1276 et
1452 1224 1504 1277 fiat'
1515 1222 1675 1289 observatio,

945 1310 1035 1358 utrum
1048 1303 1152 1357 minuat
1164 1301 1283 1357 calorem
1295 1301 1369 1365 solis,
1379 1301 1601 1371 quemadmodum
1616 1318 1676 1371 ape-

945 1382 1036 1437 culum
1063 1382 1222 1436 comburens
1248 1380 1362 1435 eundern
1389 1388 1470 1451 auget
1496 1387 1524 1433 et
1548 1379 1675 1437 intendit.

945 1459 1122 1516 Manifestum
1137 1468 1179 1515 est
1192 1460 1265 1514 euim
1275 1460 1364 1530 quoad
1377 1459 1467 1513 radios
1475 1458 1586 1528 opticus,
1597 1469 1676 1528 prout

945 1539 1092 1595 fabricatur
1099 1539 1238 1611 speculum
1244 1540 1273 1592 in
1280 1539 1411 1593 densitate
1417 1538 1545 1609 inaequali
1553 1547 1676 1608 respectu

945 1620 1028 1673 medii
1042 1628 1069 1674 et
1082 1619 1203 1681 laterum,
1217 1619 1257 1673 ita
1276 1635 1407 1688 apparere
1427 1617 1573 1672 simulacra
1587 1618 1675 1688 magia

945 1697 1050 1762 diffusa,
1072 1705 1119 1753 aut
1136 1699 1223 1769 magis
1241 1704 1384 1752 eontracta.
1425 1696 1520 1767 ltaque
1541 1696 1613 1751 idem
1634 1696 1674 1750 ri·

944 1777 1061 1832 ciendum
1074 1778 1104 1832 in
1116 1778 1213 1831 calore.

945 1942 1035 1989 utrum
1045 1953 1094 2006 per
1107 1935 1216 2007 specula
1225 1932 1415 1996 comburentis,
1425 1932 1476 1987 for·
1540 1896 1639 1941 ΝΜ

946 2014 1051 2069 tissime
1059 2023 1087 2069 et
1095 2015 1195 2085 optime
1206 2011 1345 2076 fabricata,
1354 2012 1423 2066 radii
1431 2012 1502 2066 lunae
1512 2010 1615 2080 possint
1625 2027 1674 2064 ex·

945 2092 1001 2163 cipi
1014 2101 1043 2148 et
1056 2092 1147 2165 colligi
1161 2095 1190 2149 in
1204 2092 1323 2163 aliquem
1341 2092 1384 2146 rel
1402 2092 1542 2145 minimum
1561 2088 1674 2159 gradum

947 2173 1057 2243 teporis.
1108 2174 1136 2227 ls
1162 2190 1227 2228 rere
1251 2171 1350 2242 medus
1376 2171 1484 2240 teporis,
1511 2169 1535 2222 si
1561 2168 1674 2223 sortasse

945 2252 1028 2307 nimis
1035 2252 1140 2308 subtilis
1147 2260 1175 2308 et
1183 2252 1280 2307 debilia
1289 2250 1376 2313 fuerit,
1384 2259 1414 2304 ut
1422 2250 1456 2304 ad
1464 2255 1562 2304 tactum
1572 2248 1675 2318 percipi

946 2338 975 2386 et
987 2332 1152 2402 deprehendi
1165 2349 1220 2387 non
1233 2330 1334 2402 poenite
1356 2329 1564 2401 confugiendum
1579 2328 1629 2381 erit
1640 2327 1675 2381 ad

947 2410 1018 2465 vitra
1030 2411 1085 2476 illa,
1100 2430 1160 2484 qum
1173 2411 1294 2466 indicant
1303 2409 1521 2465 constitutionem
1531 2407 1602 2461 airis
1612 2406 1676 2460 cali·

947 2489 1010 2544 dam
1023 2498 1069 2545 aut
1081 2491 1225 2562 frigidams
1245 2490 1283 2543 ita
1297 2495 1326 2544 ut
1343 2488 1411 2543 radii
1425 2487 1496 2543 lunae
1510 2504 1559 2558 per
1578 2503 1674 2556 specu-
1761 2479 1768 2493 ⁹

945 2568 1003 2624 ium
1016 2570 1176 2625 comburens
1190 2568 1308 2623 incidant
1320 2575 1348 2622 et
1365 2567 1500 2634 jaciantur
1518 2568 1547 2621 in
1566 2565 1676 2619 summi·

946 2655 1030 2703 tatem
1042 2650 1103 2703 vitri
1117 2647 1285 2717 hujusmodi;
1306 2654 1387 2717 atque
1400 2653 1458 2700 tum
1468 2652 1583 2710 notetur,
1594 2644 1676 2700 sitiat

947 2727 1086 2797 depressio
1098 2744 1177 2798 aquea
1190 2743 1239 2797 per
1252 2732 1381 2794 teporem.

947 2902 1010 2941 reus
1028 2902 1109 2957 super
1129 2884 1254 2949 calidum,
1276 2883 1347 2955 qnod
1365 2899 1419 2937 non
1441 2882 1476 2935 sit
1540 2845 1638 2888 mm*

947 2966 1085 3021 radiosum
1111 2974 1157 3020 aut
1178 2964 1356 3028 luminosum3
1389 2971 1420 3017 ut
1440 2960 1505 3016 ferri
1528 2967 1557 3014 et
1576 2958 1676 3030 lapidis

947 3045 1081 3108 calefacti,
1103 3045 1225 3100 sednon
1245 3043 1344 3114 igniri,
1372 3049 1419 3096 aut
1439 3057 1518 3112 aquas
1540 3039 1675 3103 ferventis,

948 3133 996 3177 sut
1009 3124 1138 3179 similium
1147 3136 1159 3178 z*
1175 3131 1203 3177 et
1214 3131 1327 3186 notetur,
1338 3129 1428 3176 utrum
1441 3122 1489 3174 fiat
1501 3126 1677 3191 angmentum

948 3212 976 3256 et
988 3203 1103 3258 intentio
1115 3203 1205 3267 calidi,
1219 3210 1249 3256 ut
1262 3202 1292 3255 in
1306 3202 1388 3255 radiis
1401 3199 1475 3255 solia.
1551 3188 1569 3240 i

909 3283 936 3345 7.
957 3282 1213 3337 Practiceturetiam
1223 3279 1480 3350 speculumcombu·
1539 3320 1640 3364 mm

947 3378 1010 3416 rens
1023 3363 1052 3416 iu
1067 3362 1177 3416 flamma
1189 3361 1334 3415 communi.

910 3441 937 3496 8.
959 3440 1133 3496 Cometanrm
1153 3441 1189 3511 (si
1208 3448 1235 3494 et
1254 3439 1316 3494 illos
1337 3454 1478 3494 numerare
1540 3477 1639 3520 mm

948 3520 1021 3574 inter
1033 3528 1152 3575 meteone
1171 3519 1293 3589 libuerit)
1311 3535 1365 3571 non
1381 3517 1477 3589 depre-

948 3598 1077 3654 henditur
1090 3606 1215 3654 constans
1227 3606 1276 3652 eut
1294 3596 1451 3652 manifestus
1464 3592 1577 3650 effeetus
1590 3590 1618 3644 in
1632 3607 1678 3644 au-

949 3678 1045 3748 gendis
1070 3679 1209 3734 ardoribus
1235 3677 1308 3742 anni,
1332 3675 1397 3730 licet
1420 3676 1553 3730 siccitates
1578 3670 1677 3740 saepius

948 3757 1012 3812 inde
1034 3759 1112 3830 sequi
1132 3766 1231 3812 notatae
1251 3756 1313 3811 sint.
1359 3755 1511 3817 Quinetiam
1531 3752 1628 3815 trabes,
1650 3757 1679 3805 et

949 3837 1083 3892 columnae
1095 3836 1198 3901 lucide,
1212 3843 1241 3890 et
1259 3835 1406 3898 chasmate,
1422 3842 1450 3887 et
1467 3832 1576 3894 similia,
1594 3846 1677 3900 appa·

950 3923 1010 3970 rent
1022 3917 1122 3986 saepius
1135 3915 1301 3986 temporibus
1318 3914 1447 3977 hibernis,
1462 3928 1544 3984 quam
1561 3909 1676 3972 marisiae

950 4003 978 4049 et
985 3995 1103 4050 maxime
1115 4012 1164 4066 per
1173 3993 1470 4063 intenasisimafrigora,
1480 3991 1527 4046 sed
1538 3991 1680 4058 conjuncta

949 4091 1012 4129 cum
1032 4074 1204 4129 siccitatibus.
1253 4071 1379 4128 Fulmina
1400 4080 1490 4124 tamen
1511 4078 1539 4123 et
1558 4084 1679 4123 corusca-

951 4154 1038 4209 tiones
1052 4161 1079 4207 et
1092 4153 1209 4208 tonitrua
1228 4168 1290 4206 raro
1309 4151 1436 4205 eveniunt
1454 4149 1552 4211 hieme,
1567 4146 1614 4202 sed
1628 4147 1680 4201 sub

950 4240 1058 4303 tempus
1076 4248 1234 4303 magnorum
1251 4230 1393 4286 fervorum.
1433 4229 1470 4282 At
1491 4227 1578 4283 stellae
1599 4230 1680 4299 (quas

951 4312 1061 4381 vocant)
1075 4311 1208 4375 cadentes,
1223 4292 1411 4365 exihtimantur
1423 4308 1505 4378 vulgo
1518 4307 1606 4377 magis
1618 4323 1681 4360 eon·

950 4399 1021 4446 stare
1035 4407 1070 4445 ex
1082 4391 1189 4445 viscosa
1200 4390 1293 4460 aliqua
1306 4389 1419 4443 materia
1439 4387 1581 4459 splendida
1596 4393 1625 4440 et
1638 4402 1681 4438 ac-

951 4487 1039 4534 censa,
1054 4487 1135 4541 quam
1149 4485 1209 4524 csse
1228 4477 1333 4523 natura
1351 4468 1440 4539 ignem
1459 4468 1585 4523 fortioris.
1627 4464 1681 4520 Sed

950 4549 984 4602 de
997 4549 1050 4603 hoc
1063 4549 1214 4620 inquiratur
1226 4547 1348 4602 ulterius.

949 4707 1070 4778 praebent
1082 4706 1181 4770 lumen,
1195 4706 1243 4760 sed
1258 4722 1312 4760 non
1325 4715 1420 4760 urant:
1441 4722 1481 4760 em
1547 4667 1638 4712 Am

951 4803 1016 4841 vero
1029 4802 1135 4856 semper
1149 4787 1215 4841 fiunt
1225 4786 1284 4838 sine
1298 4785 1407 4838 tonitru.

896 4865 939 4920 to.
961 4866 1150 4920 Eructationes
1163 4872 1190 4918 et
1199 4864 1356 4934 eruptiones
1365 4865 1485 4918 flamma·
1546 4902 1644 4946 mm

951 4962 1011 4999 rum
1024 4944 1196 4998 inveniuntur
1208 4960 1263 4997 non
1276 4943 1366 4998 minus
1375 4944 1404 4997 in
1413 4943 1482 5013 regi·

951 5023 1049 5077 ouibus
1067 5023 1182 5093 frigidis,
1197 5040 1279 5095 quam
1292 5023 1402 5086 calidis;
1424 5030 1454 5075 ut
1472 5021 1501 5074 in
1521 5016 1640 5071 islandia
1653 5020 1681 5069 et

953 5101 1149 5157 Greenlsndia:
1183 5102 1410 5174 quemadmodum
1436 5109 1464 5154 et
1493 5097 1601 5151 arbores
1632 5111 1682 5165 per

951 5183 1077 5252 regiones
1090 5181 1203 5252 frigidas
1215 5182 1304 5253 magis
1317 5190 1380 5236 sunt
1396 5178 1558 5252 quandoque
1576 5175 1683 5229 inflam-

951 5260 1072 5324 mabiies,
1086 5268 1112 5315 et
1126 5262 1214 5331 magis
1228 5262 1314 5331 picem
1333 5277 1365 5314 ac
1381 5260 1519 5321 recinosee,
1534 5272 1615 5326 quarn
1634 5270 1683 5324 per

953 5340 1078 5410 regiones
1090 5339 1208 5396 calidas:
1229 5349 1258 5395 ut
1271 5341 1302 5394 tit
1319 5340 1349 5394 in
1367 5338 1463 5401 abiete,
1483 5338 1557 5407 pinu,
1576 5344 1604 5390 et
1621 5333 1684 5389 reli·

952 5420 1029 5491 quise
1048 5437 1142 5475 verum
1155 5420 1184 5475 in
1198 5419 1272 5491 quali
1285 5419 1340 5473 situ
1353 5416 1387 5472 'et
1405 5423 1503 5472 natura
1521 5414 1574 5472 soli
1590 5415 1684 5484 hujus·
