3800 5875
76 321 125 376 lna
145 321 164 376 l.
560 320 610 375 DE
633 319 858 375 hUGhlEN'l'lS
881 319 1157 376 sctau't'tattuat.
1619 322 1673 378 291

75 491 120 535 tum
131 487 212 533 natum
226 478 351 547 reperire,
366 479 411 549 qui
429 478 511 532 luserit
535 477 673 546 Maiestati
689 485 743 532 tum
756 479 846 534 litera-
923 479 963 531 Ut
977 480 1060 549 igitur
1074 478 1223 535 falsitatem
1237 478 1320 547 hujus
1334 480 1477 552 dogmatis,
1494 480 1678 537 fundamenta

74 579 122 614 mm
138 561 277 613 diriuamm
298 566 326 610 et
345 557 525 611 humanarum
540 558 678 621 carimate,
693 568 720 612 et
740 558 846 613 cultura
884 575 937 627 que
951 559 1011 626 ejus
1031 559 1103 612 male
1121 560 1197 627 jacta
1216 560 1386 630 aperiamua;
1407 561 1494 614 cuivis
1512 561 1619 615 obviam
1636 571 1678 617 est

73 631 252 709 comparendus
293 635 637 707 Percurrat,quivoluerit,
650 638 844 707 imperatorum
882 638 950 691 istos
963 654 1018 692 non
1031 639 1179 709 percipere,
1195 639 1344 704 scientiam,
1359 657 1420 710 qum
1439 639 1545 710 lapsum
1563 642 1676 711 pepen't,

73 729 94 772 et
105 736 180 772 rerum
193 719 297 781 seriem,
311 724 339 770 et
350 717 428 784 juxta
439 734 544 770 mecum
560 716 668 770 sentiet.
711 717 844 788 Magnum
882 732 937 770 non
950 716 1035 771 fuisse
1054 734 1150 788 puram
1171 717 1248 772 illam
1269 718 1514 790 primigeniamque
1534 719 1677 776 scientiam

73 807 130 850 certe
141 798 261 867 quiddam
276 804 407 866 praestare
421 813 502 866 reges
512 795 645 859 sidentur,
657 797 680 849 si
692 796 844 851 delibantes
882 796 1043 863 naturalem,
1058 798 1136 865 cujus
1154 796 1257 852 lumine
1272 797 1355 852 homo
1369 797 1538 862 animalibus,
1551 799 1581 852 in
1599 815 1677 868 para-

73 877 166 930 aliorum
178 876 287 948 ingenia
308 892 343 929 ex
359 875 521 945 compendio
540 875 654 946 sapiant,
669 885 717 929 aut
736 877 765 928 in
787 893 844 931 cor·
881 875 941 929 diso
955 877 1085 941 adductis,
1104 876 1215 930 nomina
1235 893 1272 931 ex
1286 884 1384 931 natura
1402 879 1533 948 imposuit
1539 900 1547 942 t
1571 879 1620 933 sed
1632 896 1675 934 su·

73 959 112 1008 tice
123 957 239 1010 tumne
252 954 423 1025 aliquatenus
442 954 573 1018 haereant,
587 962 635 1008 aut
652 955 770 1026 denique
784 954 842 1009 lite-
881 955 994 1023 perbam
1008 955 1085 1009 illam
1099 956 1160 1009 doni
1170 965 1196 1008 et
1209 957 1282 1020 mali,
1291 973 1430 1027 perquam
1441 968 1567 1012 excutere
1577 957 1674 1024 Deum,

72 1043 128 1089 ratos
150 1045 237 1090 ament
261 1034 442 1103 erebantque.
504 1035 540 1087 at
566 1050 668 1104 regem,
697 1042 725 1088 et
749 1051 843 1105 regem
881 1034 988 1105 sibique
1010 1036 1068 1105 ipse
1093 1033 1183 1105 legem
1208 1036 1293 1106 ligere
1314 1037 1436 1091 ambivit.
1477 1038 1577 1107 Neque
1600 1047 1674 1092 certe

72 1125 151 1178 ratum,
172 1132 248 1169 seros
272 1113 433 1168 eruditionis
458 1114 547 1167 sontes
571 1112 704 1177 hausisse,
727 1113 783 1167 imo
802 1115 843 1185 ip
880 1112 992 1168 visulla
1006 1114 1134 1178 scientim,
1150 1126 1251 1185 quanta
1265 1123 1368 1185 quanta
1386 1117 1428 1180 sit,
1445 1116 1523 1170 inflat
1537 1125 1673 1181 mentem.

71 1201 167 1248 munet
178 1195 278 1248 iontem
292 1193 453 1247 emditionis
474 1209 542 1256 esse,
556 1207 641 1262 prope
663 1193 741 1247 abest
759 1209 777 1246 a
793 1194 842 1247 mi·
880 1209 942 1246 cum
957 1192 1029 1247 nihil
1038 1193 1154 1263 implere
1168 1195 1297 1258 animum,
1305 1195 1405 1249 nedum
1414 1196 1566 1250 distendere
1579 1197 1671 1265 possit,

71 1273 149 1327 nculu
186 1273 250 1328 Tuae
272 1290 338 1327 vero
366 1272 507 1340 Majestati
531 1273 613 1326 etiam
636 1271 703 1325 illud
730 1272 841 1337 accedit,
879 1281 980 1340 preter
1005 1273 1102 1336 Deum,
1130 1272 1238 1343 Deique
1265 1274 1531 1346 contemplationem.
1583 1275 1673 1335 Quare

71 1353 171 1422 quadiu
196 1352 289 1406 οοᾶειιι
317 1353 435 1422 pectoris
462 1351 502 1405 tui
526 1351 627 1405 scrinio
647 1367 732 1405 sacrae
755 1350 842 1406 literm
880 1350 1018 1415 Salomon,
1032 1352 1066 1406 de
1080 1352 1184 1407 duobus
1204 1351 1346 1423 pdmariis
1366 1354 1530 1408 inventionis
1546 1354 1672 1410 sensibus

69 1432 241 1502 eumprolanis
259 1430 456 1494 recondentem
478 1430 547 1484 adeo
567 1437 605 1494 ut,
624 1446 687 1484 cum
709 1431 840 1486 Hermete
880 1430 952 1498 (visu
968 1439 1050 1502 atque
1062 1431 1169 1499 auditu)
1180 1431 1311 1502 loquens3
1333 1432 1379 1496 ait,
1392 1432 1532 1487 “Oculum
1546 1434 1670 1500 videndo,

70 1511 106 1562 illo
117 1511 292 1581 l'rismegisto,
308 1510 410 1580 triplici
424 1509 513 1580 gloria
525 1508 690 1580 insigniaris.
706 1518 840 1580 potestate
879 1525 973 1563 aurem
988 1510 1121 1565 audiendo
1134 1526 1188 1564 non
1207 1511 1329 1566 satiari.”
1371 1511 1485 1573 Quodsi
1503 1529 1556 1567 non
1571 1512 1670 1567 sitim-

69 1589 495 1659 regiailluminationesacerdotis,
503 1589 654 1643 eruditione
668 1588 838 1660 philosophi.
878 1587 970 1657 pletio,
998 1590 1128 1660 sequitur,
1155 1591 1298 1645 continens
1324 1592 1414 1659 majus
1446 1607 1507 1646 esse
1535 1599 1669 1647 contento.

69 1669 124 1722 Cum
136 1670 213 1740 igitar
226 1669 297 1724 alios
310 1685 389 1740 reges
399 1669 482 1739 longe
491 1669 542 1722 hac
552 1667 632 1722 laude
642 1670 764 1738 (proprie
779 1686 840 1739 quse
880 1667 962 1722 Haud
972 1667 1052 1723 aliter
1065 1669 1098 1723 de
1112 1668 1227 1724 scientia
1240 1670 1310 1740 ipsa,
1322 1671 1468 1740 animoque
1477 1669 1598 1725 humano
1613 1673 1670 1740 (cui

68 1749 161 1816 tuaest)
174 1765 298 1819 superem
321 1765 430 1818 aequum
443 1755 493 1812 est,
508 1755 603 1802 utnon
617 1747 705 1801 solum
720 1764 838 1817 praesen-
877 1761 973 1801 sensus
993 1757 1056 1802 sunt
1076 1757 1207 1818 tanquam
1229 1749 1376 1820 emissarii)
1395 1750 1488 1804 delinit
1507 1749 1551 1803 his
1569 1750 1668 1814 verbis,

68 1828 96 1880 tis
107 1827 179 1882 seculi
193 1830 273 1893 lama,
288 1835 318 1883 et
330 1828 510 1882 admiratione
520 1826 681 1892 celebretur,
694 1837 741 1880 aut
755 1828 839 1882 etiam
878 1843 939 1896 quas
953 1827 1108 1881 calendario
1121 1844 1171 1882 sao
1184 1827 1416 1899 ephemeridique,
1434 1829 1556 1883 omnium
1577 1846 1668 1884 rerum

69 1905 216 1962 historiarum
229 1908 334 1963 lumine
347 1907 502 1978 posteritati
523 1906 729 1970 transmittatur,
744 1923 838 1961 verum
877 1913 1002 1976 tempora
1035 1907 1206 1970 describenti,
1239 1908 1383 1973 subnectit,
1416 1908 1457 1962 ita
1488 1906 1666 1973 concludens;

68 1986 176 2040 utsdido
190 1987 283 2058 aliquo
301 1988 332 2041 in
354 2003 436 2056 opere
455 1985 598 2050 incidatur,
622 1984 695 2056 quod
717 1994 745 2039 et
765 1987 839 2057 regis
878 1984 1009 2039 “Omnia
1021 1985 1097 2042 Deus
1110 1986 1237 2052 condidit,
1250 1995 1282 2041 ut
1298 1987 1508 2058 unumquodque
1522 1986 1667 2057 pulchrum

68 2068 140 2136 magui
159 2068 305 2136 potentiam
327 2066 445 2130 denotet,
469 2075 497 2120 et
517 2066 591 2137 regis
612 2072 669 2118 tam
694 2064 840 2136 insigniter
876 2065 955 2118 sitin
968 2074 1088 2136 tempore
1108 2081 1176 2120 suo:
1198 2066 1329 2120 mundum
1343 2083 1450 2137 quoque
1464 2068 1556 2137 ipsum
1569 2066 1668 2121 indidit

68 2144 123 2198 docti
134 2146 276 2217 imaginem
291 2147 403 2201 referat.
875 2143 950 2197 cordi
966 2161 1077 2200 eorum:
1097 2144 1220 2200 invenire
1234 2153 1323 2199 tamen
1334 2145 1418 2200 homo
1426 2163 1480 2200 non
1490 2153 1580 2216 potest
1590 2163 1666 2217 opus,

95 2223 170 2285 Quare
180 2231 223 2296 (ut
232 2226 267 2279 ad
280 2227 423 2295 inceptum
436 2226 570 2290 revertar)
580 2222 656 2277 nulla
667 2223 757 2294 potior
766 2223 836 2278 mihi
876 2223 948 2291 quod
962 2231 1087 2293 operatua
1101 2230 1142 2278 est
1155 2224 1238 2289 Deus,
1258 2225 1294 2279 ab
1307 2225 1386 2279 initio
1404 2242 1491 2296 usque
1505 2224 1541 2278 ad
1554 2225 1664 2280 finem.”

68 2302 113 2356 risa
124 2314 159 2358 est
172 2304 280 2370 oblatio,
295 2322 378 2377 quam
393 2311 522 2358 tractatus
540 2303 641 2375 aliquis
655 2319 690 2357 eo
702 2312 836 2372 spectans.
876 2301 980 2362 Quibus
992 2304 1083 2359 verbis
1091 2303 1167 2358 haud
1176 2304 1288 2358 obscure
1299 2304 1494 2369 innuit,Deum
1504 2304 1666 2359 fabricatum

69 2381 137 2450 liujus
149 2393 335 2455 argumentum
352 2384 457 2438 duabus
470 2383 605 2438 constabit
624 2382 759 2452 partibus.
803 2383 836 2437 In
875 2397 935 2435 esse
951 2383 1073 2437 animum
1087 2383 1238 2438 humanum
1251 2383 1337 2437 instar
1350 2383 1462 2453 speculi,
1476 2383 1559 2438 totius
1571 2385 1665 2439 mundi

67 2463 131 2529 priori
145 2466 214 2534 (qum
227 2463 319 2519 levior
334 2474 382 2527 est,
396 2479 485 2535 neque
503 2470 595 2517 maren
607 2460 665 2516 ullo
677 2462 758 2517 modo
770 2478 837 2532 prae·
874 2477 1011 2531 capacem,
1026 2463 1138 2533 ejusque
1152 2478 1207 2517 non
1220 2463 1311 2516 minus
1332 2463 1476 2527 sitientem,
1501 2480 1584 2533 quam
1604 2480 1666 2517 ocu-

68 2543 224 2612 ternitteada)
238 2545 272 2598 de
286 2544 410 2598 scientiar
423 2552 452 2596 et
464 2542 604 2597 literarum
619 2541 773 2612 peremnia
787 2559 835 2596 ex·
874 2538 932 2594 lum
953 2541 1085 2596 luminise
1105 2558 1194 2613 neque
1216 2542 1379 2612 gestientem
1400 2542 1489 2597 solnm
1509 2542 1665 2612 conspicere

68 2619 170 2675 ullentia
186 2624 324 2694 agendum
343 2631 398 2686 est;
420 2629 448 2676 et
467 2621 549 2676 umal
565 2623 599 2676 de
618 2620 717 2675 merito
733 2636 835 2687 eorum,
874 2620 1019 2674 varietates
1031 2621 1283 2692 vicissitudinesque
1297 2630 1458 2691 temporum,
1477 2622 1664 2676 verumetiam

66 2701 101 2767 qui
112 2702 135 2754 iu
142 2702 231 2757 iisdem
240 2702 425 2773 provehendis
433 2718 544 2772 operam
557 2708 666 2756 strenue
680 2709 782 2754 etcum
794 2701 836 2768 ju·
874 2701 1059 2768 perscrutandi
1073 2700 1286 2771 explorandique
1305 2700 1431 2755 immotas
1452 2707 1534 2770 atquc
1554 2701 1665 2756 iuviola-

67 2777 292 2853 dieioimpendunt.
335 2782 472 2836 Posterior
484 2797 549 2835 vero
564 2796 629 2852 pars
647 2779 735 2851 (quod
754 2786 836 2850 caput
875 2778 942 2833 biles
969 2787 1073 2833 naturae
1099 2779 1182 2850 leges,
1211 2787 1238 2833 et
1264 2779 1381 2844 decreta,
1405 2780 1587 2835 ambitiosum.
1628 2781 1665 2835 Et

66 2859 94 2910 rei
102 2863 148 2928 est)
158 2870 296 2932 proponet,
306 2860 469 2932 quidinhoc
477 2876 578 2932 genere
587 2859 640 2914 huc
648 2875 734 2930 usque
744 2868 834 2913 actum
875 2859 999 2928 quamvis
1019 2860 1132 2914 innuere
1153 2858 1283 2924 videatur,
1307 2875 1442 2913 summam
1463 2858 1539 2915 illam
1560 2866 1664 2914 naturas

67 2938 99 3001 ¹1¹2
116 2949 139 2993 et
155 2943 323 3011 perlectum
343 2943 456 3012 insuper
477 2950 505 2995 et
527 2957 561 2995 ea
582 2941 749 3010 perstringet
772 2958 834 3010 qum
873 2940 1053 2993 oeeonomiam
1067 2943 1162 3009 (quam
1176 2938 1298 3010 appellat
1312 2944 1327 2970 “
1342 2939 1426 3010 Opus,
1445 2941 1517 3011 quod
1535 2948 1663 3010 operatur

67 3016 164 3075 ridentm
175 3021 340 3085 desiderari3
362 3028 393 3075 ut
406 3020 530 3092 quamvis
543 3037 598 3073 non
607 3021 694 3075 ausim
704 3034 834 3088 seponere
875 3018 958 3082 Deus,
973 3019 1009 3072 ab
1021 3019 1100 3073 initio
1111 3035 1198 3090 usque
1212 3019 1248 3072 ad
1261 3016 1374 3086 finem'’)
1388 3036 1443 3074 non
1453 3036 1533 3091 posse
1547 3020 1662 3074 inveniri

67 3106 100 3148 aut
111 3098 225 3171 deligere,
240 3112 296 3155 tum
312 3101 384 3171 quod
397 3100 532 3170 praeeipue
543 3100 684 3168 Maiestati
698 3114 835 3152 commen·
874 3098 908 3151 ab
924 3097 1051 3162 homine;
1072 3097 1125 3152 hoc
1143 3114 1197 3153 non
1215 3098 1335 3153 detrahit
1354 3099 1446 3169 captui
1466 3098 1593 3162 humano,
1614 3099 1663 3153 sed

67 3174 120 3239 dm.
133 3186 216 3235 tamen
237 3180 330 3235 multa
350 3187 378 3235 et
397 3180 473 3233 varia
494 3178 720 3249 representando,
744 3178 834 3249 regias
873 3177 902 3230 in
915 3177 1112 3248 impedimenta
1125 3177 1254 3232 doctrinm
1273 3178 1470 3246 rejiciendum
1489 3178 1582 3251 qualia
1598 3186 1664 3233 sunt

67 3264 113 3308 tuas
125 3260 298 3329 cogitationes
317 3259 436 3313 excitare
456 3261 568 3328 possim,
583 3265 613 3313 ut
630 3257 755 3329 proprios
774 3274 834 3327 peo-
875 3256 936 3310 uitae
944 3257 1070 3321 brevitas,
1079 3257 1545 3325 studiorumdirortia,scientian1m
1554 3258 1663 3313 traditio

67 3335 118 3388 toris
130 3340 164 3390 tui
177 3339 323 3393 thesauros
336 3339 466 3401 excutias,
481 3345 561 3410 atque
580 3338 643 3393 inde
662 3354 711 3407 pro
724 3353 845 3408 magna,
872 3352 957 3404 prava
969 3344 997 3391 et
1009 3337 1099 3401 infida,
1113 3336 1283 3407 plurimaque
1298 3337 1354 3391 alia
1369 3338 1546 3401 incommoda,
1561 3337 1661 3408 quibua

67 3414 167 3471 almitate
182 3428 227 3472 tua
240 3427 328 3489 atque
343 3418 485 3488 sapientia,
494 3417 597 3488 optima
611 3433 734 3488 querque,
749 3417 783 3470 ad
794 3433 834 3470 ar·
873 3415 993 3469 humana
1005 3416 1125 3470 conditio
1137 3417 1270 3471 irretitur:
1291 3417 1422 3487 siquidem
1431 3417 1533 3472 nullam
1542 3417 1662 3471 universi

67 3492 117 3547 iun
126 3505 149 3550 et
162 3498 338 3553 scientiarum
346 3497 473 3552 terminos
483 3497 666 3567 proferendos,
677 3496 831 3565 depromas.
872 3503 976 3563 partem
991 3495 1026 3549 ab
1046 3496 1165 3550 humana
1178 3496 1368 3566 disquisitione
1381 3496 1498 3551 alienam
1513 3512 1580 3559 esse,
1595 3495 1662 3550 satis

872 3573 944 3629 clare
967 3575 1033 3628 alibi
1055 3576 1141 3640 docet,
1162 3576 1294 3645 inquiens,
1318 3580 1334 3607 ‘⁴
1350 3576 1466 3646 Spiritus
1479 3575 1597 3630 hominis
1619 3581 1662 3629 est

95 3650 123 3704 ln
139 3654 195 3724 ipso
208 3655 348 3711 vestibulo
366 3656 465 3727 prioris
485 3656 581 3727 partis,
604 3655 639 3709 ad
661 3657 832 3727 purgandam
872 3662 1002 3725 tanquam
1015 3654 1126 3709 lucerna
1139 3655 1218 3719 Dei,’'
1234 3671 1289 3725 qua
1306 3655 1401 3710 intima
1414 3672 1512 3709 amana
1526 3654 1659 3724 explorat.

69 3730 127 3793 dan,
145 3741 171 3786 et
189 3737 267 3806 quasi
293 3736 468 3791 indicendum
490 3735 637 3801 silentium,
659 3753 714 3806 quo
735 3736 833 3790 melius
873 3732 962 3794 Quare
980 3735 1004 3788 si
1019 3742 1093 3788 mnia
1107 3733 1143 3788 sit
1159 3734 1310 3805 amplitudo
1329 3742 1423 3804 captus
1442 3734 1562 3795 humani,
1576 3735 1661 3788 mani·

68 3808 182 3868 sudum
195 3816 354 3870 testimonia
366 3815 399 3870 de
416 3815 547 3886 dignitate
567 3815 715 3879 literarum,
730 3816 832 3886 absque
872 3813 972 3867 festum
986 3820 1035 3877 est,
1049 3813 1152 3868 nullum
1166 3830 1225 3868 esse
1240 3813 1390 3885 periculum
1411 3830 1428 3867 a
1445 3814 1592 3884 quantitate
1610 3814 1661 3867 aci-

69 3886 216 3948 ritlatratinnc
243 3896 391 3949 tacitarum
418 3895 607 3963 objectionum,
634 3894 718 3948 statui
744 3895 834 3964 primo
873 3893 960 3956 ennae,
982 3900 1012 3947 ut
1030 3902 1060 3947 ut
1078 3893 1184 3957 diffusa,
1205 3910 1238 3947 ne
1260 3901 1306 3947 aut
1326 3900 1458 3948 tumorem
1477 3893 1592 3956 inducat,
1614 3900 1662 3948 aut

69 3964 112 4021 loto
127 3968 234 4029 liberare
252 3973 352 4029 literas
370 3974 522 4045 opprobriis
541 3981 569 4028 et
590 3973 756 4044 vilipendiis,
776 3974 833 4044 qui·
872 3987 1030 4027 excessum:
1051 3973 1098 4026 sed
1118 3989 1135 4026 a
1154 3973 1284 4043 qualitate
1303 3980 1415 4038 tanmm,
1436 3990 1496 4043 quoe
1521 3972 1661 4043 quantula·

69 4042 104 4099 lus
115 4048 210 4120 impetit
224 4070 271 4108 eas
283 4055 457 4124 ignorantia;
479 4054 527 4109 sed
537 4053 700 4125 ignorantia,
715 4053 765 4108 sub
778 4070 834 4107 non
872 4067 979 4121 cunque
993 4053 1037 4115 sit,
1051 4052 1075 4105 ai
1095 4052 1198 4123 absque
1216 4053 1338 4107 antidoto
1356 4068 1406 4106 sua
1424 4060 1551 4116 sumatur,
1565 4052 1661 4123 malig-

70 4140 109 4177 πο
129 4129 275 4188 schemate:
311 4133 392 4187 modo
418 4133 448 4185 in
474 4132 662 4203 theologorum
689 4132 832 4202 zelotypia,
872 4147 936 4185 num
950 4131 1118 4201 quidhahet,
1138 4142 1218 4202 atque
1233 4148 1405 4195 venenosum,
1426 4131 1549 4185 ilatuosis
1568 4148 1660 4201 symp-

69 4205 167 4263 modoin
186 4211 360 4281 politicorum
381 4211 534 4282 supercilio,
555 4212 638 4267 modo
661 4211 690 4265 in
712 4213 833 4282 ipsorum
873 4212 984 4265 tomatis
998 4209 1194 4281 plenissimum.
1236 4211 1304 4265 Hac
1325 4210 1470 4274 antidotus,
1491 4210 1547 4265 sive
1567 4226 1661 4265 aroma

70 4278 208 4344 literatorum
230 4291 371 4346 erroribus
392 4308 452 4346 sese
480 4282 625 4355 ostentans,
652 4299 681 4345 et
706 4292 832 4362 prodens.
873 4291 964 4358 (cujus
978 4291 1076 4344 mixtio
1086 4298 1218 4361 temperat
1232 4290 1381 4355 seientiam,
1392 4306 1506 4359 eamque
1518 4289 1660 4345 saluberri-

71 4360 243 4437 dadioprimos
256 4371 387 4435 dicentes,
402 4371 543 4425 scientiam
557 4371 629 4425 inter
642 4387 675 4424 ea
689 4387 757 4434 ease,
772 4388 832 4441 quae
872 4384 945 4421 mam
959 4370 1055 4439 efficit)
1070 4376 1113 4423 est
1125 4369 1253 4425 charitas.
1294 4368 1371 4430 Quod
1385 4370 1466 4423 etiam
1485 4370 1569 4440 priori
1587 4370 1660 4423 clau·

69 4454 131 4505 ime
143 4457 268 4520 casuque
290 4449 459 4505 admittenda
480 4458 562 4505 sante
583 4450 704 4504 scientim
718 4450 833 4504 nimium
872 4447 938 4502 sulae
957 4442 1097 4519 subjungit
1115 4447 1269 4519 Apostolus,
1288 4449 1390 4513 dicem,
1405 4455 1421 4481 ‘⁴
1436 4448 1556 4502 scientia
1573 4449 1659 4511 inflat,

69 4524 191 4591 ’Μυκη
211 4528 297 4585 inisse
316 4530 435 4599 primum
458 4535 609 4600 peceatum,
622 4529 694 4583 unde
714 4528 833 4583 hominis
871 4526 990 4581 charitas
1004 4537 1095 4582 autem
1112 4528 1251 4583 aedilicat.’'
1293 4527 1346 4582 Cui
1366 4544 1511 4582 consonum
1525 4537 1573 4591 est,
1588 4528 1660 4599 quod

69 4596 155 4667 ¹¹P⁸¹⁸t
173 4605 308 4680 hodieque
328 4608 432 4664 herere
452 4609 639 4680 serpentinum
659 4608 724 4678 quid
741 4610 770 4663 in
790 4625 831 4673 ea,
872 4606 1035 4661 alibidocet:
1052 4607 1658 4678 ‘⁴Si,”inquit,⁴‘linguisloquarangelorum,

69 4676 177 4763 §quidm
198 4685 355 4758 ingrediens
374 4697 506 4743 tumorem
528 4688 647 4751 inducit;
680 4693 697 4719 ‘⁶
711 4687 833 4742 Scientia
871 4685 915 4740 vel
928 4686 1353 4753 bominum‚charitatemautem
1366 4704 1419 4741 non
1433 4686 1557 4750 habeam,
1572 4686 1660 4740 hctus

68 4757 458 4831 indati’Salomonemcensere,
470 4774 487 4799 ‘⁴
495 4767 625 4823 Faciendi
633 4766 717 4821 libros
727 4767 831 4822 nullum
871 4782 932 4820 aum
960 4766 1033 4820 velut
1058 4783 1097 4820 ms
1120 4782 1256 4831 resonans,
1278 4773 1325 4820 aut
1338 4765 1492 4835 cymbalum
1513 4765 1658 4820 tinniens.”

68 4850 114 4889 Μ
125 4840 206 4907 dmm,
218 4846 387 4917 multamque
400 4846 542 4901 lechonem
556 4847 646 4901 carnis
657 4862 718 4900 esse
727 4846 833 4900 afflicti·
871 4845 937 4899 Non
951 4846 1016 4916 quin
1029 4845 1160 4899 eximium
1176 4846 1240 4916 quid
1249 4845 1286 4900 sit
1297 4845 1372 4916 loqui
1386 4844 1487 4916 linguis
1501 4845 1658 4915 angelorum

68 4920 162 5001 onem?
182 4930 209 4977 et
220 4923 295 4989 alibi,
312 4931 328 4957 ⁴⁴
342 4926 376 4979 ln
389 4925 472 4980 multa
486 4926 621 4997 sapientia
640 4925 754 4981 multam
772 4942 831 4980 esse
870 4933 899 4978 et
920 4923 1071 4987 hominum,
1096 4925 1143 4978 sed
1162 4926 1235 4994 quia,
1256 4924 1280 4979 si
1301 4932 1460 4996 segregetur
1480 4939 1498 4976 a
1516 4923 1658 4986 charitate,

67 4994 255 5066 'dignationem
265 5005 291 5058 :”
313 5011 341 5059 et
355 5011 371 5036 ‘⁴
381 5004 432 5067 Qui
441 5014 522 5075 auget
532 5006 682 5067 scientiam,
690 5021 790 5075 augere
805 5012 833 5059 et
870 5020 959 5074 neque
968 5004 1002 5056 ad
1013 5019 1154 5057 commune
1164 5003 1278 5059 humani
1290 5005 1398 5074 generis
1407 5003 1508 5057 bonum
1518 5002 1658 5070 dirigatur,

67 5069 199 5143 idm?
220 5082 254 5137 D.
268 5083 349 5138 Pauli
358 5085 489 5139 monitum
500 5100 568 5148 esse,
578 5090 595 5115 ‘⁴
607 5085 652 5138 Ne
666 5084 833 5154 decipiamur
870 5085 960 5152 potius
987 5083 1095 5136 inanem
1122 5082 1238 5153 gloriam
1262 5082 1411 5146 exhibebit,
1435 5097 1516 5152 quam
1543 5079 1659 5135 solidum

67 5164 106 5215 ltr
125 5156 224 5215 haum
250 5162 454 5233 philosophiam
465 5164 490 5218 :”
520 5164 586 5235 quin
607 5170 635 5218 et
661 5164 833 5234 experientia
870 5161 995 5216 fructum.
1030 5161 1181 5216 Censuram
1195 5163 1266 5232 quod
1280 5163 1379 5217 attinet
1392 5160 1551 5222 Salomonis,
1565 5158 1598 5211 de
1612 5175 1660 5214 ex·

68 5240 142 5286 nuum
163 5254 227 5303 esse,
246 5241 417 5297 doctissimos
438 5243 516 5307 siros,
539 5242 727 5298 hereticorum
748 5242 832 5312 Cory-
869 5257 947 5296 cesso
962 5241 1070 5310 legendi
1084 5241 1271 5313 scribendique
1281 5242 1373 5304 libros,
1381 5249 1410 5294 et
1420 5239 1538 5293 cruciatu
1547 5238 1659 5306 spiritus

69 5306 152 5377 plano„
174 5315 327 5374 doctissima
350 5320 441 5376 secula
465 5322 492 5375 in
515 5321 679 5376 atheismum
701 5322 833 5394 proclivia
870 5337 885 5374 e
907 5320 1021 5393 scientia
1042 5319 1171 5385 oriundo;
1193 5321 1379 5391 monitumque
1400 5319 1481 5372 etiam
1503 5316 1658 5383 Paulinum,

70 5386 150 5453 lune,
173 5399 422 5468 cmtemplationem
440 5400 556 5472 deniqne
574 5401 752 5457 secundarum
771 5418 832 5457 cau·
870 5398 1114 5467 “Nedecipiamur
1124 5416 1173 5470 per
1182 5400 1291 5455 inanem
1300 5396 1538 5469 philosophiam:”
1557 5397 1659 5451 sirecte

70 5478 143 5525 “rm
155 5478 302 5535 auctoritati
324 5480 419 5549 primm
432 5497 520 5534 causa
535 5480 671 5553 derogare.
869 5477 1040 5549 explicentur
1048 5479 1156 5545 ealoca,
1167 5481 1269 5551 optime
1281 5477 1421 5533 ostendent
1429 5491 1506 5532 ueros
1515 5475 1658 5543 caucellos,

425 5574 441 5612 u
464 5562 481 5614 2
