3800 5875
747 339 885 399 tustra
906 339 1016 396 COELI.
1636 340 1695 395 665

60 499 170 570 absque
184 505 313 568 respectu
332 498 369 553 ad
387 498 603 570 magnitudinem
621 497 728 567 circuli)
750 498 786 552 sit
805 497 862 552 fere
900 498 1008 568 pertesi
1018 498 1131 554 minoris
1144 499 1234 569 spine,
1245 499 1333 569 qualis
1347 500 1485 555 subeunda
1498 500 1575 563 foret,
1588 500 1613 553 si
1627 500 1698 570 polis

61 596 114 648 per
128 579 227 632 horam
235 595 317 633 unam
327 578 452 643 velocior,
460 596 543 649 quarn
552 585 643 633 motus
656 577 861 632 diurnualunte.
900 578 990 648 magis
1017 579 1281 648 appropinquarent3
1309 595 1424 651 eamque
1445 583 1579 648 jacturam
1599 588 1696 646 motus,

62 658 94 712 Si
109 658 188 713 enim
207 658 272 711 luna
291 675 399 712 cursum
419 675 498 712 suurn
513 657 612 728 viginti
633 664 748 730 quatuor
765 656 862 711 diebus
901 657 985 710 veluti
996 657 1206 711 destructionem
1218 666 1323 713 natura
1336 675 1400 723 sum,
1416 659 1602 712 exhorrentes.
1643 659 1696 713 Ut·

62 744 159 806 posset
170 737 308 806 expedire,
318 746 375 791 tum
383 752 512 791 excessus
521 737 568 791 ille
577 737 651 791 horse
662 736 861 807 integroeiomt.
901 752 1009 807 cunque
1024 737 1133 790 enimin
1146 735 1216 790 coslo
1223 736 1331 791 stellato
1342 746 1368 791 et
1377 737 1462 792 stellae
1475 754 1560 808 prope
1574 737 1658 807 polos,
1669 747 1697 793 et

62 817 163 886 Itsque
179 824 269 870 motus
279 816 436 871 decantatus
444 816 613 871 adversitatis
623 824 651 870 et
664 815 816 870 renitentis
826 814 862 868 ab
899 815 988 869 stellae
1001 816 1074 869 circs
1095 815 1294 887 requinoctium,
1309 816 1418 871 ordines
1435 824 1463 871 et
1481 818 1612 871 stationes
1633 835 1697 871 suas

61 896 206 949 occidente
228 896 257 949 in
278 897 417 959 orientem,
433 896 480 967 qui
494 896 648 950 attribuitur
667 894 786 966 planetis
806 905 862 946 tau-
900 904 1017 955 serrant,
1033 894 1095 949 aliae
1108 895 1144 948 ab
1156 895 1219 948 aliis
1231 895 1260 948 in
1275 895 1397 950 ordinem
1412 896 1535 960 redactae,
1549 913 1654 950 summa
1669 909 1697 951 st

63 991 148 1044 quam
163 976 299 1044 proprios,
312 992 393 1029 verua
406 992 460 1029 non
476 985 525 1039 est,
540 976 587 1029 aed
602 982 706 1029 tantum
717 990 765 1044 per
780 990 862 1043 appa·
901 974 1030 1045 aequabili
1053 975 1223 1037 constantim
1244 974 1361 1045 planetas
1381 975 1559 1029 nihilominus
1572 976 1698 1030 videntur

61 1056 192 1118 rentiam,
216 1071 253 1108 ex
275 1055 457 1124 procursione
481 1054 545 1108 cmii
568 1054 668 1109 stellati
695 1053 862 1107 occidentem
900 1069 960 1107 ease
988 1053 1143 1121 hujusmodi
1167 1053 1260 1108 mixta
1284 1062 1394 1117 naturas,
1419 1063 1448 1108 nt
1470 1071 1520 1108 nec
1543 1055 1695 1109 breviorem

62 1150 168 1197 remus,
178 1140 207 1186 et
216 1133 386 1187 relictionca
400 1142 477 1205 tergo
491 1134 659 1205 planetarum
669 1149 763 1187 versus
774 1132 860 1185 orien-
900 1149 999 1203 gyrum
1035 1133 1155 1196 omuino,
1182 1149 1232 1186 nec
1263 1133 1424 1203 ampliorem
1456 1133 1572 1187 libenter
1599 1134 1693 1188 lerant

63 1220 132 1267 tem.
175 1212 235 1273 Quo
249 1212 344 1282 posito,
356 1212 530 1268 manifestum
543 1223 586 1268 est
598 1211 769 1267 velocitatem
783 1211 862 1266 istius
900 1213 990 1283 Atque
1004 1213 1058 1266 ista
1070 1212 1195 1266 ridentur
1205 1213 1284 1266 nobis
1297 1211 1379 1283 paulo
1392 1213 1505 1266 meliora
1519 1212 1592 1266 circe
1606 1223 1695 1267 motus

62 1301 157 1347 noma
171 1292 292 1357 cosmici‚
314 1292 408 1347 ordine
421 1309 476 1347 non
496 1292 660 1363 perturbato,
674 1290 862 1345 descendendo
900 1291 1032 1355 coelestes,
1054 1309 1135 1363 quam
1159 1301 1253 1362 raptus
1274 1300 1302 1345 et
1317 1300 1439 1346 motuum
1460 1292 1647 1361 repugnantia,
1667 1301 1695 1346 et

63 1372 232 1432 decrescere,
247 1380 277 1424 ut
291 1387 345 1440 quo
359 1373 469 1442 propius
484 1373 583 1444 quique
595 1371 704 1442 planeta
718 1369 861 1440 appropin·
899 1371 1007 1425 diversa
1017 1370 1116 1440 politas
1130 1372 1240 1435 zodiaci,
1251 1379 1278 1425 et
1293 1372 1413 1425 inversus
1428 1371 1493 1424 ordo
1502 1371 1656 1435 celeritatis,
1666 1381 1694 1425 et

64 1460 132 1520 quet
155 1450 191 1503 ad
215 1460 322 1515 terram,
342 1467 376 1504 eo
399 1453 501 1506 tardius
522 1460 644 1515 moreat,
665 1466 727 1504 cum
753 1456 862 1518 recepta
899 1449 1138 1520 hujusmodique
1151 1450 1226 1504 nullo
1246 1451 1399 1505 modorum
1414 1459 1509 1504 natura
1529 1467 1616 1504 rerum
1631 1468 1694 1504 con·

63 1528 162 1598 opinio
183 1528 304 1584 ordinem
332 1531 470 1599 perturbet
490 1538 519 1584 et
544 1531 677 1584 invertat:
701 1535 731 1583 et
756 1536 861 1581 motum
899 1530 1091 1593 veniunt‚licet
1105 1546 1199 1598 pacem
1213 1530 1321 1601 qualem
1337 1530 1444 1600 qualem
1459 1529 1550 1585 colant
1562 1547 1623 1583 cum
1637 1529 1691 1583 cal·

62 1608 208 1678 proprium
222 1608 363 1662 tribuendo
375 1609 500 1680 planetis,
514 1611 545 1664 in
555 1609 623 1663 illud
636 1607 783 1663 absurdum
795 1607 861 1660 inci·
899 1607 977 1663 culis.
1017 1609 1115 1679 Neque
1130 1608 1182 1662 ista
1196 1626 1249 1663 non
1265 1609 1388 1662 viderunt
1404 1610 1549 1663 astronomi
1564 1619 1693 1678 praestan·

63 1688 120 1751 dat,
134 1696 167 1741 ut
187 1687 311 1758 planetas,
325 1706 380 1758 quo
402 1689 608 1760 propinquiores
625 1688 680 1743 sint
701 1687 735 1740 ad
761 1695 861 1739 terram
899 1688 990 1752 tiores,
1000 1688 1047 1741 sed
1059 1688 1110 1742 arti
1125 1703 1182 1742 sum
1196 1689 1303 1751 intenti,
1312 1689 1420 1742 etcirca
1431 1688 1564 1758 perfectos
1575 1688 1691 1743 circulos

65 1770 193 1836 (quaeest
206 1767 397 1821 sedesnaturar
410 1766 744 1837 immobil'u)eorelocius
757 1765 861 1819 moveri
899 1766 993 1836 inepti,
1021 1774 1049 1822 et
1082 1766 1247 1821 subtilitates
1272 1776 1421 1836 captantes,
1449 1775 1477 1820 et
1509 1766 1693 1837 philosophiae

65 1855 211 1916 ponantur,
232 1846 261 1899 id
274 1846 346 1916 quod
361 1863 411 1916 per
425 1847 613 1902 remissionem
627 1845 765 1900 violentias
778 1844 860 1914 primi
898 1844 1002 1899 malum
1032 1845 1170 1916 morigeri,
1197 1857 1323 1901 naturam
1354 1846 1431 1917 sequi
1458 1855 1689 1917 contempserunt.

64 1925 184 1990 mobilis,
199 1924 350 1980 astronomi
365 1942 495 1981 excusare
509 1926 652 1998 nugatorie
669 1932 697 1979 et
716 1922 861 1978 infeliciter
899 1924 1003 1978 Verum
1026 1925 1098 1979 istud
1121 1925 1285 1995 sapientium
1301 1926 1441 1980 arbitrium
1464 1925 1639 1995 imperiosum
1663 1927 1691 1981 in

64 2014 208 2059 conantur.
249 2003 327 2064 Quod
341 2005 365 2058 si
378 2005 422 2059 cui
436 2005 678 2068 mirumrideatur,
692 2003 775 2057 tantia
795 2019 859 2073 spa·
898 2012 1031 2069 naturam,
1053 2012 1094 2057 est
1113 2005 1175 2074 ipsa
1194 2004 1269 2075 vulgi
1290 2004 1462 2074 simplicitate
1485 2014 1512 2057 et
1534 2004 1691 2058 credulitate

65 2084 120 2147 tiis,
136 2091 238 2154 quanta
256 2094 320 2137 sunt
338 2100 356 2137 a
369 2084 439 2138 coelo
459 2084 566 2139 stellato
586 2084 621 2138 ad
641 2083 743 2146 lunam,
757 2091 860 2137 motum
898 2083 1035 2148 deterius3
1062 2084 1086 2137 si
1111 2085 1172 2154 quis
1196 2084 1348 2148 manifesta,
1373 2085 1437 2154 quis
1456 2091 1518 2137 suut
1539 2083 1691 2148 manifesta,

65 2165 151 2217 istum
172 2172 228 2217 tam
247 2163 338 2233 parvis
352 2164 480 2232 partibus,
494 2165 585 2220 minus
598 2163 703 2217 scilicet
716 2161 784 2216 hora
797 2179 859 2226 uua,
899 2162 1011 2217 fastidit.
1052 2162 1090 2217 Et
1105 2172 1195 2217 tamen
1209 2163 1358 2234 ingenaest
1371 2163 1438 2217 illud
1452 2163 1561 2227 malum,
1574 2172 1600 2216 et
1613 2162 1691 2218 latis·

65 2258 128 2312 quas
148 2250 192 2295 est
204 2252 293 2296 motus
306 2242 395 2296 diurni
409 2260 474 2314 pars
487 2244 620 2315 vigesima
634 2249 738 2314 quarta,
753 2241 861 2295 decres·
898 2243 967 2297 aime
981 2250 1064 2313 patet,
1082 2250 1113 2296 ut
1132 2243 1273 2313 ingenium
1293 2241 1450 2306 humanum,
1464 2260 1526 2297 cum
1542 2258 1593 2312 par
1611 2242 1691 2296 rebus

65 2338 142 2384 cere,
164 2323 295 2375 succurrit
315 2321 390 2386 illud,
406 2323 478 2393 quod
495 2323 597 2394 singuli
611 2323 728 2393 planetes
741 2320 860 2375 minores
898 2338 1033 2376 essenon
1056 2322 1149 2391 possit,
1169 2339 1252 2392 supra
1275 2337 1318 2376 res
1340 2338 1400 2376 ease
1420 2321 1505 2376 malit.
1546 2321 1609 2375 lam
1628 2339 1692 2376 vero

65 2401 191 2464 circulos,
206 2418 260 2472 quo
273 2410 352 2456 terrm
365 2404 506 2472 propiores
521 2405 584 2467 siut,
598 2402 748 2463 conficiant,
763 2409 790 2453 et
803 2400 861 2453 bre·
897 2401 1088 2472 inquirendum
1102 2411 1190 2455 utrum
1204 2409 1294 2456 motus
1306 2401 1358 2455 iste
1371 2402 1466 2455 unicus
1482 2408 1509 2454 et
1523 2400 1647 2470 simplex,
1663 2402 1692 2454 iu

65 2480 366 2543 riorsamhiturotent3
382 2491 419 2545 ut,
434 2482 527 2536 addito
540 2483 714 2536 decremento
727 2479 861 2548 magnitu-
898 2480 1000 2534 circulo
1021 2489 1048 2534 et
1071 2481 1152 2550 spire,
1175 2481 1210 2534 ab
1234 2480 1336 2534 crisme
1360 2480 1389 2533 in
1411 2480 1587 2543 occidentem,
1610 2497 1692 2550 super

65 2560 139 2613 dinis
153 2559 247 2614 circuli
266 2560 301 2613 ad
319 2560 519 2616 decrementum
534 2561 664 2632 temporis
678 2560 734 2613 sire
749 2558 860 2629 periodi,
898 2559 976 2630 polos
989 2568 1076 2613 certos
1090 2558 1235 2614 australem
1254 2567 1282 2613 et
1302 2558 1447 2623 borealem,
1462 2559 1569 2613 desinat
1589 2567 1616 2612 et
1637 2569 1691 2613 ter·

65 2648 158 2694 motus
183 2640 236 2694 iste
259 2639 403 2709 insigniter
423 2641 577 2696 decrescere
598 2648 731 2694 cernatur.
772 2637 860 2708 Atque
899 2639 1018 2693 minetur
1031 2656 1092 2694 curu
1107 2638 1227 2703 coelo‚an
1238 2639 1320 2692 etiarn
1334 2638 1481 2692 deducetur
1494 2636 1528 2691 ad
1542 2638 1692 2693 inferiora?

66 2718 199 2772 hacteuus
212 2719 246 2772 de
256 2718 395 2773 velocitate
410 2737 530 2775 seorsum
541 2719 625 2775 locuti
639 2734 740 2780 sumus,
749 2717 861 2788 perinde
899 2720 999 2790 Neque
1014 2719 1086 2772 enim
1106 2718 1221 2772 liberum
1235 2718 1289 2773 erit
1307 2717 1461 2786 hujusmodi
1476 2716 1578 2788 placita
1592 2719 1693 2772 coufin·

66 2814 99 2850 ac
112 2799 136 2850 si
151 2796 268 2866 planetis
281 2798 363 2867 positi
376 2799 508 2869 (exempli
520 2800 616 2870 grstia,
627 2799 678 2853 sub
692 2797 860 2867 aequinoctio,
899 2815 964 2869 gere
973 2798 1018 2852 hic
1032 2799 1061 2851 in
1076 2798 1209 2867 proximo,
1217 2797 1309 2867 qualia
1319 2803 1474 2867 supponunt
1487 2796 1515 2849 iu
1526 2796 1692 2852 coelestibus.

65 2885 114 2930 aut
130 2875 224 2947 aliquo
244 2893 281 2930 ex
300 2876 451 2947 parallelis)
474 2885 705 2932 antevertereutur
725 2885 861 2930 tantuma
901 2879 997 2950 ltaque
1018 2877 1041 2931 si
1062 2877 1152 2931 inhia
1175 2876 1332 2949 regionibus
1354 2892 1461 2948 quoque
1479 2875 1629 2947 reperiatur
1645 2875 1692 2929 ille

63 2956 137 3010 coslo
151 2956 268 3019 stellato,
283 2967 311 3010 et
327 2957 363 3011 ab
379 2958 504 3021 invicem,
519 2959 567 3012 sed
588 2967 679 3012 tamen
700 2957 751 3011 sub
765 2957 860 3011 eodem
899 2967 996 3022 motus,
1012 2958 1155 3027 apparebit
1168 2958 1252 3011 etiam
1269 2957 1299 3010 in
1314 2957 1384 3010 coelo
1403 2973 1465 3011 eum
1479 2954 1561 3010 talem
1575 2973 1635 3010 esse
1649 2973 1693 3010 se-

66 3035 117 3090 illo
129 3036 240 3090 circulo.
270 3035 338 3091 Haec
350 3037 421 3091 enim
431 3037 549 3107 simplex
563 3039 631 3092 iuret
642 3036 748 3091 relictio
757 3035 861 3107 absque
898 3037 1015 3092 cundum
1026 3044 1151 3091 naturam
1160 3052 1331 3090 communem
1340 3037 1398 3090 sire
1409 3035 1568 3100 cosmicam3
1584 3034 1694 3105 qualem

66 3115 236 3185 obliquitate.
278 3114 314 3167 At
327 3117 689 3188 manifestumestplanetas
702 3133 757 3169 uon
773 3114 860 3169 solum
899 3116 1038 3171 omilim
1051 3117 1214 3187 experimur.
1256 3115 1348 3170 Primo
1367 3116 1459 3187 itaque
1479 3114 1561 3185 plane
1579 3122 1693 3180 constat,

65 3193 165 3263 impari
178 3193 265 3264 gradu
279 3196 449 3259 contendere,
464 3197 512 3250 sed
525 3213 575 3251 nec
589 3197 624 3250 ad
644 3195 716 3249 idern
731 3202 861 3265 punctum
899 3195 977 3251 illum
992 3195 1056 3251 coeli
1069 3195 1192 3250 terminis
1205 3212 1260 3250 nou
1277 3195 1417 3249 contineri.
1458 3194 1560 3249 Verum
1579 3194 1693 3269 hujusce

65 3272 162 3327 circuli
183 3273 290 3337 reverti,
305 3290 399 3329 rerum
420 3275 563 3330 deflectere
576 3291 671 3330 vesstra
692 3283 814 3328 austrum
833 3283 862 3328 et
899 3276 939 3331 rei
962 3276 1203 3331 demonstrationes
1228 3283 1256 3329 et
1278 3275 1429 3329 evidentias
1447 3274 1475 3327 in
1500 3274 1693 3343 anticipatione

64 3352 186 3416 boream,
200 3353 278 3420 cujus
291 3353 459 3408 deiectionis
473 3354 574 3409 limites
588 3362 650 3409 sunt
663 3352 759 3424 tropici
772 3376 779 3417 ς
801 3370 862 3424 quae
898 3365 992 3410 nostra
1004 3355 1038 3410 de
1052 3356 1128 3410 fluxu
1142 3362 1170 3409 et
1190 3354 1297 3409 refluxu
1311 3355 1394 3408 maris
1408 3353 1488 3425 plene
1502 3353 1693 3418 tractavimus3

65 3432 193 3486 deflectio
205 3432 285 3486 nobis
298 3432 429 3488 circulum
443 3434 590 3505 obliquum,
604 3444 631 3488 et
644 3433 780 3488 diversam
793 3433 861 3503 poli·
899 3436 992 3507 itaque
1014 3435 1049 3489 ad
1071 3433 1147 3488 illam
1164 3434 1289 3488 homines
1311 3434 1464 3502 rejicimus3
1487 3440 1515 3486 et
1536 3432 1589 3486 hoc
1610 3432 1694 3487 veluti

65 3521 153 3565 tatem
168 3512 398 3583 ejusprogenuit;
414 3515 640 3583 quemadmodum
653 3512 701 3567 illa
714 3512 861 3567 celeritatis
899 3517 991 3585 posito
1017 3523 1045 3569 et
1071 3530 1207 3579 concesso,
1231 3514 1267 3567 ad
1287 3513 1407 3584 reliquos
1431 3519 1521 3566 motus
1543 3511 1693 3566 scelestium

64 3592 239 3660 inequalitas
260 3601 361 3646 motum
381 3590 459 3646 illum
480 3593 640 3649 renitentia.
680 3594 779 3663 Neque
797 3609 862 3646 vero
899 3610 1054 3666 pergemus.
1081 3594 1138 3648 Eos
1151 3601 1305 3647 autemnon
1316 3592 1457 3656 cosmicos,
1467 3592 1514 3646 sed
1528 3591 1563 3644 ad
1576 3591 1693 3645 invicem

65 3669 119 3724 hoc
139 3671 224 3723 etiarn
242 3679 393 3724 commento
414 3681 517 3727 naturas
536 3690 625 3727 rernm
647 3689 716 3743 opus
737 3679 784 3735 est,
798 3688 861 3725 cum
900 3690 959 3728 esse
987 3675 1113 3728 diximus.
1153 3673 1272 3733 Quatuor
1298 3679 1361 3726 suut
1387 3687 1489 3743 genera
1515 3679 1636 3724 motuum
1664 3671 1694 3724 in

64 3750 222 3819 recipiendo
240 3748 328 3804 lineas
341 3750 457 3820 spirslea
472 3752 513 3822 (id
527 3753 599 3822 quod
619 3753 743 3823 proxime
757 3751 862 3805 accedit
899 3753 1056 3808 coelestibus
1081 3752 1237 3816 visibilium,
1262 3760 1360 3822 praeter
1386 3768 1447 3805 eum
1470 3767 1551 3822 quem
1572 3749 1694 3803 diximus

65 3829 99 3882 sd
113 3846 225 3884 nasum
238 3838 266 3882 et
283 3828 396 3897 iactum)
410 3848 455 3884 res
469 3832 642 3902 transigatur,
652 3831 743 3886 etista
755 3829 862 3885 salven·
899 3833 1056 3898 coamicum,
1076 3832 1122 3902 qui
1141 3839 1182 3885 est
1202 3839 1290 3885 motus
1311 3831 1423 3884 dumus
1443 3847 1493 3900 per
1514 3829 1601 3899 spiras
1620 3829 1695 3882 intra

64 3919 117 3964 tur.
152 3909 243 3978 Atque
258 3908 343 3980 (quod
356 3917 438 3980 caput
447 3910 486 3964 rei
501 3915 555 3978 est)
566 3911 648 3981 spiroe
662 3911 721 3965 istm
734 3909 774 3964 nil
787 3908 861 3964 aliud
900 3913 1026 3983 tropicos.
1048 3911 1103 3965 Aut
1116 3911 1190 3965 enim
1201 3909 1360 3964 attolluntur
1369 3909 1455 3964 stellae
1465 3909 1554 3973 altius,
1566 3916 1593 3963 et
1603 3925 1695 3963 rursus

64 3997 127 4043 sunt
148 4005 232 4059 quam
255 3988 420 4042 delectiones
440 4006 459 4043 a
479 3999 554 4044 motu
577 3990 702 4045 circulari
729 3989 860 4061 perlecto,
900 3991 1071 4045 dimittuntur
1091 3989 1229 4052 humilius,
1244 3997 1274 4043 ut
1292 3989 1347 4044 sint
1366 3989 1475 4060 longius
1496 3996 1524 4043 et
1546 3989 1658 4058 propius
1676 4006 1695 4042 a

64 4069 144 4136 cujus
160 4067 277 4137 planetae
294 4075 358 4122 sunt
379 4068 561 4139 impatientes.
602 4069 687 4124 Prout
706 4069 779 4123 enim
800 4070 862 4122 sub·
900 4077 988 4124 terra:
1009 4078 1056 4124 aut
1080 4069 1191 4123 flectunt
1210 4085 1240 4124 se
1264 4076 1293 4123 et
1313 4069 1423 4123 sinuant
1448 4085 1497 4139 per
1520 4067 1694 4122 latitudinem

64 4147 174 4203 mutire
185 4146 351 4217 degenerant
360 4149 475 4217 puritate
487 4156 515 4202 et
528 4148 716 4219 explicatione,
730 4149 770 4202 ita
782 4149 862 4220 dege·
900 4150 1010 4214 zodiaci,
1021 4149 1188 4203 excurrendo
1201 4149 1290 4219 magis
1304 4148 1338 4202 ad
1353 4154 1480 4211 austrum,
1496 4153 1542 4200 aut
1555 4147 1644 4218 magis
1659 4148 1694 4200 nd

64 4237 163 4281 nerant
178 4237 205 4281 et
225 4234 323 4281 motus.
362 4227 462 4282 Evenit
475 4234 572 4293 autem,
587 4228 813 4300 quemadmodum
832 4228 862 4282 in
900 4231 1018 4293 boream,
1032 4237 1115 4300 atque
1128 4227 1269 4282 efficiendo
1282 4243 1415 4299 eosquos
1429 4235 1534 4290 vocant,
1549 4227 1694 4282 dracones:

65 4305 207 4382 celeritate
234 4306 404 4362 sublimiores
437 4306 554 4377 planetoe
582 4307 706 4362 teruntur
732 4306 860 4372 velocius,
900 4317 946 4364 aut
959 4308 1116 4363 incitatione
1130 4316 1212 4378 atque
1226 4307 1307 4361 etiarn
1322 4306 1511 4361 consecutione
1521 4314 1609 4361 motus
1621 4306 1695 4377 (hue

64 4385 227 4440 humiliores
238 4386 352 4449 taedium
367 4386 407 4440 ita
420 4386 503 4440 eham
516 4396 546 4441 nt
559 4388 730 4441 sublimiores
744 4386 862 4458 planetes
900 4389 1037 4443 euimduo
1047 4387 1250 4458 conjungimus)
1260 4386 1378 4450 variant,
1390 4385 1539 4457 gradiendo
1545 4384 1696 4457 aliquando

65 4467 208 4535 propiores
222 4466 367 4519 conficiant
380 4466 475 4535 spiras,
490 4483 603 4537 quaeque
623 4466 738 4521 circulos
752 4467 862 4537 propius
900 4469 1024 4532 celerius,
1038 4466 1184 4539 aliquando
1204 4465 1314 4528 tardius,
1328 4464 1474 4535 aliquando
1493 4466 1521 4519 in
1540 4481 1694 4535 progressu,

64 4546 202 4610 referant5
217 4544 375 4600 humiliores
385 4563 458 4611 vero,
473 4546 561 4616 spiras
574 4546 821 4617 magisdisJunctas
836 4555 862 4599 et
900 4547 1047 4619 aliquando
1067 4547 1098 4601 in
1117 4562 1260 4616 regressu3
1283 4545 1430 4615 aliquando
1452 4544 1534 4599 etiam
1554 4545 1650 4598 stando
1668 4552 1697 4598 et

63 4623 183 4679 hiantes.
239 4623 389 4679 Deceditur
415 4626 488 4680 enirn
521 4635 650 4696 perpetuo
676 4625 862 4680 descendendo
901 4627 1039 4691 morando,
1057 4637 1104 4680 aut
1126 4625 1160 4678 ad
1180 4624 1335 4679 distendam
1356 4623 1475 4696 aliquam
1494 4641 1511 4676 a
1531 4623 1588 4678 sole
1606 4623 1696 4693 magis

63 4705 155 4773 magis
169 4721 203 4757 ac
218 4705 314 4775 magis,
330 4712 359 4758 st
377 4721 395 4758 a
408 4706 475 4759 flore
495 4706 544 4760 illo
556 4705 715 4768 velocitatis,
730 4714 757 4758 et
770 4722 786 4758 a
801 4722 862 4774 per·
901 4707 1051 4761 autminus
1071 4703 1218 4776 alligantur
1238 4711 1265 4757 et
1282 4704 1547 4758 circumscribuntur.
1589 4703 1699 4757 Horum

63 4784 183 4838 sectione
205 4791 295 4838 motus
315 4784 462 4849 circularis,
483 4786 577 4840 ordine
602 4801 734 4855 nusquam
759 4793 863 4854 pertnr·
900 4802 998 4839 causas
1011 4795 1038 4840 et
1051 4792 1164 4839 naturas
1177 4782 1319 4837 reddemus
1331 4792 1435 4838 tautum
1449 4784 1477 4837 in
1491 4799 1592 4853 genere
1605 4791 1632 4834 et
1647 4795 1697 4848 per

63 4862 138 4917 bato.
181 4863 214 4916 ln
230 4879 263 4917 eo
277 4871 367 4918 tamen
382 4863 670 4935 planetteconspirant
684 4866 787 4933 (utpote
802 4881 861 4917 cor·
900 4865 1011 4934 capita:
1031 4864 1060 4918 id
1080 4864 1153 4917 euim
1172 4863 1225 4917 hoc
1239 4862 1299 4916 loco
1313 4871 1434 4917 nostrum
1454 4860 1571 4933 postulat
1592 4861 1696 4917 institu-

62 4958 133 5012 pora
143 4942 262 4996 multum
272 4943 417 4998 retinentia
427 4944 697 5008 naturoecommunis,
707 4942 771 4996 licet
784 4942 863 4997 aliter
902 4953 966 4998 tum.
1008 4945 1109 4998 Verum
1124 4943 1157 4995 ad
1172 4942 1224 4996 hoc
1237 4950 1267 4997 ut
1279 4942 1353 4997 riam
1367 4941 1577 5013 praemuniamus
1592 4949 1620 4993 et
1632 4955 1697 5009 ape·

62 5021 233 5086 differentia)
253 5031 283 5075 ut
303 5022 422 5076 habeant
443 5024 551 5078 eosdem
570 5023 672 5077 limites
692 5022 861 5077 deflexionis.
900 5023 1011 5088 risurus,
1025 5023 1168 5077 dicendum
1181 5032 1274 5091 aperte
1288 5021 1353 5091 quid
1372 5022 1519 5077 renuamus
1531 5021 1565 5074 de
1584 5018 1697 5090 quibus·

62 5100 164 5171 Neque
179 5101 253 5154 enirn
275 5101 406 5156 Saturnus
424 5102 501 5156 intra·
515 5103 632 5173 tropicos
650 5109 760 5166 remeat,
775 5118 862 5171 neque
901 5102 964 5157 dam
978 5111 1034 5156 tam
1048 5102 1158 5172 placitis
1179 5100 1378 5171 philosophicis
1394 5117 1476 5171 qnam
1496 5098 1697 5169 hypothesibus

62 5177 129 5233 luna
147 5188 227 5233 extra
237 5182 354 5249 tropicos
367 5182 546 5251 exspatiatur,
562 5187 702 5248 (ettamen
716 5182 750 5234 de
764 5197 863 5250 exspa-
901 5182 1099 5242 astronomicis,
1111 5181 1181 5235 etde
1191 5181 1423 5235 observationibus
1437 5179 1518 5232 etiarn
1532 5185 1698 5231 astronomo-

62 5259 178 5312 tiatione
200 5258 287 5312 stellas
309 5260 424 5313 Veneria
443 5277 498 5315 nou
519 5260 712 5331 negligendum
735 5260 808 5331 quod
829 5260 863 5312 ab
901 5278 962 5315 rum
975 5278 1025 5331 per
1038 5261 1114 5314 varia
1128 5258 1228 5323 secula,
1242 5277 1278 5313 ex
1291 5260 1390 5329 quihus
1403 5265 1489 5311 artem
1502 5272 1580 5310 suam
1597 5256 1699 5310 instau-

63 5336 205 5408 aliqoihus
233 5338 359 5391 traditum
386 5346 413 5392 et
438 5347 561 5394 notatum
586 5341 649 5408 est)
671 5341 719 5394 aed
744 5338 862 5394 universi
901 5347 979 5403 raut;
1001 5356 1063 5410 quae
1077 5340 1170 5394 omnia
1181 5338 1305 5392 videntur
1318 5338 1396 5392 nohis
1409 5353 1469 5390 esse
1483 5336 1582 5390 erroris
1595 5343 1624 5389 et
1636 5351 1699 5389 con·

62 5417 192 5485 planetae,
204 5416 262 5470 sire
273 5417 452 5481 sublimiores,
463 5419 521 5473 sire
535 5418 704 5485 humiliores,
720 5429 863 5491 postquam
901 5418 1019 5473 fusionis
1039 5418 1131 5490 plens.
1173 5418 1241 5472 Sunt
1261 5418 1353 5488 itaque
1371 5416 1516 5480 axiomata,
1531 5415 1589 5469 sire
1608 5416 1700 5487 potius

61 5496 98 5550 sd
117 5496 240 5566 tropicos
262 5502 423 5567 perventum
442 5506 492 5564 est,
507 5515 537 5553 se
557 5506 665 5553 vertunt
683 5508 711 5554 ct
730 5504 864 5565 retexunt,
902 5497 1002 5569 placita
1021 5497 1159 5563 nonnulla,
1179 5514 1240 5568 que
1260 5513 1278 5550 a
1296 5494 1470 5567 philosophis
1491 5503 1611 5567 accepta,
1624 5502 1652 5551 et
1670 5495 1702 5550 is
