3800 5875
201 285 257 368 740
711 305 833 360 ruaao
855 305 996 360 cavatis
1017 302 1116 359 ιυιιι
1140 303 1315 359 cassare.

200 464 379 536 peritissimus
400 473 478 526 esset,
492 471 572 534 atque
593 471 692 517 cuncta
713 463 795 534 paulo
815 462 919 530 majora
932 462 992 533 ipse
1029 462 1115 517 semel
1137 463 1246 533 quidem
1267 460 1405 531 cogitavit,
1424 478 1513 532 neque
1529 460 1583 514 hoc
1607 459 1703 514 saltem
1724 460 1824 529 fingere

200 562 250 614 per
269 561 306 608 se,
319 560 372 596 uon
387 559 436 613 per
448 542 517 596 alios
536 543 706 613 transigeret
748 540 883 595 Invidiam
900 550 993 595 sutem
1030 549 1077 594 sut
1099 549 1249 611 praetexere
1271 541 1437 609 dignaretur.
1478 540 1556 600 Quod
1578 538 1684 609 liquido
1708 538 1827 593 declarat

200 624 374 693 exstinguere
388 622 490 692 optime
504 631 597 686 norat;
619 622 700 692 idque
714 620 758 674 vel
771 620 913 691 dignitatis
932 619 992 687 jac·
1029 619 1203 689 cupiditatem
1228 628 1256 673 et
1275 619 1442 690 propositum
1464 619 1542 689 regni
1564 617 1733 687 adipiscendi
1753 619 1779 671 ei
1800 625 1827 670 et

200 711 261 756 tura
274 701 404 772 consequi
417 717 470 753 nun
483 700 603 753 alienum
622 717 639 753 a
657 700 806 753 rationibus
826 699 882 752 suis
895 698 990 760 duxitr
1029 714 1138 769 semper
1158 698 1249 763 luisse,
1272 708 1299 752 et
1322 698 1357 750 ad
1380 709 1533 752 extremum
1553 698 1686 767 patuisse.
1728 697 1825 766 Neque

199 796 344 851 veramque
358 779 505 849 potentiam
515 778 665 848 amplexus,
676 796 782 832 omnem
796 777 872 831 iilam
882 778 992 831 inanem
1030 777 1103 831 enim
1126 777 1296 831 occasionem
1316 775 1435 847 aliquam
1457 777 1581 847 arripuit,
1599 775 1648 830 sed
1671 776 1731 846 ipse
1752 793 1826 830 occa·

200 859 319 930 speciem
333 867 361 912 et
374 858 504 912 tumidum
518 866 679 928 apparatum
693 858 829 928 potentiae,
844 873 921 926 aequo
934 857 992 909 ani·
1029 856 1120 911 aiones
1144 856 1273 910 excitavit
1295 864 1323 909 et
1348 857 1508 910 efformavit
1551 855 1583 909 ln
1608 854 1717 910 bellicis
1738 862 1825 909 autem

199 956 253 1002 mo,
268 956 317 1008 per
330 945 415 991 totum
429 938 484 989 sere
498 937 560 992 vitae
573 945 688 1000 cursum,
702 935 846 989 declinavit
859 945 886 988 et
905 944 992 988 traus-
1029 934 1110 989 rebus
1142 936 1261 989 maxime
1294 934 1355 1002 ejus
1382 936 1467 989 virtus
1499 934 1607 998 enituit,
1634 952 1698 1005 quie
1724 940 1825 987 tantum

199 1018 290 1071 misit:
325 1016 410 1070 donec
431 1016 549 1080 tandem,
570 1015 628 1069 sive
648 1015 760 1069 sanstus
785 1014 913 1084 potentia,
934 1015 990 1068 sive
1029 1013 1122 1078 valuit,
1144 1022 1173 1067 ut
1201 1014 1351 1068 exercitum
1372 1030 1427 1067 nou
1452 1023 1557 1067 tanturn
1581 1012 1704 1078 duceret,
1730 1013 1824 1066 sedet

199 1095 398 1150 adulationibus
425 1103 573 1164 corruptus,
600 1095 683 1148 etiam
710 1093 829 1164 insignia
855 1093 991 1162 potentiss,
1029 1092 1179 1163 effingeret.
1220 1094 1319 1163 Neque
1333 1094 1407 1146 enim
1420 1093 1547 1160 majorci
1564 1093 1681 1146 scientis
1702 1092 1779 1146 affuit
1796 1093 1822 1145 in

198 1191 298 1229 nomen
312 1175 418 1245 regium
432 1181 459 1227 et
473 1174 604 1235 diadema,
615 1173 783 1242 concupivit;
805 1172 876 1242 quod
890 1171 919 1224 in
932 1188 991 1242 per·
1029 1172 1109 1225 rebus
1122 1172 1255 1242 gerendis,
1270 1189 1353 1243 quarn
1369 1173 1399 1225 ia
1420 1173 1520 1225 animis
1541 1171 1705 1225 tractandis:
1740 1189 1822 1243 neque

198 1254 298 1307 niciem
322 1254 380 1322 ejus
401 1254 487 1308 vertit.
529 1252 655 1322 Regnare
675 1261 765 1305 autern
788 1251 846 1318 jam
868 1266 992 1319 unques
1029 1250 1057 1304 id
1071 1250 1177 1321 vtrlgari
1191 1251 1282 1321 aliqua
1298 1250 1451 1321 disciplina,
1475 1269 1536 1322 quae
1557 1251 1723 1321 obsequium
1738 1268 1821 1304 assue·

197 1334 336 1401 juventute
350 1331 494 1387 meditatus
508 1340 565 1394 est;
586 1332 668 1401 idque
688 1332 714 1385 ei
730 1329 885 1399 exemplum
900 1329 990 1399 Syllae,
1029 1329 1131 1383 iaceret
1158 1330 1193 1383 ad
1218 1332 1352 1396 mandata,
1380 1339 1427 1384 aut
1454 1331 1584 1401 pudorem
1612 1331 1756 1393 incuteret,
1777 1343 1821 1384 aut

200 1412 316 1465 affinitas
340 1410 431 1475 Marii,
459 1410 595 1465 aemulatio
619 1410 752 1481 Pompeii,
776 1408 938 1478 corruptelas
965 1416 992 1463 et
1029 1408 1200 1463 severitatem
1224 1418 1379 1480 usurparet,
1407 1409 1456 1464 sed
1480 1427 1541 1480 quoe
1563 1409 1641 1463 miris
1670 1409 1757 1463 modis
1780 1426 1819 1463 sr-

199 1490 366 1559 perturbatio
391 1497 543 1559 temporutn
571 1488 649 1543 iacile
677 1488 866 1560 suggerebant.
909 1488 990 1541 Viam
1029 1486 1122 1542 dorem
1148 1495 1177 1543 et
1203 1487 1370 1543 alacritatem
1398 1489 1517 1553 adderet,
1545 1496 1574 1542 et
1599 1489 1744 1543 victoriam
1768 1488 1818 1543 iere

200 1579 290 1624 sutem
308 1569 360 1623 sibi
379 1569 413 1622 ad
432 1586 545 1640 regnum
567 1569 636 1622 miro
653 1569 746 1622 ordine
766 1567 917 1621 sternebat:
938 1568 991 1636 pri·
1029 1568 1198 1637 praeriperet:
1219 1585 1332 1638 quasque
1354 1568 1468 1622 militem
1490 1584 1558 1638 erga
1577 1567 1671 1637 ipsum
1690 1567 1819 1638 pluseuu·

199 1666 273 1702 mum
283 1665 332 1719 per
343 1650 489 1717 potentiam
501 1648 658 1717 popularem
668 1656 695 1701 et
706 1647 878 1710 seditiosam
893 1645 990 1700 deinde
1029 1641 1141 1712 ciliaret',
1155 1663 1238 1716 quam
1253 1647 1346 1701 liberte
1365 1646 1523 1718 reipublicae
1536 1646 1717 1700 conducebat
1757 1646 1819 1702 Cum

198 1744 249 1796 per
272 1728 420 1797 potentiam
442 1727 587 1782 militarem
610 1735 636 1780 et
664 1727 876 1797 imperatoriam.
916 1725 990 1779 Nam
1029 1733 1119 1778 autem
1146 1725 1174 1778 ia
1200 1726 1275 1780 omni
1296 1743 1395 1796 genere
1419 1726 1485 1780 belli
1506 1733 1630 1780 armatus
1652 1735 1734 1789 esset,
1754 1745 1820 1781 cum·

199 1806 278 1860 initio
292 1807 344 1860 sibi
359 1814 435 1860 erant
449 1806 602 1876 frangenda
623 1814 732 1860 senatus
753 1821 819 1874 opes
833 1813 860 1858 et
873 1804 990 1857 auctori·
1029 1821 1081 1874 que
1094 1811 1165 1858 artes
1179 1804 1273 1859 civiles
1295 1823 1356 1859 cum
1376 1806 1482 1860 bellicis
1504 1806 1692 1875 conjungeret,
1706 1805 1747 1860 nil
1767 1814 1820 1860 taur

200 1892 248 1948 tas,
263 1902 317 1955 qua
329 1884 404 1940 salva
417 1886 519 1938 nemini
532 1885 566 1938 ad
579 1885 723 1939 immodica
737 1891 763 1939 et
777 1884 991 1937 extraordinaria
1028 1883 1204 1954 improvisum
1214 1885 1240 1938 ei
1254 1885 1399 1946 accidebat,
1411 1886 1445 1939 ad
1454 1886 1525 1955 quod
1536 1883 1689 1939 remedium
1702 1892 1820 1955 paratum

199 1963 314 2034 imperia
335 1964 424 2017 aditus
444 1973 509 2017 erat.
550 1965 619 2018 Tum
640 1965 747 2017 demum
767 1962 912 2016 evertenda
933 1970 992 2018 erat
1028 1978 1083 2016 non
1106 1962 1237 2026 haberet;
1271 1971 1299 2017 et
1319 1964 1358 2017 nil
1380 1973 1434 2019 ιιιιι
1454 1965 1608 2029 adversum,
1632 1981 1670 2019 ex
1692 1982 1746 2035 quo
1768 1981 1821 2019 noa

201 2042 291 2096 Crassi
306 2052 333 2097 et
345 2042 468 2111 Pompeii
484 2043 610 2111 potentia,
623 2042 756 2113 quodnisi
771 2042 853 2094 armis
868 2041 925 2094 lieri
936 2057 990 2095 non
1028 2041 1173 2095 utilitatem
1190 2042 1309 2113 aliquam
1330 2042 1473 2098 derivaret.
1513 2042 1644 2097 Personae
1664 2053 1754 2097 autem
1767 2061 1821 2099 ma

198 2131 310 2191 poterat.
328 2158 340 2177 .
354 2121 587 2191 ltaque(utiaber
602 2121 713 2175 fortunae
727 2138 783 2175 suae
796 2120 990 2191 peritissimus)
1028 2120 1133 2175 debitas
1152 2129 1243 2191 partes
1262 2122 1399 2186 attribuite
1419 2131 1450 2177 ut
1470 2122 1518 2195 qui
1532 2121 1632 2177 sedem
1650 2120 1679 2176 in
1698 2126 1822 2193 prataria

199 2202 315 2269 primam
328 2208 492 2254 structuram
505 2217 554 2269 per
574 2200 738 2270 largitiones,
759 2216 809 2269 per
826 2199 990 2266 judiciorum
1029 2199 1057 2252 in
1069 2197 1177 2271 maguis
1196 2201 1297 2270 praeliis
1311 2203 1401 2255 omnis
1415 2218 1464 2272 per
1476 2202 1591 2256 nuncios
1612 2201 1821 2256 administraret.

198 2278 371 2349 corruptelas,
382 2295 432 2349 per
445 2280 646 2333 renovationem
660 2280 797 2333 memoriae
812 2278 844 2332 C.
857 2277 948 2343 Marii,
963 2287 992 2332 et
1029 2278 1073 2333 Ex
1086 2296 1141 2350 quo
1154 2279 1290 2350 duplicem
1303 2281 1419 2336 fructum
1432 2281 1574 2352 capiebst;
1595 2289 1668 2334 utet
1684 2281 1714 2334 in
1728 2281 1820 2335 discri-

198 2358 317 2428 partium
327 2359 394 2426 ejus,
407 2355 484 2431 (cum
499 2358 621 2429 plerique
630 2366 782 2412 senatorum
794 2365 820 2412 et
832 2356 990 2412 nobiliume
1029 2375 1091 2412 men
1111 2358 1197 2414 maius
1217 2377 1247 2413 se
1269 2361 1455 2424 committeret,
1469 2368 1551 2431 atque
1565 2365 1596 2413 ut
1609 2377 1674 2415 curn
1688 2359 1820 2414 resincli·

200 2435 312 2505 Syllana
335 2436 452 2491 factione
476 2433 592 2510 essent)
616 2455 665 2509 per
688 2437 763 2508 leges
787 2437 916 2507 agrarias,
941 2454 991 2508 per
1028 2454 1093 2490 nare
1119 2439 1272 2507 caepissent,
1300 2439 1424 2508 praelium
1451 2456 1501 2509 per
1526 2440 1613 2509 ipsius
1639 2441 1820 2509 praesentiam,

198 2515 340 2569 seditiosos
354 2517 475 2570 tribunos
488 2535 557 2587 quos
573 2516 744 2581 immittebat,
759 2533 808 2586 per
822 2515 950 2571 Catilinae
964 2525 991 2571 et
1029 2516 1110 2570 veluti
1124 2533 1193 2570 nova
1212 2516 1323 2583 auxilia,
1337 2519 1540 2573 instauraretur.
1582 2518 1617 2573 ln
1635 2520 1711 2573 omni
1733 2528 1821 2573 autem

198 2595 398 2662 conjuratorum
419 2595 547 2661 insanias,
568 2596 664 2667 quibus
685 2595 789 2650 occulto
808 2595 924 2659 favebat,
942 2612 991 2664 per
1029 2605 1202 2672 apparatuet
1215 2605 1314 2651 conatu
1334 2596 1507 2652 bellicosos
1527 2604 1632 2652 tantum
1648 2597 1685 2651 ad
1697 2598 1821 2670 exempla

198 2673 313 2729 exilium
327 2674 474 2739 Ciceronis,
488 2676 518 2728 in
529 2677 606 2744 cujus
624 2692 706 2729 causa
720 2683 829 2729 senatus
842 2676 990 2729 auctoritas
1028 2691 1072 2729 res
1093 2676 1211 2745 gerebat,
1225 2676 1273 2729 sed
1291 2692 1362 2730 nors
1381 2685 1409 2731 et
1427 2676 1631 2731 accommodata
1653 2694 1763 2732 sumnus
1779 2694 1821 2732 re·

198 2754 357 2819 vertebatur,
372 2771 403 2808 ac
416 2753 567 2825 complures
581 2754 735 2822 hujusmodi
755 2763 833 2817 artes,
848 2754 990 2809 attollebat
1028 2754 1100 2808 done
1119 2755 1379 2810 comminiscebatur.
1420 2755 1562 2810 Amicitias
1581 2756 1649 2810 sads
1669 2764 1822 2811 comtanter

198 2841 226 2886 et
251 2833 399 2887 evehebat:
428 2834 476 2887 sed
496 2835 614 2889 maxime
637 2835 757 2887 omniurn
779 2850 827 2903 per
849 2832 941 2887 Crassi
963 2841 990 2888 et
1028 2841 1056 2887 et
1068 2832 1200 2904 singulari
1213 2851 1274 2888 cum
1295 2834 1474 2904 beneficentia
1492 2842 1520 2889 et
1539 2834 1712 2907 indulgentis
1732 2836 1822 2892 coluit.

198 2912 324 2984 Pompeii
337 2920 366 2967 et
379 2912 450 2968 inter
468 2929 497 2968 se
518 2922 545 2968 et
559 2931 650 2969 secum
664 2912 878 2982 conjunctionem
899 2912 989 2967 absol·
1028 2912 1184 2967 Amicorum
1200 2920 1289 2969 tamen
1297 2912 1452 2983 hujusmodi
1467 2914 1601 2970 delectum
1617 2915 1691 2981 iecit,
1701 2924 1733 2970 ut
1746 2915 1822 2970 facile

197 2992 284 3047 vebat.
333 2992 393 3053 Qua
416 3001 491 3063 parte
514 2994 646 3058 absoluta,
669 2993 704 3046 sd
728 2992 840 3047 alteram
864 2994 990 3047 contiuuo
1027 3001 1178 3062 appareret,
1192 3010 1255 3047 eum
1269 2994 1407 3065 inquirere
1422 3002 1452 3048 ut
1464 2995 1648 3057 instrumenti,
1662 3012 1718 3049 non
1741 2997 1822 3067 impe·

197 3078 304 3143 partem
317 3071 517 3143 accingebatur,
532 3073 618 3126 iactus
635 3071 778 3143 proconsul
797 3071 947 3127 Galliarum
960 3074 989 3126 in
1027 3072 1148 3136 dimensi,
1162 3071 1223 3126 loco
1236 3073 1358 3128 amicitia
1377 3090 1470 3128 eorum
1482 3083 1563 3129 esset
1605 3073 1679 3128 Cum
1693 3084 1823 3129 sutemet

198 3151 421 3222 quinquennium,
432 3168 576 3222 rursusque
588 3153 617 3205 in
631 3152 745 3205 alterum
760 3151 988 3222 quinquennium:
1027 3158 1124 3205 natura
1137 3158 1165 3205 et
1177 3150 1301 3207 instituto
1315 3152 1431 3208 tenetur
1443 3152 1479 3206 sd
1500 3151 1562 3218 hoc,
1576 3161 1607 3207 ut
1625 3170 1683 3208 non
1701 3156 1823 3209 eminens

198 3236 279 3300 atque
307 3229 397 3295 armis,
425 3229 584 3301 legionibus,
606 3239 635 3285 et
656 3230 785 3284 bellicosa
806 3238 833 3284 et
860 3229 990 3300 opulenta
1027 3231 1098 3284 inter
1110 3246 1232 3301 magnos,
1247 3231 1295 3285 sed
1314 3232 1450 3301 imperens
1462 3232 1534 3286 inter
1547 3231 1732 3304 obsequentes
1746 3243 1822 3297 emt,

196 3307 337 3378 provincia
350 3316 447 3378 potens
461 3319 490 3363 et
504 3310 590 3365 ltalia
603 3310 756 3364 imminens
771 3358 777 3370 ,
795 3310 894 3380 Neque
915 3310 990 3365 enim
1027 3311 1128 3364 amicos
1142 3311 1194 3364 sibi
1207 3311 1333 3380 adjunxit
1346 3311 1472 3376 humiles,
1487 3312 1535 3367 sed
1548 3311 1711 3376 industrios,
1726 3313 1822 3384 quibis

197 3403 260 3441 eum
274 3386 382 3451 latebat,
397 3395 538 3459 postquam
552 3406 581 3444 ss
595 3390 678 3443 armis
692 3398 719 3443 et
737 3388 846 3442 militari
869 3391 989 3459 potentia
1027 3389 1188 3458 ipseomuia
1202 3398 1286 3444 esset.
1329 3389 1575 3454 Hincillud,“1ta
1588 3391 1700 3446 vivente
1715 3392 1822 3448 cm

197 3466 338 3531 firmasset,
352 3483 403 3520 nec
423 3466 550 3522 Crassum
568 3486 618 3523 nec
639 3468 800 3538 Pompeium
822 3468 875 3522 sibi
896 3485 988 3538 parem
1028 3467 1170 3533 moriar;'’
1199 3475 1227 3522 et
1249 3476 1347 3523 catera
1370 3469 1399 3523 id
1421 3485 1516 3541 genus
1566 3469 1715 3526 Nobilium
1737 3482 1822 3526 autem

197 3545 332 3612 futurum3
354 3564 414 3600 cum
434 3547 503 3602 alter
524 3548 634 3613 divitiis,
648 3547 718 3602 alter
739 3547 819 3601 ismae
838 3558 866 3601 et
884 3548 989 3602 nomini
1027 3555 1054 3602 et
1067 3546 1213 3618 equalium
1227 3565 1336 3602 suorum
1349 3549 1483 3603 amicitias
1491 3565 1649 3603 exususuo
1657 3551 1822 3606 miscebat:

197 3626 358 3690 confideret;
379 3625 447 3680 alter
460 3634 546 3691 aetate,
560 3627 628 3681 alter
646 3627 804 3681 auctoritate
819 3634 988 3693 senesceret;
1027 3644 1063 3681 ex
1076 3627 1179 3681 intimis
1193 3634 1284 3682 autern
1296 3627 1433 3682 neminem
1447 3627 1504 3682 iere
1524 3627 1696 3695 admittebat,
1711 3632 1766 3685 nisi
1779 3631 1823 3702 qui

197 3713 291 3759 neuter
304 3705 376 3759 veris
389 3713 416 3759 et
429 3706 582 3777 vigentibus
595 3706 730 3777 presidiis
745 3706 882 3761 niteretur.
922 3706 989 3766 Quae
1027 3722 1062 3761 ex
1082 3706 1222 3761 scamnis
1242 3713 1371 3777 speraret.
1411 3706 1484 3768 Quin
1501 3716 1529 3761 et
1544 3706 1634 3762 literis
1655 3716 1685 3762 et
1705 3709 1824 3764 nouam

197 3785 287 3839 omnia
300 3786 327 3840 ei
342 3801 378 3838 ex
391 3791 453 3839 voto
468 3803 588 3849 cessere;
609 3786 760 3856 praesertim
780 3802 841 3839 cum
860 3786 918 3856 ipse
933 3786 989 3839 sin·
1027 3784 1198 3839 mediocriter
1221 3786 1345 3841 excultus
1365 3785 1423 3850 luit,
1445 3787 1494 3841 sed
1514 3803 1555 3851 es,
1578 3804 1641 3857 quae
1660 3788 1697 3841 ad
1717 3788 1823 3843 civilem

197 3863 276 3933 gulos
293 3870 431 3918 senatores
452 3873 480 3919 et
500 3867 682 3937 magistratus,
705 3876 731 3919 et
752 3866 867 3936 denique
885 3882 988 3930 omnes,
1027 3881 1105 3918 usum
1119 3863 1223 3934 aliquid
1235 3865 1390 3955 corrierret⁸
1404 3865 1478 3919 Nam
1488 3874 1515 3919 et
1528 3866 1558 3919 in
1571 3865 1691 3921 historia
1703 3877 1823 3923 versatus
1884 3936 1885 3943 ἵ

198 3944 244 4013 qui
259 3942 361 4014 aliquid
375 3951 506 4012 poterant,
521 3946 559 4000 ita
573 3946 684 4015 privatis
698 3944 836 3998 beneficiis
850 3943 989 3998 devinctos
1027 3950 1093 4008 erat,
1104 3952 1131 3997 et
1143 3943 1286 3998 verborum
1300 3944 1421 4016 pondera
1430 3953 1458 3998 et
1471 3944 1598 3999 acumina
1607 3947 1679 4000 mire
1693 3948 1822 4012 eallebet;

197 4030 224 4075 et
237 4022 379 4077 obstrictos
392 4022 512 4089 haberet,
526 4033 557 4079 ut
570 4041 679 4079 securus
693 4032 765 4078 esset
777 4023 810 4077 de
825 4023 917 4094 aliqua
927 4040 988 4077 con·
1026 4030 1054 4077 et
1073 4039 1135 4076 cum
1155 4022 1240 4077 multa
1259 4022 1384 4079 felicitati
1403 4040 1459 4078 suae
1471 4023 1610 4089 tribueret,
1625 4027 1733 4094 peritam
1745 4036 1823 4081 astro

197 4101 345 4177 spiratione
358 4103 402 4156 vel
416 4119 547 4158 consensu
556 4104 684 4157 adversus
694 4120 757 4157 suos
771 4111 881 4157 conatus
894 4103 988 4156 ineun·
1026 4119 1086 4156 rum
1107 4101 1193 4155 videri
1212 4101 1305 4158 voluit.
1346 4102 1509 4174 Eloquentia
1529 4112 1621 4158 autem
1642 4106 1670 4158 ei
1691 4108 1823 4161 nativaet

197 4179 248 4243 dis,
259 4187 403 4251 antequam
418 4190 512 4251 aperte
527 4182 721 4252 rempublicam
733 4182 880 4236 invaderet
911 4181 989 4243 Quod
1026 4188 1173 4252 puraerat.
1215 4182 1248 4235 ln
1260 4181 1413 4251 voluptates
1427 4198 1577 4252 propensus
1591 4198 1625 4236 ac
1639 4184 1746 4240 etiirsur
1760 4196 1821 4249 erat,

197 4275 259 4312 curn
283 4266 312 4313 et
335 4276 442 4329 semper
463 4262 633 4327 destinasset,
658 4270 686 4315 et
709 4261 854 4332 aliquando
878 4261 988 4315 nudem
1027 4261 1098 4330 quod
1111 4259 1138 4313 ei
1152 4260 1224 4331 apud
1236 4260 1317 4314 initia
1329 4277 1379 4316 sus
1387 4261 1449 4315 loco
1461 4260 1645 4317 simulationis
1654 4274 1732 4319 erat:
1745 4281 1823 4318 uerno

197 4337 306 4403 iaceret,
322 4344 413 4392 tamen
426 4356 569 4409 personam
585 4358 661 4395 suam
679 4356 734 4393 uon
752 4340 919 4410 deponebat;
940 4341 988 4395 sed
1026 4340 1098 4393 enim
1119 4339 1271 4409 periculum
1295 4340 1330 4393 ab
1354 4340 1510 4408 hujusmodi
1531 4341 1644 4412 ingenio
1669 4344 1821 4399 metuebets

198 4416 236 4470 ita
254 4433 283 4470 se
297 4417 417 4487 gerebat,
433 4428 463 4473 ut
475 4421 603 4491 aequitate
617 4419 820 4490 postulatorum,
834 4426 862 4473 et
877 4419 988 4474 simuls-
1026 4417 1178 4487 voluptates
1192 4427 1283 4474 autem
1296 4435 1359 4473 suas
1372 4420 1412 4473 ita
1425 4419 1623 4485 moderabatur,
1638 4430 1673 4475 ut
1688 4423 1763 4478 nihil
1775 4425 1823 4477 uti-
1883 4448 1884 4473 ι

198 4495 271 4549 tione
285 4496 367 4566 pacis,
382 4505 410 4550 et
423 4499 590 4553 successibus
601 4500 657 4554 suis
670 4499 848 4563 moderandis,
859 4498 987 4553 invidiam
1026 4497 1095 4552 litati
1109 4504 1156 4551 aut
1168 4498 1340 4568 negotiorum
1350 4515 1462 4555 summa
1476 4499 1623 4564 officerent,
1636 4510 1664 4554 et
1678 4503 1823 4574 animopo

196 4575 226 4629 in
246 4575 372 4630 adversas
394 4585 484 4645 partes
504 4585 652 4648 torqueret;
688 4594 772 4649 seque
795 4576 988 4632 incolumitatis
1026 4576 1078 4630 tius
1087 4576 1216 4646 vigorem,
1228 4594 1309 4647 quam
1320 4577 1486 4648 languorem,
1497 4578 1657 4634 tribuerent.
1703 4582 1736 4635 ln
1750 4598 1823 4635 rnen·
1882 4614 1883 4619 κ

197 4671 253 4714 suae
267 4654 355 4726 grstia
369 4655 403 4708 sd
417 4655 519 4710 bellum
539 4656 721 4711 necessarium
739 4665 861 4711 coacnrm
881 4673 938 4726 prae
958 4673 987 4711 se
1025 4672 1056 4709 sa
1070 4655 1183 4719 sobrius,
1202 4656 1275 4710 circa
1294 4655 1421 4711 libidines
1442 4656 1602 4721 incuriosus,
1625 4657 1655 4712 in
1680 4659 1755 4714 ludis
1777 4660 1822 4715 la·-

197 4733 290 4789 t'erret.
332 4731 419 4809 Cujus
439 4734 624 4790 simulationis
646 4737 753 4790 vanitas
777 4736 920 4790 manifesto
943 4737 988 4791 de
1026 4740 1068 4789 tus
1082 4743 1110 4788 et
1122 4735 1291 4805 mamificus.
1325 4735 1399 4792 'l'alis
1413 4753 1475 4791 cum
1488 4742 1568 4801 esset,
1578 4736 1608 4791 id
1621 4738 1658 4792 ad
1672 4748 1823 4795 extremum

196 4814 332 4882 prehensa
354 4821 404 4879 est,
431 4821 583 4886 postquam,
603 4815 732 4870 coniectis
752 4814 832 4869 bellis
855 4814 986 4879 civilibus,
1026 4813 1049 4866 ei
1066 4813 1151 4868 exitio
1170 4813 1230 4878 fuit,
1245 4814 1316 4886 quod
1329 4814 1364 4868 ad
1377 4815 1512 4885 principis
1530 4815 1767 4874 suaincremento
1783 4819 1824 4873 fu·

197 4893 300 4963 regiain
327 4898 488 4962 potestatem
519 4893 639 4965 adeptus,
667 4894 843 4965 omnibusque
873 4895 986 4959 oemulis,
1025 4900 1098 4957 eratr
1119 4892 1213 4956 idest,
1235 4893 1352 4948 studium
1372 4893 1570 4964 popularitatis.
1612 4896 1663 4951 Nil
1678 4898 1754 4952 enim
1769 4908 1822 4951 tam

197 4972 244 5040 qui
272 4970 391 5042 aliquam
419 4974 444 5027 ei
473 4971 670 5028 solicitudinem
692 4973 804 5040 injicere
832 4984 949 5042 possent,
972 4991 986 5027 e
1026 4971 1154 5042 populare
1168 4980 1216 5037 est,
1228 4988 1309 5042 quam
1322 4973 1463 5043 ignoscere
1473 4973 1613 5029 inimicis:
1629 4992 1685 5047 qua
1699 4978 1757 5032 sive
1772 4979 1822 5031 vir·

197 5050 287 5104 medio
308 5050 430 5119 sublatis,
455 5058 545 5108 umen
568 5051 602 5106 de
623 5051 759 5107 reddenda
786 5050 925 5123 republica
953 5069 987 5108 ne
1026 5059 1089 5119 tute,
1105 5050 1162 5107 sive
1176 5058 1242 5118 arte,
1257 5050 1304 5106 ille
1317 5051 1409 5123 periit.
