3800 5875
203 294 268 350 4488
835 293 975 349 Novum
996 293 1196 350 ORGANUM.

211 468 271 507 esse
285 452 348 508 talis
361 452 543 523 heterogenea
554 451 623 506 inter
636 450 779 521 spiritalia,
793 451 883 524 qualis
896 453 1004 508 iuveni·

211 540 255 586 tur
267 531 338 585 inter
351 532 472 603 liquida:
492 548 558 586 nam
578 539 636 586 turn
655 532 763 586 demum
785 530 844 586 hac
858 532 1004 587 simulacra

210 627 261 681 ρετ
273 610 429 682 analogiam
441 626 495 664 non
508 610 676 665 incommode
690 610 893 666 substituentur.
1080 608 1170 680 Atque
1183 610 1218 665 de
1231 611 1376 676 instantiis,
1391 628 1452 682 qma
1463 609 1766 679 jerusalemoniam
1780 609 1843 664 dic·

196 712 199 717 ·
251 689 340 759 Atque
353 689 386 743 de
400 690 541 744 instantiis
561 689 621 744 istis
636 691 823 761 supplementi,
838 690 910 761 qnod
930 690 1003 744 dixi·
1040 695 1097 743 tum
1111 694 1167 755 est}
1189 708 1251 761 qam
1267 691 1399 761 praecipui
1420 706 1483 746 uras
1497 695 1561 744 suut
1574 689 1609 743 sd
1630 696 1735 759 partem
1747 689 1843 743 infor·-

211 784 280 831 mus,
293 769 511 823 informationem
525 768 560 822 ab
573 768 798 831 iishaurieudam
811 769 1003 840 assequendo
1040 770 1180 842 mutirem.
1232 770 1392 824 luformatiu
1412 771 1485 824 enim
1506 769 1638 837 incipite
1658 784 1747 823 sensu.
1805 770 1843 823 At

211 846 299 901 desint
314 847 449 901 instantia
463 848 587 918 proprias,
601 846 662 902 loco
671 850 810 922 perfugii,
823 848 1002 903 nihilominus
1040 848 1195 903 uniuersum
1216 849 1357 920 negotium
1369 849 1470 903 desiuit
1481 850 1511 902 iu
1524 864 1621 918 opera:
1641 858 1723 919 atque
1737 864 1841 920 quem·

211 925 330 997 intelligi
344 925 475 991 volumus,
489 927 561 997 quod
574 926 630 981 illra
643 929 726 981 enam
744 927 839 998 magni
859 928 914 981 siut
928 944 1001 992 usus,
1040 927 1185 982 admodum
1208 928 1276 982 illud
1302 929 1476 999 principium,
1495 929 1534 981 ita
1555 927 1608 981 hoc
1629 927 1695 981 finis
1717 928 1758 980 rei
1785 937 1839 981 est.

211 1004 363 1059 etiamcurn
375 1006 491 1075 propria
504 1006 641 1060 instantias
652 1006 756 1072 adsint,
777 1005 1000 1061 adroborandam
1040 1006 1192 1076 Sequemur
1205 1009 1298 1078 itaque
1310 1007 1446 1062 mauride
1462 1006 1593 1077 precipui
1607 1022 1674 1060 usus
1688 1005 1840 1077 mparteas

1405 514 1485 555 xtra.

211 1083 315 1138 scilicet
328 1084 546 1139 informationem
557 1100 611 1139 uua
621 1102 683 1140 cnm
696 1085 824 1156 propriis.
854 1082 1001 1140 Venrmde
1040 1086 1214 1157 operativum.
1254 1087 1303 1141 Ea
1316 1104 1417 1158 genere
1431 1087 1492 1141 dnm
1505 1094 1701 1149 sontnumero
1713 1094 1839 1156 septem:

210 1162 256 1217 his
270 1163 391 1219 exactius
412 1163 539 1228 dicemus,
558 1164 666 1234 quaudo
679 1164 714 1218 sd
727 1165 893 1219 adminiculo
907 1165 1002 1219 induo·
1040 1164 1261 1235 quasuuiversas,
1272 1166 1395 1236 geummi
1403 1166 1521 1228 nomine,
1533 1167 1684 1231 instantias
1688 1168 1837 1236 praeticas

211 1244 293 1296 tionis
306 1243 548 1298 tractandasermo
561 1243 655 1298 ordine
668 1242 810 1298 dilabetur.
1039 1241 1178 1314 appellare
1198 1245 1395 1301 consuevimus
1446 1243 1602 1315 Operatione
1626 1252 1720 1298 autern
1737 1248 1837 1315 partas

1039 1323 1105 1377 vitia
1118 1322 1180 1387 dno,
1194 1323 1361 1395 totidemque
1375 1324 1524 1395 dignitates
1538 1323 1731 1378 instantiarum
1743 1324 1777 1378 iu
1792 1341 1838 1395 gs·

1038 1418 1112 1456 nere.
1153 1401 1209 1456 Aut
1229 1404 1303 1457 euim
1323 1402 1394 1458 fallit
1413 1403 1541 1472 operatio,
1558 1410 1607 1456 aut
1626 1412 1723 1456 onerat
1740 1404 1836 1458 nimia

251 1480 326 1534 Inter
342 1483 546 1552 praerogativas
571 1483 762 1538 instantiarum
788 1499 919 1555 ponemus
940 1483 1001 1538 loco
1039 1480 1123 1535 Fallit
1135 1482 1257 1552 operatio
1273 1484 1393 1537 mamma
1407 1481 1570 1552 (prasertim
1590 1490 1656 1551 post
1674 1481 1836 1552 diligentem

209 1558 340 1613 vicesimo
351 1561 498 1615 instantias
504 1571 679 1632 persecuntur
687 1585 699 1630 ,·
723 1580 790 1635 quas
805 1564 887 1618 etiarn
898 1565 1001 1619 inston-
1038 1568 1194 1615 naturarum
1207 1562 1423 1632 inquisitionem)
1438 1567 1549 1632 propter
1558 1559 1631 1615 male
1641 1561 1835 1617 determinatas

210 1639 266 1693 tias
282 1641 438 1694 vellicantes
459 1640 597 1710 appellare
615 1643 811 1708 consuevimus,
831 1641 879 1697 sed
893 1643 1001 1697 diversa
1038 1647 1066 1694 et
1084 1646 1253 1695 mensuratas
1274 1657 1417 1711 corporum
1436 1641 1508 1694 vires
1527 1652 1555 1694 et
1573 1640 1706 1696 actiunes.
1753 1641 1835 1697 Vires

208 1718 321 1773 ratione.
366 1718 529 1776 Vettiaantes
539 1720 611 1774 enim
626 1737 673 1775 eas
684 1720 860 1792 appellamus,
869 1722 933 1793 quia
945 1723 1001 1777 vel.
1038 1724 1127 1773 autem
1136 1727 1163 1772 el
1170 1719 1294 1774 senones
1301 1737 1445 1791 corporum
1453 1719 1714 1774 circumscribantur
1720 1728 1749 1773 et
1755 1738 1833 1775 rnen·

209 1795 294 1851 licant
313 1798 496 1865 intellectum
513 1809 696 1871 persecantes,
711 1801 776 1871 quia
796 1808 940 1871 persecant
954 1818 1001 1856 na·
1038 1807 1170 1863 struantur,
1185 1805 1231 1853 aut
1244 1816 1294 1869 per
1307 1800 1396 1870 spatia
1415 1798 1476 1863 loci,
1491 1808 1538 1855 aut
1550 1816 1601 1869 per
1614 1808 1754 1854 momenta
1767 1808 1833 1854 tem-

210 1883 311 1932 turam:
332 1878 403 1932 unde
417 1881 500 1934 etiam
519 1878 583 1932 illas
599 1879 760 1950 quandoque
778 1882 927 1934 instantias
940 1880 999 1933 De·
1037 1877 1117 1946 puris,
1133 1886 1179 1932 aut
1192 1895 1241 1949 per
1254 1878 1382 1933 unionem
1397 1877 1498 1950 quanti,
1512 1886 1559 1932 aut
1572 1895 1622 1947 per
1635 1880 1833 1948 pradominan-

569 1387 647 1426 aaut.

209 1958 315 2010 moeniti
327 1958 507 2013 nominamus.
547 1957 597 2011 Em
607 1966 677 2023 sunt,
689 1976 749 2030 quae
762 1958 796 2013 de
810 1959 963 2013 admirabili
972 1968 1001 2014 et
1038 1957 1104 2011 tiam
1123 1957 1245 2012 rimulis:
1271 1975 1333 2028 quaa
1354 1967 1477 2030 quatuor,
1499 1958 1553 2011 nisi
1576 1957 1677 2012 fuerim
1700 1959 1786 2030 probe
1806 1968 1832 2014 et

209 2035 345 2105 exquisita
361 2036 510 2092 subtilitate
529 2042 633 2092 naturae
651 2037 818 2092 intellectum
831 2038 999 2105 submonent,
1037 2035 1181 2106 diligenter
1191 2036 1336 2107 pensitata,
1350 2044 1430 2092 erunt
1444 2037 1556 2091 fortasse
1571 2037 1696 2092 selenae
1709 2038 1832 2109 specula·

209 2121 240 2167 ut
253 2115 387 2169 excitetur
399 2125 427 2170 et
441 2116 646 2186 expergiscatur
659 2116 694 2170 ad
707 2118 891 2182 attentionem,
906 2124 935 2171 et
949 2119 999 2172 ob-
1038 2116 1111 2169 tione
1125 2116 1233 2187 quidem
1246 2114 1375 2185 pulchre,
1389 2117 1437 2171 sed
1450 2132 1531 2186 opere
1549 2116 1686 2172 imaeve.
1729 2118 1831 2173 laama-

209 2193 394 2259 servatiouem,
417 2202 445 2250 et
465 2195 669 2266 inquisitionem
692 2195 820 2250 debitam.
870 2196 999 2267 Exempli
1038 2195 1089 2249 tias
1105 2212 1169 2250 vero
1189 2203 1305 2265 quatuor
1321 2195 1499 2266 itidemque
1523 2194 1578 2249 huc
1596 2193 1757 2261 referantur,
1778 2214 1831 2251 nno

208 2272 312 2342 gratia:
334 2274 406 2342 quod
419 2291 515 2344 pamm
529 2273 792 2345 guttularatramenti
807 2276 842 2330 ad
854 2283 894 2330 tot
905 2275 999 2331 literas
1038 2276 1146 2329 nomine
1160 2276 1307 2337 instantias
1320 2275 1519 2330 matematicos
1532 2290 1672 2340 vocamus,
1687 2284 1715 2330 et
1728 2278 1830 2332 instea-

209 2351 254 2405 vel
265 2349 352 2406 lineas
367 2354 543 2419 emendatum
566 2353 636 2424 quod
649 2362 799 2425 argentum,
807 2355 928 2410 exterius
942 2364 999 2410 tan·
1037 2355 1093 2408 tias
1106 2372 1246 2409 mensura».

208 2437 267 2484 tum
279 2430 439 2498 inauratum,
454 2434 489 2488 ad
503 2441 606 2488 tantum
619 2433 816 2505 longitudinem
830 2434 869 2489 fili
882 2435 998 2490 inaurati
1076 2432 1197 2488 Onerosa
1218 2438 1308 2487 autem
1329 2433 1359 2487 tit
1377 2432 1478 2503 praxis,
1493 2432 1537 2487 vel
1558 2440 1673 2504 propter
1691 2434 1830 2489 misturam

208 2510 397 2576 continuetur3
422 2513 494 2583 quod
520 2511 636 2583 pusillus
657 2513 828 2579 vermiculus,
854 2513 944 2586 qualis
969 2516 999 2570 in
1037 2528 1126 2568 rerum
1146 2512 1300 2576 inutilium
1321 2512 1364 2566 vel
1384 2519 1495 2583 propter
1512 2512 1771 2583 multiplicationem
1790 2515 1830 2566 in·

208 2594 269 2643 cute
291 2590 432 2657 invenitur,
447 2592 548 2647 habeat
561 2593 590 2646 in
604 2609 633 2647 ae
647 2593 773 2663 spiritum
786 2594 868 2648 simul
882 2602 909 2647 et
926 2595 998 2665 tigu-
1036 2598 1262 2652 strumentorums
1284 2591 1328 2646 vel
1348 2598 1459 2662 propter
1479 2590 1580 2646 molem
1594 2593 1719 2647 materia
1731 2601 1758 2647 et
1771 2610 1831 2646 cor-

207 2685 266 2722 ram
280 2668 469 2727 dissimilarcm
480 2672 614 2742 partium
633 2672 705 2743 quod
716 2689 813 2741 parum
826 2672 997 2738 croci,etism
1036 2686 1140 2739 ponam,
1162 2689 1223 2742 quae
1247 2670 1281 2725 ad
1301 2671 1413 2743 aliquod
1436 2686 1504 2740 opus
1527 2672 1631 2742 requiri
1659 2673 1830 2745 configerim.

208 2747 310 2802 dolium
321 2766 398 2820 aquae
405 2750 495 2806 colore
505 2751 627 2816 indelat3
648 2752 720 2823 quod
734 2769 829 2822 parum
843 2752 998 2807 aibethiaut
1037 2750 1133 2821 ltaque
1147 2769 1187 2806 eae
1202 2751 1341 2805 instantia
1354 2752 1385 2804 in
1403 2750 1491 2822 pretio
1508 2765 1569 2805 esse
1586 2750 1697 2815 debent,
1711 2770 1772 2823 que
1784 2761 1830 2806 aut

207 2829 343 2893 aromatis,
355 2829 436 2900 longe
449 2831 539 2900 majus
552 2838 709 2886 contentum
723 2833 794 2887 airis
808 2832 904 2897 odore;
926 2833 998 2903 quod
1036 2829 1157 2900 dirigunt
1179 2830 1347 2900 operativum
1362 2831 1398 2884 ad
1415 2846 1448 2884 ea
1461 2845 1523 2899 quas
1545 2830 1669 2885 maxime
1691 2830 1828 2885 homiuum

208 2907 308 2979 exignro
321 2910 410 2964 suffitu
422 2917 496 2966 tauta
503 2910 635 2967 excitetur
644 2910 820 2975 nubeaftrmie
836 2912 907 2983 quod
921 2928 998 2968 sono
1036 2909 1185 2975 intersunt;
1207 2918 1254 2965 aut
1273 2927 1333 2980 quas
1354 2916 1468 2981 parcunt
1482 2909 1689 2975 iustrumentis3
1711 2919 1759 2967 aul
1770 2928 1828 2983 qua

206 3005 268 3041 runr
281 2996 337 3043 tarn
348 2999 479 3046 accurata
492 2991 658 3056 differentia,
666 2991 761 3063 quales
774 2992 828 3046 sint
841 3008 921 3047 voces
935 2992 998 3047 arti-
1035 2999 1149 3059 parcunt
1165 2990 1287 3044 materiae
1305 2990 1361 3044 sive
1383 2988 1555 3060 supellectili.
1596 2989 1655 3043 Eas
1669 2999 1762 3045 auteur
1777 3000 1828 3045 tres

207 3065 311 3133 eulatia,
326 3084 376 3139 per
390 3072 482 3125 adrem
502 3071 681 3142 undequaque
694 3070 836 3136 vehantur,
851 3078 932 3142 atque
948 3088 998 3141 per
1035 3069 1257 3139 instandumque
1270 3069 1324 3124 huc
1338 3069 1665 3140 pertinentnnouomine
1680 3072 1827 3125 instantias

207 3146 340 3200 foramina
353 3155 381 3202 et
394 3165 475 3218 poros
489 3151 571 3205 etiam
591 3148 660 3221 ligni
674 3157 702 3205 et
720 3167 798 3222 aquae
812 3149 997 3219 (licetadmo.
1031 3150 1170 3220 propitias
1189 3149 1247 3203 sive
1271 3149 1408 3203 benevolas
1429 3164 1564 3203 vocamus.
1606 3149 1705 3221 ltaque
1730 3150 1764 3204 de
1785 3150 1828 3204 his

206 3224 270 3279 dum
284 3231 450 3296 extenuata)
465 3235 612 3300 penetrent,
631 3228 698 3301 quin
713 3230 797 3285 etiarn
814 3230 997 3301 repercutiam·
1035 3236 1139 3298 septem
1148 3228 1283 3282 instantiis
1294 3228 1353 3297 jam
1363 3226 1505 3299 sigillatim
1515 3227 1653 3283 dicemus.
1675 3237 1760 3300 atque
1770 3246 1827 3283 earn

206 3312 259 3371 tur,
280 3305 361 3378 idque
382 3314 438 3364 tam
460 3309 584 3364 distincte
598 3315 627 3364 et
645 3308 792 3374 velociter3
814 3309 885 3381 quod
905 3308 998 3364 laxet
1034 3307 1069 3362 iis
1089 3315 1193 3377 partem
1213 3306 1290 3362 illam
1310 3307 1344 3360 de
1365 3307 1550 3378 prerogativis
1570 3307 1629 3362 sire
1650 3308 1827 3381 dignitanbus

206 3382 287 3449 color,
302 3386 384 3441 etiam
398 3394 473 3443 tauto
486 3388 589 3443 ambitu
602 3395 630 3442 et
643 3393 699 3443 tam
712 3389 864 3458 perniciter,
879 3406 928 3459 per
940 3405 997 3444 cor·
1034 3387 1223 3442 monatianum
1234 3385 1401 3442 claudemus.

206 3480 273 3534 pora
283 3465 371 3520 solida
379 3466 449 3533 vitri,
460 3484 545 3539 aqna,
560 3474 660 3522 etcum
670 3475 746 3521 tauta
757 3474 848 3522 ettam
859 3469 997 3540 exquisita

206 3544 337 3599 varietate
349 3546 498 3617 imaginum
512 3554 660 3617 permeent,
674 3547 759 3601 etism
772 3547 955 3618 refringantur
969 3554 997 3602 et

205 3623 391 3689 reflectantur,
413 3626 484 3696 quod
505 3641 618 3697 magnes
640 3642 689 3695 per
709 3642 823 3695 corpora
842 3627 995 3697 omnigena,
1075 3624 1150 3678 luter
1172 3625 1372 3696 praerogativas
1399 3624 1591 3680 instantiarum
1614 3639 1751 3694 ponemus
1771 3624 1828 3680 loco

206 3703 289 3757 etiam
300 3705 418 3759 maxime
432 3714 580 3775 compacta,
591 3713 730 3774 operetur:
752 3705 799 3759 sed
808 3701 895 3778 (quod
908 3707 997 3777 magIs
1035 3702 1164 3757 dcesimo
1184 3705 1273 3775 primo
1290 3706 1438 3759 Ματθία
1460 3705 1556 3775 virge.
1571 3704 1629 3758 tite
1641 3706 1742 3764 rasti,-
1763 3721 1826 3778 quat

205 3782 304 3837 mirum
315 3779 371 3857 est)
383 3784 454 3854 quod
466 3785 495 3838 in
506 3783 550 3838 his
560 3784 692 3848 omuibus,
701 3785 730 3839 in
744 3785 834 3838 medio
847 3785 996 3855 adiaphoro
1034 3782 1116 3836 etiam
1130 3784 1278 3838 instantias
1293 3784 1462 3855 portationis,
1477 3781 1632 3838 veldense
1646 3785 1722 3838 sttra
1733 3784 1826 3856 appel·

206 3858 304 3936 (quale
318 3872 359 3918 est
378 3860 441 3936 aer)
455 3862 535 3918 unius
555 3863 628 3919 actio
651 3862 733 3918 aliam
753 3880 809 3918 non
829 3880 995 3935 magnopere
1033 3860 1090 3916 lare
1108 3863 1307 3918 consuevimus.
1346 3863 1466 3917 Virtutes
1488 3863 1563 3917 euim
1585 3879 1677 3917 rerum
1695 3872 1725 3918 et
1741 3873 1827 3919 motos

205 3939 352 4011 impediat;
373 3959 479 4013 nempe,
494 3942 565 4015 quod
585 3942 679 3997 eodem
694 3949 814 4012 tempora
834 3959 884 4014 per
905 3944 996 4014 spatia
1033 3948 1187 4011 operantur,
1201 3949 1229 3997 et
1241 3942 1421 4013 expediuntur
1440 3958 1489 4012 per
1501 3941 1598 4011 spatia,
1616 3958 1672 3996 nou
1686 3942 1827 3998 indefinita

206 4019 277 4073 airis
288 4019 457 4076 devehantur
464 4029 492 4075 et
499 4020 648 4077 visibilium
657 4029 696 4076 tot
708 4022 862 4092 imaginem
881 4029 908 4077 et
921 4024 996 4078 vocis
1033 4028 1081 4074 arrt
1095 4020 1213 4085 fortuita,
1228 4021 1276 4076 sed
1293 4021 1370 4076 fruita
1383 4029 1411 4075 et
1430 4029 1517 4085 certar
1538 4038 1599 4092 ana
1612 4027 1644 4075 ut
1662 4021 1693 4075 in
1711 4022 1826 4093 siugulis

205 4097 353 4154 srucmrtae
365 4108 405 4153 tot
417 4101 622 4171 percussiones;
644 4108 671 4156 et
682 4107 722 4156 tot
732 4102 827 4156 odores
838 4103 994 4171 specificati,
1032 4101 1136 4154 naturis
1157 4101 1294 4171 inquisitis
1313 4107 1455 4155 teneantur
1473 4108 1501 4154 et
1523 4107 1657 4165 notentur,
1679 4100 1825 4170 plurimum

205 4181 235 4231 ut
257 4177 343 4243 violas,
368 4194 451 4244 rosa,
473 4179 556 4234 etiam
575 4179 650 4234 calor
668 4186 695 4234 et
713 4180 817 4252 fn'gua3
838 4185 866 4234 et
884 4182 995 4237 virtutes
1032 4178 1145 4234 interest
1164 4181 1306 4250 praetium
1327 4195 1382 4234 nou
1399 4178 1487 4233 solum
1500 4178 1535 4233 ad
1552 4178 1613 4244 hoc,
1628 4186 1726 4235 utnon
1742 4181 1825 4244 fallat,

204 4256 379 4326 magneticae3
401 4259 493 4312 omnia
503 4259 639 4331 (inquam)
650 4258 738 4323 simul,
749 4276 803 4313 uno
817 4259 995 4315 alterumuon
1033 4258 1174 4314 sedetiam
1188 4267 1217 4314 nt
1230 4259 1317 4330 magis
1331 4260 1460 4313 sitsucta
1472 4265 1500 4313 et
1512 4266 1617 4328 potens.
1658 4258 1772 4315 Etenim
1785 4262 1825 4314 in-

205 4335 383 4405 impediente,
405 4354 436 4390 ac
454 4337 479 4391 si
497 4338 606 4409 singula
626 4338 760 4393 haberent
771 4337 830 4393 vias
844 4346 872 4393 et
889 4348 994 4395 meatus
1033 4338 1138 4393 tardum
1159 4340 1237 4393 datur
1256 4339 1369 4393 virtutes
1386 4338 1543 4408 producere,
1564 4345 1592 4392 et
1609 4338 1755 4395 distantias
1773 4347 1826 4395 tau·

205 4430 268 4468 suos
281 4415 406 4485 proprios
420 4426 564 4487 separatos,
574 4434 662 4491 neque
672 4434 757 4473 uuum
770 4419 800 4473 in
812 4417 927 4474 alterum
940 4419 993 4474 lm-
1033 4434 1115 4487 quarn
1129 4418 1267 4473 retrahere
1280 4418 1310 4472 in
1324 4417 1450 4487 propium
1471 4425 1501 4471 ut
1515 4418 1544 4470 in
1558 4417 1732 4487 perspicillia

204 4492 329 4564 pingeret
343 4501 390 4549 aut
402 4496 559 4552 incurreret.
1073 4497 1162 4568 Atque
1176 4497 1301 4568 plurimrs
1314 4497 1425 4551 virtutes
1439 4503 1585 4566 operantur
1594 4504 1622 4550 et
1635 4497 1760 4551 efficiunt
1773 4505 1826 4552 tau-

1395 3530 1462 3571 XLV·

244 4572 368 4629 Solemus
382 4581 472 4629 tamen
488 4576 589 4631 utiliter
601 4576 757 4645 hujusmodi
771 4578 914 4632 instantiis
930 4595 994 4648 per·
1032 4583 1091 4631 tum
1104 4593 1153 4647 per
1173 4585 1275 4631 tactum
1297 4575 1483 4641 manifestum
1503 4582 1535 4630 ut
1552 4576 1583 4629 fit
1601 4575 1631 4629 iu
1654 4578 1824 4646 percussione

204 4654 357 4708 secantibus
377 4654 538 4727 subjungere
552 4656 703 4722 instantias,
718 4673 784 4727 quas
798 4665 880 4710 metas
897 4671 990 4727 perse·
1032 4672 1182 4726 corporum,
1197 4656 1244 4710 ubi
1264 4654 1378 4710 alterum
1397 4669 1452 4709 non
1472 4662 1623 4709 summovet
1636 4654 1762 4722 alterum,
1776 4655 1825 4710 nisi

205 4734 320 4788 sationis
334 4732 472 4803 appellare
490 4736 694 4791 consuevimus:
716 4735 808 4802 veluti,
823 4735 894 4807 quod
907 4735 936 4789 in
950 4736 993 4801 iis,
1033 4734 1177 4806 impellens
1189 4734 1336 4805 impulsum
1350 4742 1452 4806 tangat.
1493 4734 1585 4788 Etiam
1598 4734 1752 4798 medicina,
1768 4751 1824 4807 qua

205 4829 266 4883 qua
279 4812 405 4877 diximus,
415 4830 469 4868 nna
483 4814 553 4868 sotio
566 4815 595 4868 iu
608 4815 715 4871 diverso
729 4832 828 4886 genere
843 4813 925 4869 aliam
939 4831 995 4869 non
1032 4815 1151 4870 exterius
1172 4813 1353 4885 applicantur,
1373 4820 1404 4867 ut
1424 4820 1571 4884 unguenta,
1593 4813 1752 4883 emplastra,
1775 4830 1824 4868 non

203 4893 341 4962 perturbet
350 4900 397 4947 aut
408 4893 555 4963 impediat;
576 4911 637 4948 eum
648 4905 738 4949 tamen
748 4895 779 4950 in
787 4893 882 4949 eodem
894 4910 994 4964 genere
1032 4901 1161 4947 exercent
1170 4894 1242 4948 vires
1255 4909 1326 4957 suas,
1336 4892 1391 4947 nisi
1399 4908 1449 4962 per
1459 4899 1560 4946 tactum
1570 4893 1702 4962 eorporia
1745 4893 1823 4948 Deni-

203 4987 259 5025 una
268 4971 351 5026 adam
358 4971 449 5027 domet
458 4979 485 5027 et
492 4972 651 5043 extinguat:
666 4972 755 5038 veluti,
765 4973 814 5028 lux
824 4973 896 5037 solis,
904 4973 994 5028 lucem
1033 4990 1085 5042 que
1100 4973 1207 5042 objecta
1224 4989 1360 5038 sensuum,
1373 4977 1462 5027 taetus
1479 4978 1509 5026 et
1525 4978 1629 5043 gustus,
1643 4988 1700 5028 nou
1718 4973 1822 5033 tentat.

204 5050 358 5117 cicindelis,
380 5053 484 5108 sonitus
504 5050 666 5118 bombardae,
680 5070 792 5117 vocem;
813 5053 907 5107 fortior
920 5053 994 5117 odor,
1031 5052 1084 5105 nisi
1095 5053 1223 5123 contigua
1234 5052 1354 5122 organis.

204 5129 405 5198 delicatiorem,
426 5131 557 5187 intensior
574 5130 655 5197 calor,
669 5133 870 5197 remissiorem
890 5132 995 5187 lamina
1072 5131 1141 5186 Sunt
1149 5139 1177 5186 et
1183 5131 1246 5187 aliar
1253 5130 1374 5196 virtutes,
1385 5147 1445 5201 qua
1455 5136 1603 5200 operantur
1613 5129 1649 5184 ad
1662 5129 1821 5191 dismntiam,

204 5209 270 5264 ferri
290 5211 448 5281 interposita
469 5213 539 5267 inter
559 5219 714 5281 magnetem
734 5219 763 5266 et
783 5211 858 5266 aliud
884 5211 993 5278 ferrum,
1032 5228 1124 5266 verum
1143 5210 1220 5264 valde
1235 5211 1371 5280 exiguam,
1386 5225 1499 5281 quarum
1518 5225 1612 5280 pauore
1625 5208 1716 5264 adhue
1728 5219 1823 5264 naute

205 5291 389 5359 operationem
403 5291 547 5363 magnetis.
588 5289 734 5345 Verumde
747 5290 909 5362 hisquoque
923 5292 996 5347 inter
1032 5297 1171 5355 sunt,cum
1184 5297 1274 5344 maren
1285 5288 1378 5359 plures
1387 5290 1442 5344 sint
1452 5305 1535 5359 quam
1549 5288 1675 5343 homines
1685 5290 1821 5360 suspieen-

204 5369 368 5424 adminicula
383 5371 548 5426 inductionis
561 5369 611 5426 erit
623 5370 749 5441 proprius
762 5369 870 5425 dicendi
880 5370 964 5428 locus.
1032 5376 1090 5424 tur:
1110 5377 1140 5424 ut
1153 5368 1299 5439 (capiendo
1317 5367 1443 5439 exempla
1456 5384 1492 5422 cx
1508 5367 1643 5438 vulgatis)
1657 5385 1719 5423 cam
1739 5367 1820 5423 sucei-

1031 5464 1097 5505 uum
1109 5456 1155 5505 aut
1173 5455 1286 5522 gagates
1300 5447 1412 5503 trabunt
1429 5447 1539 5518 paleas,
1559 5445 1643 5503 bulla
1656 5448 1822 5519 approxima·
