3800 5875
235 306 293 362 426
755 302 806 358 DE
828 298 1054 356 AUGMENTIS
1075 296 1350 356 somnulenta.
1691 297 1756 353 Ltn.
1772 299 1844 355 lllll.

235 464 398 518 consultatio
429 464 459 517 in
490 462 607 534 collegio
639 460 732 533 aliquo
762 459 884 529 judicum
917 459 1029 526 majore.
1066 458 1192 512 ridentur
1205 457 1337 513 rediisse:
1352 464 1379 512 et
1393 456 1603 528 unadiligenter
1616 455 1846 527 intueamurquam

235 543 346 599 iudicia
364 544 436 597 enirn
456 542 561 611 reddita
580 542 603 596 si
625 540 692 593 torte
713 538 830 594 rescindi
851 553 963 592 necesse
985 537 1029 602 sit,
1066 536 1216 604 sariisjam
1230 553 1279 591 noa
1290 537 1431 591 inviserint
1443 537 1583 591 instructae
1594 535 1729 606 presidiis
1740 544 1768 590 et
1779 538 1846 591 auxi·

237 624 334 677 saltem
349 622 515 692 sepeliuntor
528 639 589 675 cum
604 619 717 674 honore.
1066 614 1131 671 liis:
1153 615 1245 685 qualia
1264 623 1334 680 sunt,
1347 616 1518 686 ingeniorum
1535 615 1621 669 nostri
1641 615 1768 684 temporis
1782 632 1845 669 com

1067 692 1186 763 plurium
1207 711 1322 749 acumen
1343 703 1370 749 et
1387 694 1555 759 sublimium
1576 694 1679 748 eximia
1697 692 1744 747 illa
1763 711 1846 747 monu-

1067 780 1160 827 menta
1185 773 1346 843 scriptorum
1373 782 1504 839 veterum,
1531 792 1593 844 quae
1615 771 1699 826 veluti
1722 780 1760 826 tot
1781 773 1846 826 taces

277 857 316 911 Ut
329 858 412 912 curiae
425 857 458 911 de
475 854 663 925 jurisdictione
682 851 863 924 digladientur
879 859 908 906 et
921 850 1029 905 conflic·
1066 852 1145 905 nobis
1169 851 1331 921 prmlucent3
1359 869 1404 907 ars
1427 852 1634 924 typographica,
1658 851 1742 905 libros
1768 853 1846 918 cujus·

239 943 335 1000 tentur,
349 936 497 991 humanum
516 934 643 1006 quiddam
664 942 721 995 est;
743 947 828 1002 eoque
847 930 942 1000 magis,
957 930 1029 1000 quod
1066 947 1174 1001 cunque
1188 931 1303 985 fortunae
1316 930 1471 985 hominibus
1481 932 1559 1003 larga
1569 947 1652 985 manu
1665 930 1844 1000 suppeditans,

237 1033 287 1086 per
314 1016 432 1086 ineptam
459 1015 594 1086 quandam
619 1012 783 1067 sententiam
810 1009 895 1081 (quod
918 1009 1030 1063 boniet
1067 1009 1162 1062 oceani
1175 1009 1250 1064 sinus
1264 1009 1358 1075 laxati,
1372 1019 1399 1065 et
1412 1011 1487 1065 orbis
1500 1028 1536 1066 ex
1550 1010 1624 1064 omni
1638 1018 1715 1079 parte
1732 1025 1846 1078 paragra·

238 1095 342 1149 strenui
364 1095 399 1149 sit
417 1094 525 1161 judicis,
548 1091 679 1163 ampliare
700 1090 915 1159 Jurisdictionem
932 1087 1028 1157 cuum)
1067 1095 1120 1150 tus,
1138 1088 1210 1143 uude
1232 1090 1419 1160 experimenta
1431 1089 1548 1159 plurima
1562 1089 1660 1160 priscis
1673 1090 1766 1159 ignota
1782 1105 1846 1141 com

238 1174 327 1229 alatur
340 1173 420 1243 plane
433 1173 488 1227 ista
500 1172 683 1241 intemperies,
699 1178 725 1224 et
738 1168 828 1223 calcar
840 1168 962 1231 addatur,
982 1168 1028 1221 ubi
1067 1173 1222 1235 paruerunt,
1237 1178 1266 1222 et
1283 1169 1381 1240 ingens
1401 1169 1516 1223 accessit
1535 1167 1652 1222 naturali
1672 1166 1789 1221 historiae
1805 1184 1846 1220 eu-

238 1252 324 1308 t'raeno
342 1269 410 1322 opus
427 1259 476 1307 est.
518 1251 555 1305 Ut
577 1266 650 1312 vero,
667 1266 703 1304 ex
722 1249 774 1303 hac
794 1248 945 1302 animorum
967 1262 1029 1299 con·
1067 1246 1175 1311 mulum
1203 1247 1295 1312 otium,
1318 1265 1373 1318 quo
1398 1248 1510 1318 ingenia
1535 1247 1638 1319 optima
1664 1246 1694 1299 in
1716 1246 1801 1317 regnis
1822 1254 1847 1299 et

238 1333 364 1395 tentione,
379 1331 468 1396 aurien
490 1330 593 1399 judicia
611 1330 752 1400 utrobique
771 1327 876 1382 reddita
895 1330 971 1397 (quae
989 1325 1029 1380 nil
1067 1325 1213 1393 provinciis
1234 1326 1351 1397 Europa·
1374 1327 1474 1398 ubique
1494 1327 1639 1389 abamdant,
1657 1342 1717 1380 cum
1739 1326 1847 1395 negotiis

237 1412 273 1465 ad
302 1410 516 1486 Jurisdictionam
543 1409 692 1479 pertinent)
725 1407 841 1461 libenter
867 1404 1028 1469 rescindant,
1067 1403 1156 1457 minus
1177 1403 1223 1458 his
1241 1404 1271 1457 in
1286 1405 1353 1458 locis
1373 1404 1544 1477 implicentur
1563 1406 1698 1467 homines,
1712 1421 1788 1474 quam
1803 1415 1846 1458 aut

237 1489 406 1544 intolerabile
428 1489 537 1554 malum,
560 1495 587 1543 et
608 1505 625 1541 a
643 1487 762 1560 regibus,
781 1493 829 1540 aut
853 1492 957 1547 senatu,
982 1491 1029 1537 aut
1068 1482 1165 1545 Graeci,
1175 1492 1284 1553 propter
1295 1484 1439 1554 populares
1449 1492 1542 1550 status,
1551 1491 1597 1538 aut
1606 1493 1717 1555 propter
1726 1483 1846 1537 ditionum

237 1569 342 1640 politia,
357 1569 437 1638 plane
452 1568 650 1622 vindicandum.
691 1565 805 1620 Pessimi
821 1565 894 1619 enim
909 1562 1028 1632 exempli
1067 1561 1272 1632 amplitudinem
1297 1564 1414 1617 Romani
1438 1562 1575 1628 solebantr
1595 1580 1660 1633 pax,
1685 1579 1739 1632 qua
1759 1562 1847 1616 fruitur
1871 1588 1872 1599 ι

238 1666 283 1705 res
296 1656 344 1711 est,
355 1658 386 1704 ut
399 1648 489 1712 curioe,
504 1665 565 1719 qum
578 1663 673 1719 pacem
683 1645 797 1700 subditis
808 1650 944 1715 praestant,
959 1642 1030 1697 inter
1066 1640 1119 1694 hoc
1132 1648 1253 1711 tempore
1267 1642 1415 1708 Britannia,
1431 1643 1574 1715 Hispania,
1590 1642 1682 1705 Italia,
1693 1642 1771 1695 etiam
1782 1657 1845 1694 num

237 1746 267 1783 se
279 1728 369 1783 duella
382 1736 535 1783 exerceant.
1068 1719 1167 1784 Gallia,
1181 1727 1209 1774 et
1222 1719 1284 1774 uliae
1298 1722 1424 1793 regiones
1439 1739 1493 1777 non
1512 1740 1625 1794 pauca-er
1647 1720 1809 1789 consumptio
1823 1729 1846 1773 et

1067 1799 1217 1853 exinanitio
1230 1801 1358 1863 omnium,
1368 1819 1429 1873 quae
1439 1803 1565 1856 ridentur
1577 1801 1728 1872 excogitari
1740 1806 1785 1853 aut
1795 1799 1844 1852 diei

1068 1894 1147 1946 posse
1161 1879 1232 1933 circa
1245 1881 1441 1936 controversias
1454 1881 1604 1953 religionis,
1619 1898 1681 1952 qum
1694 1888 1734 1933 tot
1747 1879 1846 1948 ingenia

276 1959 341 2013 Non
355 1959 444 2012 facilis
460 1964 520 2011 esto
540 1964 587 2010 aut
605 1956 733 2027 proclivis
752 1956 787 2009 ad
807 1954 911 2023 iudicia
926 1955 1029 2009 resciu-
1064 1956 1192 2024 jamdiu
1216 1956 1381 2013 diverterunt
1405 1969 1597 2014 acaeterarum
1621 1959 1722 2013 artium
1744 1957 1844 2019 studiis3

238 2039 326 2093 denda
339 2038 426 2092 aditus
440 2053 489 2107 per
506 2034 710 2106 appellationes,
728 2045 775 2088 aut
792 2035 976 2105 impetitiones
996 2034 1029 2088 de
1067 2053 1173 2090 summa
1198 2044 1226 2091 et
1250 2037 1387 2092 excellens
1413 2039 1562 2107 majestatie
1587 2046 1640 2093 tum
1669 2037 1789 2100 eruditio,
1810 2038 1845 2089 cui

239 2135 337 2181 errore,
365 2125 412 2171 aut
437 2115 550 2179 revisus,
578 2123 606 2168 et
629 2114 739 2169 similia.
780 2115 931 2184 Receptum
958 2115 1029 2183 apud
1068 2115 1208 2187 (tanquam
1230 2116 1355 2172 Phoenici
1368 2117 1506 2186 volucres)
1528 2125 1681 2189 aggregent
1699 2116 1846 2187 serendique

238 2196 382 2251 nonnullos
395 2204 445 2259 est,
456 2202 485 2249 ut
498 2193 533 2248 lis
547 2194 671 2248 trahatur
684 2194 718 2247 ad
729 2194 817 2247 iorum
828 2194 958 2263 superius,
972 2202 1030 2247 tan·
1067 2195 1196 2264 ingenia;
1217 2196 1370 2266 proprietas
1391 2198 1506 2269 denique
1519 2197 1568 2252 illa
1585 2195 1846 2266 inseparabilisque

239 2293 320 2346 quam
342 2292 385 2329 rea
405 2275 530 2344 iutegra3
559 2273 664 2341 judicio
684 2272 747 2326 inde
769 2273 832 2326 dato
854 2273 982 2343 seposito,
1003 2281 1030 2327 et
1068 2281 1175 2345 tempus
1188 2275 1277 2345 ipsum
1291 2275 1846 2347 sequitur,ntveritatemindiespartnriat;
1873 2256 1874 2313 l

238 2353 321 2425 plane
348 2370 489 2424 suspenso.
539 2352 621 2422 Apud
648 2353 717 2407 alios
744 2369 815 2415 aero,
844 2360 874 2406 ut
896 2351 1029 2420 judicium
1068 2352 1127 2407 hmo
1143 2354 1280 2425 (inquam)
1295 2372 1357 2409 cum
1371 2357 1531 2427 cogitamus,
1545 2354 1847 2426 nonpossnmasnouia

239 2434 329 2504 ipsum
342 2440 450 2487 maneat
463 2434 491 2486 in
511 2448 560 2486 suo
573 2433 674 2503 vigore,
688 2431 737 2486 sed
756 2433 882 2487 executio
901 2432 960 2500 ejus
974 2439 1031 2485 tan-
1068 2448 1129 2486 eam
1141 2449 1219 2502 spem
1232 2434 1353 2489 animum
1367 2436 1480 2505 erigere,
1494 2443 1525 2490 ut
1544 2435 1742 2497 existimemus,
1755 2433 1847 2487 tertiam

240 2521 296 2568 tum
311 2522 405 2568 cesset.
445 2513 580 2566 Neutrum
595 2511 693 2581 placet,
707 2512 760 2566 nisi
779 2513 868 2576 cunm,
882 2511 911 2566 in
932 2511 1030 2582 quibus
1068 2511 1139 2565 hanc
1158 2511 1297 2567 literarum
1318 2514 1460 2583 periodum
1481 2514 1549 2568 duas
1569 2514 1633 2568 illas
1654 2514 1769 2583 priores,
1788 2512 1848 2582 apud

237 2592 370 2661 judicium
383 2592 516 2647 redditum
533 2593 576 2656 sit,
592 2591 692 2645 fuerint
710 2589 837 2653 humiles,
852 2590 1030 2646 etinferioris
1070 2590 1179 2646 Graecos
1193 2598 1219 2645 et
1233 2592 1379 2657 Romanos,
1393 2592 1476 2664 longo
1496 2592 1640 2648 intervallo
1658 2600 1847 2663 superaturam
1874 2588 1875 2629 3

240 2671 358 2726 ordinis:
379 2672 426 2725 sed
440 2673 536 2742 potius,
551 2680 581 2725 ιιι
600 2677 627 2724 et
642 2670 774 2738 judicium
788 2678 848 2734 stet,
863 2679 890 2725 et
903 2670 1031 2740 procedat
1068 2669 1149 2724 ιιιοᾶο
1161 2670 1258 2724 saltem
1270 2670 1404 2735 homines,
1419 2682 1447 2725 et
1464 2673 1536 2727 vires
1555 2689 1619 2726 suas
1637 2681 1722 2743 atque
1742 2671 1848 2726 deiectus

240 2752 298 2819 ejus
315 2752 456 2816 executio;
476 2750 557 2805 modo
575 2750 666 2804 cautio
684 2750 762 2806 detur
781 2766 798 2803 a
814 2749 976 2805 defendente
997 2750 1030 2804 de
1069 2749 1151 2803 etiam
1159 2750 1258 2804 sirium
1268 2767 1377 2805 suarum
1387 2751 1472 2821 probe
1482 2760 1509 2805 et
1517 2753 1664 2822 prudenter
1674 2768 1756 2807 nosse
1763 2749 1848 2809 velint:

240 2831 347 2885 damnis
362 2840 389 2885 et
402 2830 538 2901 expensis,
552 2831 576 2885 si
587 2829 720 2899 judicium
733 2828 813 2884 tuerit
826 2830 980 2884 rescissum.
1068 2834 1151 2899 atque
1164 2828 1213 2883 alii
1226 2829 1262 2882 ab
1275 2829 1336 2884 aliis
1355 2830 1518 2885 inventionis
1534 2829 1670 2901 lampada,
1685 2848 1742 2885 uon
1762 2837 1849 2884 eontra·

1069 2908 1193 2963 dictionis
1213 2915 1297 2965 torres
1319 2910 1463 2982 accipiant,
1478 2920 1559 2984 atque
1580 2910 1784 2983 inquisitionem
1795 2909 1849 2963 reii-

280 2990 369 3063 Atque
382 2989 428 3044 hie
442 2989 534 3045 titulus
548 2990 581 3045 de
601 2989 761 3044 certitudine
779 2989 878 3061 legum,
893 2989 928 3043 ad
941 3006 1031 3044 exem·
1070 2989 1132 3042 tatis
1153 3005 1203 3059 pro
1222 2989 1331 3060 incepto
1349 2991 1442 3056 nobili,
1457 3008 1512 3046 non
1532 3009 1583 3063 pro
1602 2990 1800 3045 delectamento
1813 2995 1849 3042 aut

240 3069 316 3142 plum
343 3070 441 3141 digesti
469 3069 566 3142 reliqui
593 3069 678 3140 (quod
705 3068 879 3139 meditemur)
906 3069 1030 3123 sutlieiet
1070 3074 1227 3123 ornamento
1251 3078 1361 3140 putent:
1382 3079 1464 3142 atque
1489 3087 1555 3141 opes
1578 3087 1610 3124 ac
1632 3069 1850 3140 magnificentiam

240 3149 305 3204 lam
326 3167 391 3205 vero
408 3149 558 3203 doctrinam
576 3149 684 3203 civilem
705 3153 852 3220 (quatenus
872 3165 933 3203 eam
952 3148 1031 3204 nobis
1069 3147 1229 3218 impendant
1242 3149 1270 3202 in
1284 3166 1329 3204 res
1349 3150 1450 3205 solidas
1463 3158 1491 3205 et
1506 3150 1631 3213 eximias,
1645 3166 1703 3203 non
1717 3149 1747 3202 in
1761 3146 1851 3219 parrul-

240 3237 357 3284 tractare
371 3229 459 3284 risum
473 3228 526 3298 est)
541 3227 736 3293 conclusimus3
760 3236 841 3298 atque
855 3245 910 3283 una
923 3245 985 3282 cum
999 3245 1032 3282 ea
1070 3236 1148 3298 getas
1168 3234 1195 3281 et
1215 3228 1317 3283 obvias.
1358 3229 1401 3283 ad
1421 3229 1528 3284 labores
1542 3246 1617 3284 meos
1631 3228 1705 3300 quod
1726 3225 1850 3290 attinenti

239 3308 442 3379 philosophiam
460 3307 625 3362 humanam:
646 3308 717 3362 sicut
730 3308 813 3362 etiam
833 3324 895 3362 eum
913 3307 1033 3377 philoso-
1070 3306 1113 3360 cui
1128 3306 1213 3360 libeat
1223 3307 1251 3361 in
1266 3324 1359 3363 eorum
1373 3309 1591 3380 reprehensione,
1606 3318 1654 3364 aut
1667 3308 1732 3373 sibi,
1745 3315 1791 3362 aut
1801 3305 1850 3359 allis

240 3389 308 3458 phis
327 3387 448 3442 humana
470 3386 674 3457 philosophiam
701 3387 731 3441 in
757 3404 867 3459 genere.
910 3388 1032 3441 Tandem
1069 3384 1695 3459 placere,reteremcerteetultimaepatientiae
1705 3387 1849 3458 petitionem

238 3468 323 3538 igitar
336 3466 476 3537 paululum
490 3467 662 3538 respirantes,
677 3472 759 3538 atque
780 3467 815 3520 ad
830 3483 871 3531 aa,
888 3484 949 3538 qum
966 3483 1033 3536 prae·
1070 3465 1240 3520 exhibebunt
1253 3466 1311 3521 illie
1332 3473 1350 3500 ⁴‘
1363 3468 1490 3531 Verbera,
1505 3468 1553 3523 sed
1573 3468 1664 3522 audi.”
1709 3465 1851 3537 Reprehen-

239 3548 351 3602 terrecti
363 3546 1032 3611 sumus,oculosrenofleeteuteehunctractatum
1070 3544 1136 3598 dant
1153 3545 1287 3611 homines,
1302 3555 1430 3617 quantum
1452 3548 1568 3612 libuerit,
1582 3547 1664 3602 modo
1678 3546 1814 3602 attendant
1829 3549 1851 3595 et

239 3636 359 3682 noatmm
373 3644 428 3682 uon
442 3624 595 3680 absimilem
608 3642 668 3681 esse
687 3642 830 3681 censemus
847 3626 922 3680 sonis
935 3625 991 3680 illis
1005 3632 1033 3678 et
1071 3625 1247 3695 perpendant,
1257 3642 1317 3695 quae
1330 3627 1465 3682 dicuntur.
1488 3626 1646 3698 Appellatio
1660 3643 1730 3681 sane
1743 3625 1851 3697 legitima

239 3706 387 3778 praeludiis,
412 3722 473 3777 qum
499 3712 663 3775 praetentent
685 3706 789 3771 musici,
812 3706 876 3760 dum
904 3705 972 3759 fides
999 3705 1033 3758 ad
1071 3704 1153 3757 trient
1173 3702 1252 3773 (licet
1269 3721 1313 3759 res
1334 3705 1448 3760 tortasse
1469 3706 1559 3763 minus
1580 3723 1614 3760 ea
1635 3705 1784 3777 indigebit)
1801 3704 1852 3757 sit

241 3786 451 3840 modulationem
465 3785 642 3839 concinnant:
663 3802 724 3856 quaa
733 3786 796 3856 ipsa
806 3785 914 3857 quidem
923 3785 1034 3840 auribus
1071 3783 1167 3852 primis
1175 3784 1383 3855 cogitationibus
1396 3785 1536 3840 hominum
1545 3785 1579 3839 ad
1593 3785 1728 3840 secundas
1741 3799 1852 3855 proroee

240 3866 378 3936 ingratum
389 3864 516 3935 quiddam
526 3872 553 3918 et
563 3880 689 3934 asperum
700 3865 848 3930 exhibent3
870 3873 898 3919 at
911 3865 940 3918 in
951 3881 1034 3919 causa
1072 3870 1122 3927 tur,
1144 3872 1171 3917 et
1195 3862 1230 3916 ab
1253 3880 1310 3917 aevo
1333 3864 1461 3934 proesenti
1483 3864 1518 3919 ad
1546 3872 1677 3935 posteros.
1718 3864 1853 3918 Veniamus

241 3953 312 4010 sunt,
335 3952 366 3999 ut
386 3961 447 4014 quaa
467 3953 615 4013 sequuntur
636 3945 728 3997 omnia
750 3945 806 3999 sint
828 3945 968 3999 suaviora:
993 3944 1033 3997 sic
1071 3957 1142 3997 nunc
1169 3942 1204 3996 ad
1231 3959 1292 3997 eam
1316 3944 1464 4009 scientiam,
1486 3961 1540 4015 qua
1560 3950 1707 3999 caruerunt
1728 3939 1852 3997 dumille

241 4024 369 4079 nimirum
382 4039 432 4077 nos
450 4024 480 4077 in
499 4023 619 4077 animum
638 4024 800 4088 induximus,
824 4033 855 4080 ut
877 4024 906 4078 in
928 4022 1035 4078 cithera
1072 4022 1168 4091 priscae
1190 4029 1342 4092 temporum
1364 4023 1469 4094 periodi
1494 4024 1691 4095 (nequeenim
1715 4031 1789 4076 tanta
1806 4018 1852 4073 illis

242 4120 380 4158 musarum
412 4101 587 4167 concinanda,
618 4110 646 4156 et
679 4104 714 4157 ad
742 4103 914 4158 harmoniam
941 4119 1035 4156 veram
1073 4100 1188 4155 felicitas
1204 4118 1334 4156 concessa
1354 4105 1407 4169 est)
1429 4119 1533 4157 sacram
1552 4103 1613 4156 dico
1633 4111 1660 4157 et
1680 4102 1805 4157 divinitus
1820 4099 1853 4152 in·

242 4181 398 4253 redigenda,
412 4197 523 4251 operam
543 4198 712 4245 asseremus,
734 4198 788 4253 quo
809 4183 844 4236 ab
862 4182 924 4236 aliis
941 4189 1035 4251 postea
1072 4180 1203 4250 spiratarn
1223 4179 1399 4252 theologiam,
1414 4190 1571 4236 cunctorum
1592 4181 1719 4237 laborum
1740 4199 1771 4235 ac
1790 4195 1853 4251 pere-

242 4261 385 4331 pulsentur
398 4260 514 4324 ehordm,
527 4260 640 4315 meliore
654 4261 739 4332 digito
753 4271 800 4315 sut
813 4262 924 4332 plectro.
954 4261 1033 4325 Sane,
1073 4259 1254 4330 grinationum
1275 4259 1456 4317 humanarum
1477 4261 1618 4316 sabbatum
1638 4278 1671 4316 ac
1693 4270 1798 4333 portam
1815 4273 1854 4312 no

242 4357 304 4395 eum
314 4341 392 4394 nobis
403 4346 466 4394 ante
475 4340 567 4394 oculos
580 4357 762 4410 proponamus
771 4348 922 4411 temporum
936 4340 1033 4395 horum
1072 4339 1246 4395 bilissimum.

244 4427 352 4484 statum,
376 4419 406 4473 in
433 4419 531 4491 quibus
556 4419 645 4474 literae
668 4420 726 4489 jam
749 4419 829 4475 tertio
849 4421 884 4474 ad
907 4418 1036 4475 mortales

596 759 671 799 xcvi.

591 1851 680 1890 XCVll.
