3800 5875
45 248 104 306 Ins.
127 250 150 304 1.
559 244 611 300 DE
632 242 857 300 anennnnts
879 242 1154 300 SOIENTIARUM.
1607 255 1663 309 305

44 415 131 470 emto,
145 406 341 478 degeneraret:
363 410 379 438 ‘⁴
392 403 431 459 At
449 403 547 470 intns,'’
563 403 653 476 inquit
673 401 835 468 Alexander,
872 405 1099 472 computationem
1120 405 1204 470 anni3
1239 423 1300 478 quse
1323 406 1420 462 diserte
1444 415 1563 476 testatur,
1589 431 1665 484 reque

44 487 213 557 “Antipater
234 495 277 541 est
299 491 373 540 totus
395 484 575 555 purpureus.”
625 483 718 538 Etiam
741 489 769 536 et
788 481 836 536 illa
872 499 935 536 eum
948 482 1044 553 glorioe
1054 483 1108 538 sibi
1122 484 1242 550 duxisse,
1256 485 1373 558 siderum
1387 486 1417 541 in
1430 488 1506 542 oaelis
1519 489 1595 561 leges
1607 509 1667 563 per·

43 566 201 636 metaphora
220 564 354 637 insignis:
375 581 439 618 curn
458 562 604 618 Parmenio
624 562 660 616 ad
679 578 741 616 eum
758 577 835 615 accc·
872 577 960 626 nosae,
975 578 1007 615 ac
1021 562 1178 618 hominibus
1191 564 1221 618 in
1236 565 1315 619 terris
1329 565 1405 636 leges
1419 566 1536 623 dedisse.

43 647 122 708 duat,
135 645 164 699 in
179 645 285 715 campis
306 642 441 707 arbona,
463 642 544 714 eique
557 642 697 712 ingentem
715 639 836 695 hostium
911 640 957 694 Ex
976 640 1047 695 libro
1068 659 1183 712 quoque,
1197 644 1242 697 cui
1263 643 1372 699 titulum
1391 643 1574 716 praeposuit'“
1588 646 1666 702 Anti-

44 724 190 779 exercitum
208 729 381 788 monstraret,
401 722 448 792 qui
472 721 559 776 oculis
580 721 722 789 subjacens
745 727 834 786 noctu,
874 719 968 784 Cat0,”
981 720 1061 775 facile
1075 729 1187 787 constat,
1202 738 1265 776 eum
1277 729 1354 777 tanto
1366 724 1454 778 studio
1467 742 1612 781 accensum
1631 729 1667 782 ad

43 811 148 875 propter
167 804 306 857 infinitum
324 818 468 857 nnmerum
487 801 600 870 ignium,
616 799 700 854 veluti
721 798 836 854 alterum
873 799 1015 853 victoriam
1028 801 1141 870 ingenii,
1153 808 1255 872 quanto
1268 801 1334 856 belli
1348 809 1376 856 et
1388 819 1531 869 armorum,
1542 807 1665 861 obtinen-

45 886 238 937 firmamentum
248 881 388 936 stellatum
396 881 624 950 repraesentabat3
645 879 760 948 ideoque
770 895 835 932 con·
873 877 955 943 dam3
989 885 1126 934 certamen
1149 880 1247 934 calami
1271 889 1330 934 tum
1354 883 1546 953 suscipientem
1570 893 1666 940 contra

44 963 146 1027 soleret
156 971 189 1016 ut
202 968 337 1016 nocturno
349 960 447 1030 proelio
455 959 517 1013 illos
530 958 686 1012 invaderet:
708 963 724 989 ‘⁸
734 957 833 1022 Nolo‚”
872 957 1023 1011 maximum
1033 975 1067 1012 eo
1079 966 1200 1029 tempore
1212 960 1341 1031 pugilem,
1352 960 1511 1017 Ciceronem
1521 971 1664 1021 oratorem.

45 1044 127 1113 inquit
139 1041 308 1105 Alexander,
323 1039 477 1094 “suffurari
492 1038 660 1092 victoriam.’'
912 1036 1018 1091 Rursus
1031 1038 1060 1091 in
1073 1037 1143 1092 libro
1161 1044 1178 1070 ‘¹
1191 1038 1484 1111 Apophthegmatum,”
1500 1060 1561 1114 quaa
1582 1043 1665 1098 colle·

79 1122 111 1175 ln
124 1120 254 1191 politicis,
267 1119 376 1173 attende
387 1118 576 1189 gravissimam
589 1117 666 1171 illam
680 1125 707 1170 et
720 1115 836 1186 pruden·
872 1115 920 1186 git,
932 1116 1063 1181 videmus,
1077 1116 1297 1173 honorificentius
1310 1119 1363 1173 sibi
1377 1128 1493 1189 putasse,
1508 1123 1532 1176 si
1545 1123 1665 1193 seipsum

43 1201 173 1254 timinam
186 1199 389 1253 distinctionem
404 1200 500 1269 (quam
512 1196 600 1251 omnis
622 1195 767 1267 posteritas
780 1211 835 1248 am·
872 1201 1002 1266 tanquam
1016 1196 1045 1248 in
1064 1196 1178 1250 tabellas
1192 1203 1239 1251 aut
1252 1198 1389 1253 codicillos
1404 1208 1527 1266 mutaret,
1546 1203 1575 1256 in
1596 1219 1664 1273 quos

43 1279 119 1348 plexa
132 1281 189 1346 est)
206 1296 261 1350 qna
274 1278 342 1333 duos
361 1294 398 1331 ex
417 1277 562 1347 praecipuis
582 1277 640 1345 ejus
661 1274 763 1339 amicis,
780 1274 834 1328 He·
872 1274 1016 1344 prudentia
1026 1274 1141 1330 aliomm
1151 1276 1222 1330 diota
1235 1277 1381 1348 grarimue
1391 1280 1566 1346 referrentur3
1581 1299 1664 1352 quam

41 1360 219 1428 phaedonem
241 1365 270 1412 et
288 1356 438 1420 Craterum,
459 1356 592 1420 discrevit,
614 1371 698 1425 quum
718 1354 833 1419 diceret,
872 1353 897 1407 si
910 1354 984 1407 dicta
996 1370 1045 1408 sua
1057 1355 1175 1425 propria,
1186 1355 1260 1410 velut
1274 1357 1390 1421 oracula,
1405 1368 1579 1426 sacrarentur,
1593 1362 1665 1416 sicut

42 1438 193 1492 “Alterum
217 1436 405 1491 Alexandmm
427 1451 527 1500 amare,
546 1434 663 1489 altermn
683 1450 775 1487 amare
795 1449 836 1486 re·
872 1433 960 1503 inepti
981 1433 1119 1504 principes
1139 1434 1268 1499 nonnulli,
1288 1435 1441 1491 adulatione
1463 1440 1589 1510 corrupti,
1609 1440 1669 1506 sibi,

41 1519 142 1588 μηθ’
171 1515 422 1571 dissimilitudinem
446 1514 561 1569 maximi
584 1514 726 1585 ponderas,
752 1512 835 1565 etiam
873 1511 932 1566 fieri
942 1513 1068 1583 gestiunt.
1102 1511 1416 1570 Attamensirecensere
1427 1516 1525 1572 vellem
1535 1518 1664 1590 pleraque

42 1596 109 1651 iuter
120 1595 298 1650 fidelissimos
309 1611 405 1666 regum
419 1611 510 1648 servos
521 1594 692 1656 constituens,
705 1591 777 1662 quod
786 1591 835 1645 alii
873 1591 931 1659 ejus
945 1591 1019 1645 dicta
1033 1594 1077 1660 (ut
1086 1592 1139 1646 ieci
1147 1594 1177 1647 in
1187 1593 1357 1662 Alexandro)
1368 1601 1430 1649 sunt
1440 1613 1473 1650 ea
1482 1604 1554 1652 certe
1568 1598 1662 1668 hujus·

41 1677 126 1747 nagia
138 1675 313 1729 dominorum
325 1690 434 1728 suorum
447 1689 576 1743 personas
589 1688 653 1726 vero
665 1671 762 1725 affectu
776 1687 836 1740 pro-
873 1671 954 1735 modi,
969 1670 1061 1741 qualia
1075 1679 1151 1726 notat
1162 1672 1297 1739 Salomon,
1310 1674 1424 1728 “Verba
1434 1677 1586 1746 sapientum
1600 1684 1664 1732 suot

42 1765 196 1825 sequantur,
210 1754 260 1808 alii
274 1753 364 1824 potius
378 1761 537 1807 moueantur
550 1752 640 1807 officio
653 1768 720 1821 erga
733 1750 834 1820 princi·
872 1756 1001 1820 tanquam
1021 1751 1117 1815 aculei,
1131 1759 1158 1806 et
1176 1759 1304 1823 tanquam
1325 1753 1395 1807 clavi
1411 1754 1441 1808 in
1455 1754 1538 1809 altum
1552 1756 1661 1811 defixi.”

41 1845 132 1903 patum
145 1835 248 1904 ipsum
290 1832 431 1903 Spectetur
444 1831 528 1886 etiam
537 1849 618 1902 quam
629 1830 729 1886 eximie
743 1829 835 1884 redar-
873 1828 969 1900 Itaque
983 1830 1091 1884 triabic
1104 1837 1208 1885 numm
1216 1849 1373 1903 proponam,
1387 1840 1505 1888 nontam
1518 1834 1661 1907 elegantia,

42 1923 135 1982 gueret
157 1929 289 1977 ιιωιιιιι,
310 1912 465 1983 principum
482 1911 643 1965 consiliariis
664 1909 834 1973 familiarem,
873 1925 954 1978 quam
969 1908 996 1962 ri
1010 1917 1038 1964 et
1050 1909 1178 1976 efficacia,
1192 1912 1338 1966 mirabilia.

43 1993 85 2063 qui
98 1993 254 2063 plerunque
274 1990 389 2046 consilia
401 2007 451 2062 pro
465 1990 574 2045 modulo
587 1989 628 2044 sni
642 1989 725 2043 animi
740 1994 768 2042 et
781 1989 835 2066 ior·
911 1987 1005 2042 Primo
1025 1988 1116 2059 igitur,
1130 1990 1261 2061 magister
1274 1992 1317 2056 sit,
1332 1998 1443 2062 oportet,
1462 1991 1600 2062 loquendi,
1616 1995 1663 2064 qui

43 2079 119 2137 tunae,
138 2089 198 2126 non
211 2070 390 2135 dominorum,
405 2078 564 2140 suggerunt.
605 2067 676 2123 Cum
691 2068 764 2123 eninr
777 2067 834 2121 Da·
872 2068 954 2123 unico
971 2068 1054 2123 verbo
1068 2069 1226 2123 seditionem
1240 2070 1268 2123 in
1283 2071 1404 2124 exercitu
1423 2073 1600 2142 comprimere
1614 2089 1663 2142 po·

44 2152 95 2204 n'us
117 2167 238 2220 magnas
260 2148 416 2204 Alexandro
436 2150 546 2203 offerret
565 2149 747 2203 conditiones:
771 2146 836 2201 Par·
872 2148 930 2202 tuit.
971 2147 1016 2201 Sic
1030 2154 1123 2202 autem
1136 2164 1166 2203 se
1185 2165 1230 2202 res
1244 2149 1346 2204 habuit
1387 2150 1519 2204 Romanis
1532 2167 1591 2205 mos
1602 2151 1661 2216 init,

44 2231 139 2294 nenio,
161 2236 180 2261 ‘⁴
193 2230 283 2300 Ego,”
300 2229 397 2299 inquit,
411 2233 427 2260 “
441 2229 465 2282 si
479 2244 568 2282 essem
588 2227 751 2291 Alexander,
765 2226 836 2280 acci-
872 2243 934 2281 cum
948 2227 1100 2281 exercitum
1121 2227 1203 2282 duces
1217 2228 1424 2297 alloquerentur,
1439 2228 1543 2284 Milites
1562 2231 1602 2284 uti
1616 2247 1663 2286 eos

44 2309 160 2377 perem.”
204 2308 327 2377 subjecit
347 2307 509 2372 Alexander,
529 2312 545 2338 ‘⁴
558 2307 596 2361 Et
608 2324 661 2378 ego
681 2306 835 2376 quidem,si
872 2304 1058 2375 appellarent:
1092 2323 1153 2361 cunr
1175 2307 1348 2377 magistratus
1371 2308 1508 2379 populum,
1533 2309 1661 2371 Quirites.

44 2405 128 2442 ιιιιιιι
142 2387 320 2442 Parmenio.”
362 2386 511 2451 Postremo,
526 2386 679 2441 excudatur
692 2401 753 2439 acre
767 2384 836 2439 illud
873 2384 1116 2439 Tumultuabantur
1136 2385 1238 2440 milites
1259 2386 1383 2453 Caesaris,
1398 2404 1430 2441 ac
1447 2388 1605 2443 missionem
1619 2406 1663 2444 se-

44 2477 119 2538 atque
138 2475 254 2521 acutum
272 2482 439 2536 responsum,
453 2466 488 2519 ad
509 2465 612 2520 amicos
631 2466 834 2534 interrogantes,
872 2464 968 2517 ditioae
983 2464 1159 2535 flagitabant:
1181 2481 1235 2518 non
1249 2465 1320 2535 quod
1332 2465 1385 2519 hoc
1398 2466 1453 2537 ipsi
1466 2474 1601 2537 cuperent,
1615 2468 1664 2523 sed

45 2547 105 2616 qaid
130 2547 187 2600 arbi
215 2553 375 2610 reservaret,
402 2562 465 2599 curu
488 2551 528 2598 tot
549 2551 576 2599 et
601 2551 677 2598 tanta
703 2544 835 2598 donaret?
872 2550 902 2597 ut
921 2542 974 2597 hoc
987 2543 1124 2612 postulato
1138 2542 1275 2599 Caesarem
1289 2545 1325 2599 ad
1344 2544 1412 2599 alias
1425 2545 1592 2601 conditiones
1607 2548 1663 2602 adi-

45 2626 175 2695 “Speffl
191 2624 297 2696 inquit;
319 2624 421 2695 quippe
435 2624 481 2694 qui
495 2623 580 2694 probe
600 2623 689 2687 sciret,
699 2623 836 2677 subductis
872 2629 981 2693 gerent;
996 2621 1043 2675 ille
1056 2623 1183 2677 immotus
1197 2630 1277 2694 atque
1291 2624 1474 2688 inconcussus,
1485 2624 1593 2680 silentio
1607 2627 1663 2680 iac·

43 2705 200 2768 ιειίοιιίιιιιι,
222 2720 301 2774 spem
325 2720 417 2757 veram
441 2720 500 2757 esse
524 2710 633 2768 semem,
658 2709 687 2756 et
705 2708 835 2773 tanquam
874 2708 909 2765 to,
923 2701 963 2756 sio
983 2718 1097 2756 exorsus
1116 2710 1174 2755 est:
1195 2707 1211 2732 “
1225 2703 1293 2774 Ego,
1317 2702 1473 2764 Quirites:”
1495 2721 1548 2774 quo
1569 2706 1662 2774 verbo,

43 2782 228 2838 hereditatem
254 2783 290 2836 ad
315 2798 416 2853 magna
438 2783 624 2852 respirantium.
677 2781 745 2835 Hac
767 2780 836 2836 Julii
873 2795 919 2834 eos
930 2780 988 2849 jam
1002 2781 1128 2835 dimissos
1147 2781 1325 2851 significabat.
1365 2782 1407 2836 Eo
1425 2783 1541 2853 perculsi
1561 2783 1663 2839 milites

44 2861 158 2917 Caturia
172 2879 243 2924 sora,
254 2878 318 2916 cum
332 2861 506 2931 proficiscens
516 2862 545 2915 in
557 2860 683 2923 Galliam,
697 2860 836 2914 universas
873 2865 901 2914 et
913 2859 995 2929 plane
1016 2859 1202 2929 obstupefacti,
1223 2861 1428 2915 concionantem
1448 2860 1577 2932 deinceps
1599 2881 1662 2934 per·

44 2942 241 3013 opesproinsia
252 2941 440 3012 largitionibus
450 2941 630 2996 exhausisset.
673 2941 741 2994 Haec
754 2940 837 2994 etiam
873 2947 956 3009 petuo
968 2940 1146 2994 obturbabant
1153 2962 1160 3005 t
1182 2947 1209 2994 et
1221 2940 1358 3011 postulato
1369 2941 1419 2995 illo
1437 2941 1574 2997 missionis
1588 2950 1662 3013 post-

44 3038 98 3076 rnrs
112 3021 231 3076 Henrici
247 3022 323 3075 ducis
337 3021 422 3084 Guisi,
436 3020 601 3075 nobilissimi
619 3019 758 3090 principis,
771 3018 837 3073 licet
872 3017 975 3083 habito,
990 3027 1083 3073 contra
1102 3019 1201 3074 obnixe
1215 3021 1351 3090 petebant,
1366 3028 1396 3075 ιιι
1408 3021 1526 3076 militum
1538 3021 1662 3092 appella-

43 3102 153 3155 uirnium
165 3100 316 3163 ambitiosi,
331 3099 364 3154 de
378 3116 432 3169 quo
444 3098 512 3154 illud
523 3099 666 3164 increbuit,
681 3105 697 3130 ‘¹
708 3099 836 3153 Foenera·
875 3097 914 3152 tio
927 3099 967 3153 eis
980 3098 1174 3153 restitueretur.

43 3179 519 3235 toremeumioissennumomnium
527 3178 668 3233 Gallorum
679 3178 836 3243 maximum,
913 3176 1066 3231 Secundum
1080 3178 1130 3232 t'uit
1145 3177 1310 3246 hujusmodi.
1353 3179 1437 3250 Regis
1454 3195 1553 3233 nomen
1570 3179 1663 3235 Caesar

45 3276 74 3313 ao
90 3260 166 3330 qaod
186 3274 286 3313 omues
305 3273 371 3328 opes
393 3258 423 3312 in
439 3258 594 3312 nominibus
615 3257 735 3321 haberet,
756 3265 836 3328 atque
873 3273 978 3312 summe
987 3257 1143 3311 affectabat:
1157 3257 1394 3328 itaquesubomati
1403 3266 1465 3312 sunt
1473 3258 1604 3323 nonnulli,
1614 3260 1662 3330 qui

45 3339 237 3406 canimonium
247 3337 403 3392 uniremm
412 3337 441 3391 in
449 3337 627 3409 obligationes
636 3336 835 3391 convertisset''
873 3344 1081 3406 pretereuntem
1094 3335 1218 3406 populari
1238 3336 1431 3391 acclamatione
1449 3355 1543 3409 regern
1564 3338 1663 3393 saluta-

47 3417 177 3475 Caterum
198 3416 344 3471 admiratio
357 3416 590 3487 hujusprincipis,
605 3416 668 3471 dnm
682 3432 746 3469 eum
759 3416 835 3482 mihi,
873 3422 942 3469 rent.
986 3414 1036 3469 Ille
1056 3416 1174 3469 cennens
1195 3415 1417 3472 acclamationem
1440 3424 1548 3472 tenuem
1569 3417 1662 3483 imese,

13 3532 15 3553 .
47 3513 92 3551 nun
104 3506 138 3552 nt
151 3495 343 3552 Alexandrum
356 3495 498 3566 Magnum,
510 3495 557 3550 sed
572 3503 602 3549 ut
616 3494 768 3549 Aristotelis
781 3494 836 3551 dis·
874 3510 905 3547 ac
918 3510 1024 3558 raram,
1046 3494 1186 3565 negotium
1205 3494 1269 3562 joco
1281 3495 1440 3560 transmisit,
1455 3513 1486 3549 ac
1505 3497 1662 3551 sierratum

47 3577 159 3646 cipetum
174 3591 309 3646 propono,
322 3574 429 3645 longius
443 3576 558 3630 fortasse
572 3592 615 3629 me
630 3574 762 3643 prorexit.
874 3581 944 3627 esset
966 3574 994 3627 in
1008 3573 1175 3643 cognomine,
1198 3579 1213 3604 ‘¹
1227 3574 1291 3628 Non
1309 3591 1358 3628 rex
1372 3576 1457 3639 sum,”
1472 3575 1569 3647 inquit,
1584 3581 1600 3607 ‘⁶
1614 3577 1663 3630 sed

79 3656 222 3717 Quannnn
236 3653 272 3707 ad
286 3653 391 3707 Jnlium
411 3654 555 3717 Curarem,
578 3660 695 3707 nonest
716 3659 837 3722 opus,ut
874 3651 994 3706 Caesar.’'
1035 3652 1146 3707 Dictum
1160 3668 1224 3706 sane
1246 3652 1409 3721 hujusmodi,
1424 3661 1454 3708 ut
1474 3655 1498 3709 si
1518 3654 1663 3725 diligenter

48 3736 74 3788 tr
94 3734 259 3809 manda
278 3733 436 3788 emditionis
456 3733 522 3802 ejus,
547 3740 593 3786 aut
614 3749 650 3786 ex
670 3732 835 3797 educatione,
876 3732 1037 3795 excutiatur,
1052 3732 1130 3802 vigor
1143 3732 1202 3799 ejus
1215 3738 1243 3785 et
1255 3733 1360 3801 pondus
1373 3732 1421 3786 vix
1434 3733 1551 3803 exprimi
1565 3734 1661 3803 possit.

49 3826 87 3866 aas
104 3832 140 3868 ex
160 3812 355 3877 familiaribus,
375 3820 423 3866 aut
442 3829 479 3867 ex
498 3812 636 3882 responsis
656 3811 719 3874 suis,
733 3812 837 3879 conjec·
875 3809 998 3864 Primum
1012 3812 1084 3864 enim
1100 3811 1293 3864 recusationem
1305 3812 1421 3865 nominis
1435 3829 1492 3882 prae
1506 3829 1535 3866 se
1549 3813 1661 3879 terebat,

49 3902 125 3949 turam
151 3893 299 3947 iaciamus.
347 3892 415 3946 llmo
437 3890 571 3961 siquidem
599 3891 700 3944 eminet
722 3891 751 3943 in
779 3890 837 3959 ejus
874 3888 1092 3959 sedneutiquam
1112 3891 1229 3943 seriam:
1250 3888 1346 3944 deinde
1368 3891 1508 3961 ingentem
1528 3892 1664 3962 quandam

49 3973 149 4043 scriptis
162 3980 191 4025 ιι
205 3970 304 4025 libris:
325 3987 439 4042 quornm
452 3970 499 4024 alii
514 3977 617 4031 extant,
631 3969 679 4022 alii
694 3968 837 4023 infeliciter
873 3968 1063 4023 confidentiam
1078 3976 1106 4022 et
1123 3969 1375 4039 magnanimitatem
1389 3971 1572 4036 monstrabat,
1593 3971 1664 4026 acsi

49 4050 241 4106 desiderantur.
270 4049 363 4104 Primo
370 4051 444 4104 enim
454 4049 535 4104 hodie
545 4049 574 4102 in
587 4048 711 4102 manibus
722 4048 838 4102 habetur
874 4046 991 4102 casaris
1001 4047 1149 4117 appellatio
1157 4047 1286 4102 illustrior
1294 4047 1473 4113 titulusesset,
1482 4066 1564 4120 quarn
1572 4051 1662 4121 regis;

49 4130 159 4202 irriguis
172 4130 224 4184 ills
237 4128 370 4184 bellorum
383 4145 491 4184 suorum
504 4127 626 4192 historia,
640 4126 685 4181 eui
698 4144 798 4181 nomen
810 4135 837 4182 et
875 4126 947 4197 quod
959 4126 1033 4181 haud
1046 4143 1123 4181 secus
1134 4127 1230 4190 evenit,
1241 4132 1269 4180 et
1281 4143 1367 4198 usque
1377 4128 1407 4181 in
1416 4127 1578 4184 hodiernum
1590 4129 1663 4184 diem

49 4209 150 4264 titulum
171 4216 189 4241 ‘¹
203 4209 489 4264 Commentariorum”
504 4207 635 4261 duntaxat
654 4207 787 4277 prefixit:
807 4206 836 4261 in
875 4207 996 4261 obtinuit.
1026 4205 1081 4260 Sed
1094 4205 1166 4277 quod
1180 4205 1253 4261 illius
1266 4207 1384 4261 maxime
1398 4208 1534 4273 intererat,
1544 4208 1596 4263 hoc
1610 4209 1664 4263 dic·

49 4304 99 4358 φο
117 4305 216 4343 onmes
237 4287 341 4358 posteri
361 4287 476 4343 solidum
498 4303 587 4341 rerum
607 4286 720 4356 pondus,
735 4295 764 4338 et
776 4285 838 4338 vira
874 4292 940 4350 tum,
965 4302 1072 4340 summo
1093 4285 1215 4349 artificio,
1235 4287 1317 4340 tinem
1339 4302 1418 4341 suum
1440 4287 1560 4357 urgebat.
1602 4289 1664 4343 Hoc

49 4368 345 4438 tamactionumquam
358 4382 534 4437 personarum
545 4365 769 4428 simulacra,cnm
782 4380 838 4418 cas
875 4364 948 4419 enim
962 4364 1092 4418 innuebat
1110 4364 1137 4418 S.
1152 4363 1183 4418 P.
1199 4364 1231 4426 Q.
1248 4365 1282 4420 ll.
1302 4364 1336 4419 de
1355 4382 1385 4419 re
1403 4364 1466 4432 leri,
1480 4366 1532 4421 hoc
1553 4375 1603 4432 est,
1617 4385 1664 4423 uo·

48 4447 149 4501 tinias
163 4447 284 4517 puritate
304 4446 442 4510 ammonis,
456 4445 670 4515 narrationisque
688 4443 837 4514 perspicui·
874 4444 947 4498 mine
971 4450 1075 4498 tantum
1096 4446 1173 4512 (nam
1196 4450 1356 4513 potestatem
1378 4444 1483 4514 regiam
1502 4446 1665 4517 jampridem

48 4534 100 4580 nte
122 4527 237 4591 eximia,
260 4526 405 4593 conjuncta
426 4525 608 4579 admirantur:
640 4539 706 4593 quas
730 4523 838 4593 quidem
876 4521 1008 4590 habebat)
1023 4539 1115 4577 secum
1136 4523 1314 4588 contendere,
1335 4539 1367 4577 ac
1388 4522 1437 4577 tali
1452 4526 1569 4591 nomine,
1585 4526 1664 4598 quale

47 4605 128 4669 dans,
141 4621 198 4660 nun
211 4622 230 4658 a
243 4609 342 4658 natura
361 4603 464 4658 iniussa
478 4604 570 4667 tuisse,
591 4603 639 4657 sed
659 4619 677 4656 a
695 4602 838 4673 praeceptis
876 4601 1029 4671 complures
1040 4603 1123 4656 etiam
1134 4618 1170 4656 ex
1180 4601 1290 4656 familiis
1301 4602 1422 4657 obscuris
1431 4605 1579 4675 gerebantr
1599 4622 1665 4661 nam

47 4686 231 4755 incanaque
265 4683 395 4737 doctrinar
428 4683 585 4753 acquisitas,
623 4689 736 4736 testatur
770 4681 839 4735 liber
875 4696 1025 4752 cognomen
1036 4680 1122 4752 Regis
1131 4680 1225 4735 multis
1233 4681 1416 4737 Romanorum
1425 4684 1665 4753 gentilitiumerat,

47 4764 105 4831 eju
124 4770 141 4795 ⁸⁴
154 4764 199 4818 De
219 4762 387 4835 matogia:”
414 4764 460 4833 qui
483 4761 552 4816 nihil
574 4760 648 4815 aliud
670 4767 734 4825 erat,
758 4777 839 4830 quam
876 4759 1102 4830 quemadmodum
1124 4767 1153 4814 et
1171 4776 1221 4815 nos
1241 4759 1329 4815 simile
1342 4761 1471 4832 quiddam
1483 4772 1577 4818 nostro
1596 4765 1666 4819 idio-

48 4842 269 4897 Grsmmaticalis
284 4841 408 4912 quasdam
427 4841 615 4912 philosophia;
636 4841 666 4894 in
680 4856 734 4910 quo
746 4839 839 4894 sedulo
877 4845 948 4894 mate
962 4839 1103 4893 habemus.

48 4922 120 4977 dedit
131 4938 253 4993 operam,
268 4930 365 4975 utros
378 4920 413 4973 ad
425 4920 561 4990 placitum,
573 4919 728 4974 redderetur
738 4935 792 4973 vox
805 4918 840 4972 ad
915 4918 1059 4983 Ultimum,
1073 4918 1145 4988 quod
1157 4918 1209 4972 hoc
1224 4918 1284 4974 loco
1297 4927 1420 4989 repetere
1433 4920 1529 4991 placet,
1539 4921 1593 4975 tale
1607 4920 1665 4976 init.

47 5000 167 5065 Adrum
202 5008 231 5055 et
254 4999 420 5055 cousuetudo
441 4998 627 5070 quoquomodo
648 4997 785 5069 loquendi,
806 4996 841 5051 ad
879 4995 949 5052 Com
960 4997 1063 5061 Caesar,
1073 5003 1136 5068 post
1145 4995 1248 5052 bellum
1259 4997 1365 5063 initum,
1377 4999 1492 5054 Romam
1502 5008 1666 5069 occupasset,

48 5083 243 5151 magruitatem
272 5086 443 5135 revocaretur
470 5078 609 5133 emendate
633 5076 779 5147 loquendi;
814 5085 842 5131 et
875 5083 961 5148 atque
974 5077 1094 5131 sanctius
1116 5077 1241 5131 aemnum
1258 5077 1419 5143 reclusisset,
1433 5087 1464 5132 ιιι
1483 5079 1614 5149 pecunias
1627 5080 1667 5134 ibi

49 5163 136 5223 verbs,
151 5176 213 5231 quie
226 5169 291 5214 sunt
304 5175 393 5213 rernm
407 5157 551 5227 imagines,
565 5157 646 5212 rebus
661 5158 731 5227 ipsis
744 5172 841 5210 eonve-
878 5165 1019 5228 congestas
1032 5157 1062 5209 in
1075 5173 1139 5210 usus
1152 5155 1217 5210 belli
1233 5156 1348 5222 tolleret,
1362 5158 1460 5212 restitit
1474 5157 1612 5221 Metellus,
1628 5167 1668 5212 ut-

48 5244 143 5303 nireut,
156 5257 213 5294 non
227 5238 309 5308 vulgi
317 5253 425 5307 prorsus
438 5236 578 5291 arbitrium
592 5244 776 5306 sequerentur.
878 5242 942 5305 pote
957 5244 1019 5289 tunc
1034 5236 1164 5305 temporis
1182 5235 1322 5300 tribunum
1343 5237 1387 5291 cni
1409 5236 1508 5299 Ceasar,
1532 5241 1547 5267 “
1562 5236 1592 5290 Si
1610 5256 1669 5308 per·

90 5320 132 5373 lta
144 5320 237 5381 etiarm
253 5317 340 5372 veluti
356 5324 560 5371 monumentum
574 5316 709 5380 doctrina,
723 5332 777 5369 nou
790 5316 842 5370 mi·
880 5315 959 5377 stes'’
983 5315 1078 5385 inquit,
1100 5321 1116 5346 ‘⁴
1130 5322 1252 5369 mortuus
1272 5316 1329 5370 es.”
1370 5314 1443 5369 Dein
1467 5316 1619 5384 reprimens
1639 5335 1668 5374 se

50 5415 100 5451 aua
112 5415 193 5468 quam
206 5395 347 5469 ροιειιιιιι,
359 5395 527 5450 emendatam
538 5396 597 5464 ejus
611 5395 699 5451 edicto
710 5395 843 5450 habemns
880 5393 999 5464 paulum,
1014 5392 1136 5470 subjecit,
1152 5399 1168 5427 ‘⁴
1183 5394 1355 5460 Adolescens,
1369 5394 1461 5449 durius
1475 5402 1516 5449 est
1531 5395 1601 5451 mihi
1615 5399 1669 5455 hoo

92 5492 150 5533 vor.
172 5494 202 5533 n.
420 5491 439 5529 x
