3800 5875
699 311 841 368 NOVUM
860 310 1062 367 oaaaNUM.
1632 311 1690 367 459

898 486 971 525 novo
983 469 1087 534 indunt,
1102 476 1130 523 et
1143 469 1363 540 superinducunt.
1404 469 1458 523 Sed
1471 475 1499 523 et
1512 469 1571 523 brec
1585 487 1692 542 qnoque

447 533 487 575 η’
899 566 983 620 parra
994 566 1060 619 pars
1073 551 1221 618 estoperis,
1230 550 1266 604 ad
1278 548 1473 603 inveniendum
1483 548 1692 605 schematismrm

101 628 210 685 asem
223 634 315 684 autem
333 645 485 700 processus,
500 626 535 682 dc
553 643 608 698 quo
620 626 765 698 loquimur,
778 628 861 699 longe
900 646 994 684 verum
1007 630 1036 682 iu
1044 630 1212 699 composito;
1235 628 1281 699 qui
1292 629 1492 682 schematismos
1505 645 1548 681 res
1559 635 1600 682 est
1609 629 1691 701 louge

60 709 117 764 alia
129 726 177 764 res
191 718 240 773 est,
259 725 343 779 quam
363 708 462 763 animis
482 707 625 762 homiuum
638 704 770 782 (qualiter
790 724 860 762 nuuc
899 708 1030 771 subtilior,
1045 716 1073 761 et
1094 708 1250 772 accuratior,
1265 718 1293 761 et
1310 708 1345 761 ab
1368 708 1494 778 operibus
1511 708 1584 776 ignis
1604 711 1693 779 potius

61 790 237 855 obsidentur)
262 788 342 843 facile
365 789 452 859 possit
476 803 626 842 occurrere.
665 787 763 858 Neque
788 787 861 841 euim
899 788 1079 851 confunditur,
1094 804 1176 857 quam
1190 788 1332 842 eruituret
1345 787 1482 842 elucescit

60 868 244 938 intelligimus
257 885 399 923 mensuras
413 868 552 938 quasdam,
574 874 621 919 aut
639 866 724 936 sigua,
744 873 792 921 aut
806 883 862 920 sca·
941 867 1035 936 ltaque
1049 866 1172 921 facienda
1185 873 1226 920 est
1236 884 1378 936 corporum
1392 865 1527 936 separatio
1539 872 1567 920 et
1579 865 1691 931 solutio;

60 948 104 1002 las
118 963 274 1017 processus,
289 948 318 1001 in
332 947 489 1016 corporibus
507 945 689 1016 spectabilem
711 945 758 999 sed
780 945 861 1015 plane
899 962 953 999 non
969 963 1018 1015 per
1036 945 1129 1016 iguem
1149 954 1229 1009 certe,
1245 946 1291 1000 scd
1309 962 1359 1015 per
1372 947 1503 1000 rationem
1518 953 1544 998 et
1557 946 1693 999 inductio·

61 1044 224 1097 procemum
242 1027 435 1090 mennatum,
450 1027 498 1097 qui
519 1025 639 1079 maxima
653 1042 689 1079 cx
705 1032 782 1094 parte
803 1041 862 1078 sen-
900 1043 958 1077 uem
971 1042 1071 1088 seram,
1092 1042 1153 1079 cum
1170 1026 1364 1095 experimentis
1385 1025 1579 1089 auxiliaribus;
1602 1033 1629 1077 et
1643 1042 1693 1096 per

62 1124 124 1161 aum
139 1106 223 1175 fugit.
900 1105 1129 1173 comparationem
1143 1106 1178 1158 ad
1198 1104 1253 1158 alia
1272 1120 1392 1174 corpora,
1407 1112 1433 1157 et
1453 1104 1637 1158 reductionem
1657 1106 1692 1158 ad

101 1184 236 1254 Exempli
250 1185 352 1254 gratier
373 1183 491 1238 inomni
505 1183 678 1254 generatione
693 1190 722 1236 et
735 1182 862 1238 transfor·
899 1192 1010 1238 naturas
1023 1184 1169 1253 simplices,
1184 1193 1211 1238 et
1230 1201 1323 1238 earum
1340 1184 1448 1248 formas,
1468 1201 1529 1254 quae
1543 1184 1571 1236 in
1585 1200 1693 1253 compo

61 1267 186 1320 manuue
201 1281 351 1333 corporum,
365 1263 564 1334 inquirendum,
579 1262 644 1334 quid
661 1261 823 1331 deperdatur
836 1271 862 1315 et
900 1263 954 1316 sito
976 1264 1141 1317 conveniunt
1163 1271 1191 1318 et
1211 1263 1422 1332 complicantur;
1451 1270 1478 1316 et
1499 1264 1692 1337 transeundum

61 1344 163 1405 evolet,
180 1344 247 1413 quid
268 1350 384 1406 maneat,
404 1343 470 1414 quid
488 1342 614 1407 accedat;
636 1342 700 1411 quid
725 1342 860 1407 dilatetur,
900 1342 980 1412 plane
994 1359 1012 1394 a
1026 1342 1149 1396 Vulcano
1163 1344 1197 1397 ad
1208 1343 1371 1406 Minervam,
1386 1344 1447 1397 siin
1460 1342 1552 1395 animo
1565 1342 1600 1395 sit
1614 1359 1691 1397 veras

62 1424 132 1495 quid
158 1423 353 1487 contrahatnrr
385 1422 449 1492 quid
477 1423 591 1485 uniatur,
619 1422 683 1491 quid
709 1429 860 1491 separatum
900 1439 1046 1491 corporum
1060 1429 1181 1476 texturas
1195 1431 1223 1477 et
1238 1423 1433 1477 schematismos
1446 1422 1528 1489 (uude
1543 1421 1630 1476 omnis
1644 1439 1690 1475 oc-

63 1503 131 1573 quid
151 1502 334 1566 coadunetur,
353 1502 419 1572 quid
435 1501 622 1563 abscindatur;
644 1499 710 1572 quid
731 1500 861 1571 impellat,
900 1500 973 1554 culta
985 1510 1075 1572 atquc,
1089 1510 1121 1555 ut
1134 1510 1237 1567 vocant,
1256 1502 1382 1571 specifica
1401 1502 1551 1571 proprietas
1565 1510 1592 1554 et
1605 1501 1691 1556 virtus

63 1582 131 1652 qnid
144 1581 295 1651 impediat;
317 1581 382 1652 quid
395 1580 554 1646 dominetur,
566 1579 631 1651 quid
641 1580 796 1641 succumbat
804 1602 812 1645 ;
833 1588 861 1634 et
899 1580 928 1633 iu
942 1581 1024 1635 rebus
1037 1582 1150 1650 pendet;
1170 1581 1242 1636 uude
1257 1581 1339 1635 etiam
1353 1581 1441 1635 omnis
1459 1581 1576 1651 potentis
1596 1580 1691 1634 altera-

62 1662 121 1717 elia
134 1660 287 1730 complura.
900 1660 982 1714 donis
995 1667 1022 1715 et
1041 1661 1286 1716 transformationis
1304 1676 1399 1715 norma
1412 1658 1546 1729 educitur)
1559 1659 1589 1712 in
1602 1659 1690 1716 lucem

102 1741 204 1811 Neque
219 1740 267 1794 hic
281 1755 380 1803 rursus,
394 1739 454 1793 haec
468 1746 571 1792 tantum
585 1738 614 1791 in
629 1738 801 1807 geuemtioue
816 1745 862 1793 aut
900 1739 1064 1808 protrahere.

62 1818 304 1875 transformatione
319 1836 461 1889 corporum
475 1818 620 1889 quaerenda
630 1825 707 1881 suut;
729 1818 777 1871 sed
791 1826 817 1871 et
832 1818 860 1872 in
938 1818 1066 1888 Exempli
1087 1819 1192 1889 gratim
1213 1820 1409 1891 inquirendum,
1429 1818 1494 1888 quid
1515 1818 1552 1871 sit
1570 1818 1690 1874 inomni

63 1899 192 1954 omuibus
206 1899 271 1952 aliis
286 1897 490 1952 alterationibus
504 1905 532 1951 et
544 1896 661 1951 motibus
681 1897 807 1951 similiter
821 1897 862 1950 in·
900 1914 1012 1968 corpore
1027 1899 1145 1967 spiritus,
1160 1899 1358 1969 quidesseutiae
1373 1896 1527 1968 tangibilis;
1548 1906 1629 1970 atque
1643 1896 1690 1953 ille

64 1979 238 2050 quirendum,
254 1978 320 2048 quid
338 1978 487 2041 antecedat,
502 1976 566 2048 quid
587 1975 725 2040 succedam
749 1976 812 2047 quid
827 1976 863 2029 sit
900 1978 959 2047 ipse
973 1978 1090 2048 spiritus,
1104 1987 1195 2032 utrum
1209 1979 1244 2032 sit
1256 1978 1381 2047 copiosus
1395 1985 1424 2031 et
1437 1984 1551 2047 turgeat,
1566 1994 1601 2030 an
1616 1977 1690 2046 jeju·

64 2058 213 2121 incitatius,
236 2057 303 2129 quid
330 2057 487 2120 remissius;
520 2056 585 2127 quid
606 2062 708 2109 motum
732 2056 861 2125 prebeat,
900 2065 1110 2127 nusetpaocus;
1133 2058 1416 2121 tenuisautcrassiurc
1437 2057 1524 2126 magis
1538 2054 1691 2111 airausaut

64 2138 131 2207 quid
144 2146 240 2207 regat;
263 2144 291 2191 et
300 2135 462 2206 hujusmodi.
505 2135 729 2189 [staveroomnia
742 2132 862 2188 scie'ntiis
900 2137 1013 2206 igneum
1043 2138 1113 2190 acria
1134 2144 1180 2191 aut
1203 2138 1296 2201 desem
1318 2136 1399 2191 exilis
1423 2143 1471 2189 aut
1491 2135 1629 2199 robustum
1660 2136 1690 2190 in

66 2215 144 2288 (qua)
154 2234 228 2270 nuuc
243 2216 423 2286 pinguissima
436 2215 568 2277 Minerva,
580 2221 607 2268 et
620 2230 728 2284 prorsus
739 2214 861 2279 inhabili,
900 2232 1044 2286 progressu
1053 2224 1099 2271 aut
1109 2217 1137 2268 in
1147 2233 1286 2287 regressu;
1302 2217 1436 2270 abscissus
1447 2222 1492 2269 aut
1501 2216 1688 2281 continuatum

64 2299 263 2361 contexuntur)
278 2295 418 2365 incognita
439 2302 501 2348 snut
515 2302 543 2348 et
555 2295 664 2347 intacta.
706 2293 775 2347 Cum
790 2295 861 2347 euim
900 2297 1071 2350 consentiens
1084 2313 1144 2349 cnm
1158 2297 1277 2350 externis
1291 2304 1317 2350 et
1331 2295 1519 2357 ambientibus,
1528 2302 1575 2348 aut
1588 2294 1690 2349 dissen-

65 2376 155 2428 umuis
174 2375 250 2428 actio
269 2373 400 2428 naturalis
421 2374 602 2443 perminima
624 2373 793 2443 transigatur,
816 2382 863 2427 aut
901 2375 1040 2438 tiens‚etc.
1083 2375 1120 2428 Et
1132 2375 1263 2439 similiter,
1272 2376 1390 2430 essentia
1404 2373 1541 2444 tangibilia
1550 2369 1627 2449 (quaa
1635 2390 1690 2429 nou

65 2454 164 2509 saltem
182 2471 234 2524 per
253 2453 309 2516 ills,
325 2470 385 2524 qua
404 2462 467 2508 sunt
487 2454 600 2516 minora,
615 2469 695 2523 quam
709 2461 739 2505 ut
752 2469 861 2506 sensum
899 2456 1041 2523 pauciores
1062 2455 1159 2522 recipit
1176 2455 1349 2517 differentias,
1365 2471 1446 2525 quam
1467 2454 1591 2523 spiritus)
1609 2461 1689 2525 atque

66 2534 180 2598 feriant3
201 2551 286 2587 nemo
305 2550 335 2587 se
348 2540 472 2587 naturam
486 2549 582 2603 regere
598 2540 646 2585 eut
658 2539 761 2585 vertere
781 2549 861 2602 posse
900 2534 960 2601 ejns
975 2533 1032 2587 oilli
1056 2542 1084 2587 et
1106 2534 1187 2596 fibrae,
1204 2542 1232 2588 et
1254 2534 1407 2588 omnimoda
1430 2540 1543 2587 textura.
1585 2533 1689 2588 Rursus

67 2622 164 2682 speret,
178 2613 236 2668 uisi
257 2613 308 2668 illa
321 2612 412 2667 debito
427 2612 508 2666 modo
530 2610 762 2682 comprehenderit
776 2618 804 2665 et
817 2628 862 2665 uo
900 2621 990 2667 autem
1003 2612 1143 2667 collocatio
1153 2613 1262 2683 spiritua
1276 2630 1325 2683 per
1335 2628 1492 2683 corpoream
1503 2612 1609 2675 molem,
1621 2612 1690 2680 eius-

66 2694 173 2747 urent.
900 2710 953 2762 qne
970 2693 1038 2763 pori,
1062 2700 1276 2755 mautrauers,
1300 2700 1328 2745 et
1348 2691 1461 2755 cellulis,
1485 2698 1514 2745 et
1536 2691 1690 2745 rudimenta

900 2773 957 2825 sive
979 2779 1143 2826 tentamenta
1164 2772 1284 2841 corporis
1302 2771 1429 2841 organici,
1444 2772 1495 2825 sub
1516 2770 1628 2824 eandem
1649 2770 1689 2824 in-

900 2852 1072 2921 quisitionem
1090 2851 1197 2905 eadunt.
1239 2850 1338 2905 Sedet
1358 2851 1388 2903 in
1405 2849 1450 2904 his
1470 2865 1584 2920 quoqne,
1606 2856 1688 2919 atque

108 2922 396 2995 Similiter‚iuquisitio
403 2929 430 2979 et
439 2924 559 2980 inventio
568 2923 863 2981 intentisscitsmotismi
900 2931 968 2986 adeo
988 2931 1108 2985 inomni
1130 2931 1240 2985 latentis
1257 2931 1435 2985 scismaticus
1456 2928 1617 2992 inventione,
1639 2929 1689 2985 lux

67 3004 96 3057 iu
112 3004 272 3074 corporibus
285 3020 330 3057 res
342 3020 413 3057 nova
425 3011 479 3069 est;
501 3022 557 3059 uon
569 3005 659 3059 minus
672 3022 752 3075 quum
767 3006 860 3060 insen·
899 3028 963 3064 veru
979 3020 1007 3065 et
1026 3010 1098 3064 clara
1112 3011 1147 3064 ab
1163 3010 1345 3064 axiomatibus
1366 3010 1504 3080 primariis
1527 3009 1687 3074 immittitur,

67 3085 107 3136 tio
129 3085 242 3138 latentis
261 3100 406 3155 processus
429 3091 457 3138 et
480 3084 581 3139 formas.
622 3084 769 3138 Versamur
788 3085 861 3139 euim
900 3106 960 3161 quae
973 3099 1045 3145 certe
1059 3090 1203 3161 caliginem
1217 3106 1325 3144 omnem
1339 3097 1367 3144 et
1379 3088 1555 3145 subtilitatem
1569 3088 1686 3143 discutit.

68 3163 149 3233 plane
174 3164 265 3218 adbuc
284 3162 316 3217 iu
337 3162 413 3217 atriis
434 3170 545 3228 natura,
569 3181 656 3234 nsque
675 3163 710 3217 ad
733 3164 862 3218 interiora

69 3259 198 3311 param
218 3242 332 3297 aditum.
381 3241 417 3295 At
443 3259 524 3296 nemo
550 3260 647 3312 corpus
674 3243 765 3297 danim
791 3259 862 3298 nova

68 3333 164 3376 natura
179 3323 281 3384 dotare,
292 3320 337 3375 rel
349 3322 378 3374 in
391 3337 489 3376 norum
501 3338 597 3391 corpus
612 3322 725 3376 feliciter
739 3329 861 3393 etappo·
936 3324 1035 3395 Neque
1055 3331 1198 3394 propterea
1217 3341 1261 3378 res
1277 3323 1424 3377 deducetur
1436 3322 1471 3376 ad
1491 3328 1618 3388 atomum,
1640 3321 1688 3393 qui

68 3402 120 3455 site
134 3409 317 3456 transmutare
339 3408 433 3470 potest,
451 3401 505 3455 nisi
524 3402 644 3471 corporis
662 3401 793 3456 alterandi
816 3409 861 3456 aut
899 3405 1083 3473 praesupponit
1094 3420 1209 3458 vacuum
1223 3412 1251 3458 et
1263 3402 1405 3457 materiam
1418 3418 1474 3457 non
1491 3402 1593 3456 fluxam
1608 3400 1687 3472 (quo-

68 3480 279 3534 trausiormandi
298 3481 396 3534 bonam
410 3479 535 3535 habuerit
548 3481 679 3535 notitiam.
722 3481 754 3534 Iu
768 3481 861 3536 modos
898 3500 959 3537 rum
980 3491 1121 3553 renumque
1139 3482 1237 3537 falsum
1255 3483 1309 3550 est)
1325 3482 1372 3536 sed
1389 3484 1424 3537 ad
1440 3481 1587 3552 particulas
1599 3497 1686 3547 veras,

69 3561 142 3613 enim
156 3576 242 3615 sanos
257 3560 442 3622 incurrebant
462 3560 559 3615 saltem
572 3560 695 3615 difficiles
708 3566 736 3613 ct
753 3576 861 3630 perver-
898 3563 993 3633 quales
1006 3563 1186 3617 inveniuntur.
1225 3564 1324 3633 Neque
1337 3579 1430 3616 nusae
1444 3568 1493 3624 est,
1505 3560 1575 3631 quod
1590 3560 1687 3614 exhor·

69 3656 120 3700 sus,
143 3655 196 3693 uec
222 3654 273 3708 pro
300 3638 419 3707 corporis
445 3644 548 3703 natura,
573 3639 602 3693 in
629 3640 700 3711 quod
726 3648 859 3710 operatur.
898 3650 957 3695 reat
971 3642 1104 3712 quispiam
1117 3643 1199 3696 istam
1213 3641 1396 3705 subtilitatem,
1406 3649 1436 3695 ut
1448 3640 1684 3710 inexplicabilem

71 3718 166 3788 ltaque
191 3718 227 3772 ad
251 3718 304 3772 hoe
329 3718 410 3772 ctiam
433 3718 479 3772 ria
500 3717 580 3788 plane
602 3727 644 3774 est
668 3718 814 3789 aperienda
833 3726 862 3772 et
898 3721 946 3775 sed
969 3732 1068 3786 contre,
1088 3738 1141 3793 quo
1160 3723 1249 3792 magis
1264 3720 1352 3791 vergit
1375 3721 1514 3792 inquisitio
1528 3720 1562 3773 ad
1576 3727 1687 3773 naturas

70 3797 227 3852 munienda.
710 3854 714 3863 ,
899 3801 1045 3871 simplices,
1068 3818 1101 3855 eu
1121 3802 1209 3873 magis
1229 3801 1319 3855 omnia
1339 3809 1417 3854 eruut
1434 3800 1487 3853 sita
1508 3800 1536 3852 iu
1556 3798 1637 3869 plano
1658 3805 1687 3853 et

108 3876 199 3948 Atque
212 3877 242 3930 iu
253 3875 390 3930 anatomia
400 3893 543 3947 corporum
557 3876 743 3946 organicorum
753 3873 862 3951 (qualia
899 3881 1057 3950 perspicuo;
1079 3880 1210 3935 translato
1220 3880 1330 3950 negotio
1339 3897 1356 3932 a
1365 3878 1506 3948 multiplici
1515 3879 1543 3932 in
1555 3878 1685 3948 simplexc

70 3964 131 4009 sunt
144 3955 268 4010 bominis
282 3963 309 4008 et
323 3955 494 4024 animalium)
509 3972 591 4026 opera
605 3971 669 4009 sane
683 3965 754 4010 recte
768 3965 794 4010 et
812 3957 862 4011 uti-
899 3967 926 4013 et
946 3961 981 4013 ab
999 3960 1263 4014 incommensurabili
1285 3959 1319 4012 ad
1341 3957 1601 4022 commensurabile;
1623 3966 1650 4011 et
1669 3974 1687 4012 a

70 4033 132 4088 liter
146 4033 300 4098 insumitur,
313 4041 341 4088 et
353 4034 458 4089 videtur
475 4053 518 4090 res
532 4034 647 4099 subtilis,
662 4042 689 4089 et
702 4036 860 4090 scrutinium
898 4039 980 4093 surdo
992 4040 1027 4093 ad
1042 4039 1240 4108 computabile;
1262 4047 1289 4091 et
1302 4038 1336 4091 ab
1350 4038 1455 4092 intinito
1468 4045 1495 4091 et
1508 4054 1578 4108 rago
1591 4037 1625 4091 ad
1638 4036 1686 4091 de·

70 4123 172 4168 murae
186 4114 299 4168 bouum.
341 4112 376 4166 At
391 4114 444 4168 hoc
458 4132 544 4185 genus
558 4114 701 4169 anatomiae
714 4115 861 4184 spectabile
899 4118 1004 4173 finitum
1018 4127 1044 4172 et
1057 4127 1178 4182 certum;
1199 4124 1229 4172 ut
1248 4118 1279 4171 fit
1296 4118 1326 4171 in
1339 4117 1480 4171 elementis
1498 4116 1645 4181 literarum,
1660 4123 1687 4171 et

70 4201 119 4254 est,
132 4203 159 4247 et
172 4193 267 4248 marni
282 4193 437 4261 subjectum,
453 4204 479 4248 et
492 4195 520 4248 in
534 4193 689 4263 corporibus
704 4200 806 4249 tautum
820 4210 862 4249 or·
899 4199 970 4252 tuuis
993 4207 1177 4252 concentuum.
1219 4196 1327 4266 Optime
1346 4204 1435 4251 autem
1455 4196 1525 4250 cedit
1543 4196 1687 4268 inquisitio

71 4273 175 4341 ganisis
198 4272 291 4326 locum
311 4272 402 4326 habet.
442 4273 543 4328 Verum
565 4274 617 4328 hoc
641 4273 731 4343 ipsum
752 4273 861 4328 obvium
899 4275 1311 4353 naturaliaquandophysicqm
1326 4275 1484 4329 terminatur
1497 4276 1525 4329 iu
1539 4275 1687 4331 mathema·

72 4351 200 4421 quiddam
210 4360 290 4406 estet
302 4352 331 4405 iu
345 4359 470 4422 promptu
483 4353 638 4422 situmprae
652 4352 787 4406 anatomia
797 4369 862 4406 reru
899 4357 960 4410 tico.
1001 4357 1038 4409 At
1053 4373 1143 4411 rursus
1165 4355 1365 4410 multitudinem
1386 4364 1433 4409 aut
1449 4355 1593 4410 fractiones
1606 4372 1688 4410 nemo

72 4431 252 4485 salmuriensi
265 4432 375 4484 latentis
383 4430 412 4500 in
422 4432 585 4501 corporibus,
597 4449 657 4501 quse
668 4430 802 4485 habentur
812 4448 862 4500 pro
901 4437 1071 4490 reformidet:
1092 4437 1121 4489 in
1138 4436 1219 4489 rebus
1234 4436 1305 4489 enim
1320 4452 1380 4504 quae
1399 4452 1448 4505 per
1468 4452 1594 4490 numeros
1612 4443 1686 4489 bau·

72 4509 251 4573 similaribusc
266 4509 417 4580 praesertim
427 4510 455 4562 in
465 4511 545 4564 rebus
555 4511 723 4580 specificatis,
734 4518 761 4564 et
769 4527 861 4565 earum
899 4516 1029 4584 signatur,
1052 4522 1107 4569 tam
1128 4512 1207 4568 facile
1232 4515 1292 4584 quis
1316 4515 1436 4584 posuerit
1458 4522 1505 4568 aut
1527 4514 1687 4586 cogitaverit

74 4589 204 4655 partibus,
224 4597 254 4643 ut
278 4589 350 4653 ferri,
374 4588 485 4658 lapidis3
507 4597 534 4643 et
555 4589 676 4660 partibus
699 4589 862 4644 similaribus
899 4594 1090 4658 millenarium,
1109 4611 1190 4664 quam
1209 4610 1308 4656 uuum;
1329 4601 1376 4647 aut
1389 4593 1562 4649 millesimam
1580 4602 1687 4664 partem

74 4667 182 4735 plautae,
204 4667 339 4732 animalis,
353 4666 438 4722 relati
456 4669 563 4735 radicis,
583 4668 649 4732 folii,
667 4668 749 4732 doris,
763 4668 861 4735 carnis,
901 4674 987 4739 unius,
1002 4691 1084 4745 quem
1096 4690 1179 4727 uuum
1195 4673 1337 4744 integrum.

75 4746 221 4817 unguinis,
238 4747 314 4812 ossis,
330 4755 381 4801 etc.
421 4745 457 4801 At
470 4748 552 4802 enam
572 4748 601 4801 iu
614 4746 667 4801 hoc
686 4765 786 4818 genere
807 4764 863 4802 uon

75 4840 181 4893 prorsus
194 4826 312 4880 cessarit
324 4825 455 4880 industria
467 4826 600 4891 humanm
622 4827 675 4881 hoc
688 4827 778 4897 ipsum
790 4827 863 4881 euim

76 4903 163 4957 innuit
180 4905 317 4976 ceparum
340 4921 480 4975 corpomm
498 4905 659 4961 cimiterium
679 4923 728 4977 per
745 4906 861 4960 distilla-
937 4906 983 4960 Ex
1000 4904 1103 4959 duobus
1121 4903 1265 4975 generibus
1287 4902 1461 4968 axiomatum,
1483 4921 1544 4974 quoe
1564 4900 1687 4972 superius

77 4982 168 5046 bones,
183 4993 211 5037 ct
232 4983 301 5037 alios
322 4984 487 5038 solutionum
504 4985 605 5048 modos,
619 4993 649 5040 nt
662 4985 862 5040 dissimilaritas
900 4985 987 5054 posita
1001 4992 1071 5048 sunt,
1086 4984 1244 5038 oriturvera
1256 4982 1354 5037 divisio
1366 4982 1549 5054 philosophia
1561 4989 1590 5036 et
1603 4982 1688 5036 scieu-

76 5063 214 5132 conpositi
228 5079 278 5132 per
292 5064 530 5134 congregationem
546 5064 665 5135 partium
678 5064 861 5136 homogenea·
900 5064 1016 5127 tiamm3
1038 5062 1174 5117 translatis
1192 5061 1331 5117 vocabulis
1349 5063 1466 5132 receptis
1480 5065 1554 5131 (quse
1567 5060 1601 5114 ad
1619 5060 1688 5115 indi«

77 5149 286 5212 rumappareat
327 5143 403 5204 Quod
424 5143 505 5198 etiam
519 5161 556 5198 ex
574 5161 625 5198 usu
638 5151 687 5209 est,
703 5152 730 5198 et
750 5145 815 5198 facit
828 5143 863 5198 ad
899 5144 1033 5197 canonem
1045 5143 1085 5196 rei
1100 5143 1221 5212 proxime
1236 5141 1380 5208 accedunt)
1391 5141 1425 5196 ud
1439 5157 1547 5195 sensum
1559 5147 1687 5195 nostrum.

78 5218 104 5272 id
116 5220 187 5290 quod
201 5222 363 5292 querimusc
384 5221 447 5276 licet
460 5223 559 5291 sapius
573 5239 616 5276 res
627 5222 711 5277 fallax
724 5223 778 5277 sit:
800 5223 864 5293 quia
900 5221 1041 5284 Videlicet,
1056 5230 1086 5276 ut
1099 5221 1239 5293 inquisitio
1248 5227 1407 5296 formosum,
1422 5237 1481 5291 quae
1495 5226 1559 5272 suat
1573 5219 1688 5287 (mione

77 5298 225 5369 complures
238 5309 344 5355 naturae
356 5301 520 5371 separationi
534 5302 699 5372 imputantur
711 5309 739 5356 et
751 5303 863 5357 attribu·
899 5309 980 5365 certe,
990 5309 1018 5355 et
1031 5301 1162 5372 sualegc)
1171 5309 1279 5356 cateruae
1292 5307 1321 5354 et
1333 5298 1494 5361 immobiles,
1504 5305 1532 5351 et
1544 5298 1690 5353 constituat

79 5387 160 5442 untur,
175 5396 207 5432 ac
228 5380 252 5433 si
272 5381 349 5450 prins
370 5379 549 5435 substitissent
567 5381 597 5434 in
611 5382 774 5451 compositor
797 5397 864 5453 quas
899 5381 1122 5452 metaphysiccme
1142 5380 1284 5451 inquisitio
1294 5395 1359 5433 vero
1367 5378 1516 5447 efficientis,
1525 5384 1552 5430 et
1561 5380 1689 5445 mctcm'oe,

78 5471 169 5513 serere
188 5458 261 5530 ignis
278 5465 308 5514 et
330 5458 413 5525 calor,
426 5468 455 5522 et
474 5458 522 5515 alii
544 5460 618 5516 modi
635 5460 807 5534 apertionum
830 5459 864 5516 de
900 5467 927 5516 et
945 5462 1055 5515 lateatis
1075 5465 1269 5534 praecesset
1288 5459 1398 5511 mentes
1420 5456 1600 5512 schcmmismi
1613 5455 1690 5533 (qun

439 2832 490 2871 vu.

1263 3229 1324 3268 v111.

1270 4811 1312 4851 11.
