3800 5875
69 335 137 391 Car.
153 336 191 391 11.
590 338 641 394 DE
662 337 889 395 AUGMENTIS
910 338 1187 397 solstitialium.
1645 340 1700 395 331

69 496 182 556 inserta,
195 512 233 550 ex
256 512 308 550 asu
329 498 492 568 argumenti,
514 498 586 569 qaod
607 506 739 553 tractant:
769 516 868 569 corpus
904 499 1046 564 naturalis,
1061 498 1240 570 philosophia
1253 499 1336 553 etiam
1349 498 1442 552 dimna
1456 505 1528 552 recte
1542 499 1703 570 appellatur.

68 591 133 629 vero
148 574 262 646 aliquod
282 575 379 630 talium
399 577 575 640 axiomatnm,
591 596 652 648 qum
672 579 727 631 rim
750 577 869 632 habeant
906 577 1043 634 Definitur
1055 587 1146 633 autem
1159 579 1228 642 haec,
1242 586 1274 633 ut
1288 578 1325 631 sit
1338 578 1401 632 talis
1415 579 1537 642 scientia,
1551 595 1600 633 aea
1613 582 1704 649 potius

68 655 206 724 quandam
230 655 397 725 primitivam
421 664 449 710 et
471 658 648 711 mammarium
672 658 706 710 ad
731 657 867 723 scientias,
907 658 1030 713 scientia
1043 658 1171 724 scintilla,
1186 657 1275 729 qualis
1289 658 1323 711 de
1345 657 1405 711 Deo
1425 657 1522 712 haberi
1542 666 1640 728 potest,
1653 677 1703 731 per

68 749 148 787 nemo
164 734 332 803 composuit3
353 751 417 789 cum
434 746 525 790 tamen
539 737 575 790 sit
588 753 633 789 res
648 737 791 803 ejusmodi,
806 755 868 808 qua
906 735 1000 791 lumen
1012 746 1117 792 asturia
1130 746 1159 791 et
1172 736 1427 807 contemplationem
1438 755 1526 792 rerum
1537 746 1702 806 creatarum

68 814 353 884 insigniteruatnram
366 831 449 869 unam
470 815 568 881 iaciat;
598 816 670 887 quod
683 815 868 887 philosophie
906 824 934 869 et
948 816 1054 871 ratione
1065 817 1172 885 objecti,
1184 833 1250 871 sane
1264 816 1364 880 divina,
1375 817 1480 871 ratione
1493 817 1702 884 informationis,

68 893 162 962 primae
175 910 276 947 munus
290 910 351 947 esse
365 901 512 949 autumant.
906 896 1038 949 naturalis
1052 897 1156 950 censeri
1170 903 1267 966 potest.
1310 896 1398 965 Huius
1413 896 1534 952 scientia
1547 897 1650 952 limites
1663 899 1704 953 ita

105 972 157 1026 Rst
169 982 199 1026 et
210 972 266 1026 alia
280 974 364 1041 hujus
386 972 569 1045 philosophias
590 974 687 1043 prima
710 991 782 1043 pars,
798 993 866 1045 quse,
906 991 971 1031 vere
992 975 1140 1045 signantur,
1162 983 1194 1031 ut
1216 975 1251 1028 ad
1272 974 1436 1030 atheismum
1457 976 1652 1031 confutandum
1673 985 1703 1032 et

66 1050 138 1104 siad
148 1052 283 1107 vocabula
297 1049 435 1123 respicias,
448 1064 527 1109 setus
541 1060 599 1117 est;
621 1053 643 1106 si
656 1053 770 1117 adrem,
785 1070 868 1124 quam
906 1054 1128 1117 convincendum,
1144 1063 1172 1108 et
1186 1055 1221 1108 sd
1235 1054 1325 1124 legem
1338 1064 1443 1109 natura,
1456 1055 1658 1110 informandam
1671 1073 1702 1112 se

67 1131 252 1200 designamus,
266 1149 346 1186 nora
387 1132 439 1187 Est
457 1141 550 1187 autem
564 1132 705 1202 inquisitio
724 1133 758 1186 de
772 1134 866 1186 condi·
906 1133 1070 1198 extendant,
1091 1134 1126 1187 ad
1145 1134 1307 1206 religionem
1321 1141 1413 1188 autem
1435 1135 1626 1190 adstruendam
1646 1153 1702 1191 non

67 1211 187 1265 tionibus
217 1212 375 1266 adventitiis
404 1213 506 1267 entium
538 1215 619 1283 (quas
645 1214 867 1267 transcendentes
905 1213 1085 1282 proferantur.
1126 1213 1308 1274 Quamobrem
1321 1230 1373 1267 nec
1391 1212 1600 1285 Densunquam
1614 1216 1702 1270 edidit

66 1289 157 1343 dicere
186 1294 345 1361 possumus)
369 1308 464 1361 pauco,
489 1292 590 1353 multos
623 1291 716 1356 simili,
740 1292 865 1356 diverso;
905 1292 1073 1357 miraculum,
1088 1310 1142 1364 qno
1162 1300 1362 1347 conuerteretur
1376 1292 1489 1347 atheas:
1510 1294 1575 1364 quia
1594 1302 1702 1363 poterat

66 1370 201 1438 passibili,
215 1370 380 1440 impossibili
392 1393 399 1432 ς
420 1373 503 1425 etiam
527 1379 596 1434 ente,
611 1378 638 1425 et
652 1388 707 1424 non
727 1378 804 1435 ente3
827 1379 866 1425 at·
905 1371 966 1441 ipso
981 1380 1085 1426 naturae
1098 1373 1201 1426 lumina
1212 1372 1246 1425 ad
1259 1372 1384 1425 notitiam
1396 1371 1448 1426 Dei
1459 1372 1586 1442 perduci,
1606 1390 1700 1429 verum

66 1466 118 1519 que
140 1450 286 1517 ejusmodi.
328 1450 552 1521 Quandoquidem
566 1450 640 1504 enim
654 1452 707 1504 ista
721 1451 772 1506 sub
796 1451 866 1521 phy·
904 1450 1280 1505 miraculaadconvertendos
1291 1450 1448 1505 idololatras
1460 1460 1488 1506 et
1495 1452 1700 1520 superstitiosos

66 1529 122 1581 sica
135 1529 250 1599 proprie
264 1546 319 1584 non
334 1530 439 1592 cadant,
451 1529 606 1584 dissertatio
618 1539 709 1585 autern
722 1530 866 1584 dialectica
904 1529 1048 1600 designata
1062 1539 1131 1594 sunt,
1146 1530 1193 1601 qui
1207 1530 1319 1584 Numen
1332 1539 1507 1600 agnoverunt,
1521 1531 1610 1586 sedin
1623 1531 1700 1587 cultu

65 1608 138 1661 eirca
151 1625 196 1671 ea,
207 1612 298 1679 magis
312 1609 348 1663 ad
361 1607 573 1679 argumentandi
591 1609 719 1675 udones,
734 1627 816 1682 quam
830 1610 865 1664 ad
904 1610 964 1676 ejus
973 1610 1147 1672 aberraruntr
1168 1611 1296 1681 quoniam
1306 1624 1362 1662 non
1373 1610 1573 1666 sullicitlumen
1585 1619 1699 1677 natura,

66 1703 156 1741 rermn
179 1688 362 1752 existentiam,
377 1690 413 1742 sit
433 1688 625 1754 accomodata;
655 1698 865 1744 cousentaneum
904 1689 958 1742 Dei
977 1689 1108 1743 voluntati
1129 1688 1306 1752 declarandas,
1321 1696 1369 1743 aut
1388 1689 1473 1744 cultui
1493 1691 1552 1758 ejus
1574 1691 1699 1761 legitimo

66 1768 178 1820 omnino
192 1775 243 1830 est,
254 1775 285 1821 ut
299 1768 359 1822 haec
373 1766 566 1838 contemplatio
577 1768 619 1837 (in
633 1785 687 1839 qua
699 1785 754 1822 non
767 1785 865 1839 parum
903 1769 1050 1837 prodendo.
1085 1768 1161 1822 Sicut
1171 1768 1244 1821 enim
1256 1768 1362 1839 opificis
1372 1770 1522 1838 potentiam
1534 1779 1561 1823 et
1571 1770 1698 1840 peritiam

66 1855 106 1899 est
119 1846 264 1917 dignitatis
277 1855 305 1901 et
326 1845 465 1912 utilitatis)
490 1847 565 1902 haud
585 1847 725 1902 deseratur
745 1865 863 1918 prorsus,
903 1847 1047 1902 ostendunt
1060 1863 1143 1917 opera
1156 1846 1221 1915 ejus,
1236 1847 1385 1918 imaginem
1400 1856 1491 1903 autem
1504 1850 1634 1912 minime;
1657 1850 1697 1904 sic

65 1925 156 1979 sedin
180 1926 356 1981 scientiarum
377 1926 566 1996 partitionibus
587 1926 747 1981 nonnullum
768 1926 865 1982 saltem
903 1942 986 1995 opera
999 1926 1053 1981 Dei
1073 1926 1222 1981 conditoris
1243 1927 1468 1996 omnipotentiam
1489 1936 1516 1982 et
1534 1928 1698 1998 sapientiam

65 2005 187 2058 inveniat
200 2004 307 2060 locum:
335 2023 429 2060 venam
443 2015 534 2059 amen
547 2006 600 2060 hoc
613 2006 791 2077 intelligimus
804 2007 864 2061 fieri
902 2006 1055 2071 ostendunt,
1068 2006 1217 2077 imaginem
1232 2006 1291 2075 ejus
1313 2006 1524 2078 haudquaquam
1538 2008 1696 2078 depingunt.

65 2084 173 2148 debere,
188 2084 271 2156 longe
294 2085 358 2149 alio,
373 2102 454 2156 quam
476 2102 530 2156 quo
550 2087 659 2139 tractari
680 2085 756 2148 solet,
773 2087 862 2140 modo.
902 2084 992 2157 Atque
1007 2085 1059 2139 hac
1072 2086 1102 2139 in
1116 2102 1155 2150 re,
1169 2085 1341 2140 ethnicomm
1354 2086 1448 2155 opinio
1462 2104 1479 2140 a
1492 2103 1569 2140 sacra
1581 2088 1697 2142 veritate

66 2163 195 2233 Exempli
209 2165 313 2235 gmtia:
335 2182 423 2229 nemo,
438 2166 485 2236 qui
498 2165 531 2219 de
544 2164 630 2219 multo
644 2170 672 2218 et
685 2180 772 2233 pauco
782 2166 865 2219 rerba
901 2165 1023 2218 recedit:
1044 2164 1087 2219 illi
1106 2164 1241 2236 siquidem
1254 2165 1385 2219 mundum
1399 2165 1551 2236 imaginem
1566 2166 1619 2219 Dei
1640 2171 1696 2219 sta·

65 2243 136 2308 lecit,
151 2244 207 2298 hoo
221 2244 288 2314 egit,
301 2252 333 2298 ut
343 2260 424 2298 causa
437 2244 571 2306 reddatur,
582 2261 631 2298 car
645 2244 701 2297 alia
714 2245 743 2298 in
757 2252 863 2310 natura,
903 2245 1024 2307 tuebant,
1037 2243 1177 2300 hominem
1200 2244 1306 2299 mundi.
1347 2244 1385 2298 At
1405 2261 1489 2299 sacra
1512 2243 1599 2299 literae
1622 2244 1697 2300 hand

65 2331 119 2377 tarn
140 2339 289 2378 numerosa
308 2330 336 2377 et
360 2323 453 2392 ampla
470 2325 531 2388 sint,
546 2331 575 2377 et
595 2339 654 2378 esse
679 2324 790 2393 possint,
809 2324 865 2378 alia
902 2323 950 2377 tali
961 2323 1063 2378 honore
1074 2323 1206 2378 mundum
1217 2324 1370 2396 dignantur,
1380 2330 1411 2377 ut
1425 2323 1478 2378 Dei
1487 2324 1593 2393 uspiam
1604 2323 1698 2394 imago

65 2411 118 2456 tam
133 2419 198 2456 rara
210 2411 240 2456 et
253 2402 377 2457 modica:
406 2402 480 2456 Nam
493 2410 567 2457 certe
580 2403 639 2456 fieri
654 2419 709 2457 non
724 2411 820 2472 potest,
835 2411 865 2459 ut
902 2402 1015 2468 dicatur,
1029 2403 1077 2457 sed
1091 2403 1259 2457 solummodo
1273 2419 1341 2472 opus
1355 2420 1486 2457 manuum
1500 2404 1574 2471 ajam
1605 2402 1696 2457 homi·

66 2483 93 2535 in
111 2499 205 2536 reram
219 2491 317 2537 natura
331 2489 407 2536 tanta
427 2483 463 2535 sit
475 2483 555 2551 copia
575 2483 642 2547 auri,
657 2490 758 2553 quanta
779 2483 862 2548 t'erri3
901 2498 966 2535 nem
992 2499 1057 2537 vero
1082 2482 1232 2552 imaginem
1258 2481 1312 2537 Dei
1340 2482 1496 2535 immediate
1519 2482 1696 2537 substituant.

65 2571 139 2615 tanta
148 2578 229 2624 rosia,
239 2569 341 2632 quauta
351 2561 495 2634 graminis;
511 2567 586 2615 tanta
597 2562 752 2632 specificati,
764 2571 865 2632 quanta
902 2561 1042 2626 Quocirca,
1052 2561 1124 2632 quod
1137 2561 1173 2616 sit
1181 2562 1264 2625 Deus,
1276 2560 1348 2632 quod
1360 2578 1453 2615 rerum
1462 2561 1584 2615 habenas
1591 2568 1695 2624 tractet,

66 2657 120 2694 non
141 2641 305 2711 specificati.
346 2639 481 2696 Similiter
499 2657 589 2704 nemo,
607 2641 655 2712 qai
675 2642 709 2695 de
732 2641 815 2696 simili
837 2650 865 2697 et
902 2641 974 2711 quod
987 2658 1093 2696 summe
1106 2641 1292 2711 potensquod
1306 2640 1416 2710 sapiens
1430 2648 1458 2694 et
1470 2641 1608 2711 prescius,
1624 2640 1696 2710 qnod

65 2720 321 2782 dirersodimeruit,
334 2719 720 2792 satisexplicavitcur,quasi
732 2728 863 2791 perpetuo
901 2721 996 2785 bonus,
1011 2722 1083 2791 qnod
1106 2728 1299 2784 remunerator,
1315 2719 1387 2790 quod
1410 2719 1519 2783 vindex,
1534 2720 1607 2789 quod
1629 2720 1695 2774 ado-

64 2800 135 2854 inter
149 2801 258 2870 species
271 2800 400 2864 diversas,
411 2800 620 2869 interponantur
632 2800 778 2871 participia
792 2819 864 2872 qua·
901 2800 1009 2865 raudus,
1021 2800 1103 2854 etiam
1118 2816 1156 2854 ex
1168 2799 1295 2869 operibus
1305 2799 1365 2866 ejus
1375 2799 1554 2852 demonstrari
1568 2805 1596 2853 et
1606 2799 1695 2853 evinci

65 2879 134 2943 dam,
149 2899 213 2952 quae
227 2887 291 2934 sunt
305 2880 407 2949 speciei
421 2880 573 2952 ambigam
603 2878 688 2934 veluti
701 2897 810 2935 muscus
824 2881 864 2933 in·
901 2886 1009 2949 potest3
1031 2887 1059 2934 et
1071 2878 1244 2932 admirabilia
1257 2876 1399 2949 complura
1413 2885 1517 2932 secreta
1530 2879 1604 2931 circa
1617 2878 1694 2932 attri-

65 2971 105 3013 ter
123 2960 301 3031 putredinem
316 2967 344 3013 et
361 2960 499 3030 plantam;
528 2961 625 3030 pisces,
641 2961 688 3031 qui
708 2959 823 3023 haerent,
836 2969 864 3014 et
900 2959 1048 3027 butaejus,
1063 2967 1090 3013 et
1104 2959 1292 3029 multomagis
1316 2958 1388 3011 circa
1406 2959 1529 3029 regimen
1543 2965 1571 3012 et
1584 2958 1694 3027 dispen-

63 3039 126 3093 loco
136 3057 194 3093 non
205 3044 359 3102 moventur,
369 3040 442 3095 inter
451 3039 573 3109 plantam
583 3049 610 3094 et
623 3039 741 3103 animab
763 3041 863 3094 sorices
901 3039 1036 3093 sationem
1059 3055 1141 3108 super
1161 3038 1325 3100 universnm,
1340 3037 1422 3092 etiam
1444 3038 1532 3092 sobrie
1548 3054 1584 3091 ex
1597 3036 1695 3091 iisdem

64 3130 89 3171 et
103 3136 203 3184 mures,
218 3128 247 3172 et
268 3118 324 3172 alia
337 3119 475 3182 nonnulla,
489 3119 561 3174 inter
574 3119 705 3173 animalia
718 3136 754 3172 ex
768 3127 861 3188 putre·
901 3117 964 3171 elici
974 3125 1000 3172 et
1010 3118 1178 3172 manifestari
1187 3124 1304 3188 queunt;
1319 3125 1413 3187 estque
1423 3116 1495 3172 istud
1505 3123 1696 3187 argumentum

63 3199 135 3261 diae,
149 3207 179 3253 et
201 3216 238 3253 ex
264 3199 371 3252 semine
395 3206 544 3270 prognata;
564 3198 773 3269 vespertiliones
792 3199 863 3253 inter
901 3197 1067 3251 anonuullis
1079 3198 1182 3251 utiliter
1196 3204 1397 3267 pertractatum.
1438 3197 1540 3251 Verum
1551 3214 1586 3250 ex
1595 3196 1696 3251 intuitu

63 3295 126 3331 ares
139 3285 167 3332 et
182 3277 374 3349 quadrupedes
386 3301 392 3340 ;
419 3281 508 3348 pisces
522 3279 646 3332 volantes
661 3278 721 3348 (qui
739 3279 798 3346 jam
811 3294 861 3331 no·
901 3293 990 3331 rerum
1005 3276 1175 3341 naturalium,
1188 3282 1268 3347 atque
1279 3276 1406 3331 humana
1420 3277 1533 3331 rationis
1545 3275 1694 3346 principiis,

62 3357 160 3411 tissimi
172 3360 250 3423 sunt)
265 3357 335 3411 inter
346 3374 410 3411 ares
420 3365 448 3411 et
458 3358 560 3428 pisces3
581 3357 678 3428 phoca
687 3357 761 3411 inter
774 3357 862 3428 pisces
900 3356 934 3409 de
947 3356 1011 3412 fidei
1025 3357 1168 3425 mysteriis,
1183 3356 1228 3410 vel
1241 3355 1405 3420 ratiocinari,
1420 3356 1463 3409 vel
1483 3356 1566 3410 etiam
1581 3356 1694 3410 suadere

62 3448 88 3489 rt
98 3437 309 3509 quadrupedem
330 3445 358 3490 et
371 3437 439 3491 alias
449 3436 616 3506 hujusmodi.
657 3436 757 3507 Neque
771 3453 862 3491 rursus
900 3435 1098 3502 uehementius,
1112 3444 1158 3491 aut
1173 3453 1265 3491 rursus
1279 3453 1313 3490 ea
1332 3436 1464 3492 curiosius
1477 3435 1653 3505 introspicere
1668 3442 1695 3489 et

62 3534 174 3571 cauum
187 3516 331 3587 indagavit
343 3517 486 3587 quispiam,
502 3534 549 3570 cur
563 3534 624 3570 cum
638 3515 741 3569 similis
762 3516 861 3570 simili·
902 3516 1040 3580 ventilare,
1052 3527 1079 3571 et
1092 3517 1125 3570 de
1140 3517 1220 3571 modo
1230 3516 1353 3586 mysterii
1363 3516 1507 3586 inquirere,
1518 3515 1592 3569 haud
1605 3521 1695 3569 tutum

9 3637 10 3642 ι
63 3598 111 3650 lars
125 3595 275 3665 gaudeant,
290 3594 391 3650 serrum
404 3596 505 3650 ferrum
518 3612 572 3649 non
587 3595 685 3659 trahat,
700 3596 772 3666 quod
784 3612 862 3666 mag·
900 3611 963 3648 meo
981 3596 1085 3664 judicio
1107 3595 1198 3650 fuerit.
1248 3602 1264 3627 “
1282 3596 1326 3649 Da
1346 3595 1409 3649 fidei
1432 3613 1493 3666 quse
1514 3595 1576 3649 fidei
1600 3594 1693 3648 sunt.''

63 3692 109 3729 nes
124 3677 300 3745 tacitamque
314 3691 410 3729 summ
422 3676 514 3745 ipsum
529 3691 632 3740 aarum,
641 3675 707 3728 licet
720 3683 863 3746 argentum
900 3675 975 3728 Nam
988 3674 1033 3729 rel
1047 3675 1158 3740 ethnici,
1172 3676 1201 3728 in
1214 3674 1312 3729 illustri
1327 3682 1354 3729 et
1368 3674 1467 3741 divina,
1481 3675 1515 3729 de
1529 3690 1611 3728 aurea
1624 3681 1696 3728 cate·

64 3756 153 3809 virum
165 3754 282 3808 alliciat.
315 3754 396 3808 Circa
407 3754 467 3809 hac
479 3761 506 3808 et
517 3753 616 3808 similia
628 3753 658 3807 in
669 3754 862 3824 disceptatione
900 3754 1066 3817 natabula,
1092 3754 1145 3807 hoc
1169 3754 1260 3824 ipsum
1282 3754 1447 3808 concedunt:
1474 3754 1574 3826 “quod
1597 3752 1695 3808 lovem

64 3834 96 3887 de
110 3832 367 3887 transcendentibus
385 3833 451 3899 illis,
465 3834 550 3888 altum
564 3840 606 3888 est
625 3831 780 3888 silentimn:
800 3850 862 3888 ora-
900 3833 934 3886 da
947 3833 1017 3887 coelo
1037 3834 1072 3887 ad
1086 3841 1172 3888 terras
1186 3833 1317 3887 deducere
1331 3850 1381 3887 nec
1395 3832 1522 3888 homines
1543 3840 1693 3903 potuerunt,

65 3913 145 3967 tionis
169 3914 245 3967 enim
269 3913 372 3981 apices,
393 3930 449 3967 non
470 3930 561 3967 rerum
583 3911 754 3976 subtilitates,
775 3914 862 3967 secuti
900 3929 951 3966 nec
965 3913 1020 3977 dii;
1051 3913 1231 3976 econtrario,
1246 3913 1316 3984 quod
1338 3912 1448 3983 Jupiter
1468 3913 1625 3983 pertrahere
1647 3929 1694 3967 eos

66 4004 124 4045 arnt
137 3993 274 4047 homines
307 3992 488 4052 Quamobrem
499 3992 595 4046 horum
607 3992 860 4057 transcendentium,
900 3991 1304 4061 potueriteterraadcoelum.”
1340 3991 1427 4053 Quare
1438 3991 1539 4046 trustra
1549 3992 1694 4057 sudaverit,

67 4074 120 4124 sire
143 4073 332 4125 conditionum
354 4072 458 4126 entium
477 4071 688 4125 adventitiamm
710 4071 862 4142 inquisitio
901 4072 948 4142 qui
969 4070 1092 4125 coelestia
1115 4070 1256 4142 religionis
1270 4087 1370 4125 arcana
1384 4079 1483 4126 nostra
1497 4071 1596 4126 rationi
1610 4071 1694 4142 adap-

67 4167 125 4205 nem
139 4168 234 4205 reram
256 4158 284 4205 et
300 4150 424 4214 solidam,
445 4151 593 4205 secundum
606 4157 711 4204 natura
730 4167 785 4204 non
807 4167 862 4205 ser·
902 4158 958 4204 tare
978 4151 1132 4204 conabitur:
1161 4150 1268 4204 decebit
1285 4150 1383 4220 potius,
1406 4159 1511 4206 mentes
1530 4158 1636 4206 nostras
1660 4151 1695 4204 ad

67 4232 150 4285 monis
172 4229 259 4301 leges,
286 4229 492 4301 philosophiam
515 4230 632 4301 primam
650 4230 774 4300 recipere
788 4229 862 4285 volu·
900 4229 1018 4284 coelestis
1031 4231 1154 4284 veritatis
1168 4230 1295 4284 thronum
1306 4229 1472 4284 adorandum
1486 4230 1620 4285 attollere.
1661 4231 1695 4283 ln

67 4324 131 4364 mus
173 4310 264 4381 litque
278 4309 312 4363 de
326 4308 503 4380 philosophia
515 4309 604 4380 prima
619 4309 688 4376 (sire
702 4310 735 4362 de
750 4309 861 4380 sophia)
901 4308 954 4363 hac
968 4310 1051 4380 igitur
1068 4319 1145 4379 parte
1160 4308 1307 4379 theologiae
1330 4308 1469 4374 naturalis,
1483 4317 1589 4363 tantum
1609 4310 1694 4375 abest,

68 4406 145 4457 qaam
159 4390 233 4443 inter
242 4388 397 4443 desiderata
405 4389 481 4444 haud
494 4389 631 4443 immerito
640 4388 791 4454 retulimus,
801 4390 862 4443 hac
901 4395 931 4442 ut
943 4389 1079 4444 delectum
1099 4388 1218 4460 aliquem
1231 4389 1381 4453 observem,
1396 4397 1425 4443 ut
1439 4406 1582 4444 excessum
1603 4388 1695 4460 potius

67 4468 135 4522 dieta
149 4469 211 4524 sint.
900 4468 1051 4538 reperiam
1074 4469 1108 4523 ad
1130 4485 1211 4540 quem
1225 4468 1426 4523 subnotandum
1439 4468 1551 4539 paulum
1576 4485 1636 4523 sum
1656 4468 1695 4522 di·

901 4563 1019 4617 grassem
1042 4554 1155 4618 propter
1180 4548 1301 4602 maxima
1322 4548 1495 4602 incommoda
1514 4555 1542 4603 et
1562 4548 1694 4619 pericula,

276 4655 401 4711 CAPUT
428 4654 651 4711 SECUNDUM·
901 4644 962 4696 quse
975 4643 1011 4681 ex
1025 4643 1058 4680 eo
1071 4635 1129 4681 tum
1151 4626 1285 4697 religioni,
1307 4633 1366 4682 tum
1384 4627 1569 4698 philosophia
1591 4628 1695 4698 impen-

900 4705 984 4769 dent;
1005 4714 1095 4776 utpote
1111 4706 1157 4777 qui
1168 4713 1196 4759 et
1210 4706 1371 4778 religionem
1381 4706 1539 4761 haereticam
1554 4707 1693 4777 procudet,

68 4776 109 4832 Dc
130 4780 267 4851 theologia
290 4779 431 4832 naturalis
458 4788 484 4832 et
506 4779 629 4833 doctrina
652 4780 685 4832 da
706 4780 814 4850 angelis
836 4787 861 4832 et
900 4792 928 4837 et
941 4784 1147 4856 philosophiam
1160 4785 1362 4856 phantasticam
1376 4794 1406 4841 et
1419 4787 1645 4857 superstitiosam.
1747 4830 1757 4849 ,

160 4859 331 4929 spiritibius
352 4876 412 4929 qiua
426 4859 546 4927 ejusdem
559 4869 598 4913 est
613 4860 761 4930 appendia.
940 4864 1024 4918 Sacas
1037 4872 1088 4929 est,
1102 4865 1174 4934 quod
1190 4865 1225 4918 ad
1244 4865 1404 4937 angelorum
1423 4875 1450 4919 et
1463 4866 1605 4936 spirituum
1620 4876 1695 4919 natu·

900 4961 959 4998 ram
970 4943 1085 5008 attinet;
1107 4961 1167 5014 quaa
1181 4960 1231 4997 nec
1246 4943 1429 4998 inscrutabilis
1443 4955 1491 5009 est,
1505 4962 1555 4999 nec
1569 4943 1694 4998 interdic·

103 5014 272 5071 Coaaocsrs
291 5016 378 5087 igitur
391 5033 441 5070 sua
462 5016 567 5070 insede
588 5018 725 5071 communi
739 5017 862 5071 scientia-
900 5031 940 5087 ta;
963 5024 1095 5092 adquam
1114 5023 1204 5086 etiam,
1219 5041 1255 5077 ex
1273 5023 1412 5089 affinitate,
1426 5042 1508 5095 quam
1527 5023 1612 5076 hahet
1632 5039 1695 5077 cum

66 5111 125 5149 rnrn
148 5104 269 5164 parente,
294 5096 383 5150 instar
404 5095 597 5164 Berecynthia
620 5103 695 5149 tanta
719 5097 862 5168 gaudentis
900 5100 1129 5165 animahumana,
1141 5101 1231 5156 aditus
1242 5119 1342 5174 magna
1353 5113 1474 5173 exparte
1485 5101 1694 5170 estpatelactus.

65 5172 167 5228 eclam
182 5174 290 5239 sobole3
900 5180 1031 5249 Praempit
1051 5188 1123 5235 certe
1145 5180 1228 5236 Sacra
1242 5182 1399 5252 Scriptura;
1422 5188 1438 5213 “
1451 5182 1542 5236 Nemo
1555 5197 1604 5233 ros
1624 5180 1696 5234 deci·

900 5260 958 5328 piat
968 5260 997 5313 in
1007 5258 1170 5314 sublimitate
1182 5277 1344 5325 sermonum,
1351 5269 1378 5315 et
1386 5259 1694 5330 religioneangelomm,

899 5340 1025 5407 ingerens
1039 5354 1068 5391 se
1082 5339 1111 5392 in
1126 5356 1167 5402 ea,
1178 5357 1240 5411 quse
1252 5358 1308 5394 non
1322 5341 1423 5394 novit.”
1464 5337 1593 5393 Attamen
1608 5339 1630 5392 si
1641 5338 1695 5392 hoc

69 5424 234 5471 avertamur
247 5417 283 5471 ad
300 5416 473 5486 partitionem
487 5414 562 5469 illam
578 5417 658 5472 trium
672 5417 860 5487 philosophia·
900 5418 1031 5472 monitum
1046 5417 1192 5487 diligenter
1212 5420 1372 5489 perpendas,
1386 5419 1440 5470 duo
1459 5417 1594 5472 duntaxat
1613 5419 1641 5472 in
1663 5435 1696 5472 eo

69 5496 252 5561 munditiae,
266 5495 406 5559 naturalis,
418 5504 447 5549 et
461 5495 595 5550 humana.
635 5498 709 5551 Nam
723 5496 862 5567 theologia
898 5497 983 5551 vetita
996 5499 1133 5567 reperies,
1153 5498 1337 5552 adorationem
1352 5495 1562 5566 scilicetqunlis
1576 5498 1637 5553 Deo
1651 5499 1696 5552 de-

143 5294 158 5315 ‘⁴
169 5290 259 5338 Omnes
270 5289 396 5339 cahcolas.
407 5304 488 5336 omnes
498 5304 583 5350 supera
592 5291 641 5338 alta
650 5294 788 5351 tenentcs;”
