3800 5875
223 329 281 384 sta
784 326 968 383 HISTORIA
987 327 1104 384 hunsl
1123 327 1172 384 ET
1193 325 1296 383 ltaltt.

222 487 289 542 mini
311 503 355 542 mc
378 486 519 559 reliquisse
539 502 620 540 orum
642 489 719 556 (post
737 483 938 554 exsuctiouem)
958 503 1021 541 cera
1058 487 1160 542 tionem
1173 486 1321 541 multarum
1333 481 1487 538 literarum:
1508 481 1581 553 quod
1595 485 1622 534 et
1635 477 1668 531 tt
1681 494 1733 549 per
1745 475 1857 548 penicrl
1882 491 1883 548 ι

223 567 377 622 obturatum
391 584 441 638 per
454 565 527 620 diem
546 566 691 636 integrum,
710 571 741 619 ut
759 566 907 636 experirer,
928 566 951 621 ai
971 582 1021 637 per
1059 566 1161 621 lumin
1175 563 1501 637 pigmentiaetvernice.

223 662 327 700 moram
340 645 417 700 illam
434 647 508 715 (qum
521 644 1020 716 cemenimisbreviseratadexperi-
1098 645 1125 700 5.
1147 645 1249 700 Crocus
1274 644 1304 699 in
1330 658 1415 714 parva
1440 640 1591 713 qumtitate
1613 652 1746 709 magnam
1773 635 1856 690 inlicit
1882 657 1883 724 ι

221 733 343 780 mentum
354 726 469 794 justum)
484 723 533 780 aer
541 723 670 778 dilatatus
681 725 729 795 figi
739 732 839 795 posset,
850 741 900 780 nec
914 735 1021 779 curaret
1060 725 1239 796 quantitatem
1253 740 1340 793 aquas.
1882 727 1883 760 l

222 803 256 859 de
271 805 449 869 restitutione,
464 812 494 858 ut
507 803 579 858 titia
592 803 852 874 becuhsetpannis.
894 804 948 860 Sed
958 822 1020 859 cum
1098 805 1188 875 Atque
1219 802 1253 858 de
1285 800 1496 864 dilatationibus,
1530 805 1560 852 et
1585 812 1660 851 rare·
1711 845 1836 889 m

222 883 363 939 tolleretur
384 900 454 947 cera,
476 898 548 954 aqua
571 882 690 937 intrabat
713 892 744 937 ut
767 884 858 953 priusr
888 884 973 938 etiam
996 885 1020 938 si
1058 883 1229 948 honoribus,
1242 889 1272 937 ct
1284 881 1418 952 aperturis
1431 894 1581 949 corporum,
1596 875 1659 931 hac
1882 881 1883 898 ¹

222 979 303 1018 orum
316 962 471 1034 appositum
485 962 631 1018 fuissetad
649 977 751 1029 amem,
766 962 814 1018 air
829 979 915 1018 novus
934 964 1020 1018 intra·
1057 962 1189 1035 inquisita
1215 969 1305 1016 sunto.
1350 960 1479 1030 Superest
1503 958 1564 1026 jam
1591 964 1622 1010 ut
1648 955 1683 1008 de
1715 951 1855 1008 emendis

221 1050 265 1098 rat
277 1059 337 1098 cum
352 1042 439 1097 sibilo.
1058 1042 1209 1096 senonibus
1222 1041 1305 1096 simili
1326 1039 1470 1111 diligentia
1487 1036 1679 1109 inquiramusr
1708 1033 1738 1087 id
1757 1041 1809 1098 est,
1824 1031 1854 1084 de

262 1122 290 1177 6.
311 1123 348 1177 tt
361 1120 469 1192 qualem
482 1120 690 1175 rarefactionem
700 1136 772 1193 aqua
782 1121 922 1187 sustineat,
934 1121 1021 1192 possit
1057 1120 1292 1186 contractionibus,
1317 1128 1345 1173 et
1370 1115 1634 1180 condensationibus,
1664 1119 1694 1167 et
1723 1111 1854 1167 clausuris

221 1201 291 1256 forte
304 1200 357 1255 hoc
372 1201 453 1255 modo
465 1199 642 1271 deprehendi.
684 1200 892 1270 Accipelolles:
913 1200 1019 1255 attrahe
1059 1216 1212 1271 corporum.
1253 1199 1340 1260 Qam
1360 1206 1466 1269 partem
1484 1196 1574 1250 visam
1587 1202 1632 1249 eet
1651 1208 1777 1247 seorsum
1790 1199 1854 1245 trae

221 1297 329 1352 aquam,
344 1289 475 1351 quantum
488 1279 603 1350 impleat
621 1295 716 1334 cavum
730 1279 855 1336 tollium:
876 1296 965 1351 neque
979 1289 1019 1334 ta·
1060 1288 1125 1345 tare,
1140 1296 1174 1334 eo
1186 1276 1292 1350 magis,
1315 1278 1388 1349 quod
1408 1293 1462 1331 non
1482 1291 1577 1330 omnes
1598 1272 1724 1327 actiones
1745 1288 1784 1326 ex
1805 1270 1853 1325 hac
1882 1283 1883 1328 l

220 1376 285 1414 meu
302 1359 379 1414 elesa
393 1359 472 1416 folles
485 1359 520 1412 ad
534 1376 679 1424 summum,
694 1358 743 1413 sed
758 1360 837 1429 quasi
855 1360 891 1413 ad
909 1358 1019 1413 dimidi-
1057 1368 1135 1430 parte
1149 1358 1376 1429 sintreciprocae3
1397 1357 1444 1412 sed
1463 1353 1601 1409 nonnullas
1614 1368 1712 1407 earum
1733 1350 1852 1422 qrrclrim
1882 1379 1883 1456 p

220 1456 277 1494 nm.
329 1438 436 1494 Deinde
453 1439 570 1493 ,obstrue
591 1437 679 1503 tofles,
700 1446 728 1492 et
744 1438 922 1493 nihilominus
942 1439 1020 1493 eleva
1058 1448 1086 1492 et
1103 1455 1152 1510 per
1170 1454 1200 1493 se
1222 1436 1400 1508 expucaudae.
1450 1435 1551 1499 Etiam,
1573 1431 1702 1504 quamvis
1723 1430 1853 1485 connum
1882 1459 1883 1486 ι

222 1535 270 1573 eos
284 1517 432 1590 paulatim
454 1526 482 1573 et
496 1518 897 1590 videbis,quatenusistaaqua
910 1526 1020 1588 recepta
1057 1519 1161 1572 ratione
1184 1517 1367 1580 consentiant;
1396 1523 1489 1570 tamen
1509 1514 1540 1568 iu
1563 1511 1762 1583 experimmia
1777 1508 1852 1564 valde
1882 1495 1883 1586 l

221 1613 252 1653 ss
272 1597 381 1653 dilatari
404 1597 528 1669 patiatur.
569 1595 625 1652 tut
645 1597 728 1652 etiam
749 1614 799 1668 per
820 1597 948 1664 fistulam,
972 1605 1019 1652 aut
1057 1598 1173 1652 diversis
1186 1596 1392 1667 investigantur,
1406 1602 1435 1649 et
1448 1611 1478 1650 se
1491 1591 1688 1663 conspicienda
1700 1590 1828 1661 μύει
1882 1591 1883 1664 l

221 1678 370 1750 syringam,
390 1675 496 1731 attrahe
513 1676 639 1731 nonnihil
659 1694 755 1748 aquoer
779 1677 876 1731 deinde
895 1678 1019 1732 foramen
1097 1676 1207 1731 Actioni
1229 1675 1394 1729 dilamtionis
1417 1690 1467 1745 per
1486 1671 1718 1741 introcepticnem
1737 1667 1850 1739 corperis
1882 1729 1883 1740 χ

222 1758 327 1822 obtura,
341 1764 369 1811 et
381 1756 518 1812 embolum
531 1756 620 1811 adbuc
633 1757 766 1827 paulatim
779 1757 895 1811 attrahe.
1057 1755 1141 1810 alieni
1148 1757 1287 1826 reciproca
1295 1754 1414 1809 cstactio
1419 1751 1612 1809 contractionis
1622 1765 1675 1821 per
1684 1748 1850 1804 madmena

459 1835 589 1906 Suspicor
616 1835 699 1890 etiam
726 1836 785 1890 fleri
817 1835 1018 1890 distractionem
1058 1847 1106 1890 aut
1119 1835 1325 1906 expressionem
1337 1834 1459 1906 corporis
1472 1830 1574 1887 alieni:
1594 1830 1691 1902 itaque
1705 1827 1847 1899 decepti·
1882 1849 1883 1888 l

372 1898 393 1930 ⁰⁸
419 1915 529 1984 spiritus
542 1931 621 1985 aquoe
640 1913 670 1968 in
690 1914 949 1985 conglaciationem;
972 1914 1020 1969 sed
1058 1932 1104 1970 mo
1117 1922 1158 1970 est
1170 1914 1371 1985 inquirendum.

222 1993 329 2048 subtilis
342 2000 384 2048 est
397 1991 479 2061 hujus
493 1993 533 2047 rei
547 1993 625 2047 ratio.
668 1993 768 2055 Primo,
789 2011 837 2063 pro
857 2004 932 2049 certo
952 1995 1018 2064 poni

222 2073 318 2142 possit,
332 2071 362 2126 in
376 2073 451 2127 omni
463 2073 620 2127 excoctione
641 2073 721 2145 (puts
740 2072 799 2138 luti,
813 2090 875 2127 cum
896 2076 966 2127 fiunt
978 2075 1019 2127 la·

223 2160 295 2205 teres
308 2159 337 2206 et
347 2152 454 2222 tegulae,
462 2159 560 2206 crustas
571 2151 658 2223 panis,
669 2152 846 2220 etsimilium)
855 2154 973 2207 multum
983 2170 1021 2208 ex
1882 2177 1883 2220 ι

222 2232 396 2302 pneumatieo
413 2232 534 2301 corporis
547 2230 685 2296 exhalare,
700 2240 728 2285 et
741 2231 856 2296 evolare,
874 2236 918 2303 (ut
937 2233 1020 2303 paulo
1099 2228 1125 2282 l.
1149 2227 1285 2285 eorsum
1297 2228 1441 2284 instantias
1454 2227 1488 2282 de
1502 2221 1850 2293 dilatationihnsperintro·
1882 2223 1883 2300 l

222 2318 284 2380 post
307 2310 540 2379 monstrabimus)
563 2319 645 2381 atque
668 2310 733 2365 inde
755 2313 908 2366 necessario
932 2313 1019 2383 sequi,
1057 2307 1220 2378 ceptionem,
1239 2316 1268 2364 et
1287 2324 1395 2380 oppone
1413 2307 1471 2361 illis
1489 2305 1600 2361 easdem
1620 2304 1767 2360 inmun
1783 2308 1851 2373 pcat-
1882 2313 1883 2384 ι

222 2395 350 2460 utpartes
360 2390 505 2444 crassiores
516 2407 565 2461 per
574 2398 677 2445 motum
687 2407 775 2445 nexus
785 2408 883 2461 magna
895 2408 931 2445 ex
943 2401 1019 2463 parte
1058 2403 1140 2457 quam
1158 2387 1330 2444 dilatationes
1352 2386 1519 2444 resederintr
1548 2386 1579 2439 in
1599 2384 1648 2439 his
1669 2381 1850 2455 intelligimus,
1882 2389 1883 2456 ξ

223 2469 301 2539 (nam
311 2476 352 2523 est
366 2476 395 2523 et
408 2469 478 2524 alius
490 2478 586 2534 mutus,
597 2469 630 2525 de
642 2486 696 2541 quo
708 2487 779 2525 nunc
794 2488 884 2525 sermo
896 2488 951 2525 non
966 2470 1019 2542 est)
1057 2465 1104 2520 ubi
1118 2466 1198 2521 datur
1210 2468 1339 2523 residere.
1882 2461 1883 2532 l

223 2564 253 2602 se
268 2548 435 2603 contrahant
476 2550 550 2603 Nam
565 2549 673 2604 sublato
693 2550 797 2620 spiritu,
811 2567 862 2605 nec
884 2550 939 2605 alio
960 2568 1020 2605 cor·
1098 2545 1126 2600 2.
1147 2546 1262 2601 Metalla
1284 2562 1353 2619 pura
1376 2553 1406 2601 ct
1424 2544 1553 2617 perlecta,
1575 2541 1644 2598 licet
1665 2541 1751 2597 variis
1770 2539 1849 2595 modis

221 1887 371 1931 Cmnmentati

1071 2053 1307 2096 consummans
1328 2052 1386 2092 aaa
1404 2049 1581 2091 mserum
1601 2048 1661 2089 aar
1681 2046 1838 2088 cmmemo-
1882 2031 1883 2124 l

1242 2134 1307 2173 aaa
1326 2131 1465 2173 coarctus
1485 2128 1673 2169 rrraocaerr.
1882 2135 1883 2174 ι

131 2626 133 2630 ’
223 2643 289 2698 pore
302 2628 383 2683 t'aeile
396 2628 572 2693 subintrante,
583 2646 618 2683 ne
630 2629 707 2684 detur
720 2646 834 2684 vacuum
850 2632 894 2700 (ut
906 2629 1021 2701 loquun·
1059 2632 1191 2680 vexentur
1201 2633 1229 2681 et
1234 2625 1389 2691 alterantur,
1401 2625 1468 2681 utin
1476 2621 1727 2688 wbllmssfiffiibfflr
1733 2620 1849 2694 llfflssilfi·

223 2704 279 2776 tur)
293 2708 425 2763 inlocum
439 2707 525 2773 illum,
541 2725 621 2779 quern
636 2710 805 2778 occupabant
826 2710 944 2779 spiritus,
959 2727 1020 2764 suc·
1059 2704 1214 2771 talionibus,
1236 2705 1454 2778 malagmatibub
1478 2701 1718 2767 dlfl⁸⁰l¹¹fi⁰¹fibl¹⁸=
1742 2699 1848 2755 ffildm·
1882 2703 1883 2760 l

118 2843 119 2846 ,
223 2787 321 2842 cedunt
342 2795 448 2859 partem
469 2788 541 2841 unde
562 2788 592 2842 fit
612 2786 661 2842 illa
676 2789 790 2843 durities
811 2797 840 2843 et
862 2789 1019 2843 contractio.
1058 2784 1183 2851 tionibus,
1194 2792 1222 2839 et
1233 2785 1404 2856 hujusmodi3
1419 2792 1510 2839 tamen
1522 2786 1633 2852 (natura
1644 2779 1849 2836 metallicamm

223 2865 329 2922 Eadem
341 2884 451 2939 prorsus
464 2867 575 2932 ratione,
595 2868 643 2922 sed
656 2868 738 2923 modo
757 2869 900 2933 contrario,
914 2869 1020 2924 videmr
1058 2863 1121 2918 aliis
1134 2865 1292 2935 corporibus
1305 2881 1361 2920 non
1374 2865 1443 2919 bene
1456 2862 1647 2931 conveniente)
1662 2861 1816 2933 perignem
1826 2865 1849 2912 et

223 2948 378 3003 necessario
390 2948 476 3019 sequi,
488 2956 518 3001 ut
530 2948 640 3018 spiritus
654 2948 684 3002 in
697 2948 912 3020 conglaciatione
926 2950 1021 3005 distra-
1059 2944 1249 3000 conflationem
1273 2946 1432 3018 plemmque
1457 2943 1644 3007 restituuntur,
1668 2948 1697 2997 ei
1722 2946 1848 2996 'trium‘

223 3026 333 3083 hautun.
373 3027 483 3082 Etenim
497 3036 589 3098 partes
599 3027 744 3083 crassiores
757 3045 808 3100 per
820 3029 906 3100 fn'gus
916 3036 1021 3083 contra·
1058 3025 1088 3078 in
1102 3041 1200 3096 corpus
1215 3025 1294 3096 quale
1316 3025 1399 3097 prius
1440 3022 1491 3078 Est
1507 3030 1598 3078 autem
1617 3020 1849 3077 condmsatioists
1882 3036 1883 3065 ι

223 3104 342 3173 huntur3
368 3107 460 3179 itaque
483 3107 644 3179 relinquitur
664 3107 775 3179 aliquod
793 3108 912 3179 spatium
935 3109 1021 3176 (intra
1058 3104 1149 3159 minus
1176 3121 1249 3170 vera,
1274 3106 1337 3177 quia
1364 3105 1554 3159 videturesse
1578 3100 1652 3156 nihil
1675 3099 1752 3156 alind
1778 3115 1848 3171 qnam
1882 3092 1883 3173 l

223 3186 342 3242 daustra
362 3187 495 3258 corporis)
520 3186 720 3258 ocerrpandum:
752 3188 824 3242 unde
843 3188 973 3259 sequitur,
997 3189 1020 3243 ai
1059 3184 1169 3239 emissio
1182 3190 1211 3238 et
1223 3185 1346 3240 exclusio
1360 3183 1442 3250 aiiris,
1455 3181 1709 3255 quiscmiscuerat,
1719 3188 1849 3250 antequa
1882 3186 1883 3203 ¹

224 3266 299 3321 aliud
314 3283 411 3337 corpus
424 3283 480 3321 non
495 3267 628 3333 succedat,
642 3274 673 3322 ut
689 3266 801 3337 spiritus
814 3267 1021 3338 praeinexistens
1060 3266 1128 3327 rum,
1148 3263 1179 3318 in
1202 3265 1299 3334 quibus
1319 3263 1453 3319 dissoluta
1472 3268 1557 3328 erant,
1579 3261 1615 3315 ad
1635 3261 1699 3326 hoc,
1717 3268 1749 3316 ut
1767 3266 1848 3331 partes
1882 3254 1883 3291 l

224 3363 274 3416 per
287 3354 391 3401 motum
404 3363 492 3400 nexus
506 3346 672 3401 distrahatur
685 3353 798 3410 tantum,
814 3354 944 3419 quantum
959 3363 1021 3417 par·
1059 3343 1319 3415 geuuinaecorporis
1332 3343 1435 3399 mctalli
1449 3358 1541 3397 rursus
1555 3341 1630 3395 coire
1649 3340 1764 3411 possint
1800 3338 1849 3392 Nc·

225 3434 266 3481 tes
279 3426 426 3481 crassiores
439 3425 643 3482 contrahantur.
686 3424 757 3481 Sane
771 3426 800 3480 id
813 3426 980 3497 conspicitur
992 3427 1022 3481 iu
1061 3439 1113 3493 quc
1137 3430 1230 3478 tamea
1254 3423 1366 3479 dubium
1386 3430 1435 3488 est,
1457 3422 1523 3493 quin
1542 3437 1643 3492 corpus
1666 3419 1750 3492 longe
1770 3419 1848 3474 minus

225 3505 323 3577 glacie,
338 3505 410 3578 quod
421 3520 518 3575 corpus
531 3506 645 3560 interius
659 3505 786 3560 reddatur
798 3506 939 3571 rimosum,
949 3522 1022 3561 crus-
1060 3501 1179 3572 spatium
1201 3509 1314 3572 occupet
1334 3519 1417 3576 qusm
1440 3501 1524 3573 prius,
1546 3500 1595 3556 sed
1617 3499 1734 3555 minime
1755 3497 1849 3553 ridetur

226 3584 351 3651 tulatum,
365 3592 392 3640 et
406 3601 502 3656 parurn
517 3592 665 3649 tumescat,
687 3585 812 3656 quodque
832 3585 894 3656 ipsa
909 3585 1021 3658 glacies,
1060 3581 1168 3636 densari
1190 3582 1351 3638 substantia.
1391 3581 1481 3654 Atque
1501 3580 1562 3635 haec
1586 3587 1712 3651 potestas
1735 3579 1848 3640 clarium,
1882 3590 1883 3595 ’

224 3682 280 3721 non
301 3666 425 3720 obstante
447 3664 550 3735 insigni
571 3664 689 3736 partium
708 3665 900 3731 contractione,
925 3665 962 3720 ait
980 3665 1022 3737 (in
1061 3680 1123 3732 quas
1146 3661 1286 3732 aperitet
1309 3662 1418 3727 claudit,
1439 3661 1515 3733 riget
1536 3661 1659 3715 maxime
1682 3660 1712 3714 in
1735 3656 1848 3714 meanis

224 3744 295 3815 toto)
309 3744 395 3800 levior
408 3760 490 3816 quam
499 3744 561 3814 ipsa
574 3761 660 3815 aqua:
680 3744 762 3815 idque
775 3745 928 3800 dilatationi
938 3761 1023 3816 pneu-
1060 3741 1152 3795 Etiam
1166 3740 1277 3795 metalla
1290 3742 1406 3813 impura,
1421 3747 1450 3795 et
1468 3740 1731 3810 marcaaitmatque
1751 3738 1849 3793 minen

225 3825 318 3880 matici
332 3824 431 3879 merito
440 3824 551 3878 attribui
565 3824 659 3893 possit
1060 3820 1239 3886 metallorum,
1263 3821 1359 3876 eodem
1381 3820 1462 3876 modo
1486 3820 1664 3891 (perignem
1686 3816 1848 3889 congregatis
1882 3826 1883 3861 t

461 3903 666 3958 Transeundum
680 3904 715 3957 ad
728 3902 901 3959 dilatationes
915 3921 965 3975 per
977 3905 1023 3959 de·
1061 3900 1183 3970 partibus
1196 3900 1382 3973 homogcneis,
1395 3909 1424 3955 et
1437 3900 1538 3955 emissa
1557 3907 1585 3954 et
1598 3898 1713 3954 exclusa
1727 3898 1848 3961 sconart

350 3965 371 3998 ⁰·
422 3983 635 4048 acervationemr
671 3983 786 4054 quando,
815 3983 925 4050 scilicet,
951 3984 1024 4057 quod
1061 3980 1259 4051 purgamentis)
1274 3981 1447 4052 depurantur.
1488 3979 1599 4034 Etenim
1619 3995 1700 4033 omne
1722 3975 1848 4033 memllun

183 4090 186 4095 >
227 4069 287 4117 erat
299 4060 466 4117 cumulatum
479 4071 507 4117 et
516 4070 679 4127 auersatum,
691 4063 721 4115 tit
731 4062 915 4133 applanatum.
959 4064 1023 4119 lstoe
1061 4076 1159 4129 purum
1174 4059 1282 4115 densius
1296 4067 1338 4115 est
1350 4068 1379 4115 et
1391 4059 1568 4132 ponderosius
1580 4059 1699 4129 impuro.

226 4149 318 4197 autern
327 4140 498 4196 dilatationes
508 4160 558 4213 pro
565 4141 881 4212 pseudodilatationibus
889 4142 1024 4198 habendas
1101 4138 1128 4193 3.
1150 4137 1194 4193 Ad
1209 4140 1298 4211 magis
1311 4149 1414 4194 arctam
1434 4148 1525 4195 autem
1539 4138 1781 4193 condensationern
1797 4150 1846 4189 me·

227 4226 304 4286 sunt,
325 4219 447 4277 dilatatio
464 4221 538 4277 enim
557 4223 587 4276 fit
599 4222 629 4276 in
648 4223 770 4292 positura
784 4223 909 4293 partium,
925 4238 981 4277 non
994 4222 1024 4277 in
1061 4217 1187 4273 tallorum
1201 4218 1275 4285 iacit,
1289 4220 1312 4274 si
1326 4218 1438 4274 metalla
1447 4218 1547 4289 saepius
1558 4218 1627 4283 fusa,
1637 4213 1847 4287 samariaeque

228 4300 380 4355 substantia
394 4302 523 4372 corporis.
565 4301 706 4373 Siquidem
720 4318 819 4374 corpus
833 4311 925 4356 manet
937 4302 967 4356 in
981 4319 1025 4357 ea·
1062 4298 1271 4364 exanceastre,
1292 4299 1364 4354 unde
1385 4298 1474 4371 magis
1495 4295 1845 4363 obstinataliunt,etindu·

228 4379 291 4433 dena
303 4378 438 4434 densitate
459 4381 632 4445 substantiam
654 4381 702 4435 sed
723 4382 838 4452 figuram
859 4381 1025 4438 nanciscitur
1062 4386 1179 4433 rescunt.
1221 4378 1319 4433 Utrum
1334 4395 1399 4433 vero
1412 4379 1530 4450 pondere
1549 4377 1611 4449 ipso
1630 4384 1788 4448 augeantur,
1805 4389 1846 4445 pto

228 4457 388 4530 ampliorem
402 4459 431 4513 in
444 4461 593 4529 superficie,
607 4462 739 4516 minorem
752 4460 782 4515 in
795 4459 990 4532 profunditate.
1063 4458 1167 4512 ratione
1181 4457 1305 4523 dimensi,
1320 4458 1453 4513 hactenus
1472 4474 1528 4512 non
1547 4464 1662 4512 constat.
1704 4456 1747 4512 De
1766 4452 1846 4510 eota

1063 4537 1293 4608 experimentum.
1335 4538 1424 4609 Atque
1444 4537 1498 4593 ista
1516 4536 1655 4592 induratio
1669 4536 1759 4607 magia
1770 4532 1845 4588 adhuc

1063 4623 1189 4687 potenter
1207 4615 1238 4671 fit
1258 4634 1308 4689 per
1327 4618 1436 4673 crebras
1450 4617 1597 4672 solutiones
1618 4622 1646 4671 et
1666 4614 1844 4673 restitutiones

273 4692 298 4747 l.
321 4691 433 4748 Ausum
442 4710 493 4763 per
502 4694 705 4751 malleationem
717 4696 745 4750 in
756 4698 918 4752 immensum
930 4696 1025 4750 dilata
1064 4712 1145 4767 quarn
1165 4712 1214 4767 per
1234 4695 1355 4752 iunones
1375 4705 1403 4752 st
1426 4696 1616 4752 extinctiones.
1668 4692 1844 4767 Inquirenduu
1882 4754 1883 4763 χ

229 4781 281 4840 tur,
295 4779 327 4827 ut
338 4772 368 4825 in
381 4789 447 4826 auro
461 4772 556 4828 foliato
568 4797 574 4840 ς
596 4775 664 4830 item
682 4793 732 4847 per
754 4777 973 4842 discretionem,
995 4783 1026 4830 ut
1066 4775 1148 4830 etiam
1163 4784 1212 4840 est,
1224 4775 1253 4830 in
1268 4776 1343 4847 quali
1356 4793 1465 4849 genere,
1475 4783 1524 4831 sut
1536 4776 1657 4831 mixtura
1671 4771 1844 4846 aquarumin·
1882 4798 1883 4801 ¹

229 4854 259 4908 in
282 4851 420 4924 argenteis
444 4850 496 4906 filis
515 4853 662 4910 inauratis:
690 4857 824 4910 mentatio
847 4857 921 4911 enim
945 4855 975 4909 tit
996 4855 1026 4910 in
1064 4856 1207 4910 durescant
1220 4856 1317 4926 magis.

230 4948 320 4988 massa
332 4939 478 5003 antequam
492 4931 664 4988 distrahatur.
1102 4935 1132 4989 4.
1156 4935 1340 5004 Reperiuntur
1354 4944 1445 4990 tamen
1458 4934 1533 4992 modi
1551 4933 1785 4991 mortificationum
1800 4944 1844 4983 nt·
1882 4942 1883 4975 t

271 5013 298 5068 2.
320 5012 471 5082 Argentum
485 5011 569 5067 etiam
582 5013 611 5066 fit
625 5013 756 5079 foliatum,
773 5014 839 5070 licet
852 5032 906 5069 non
920 5014 955 5069 ad
969 5022 1026 5068 tam
1065 5012 1199 5079 tallorum,
1223 5014 1251 5068 id
1271 5022 1320 5080 est,
1335 5014 1558 5086 prohibitionum,
1579 5031 1614 5069 ne
1638 5031 1700 5068 cum
1723 5011 1844 5066 solutast
1882 4978 1883 5049 l

232 5091 396 5164 exquisitam
408 5090 565 5146 tenuitatem
579 5109 660 5164 quam
673 5111 777 5149 aurum.
821 5094 940 5166 Reliqua
958 5111 1026 5165 quo·
1064 5102 1158 5164 aperta
1171 5094 1280 5159 fuerint,
1294 5095 1478 5150 restituantur.
1521 5094 1552 5147 ld
1569 5094 1689 5149 maxime
1704 5087 1843 5146 seruitutis
1882 5100 1883 5157 l

232 5187 285 5242 quc
299 5169 409 5226 metalla
422 5171 684 5241 permalleationem
698 5173 845 5229 dilatantur
859 5176 888 5228 iu
903 5175 1026 5228 bracteo·
1065 5184 1179 5245 argento
1198 5173 1274 5237 viu03
1306 5175 1385 5245 quod,
1405 5174 1429 5228 si
1449 5181 1557 5228 strenue
1580 5173 1717 5237 tundatur,
1740 5178 1766 5225 et
1786 5168 1844 5220 iuter
1882 5184 1883 5249 ι

231 5249 274 5306 las
287 5259 314 5305 et
326 5250 450 5305 lamellas
463 5258 567 5306 tenues.
1065 5253 1231 5307 tundendum
1245 5253 1382 5322 injiciatur
1392 5270 1488 5325 parum
1503 5252 1701 5315 terebinthina,
1711 5246 1845 5304 autsalirae
1882 5254 1883 5259 ’

272 5329 299 5384 3.
321 5329 398 5395 Cera,
412 5339 440 5385 et
451 5329 619 5400 hujusmodi,
630 5341 796 5402 premuntur,
810 5340 838 5387 et
847 5332 985 5405 finguntur
998 5333 1027 5387 in
1065 5331 1192 5397 hominis,
1214 5341 1260 5387 aut
1280 5332 1380 5403 butyri,
1401 5332 1579 5387 mortificatur
1599 5338 1740 5402 argentum
1758 5328 1844 5383 vitum.

235 5398 411 5462 oblinimenta
424 5410 524 5466 tenuia
1065 5420 1093 5465 et
1106 5410 1273 5467 nanciscitur
1286 5413 1484 5468 aversationem
1498 5420 1528 5467 et
1541 5412 1677 5468 fastidium
1692 5409 1726 5464 ad
1737 5424 1765 5463 se
1777 5402 1845 5461 mu

273 5489 301 5540 4.
323 5486 407 5541 Gutta
421 5489 564 5546 atramenti
578 5490 606 5545 in
620 5488 724 5545 calamo
743 5487 869 5545 dilatatur
882 5490 917 5544 ad
931 5507 1028 5546 exara·
1065 5491 1203 5546 tuendum.

346 4597 550 4640 Dtmartortaa
571 4602 624 4641 PER
644 4601 907 4641 nncaavaatottatt.
