3800 5875
491 305 629 361 caetra
651 306 922 363 HISTORIARUM
943 307 1275 365 PARTICULARIUM.
1637 310 1695 366 509

86 464 114 518 8.
137 462 261 519 1111101111
272 463 394 527 nubium,
408 474 490 534 prout
502 481 619 535 superne
632 465 843 536 conspiciuntur.
902 463 950 527 27.
973 467 1095 520 Historia
1109 468 1214 537 argenti
1225 466 1289 521 vivi.

87 545 115 597 9.
137 543 264 598 Historia
281 544 458 614 expansionis
472 544 604 607 craruleae,
618 545 791 614 crespusculi,
806 545 863 616 plu-
902 544 949 599 28.
972 545 1095 599 Historia
1110 545 1257 611 fossilium;
1278 543 1362 600 veluti
1377 546 1487 612 vitrioli,
1502 556 1531 603 et
1548 549 1694 619 sulphuris,

184 622 256 676 rium
284 622 391 687 solium,
415 623 534 693 plurium
563 622 697 687 lunarum,
725 623 861 688 lanionum,
1020 633 1071 679 etc.

185 700 307 756 colorum
313 703 448 756 variorrrm
460 702 525 757 solis
536 710 562 756 et
573 702 662 766 lnnae3
683 710 765 773 atque
775 703 862 757 omnis
901 700 948 756 29.
971 703 1094 759 Historia
1108 720 1294 774 gemmarum
1315 703 1399 758 veluti
1420 705 1580 772 adamantis,
1595 709 1693 773 rubini,

185 781 326 836 varietatis
352 782 505 836 caelestium
526 782 561 837 ad
581 789 729 852 aspectum,
749 798 810 852 qua
830 784 862 835 tit
1018 790 1069 837 etc.

182 860 289 915 ratione
304 860 396 916 medii.
900 859 947 914 30.
970 860 1093 915 Historia
1112 861 1249 930 lapidum3
1270 870 1301 916 ut
1315 862 1465 927 marmoris,
1479 861 1579 934 lapidis
1601 867 1691 937 Lydii,

67 938 113 993 10.
135 938 417 1009 Historiaplnviamm
429 939 632 1003 ordinariorum,
642 939 860 1009 procellosam,
1017 941 1109 1004 silicis,
1124 950 1174 994 etc.

184 1027 213 1073 et
227 1020 461 1090 prodigiosarum,
482 1020 768 1073 etiamcataractarum
780 1022 861 1090 (quas
899 1018 946 1073 31.
970 1019 1092 1073 Historia
1101 1020 1244 1089 magnetis.

183 1100 297 1166 vocant)
311 1098 381 1162 coeli,
397 1098 572 1153 etsimilium.
899 1097 946 1152 32.
970 1099 1093 1152 Historia
1123 1115 1264 1168 corporum
1293 1099 1534 1164 miscellaneorum,
1556 1120 1616 1174 qua
1639 1121 1690 1159 nec

66 1177 112 1231 ll.
135 1177 261 1232 Historia
274 1178 421 1249 grandinis,
435 1179 515 1241 nivis,
529 1178 601 1249 gelu,
616 1176 728 1248 pruinas,
743 1177 859 1243 nebulas,
1017 1186 1080 1231 sunt
1093 1177 1199 1232 fossilis
1219 1195 1335 1248 prorsus,
1349 1197 1400 1233 nec
1418 1181 1588 1250 vegetabilis,
1603 1190 1632 1236 ut
1645 1201 1689 1237 sa·

183 1257 262 1322 roris,
274 1266 302 1310 et
312 1256 450 1312 similium.
1016 1256 1092 1320 lium,
1106 1257 1216 1319 succini,
1230 1257 1451 1329 ambra-griseae,
1467 1267 1517 1313 etc.

64 1335 111 1390 12.
133 1336 261 1391 Historia
268 1338 389 1391 omnium
400 1336 514 1389 aliorum
523 1334 675 1390 cadentium
684 1335 741 1389 sive
750 1335 859 1390 descen·
897 1335 946 1390 33.
969 1335 1089 1390 Historia
1103 1335 1225 1390 chemica
1235 1337 1307 1389 circa
1321 1337 1430 1391 metalla
1443 1346 1471 1391 et
1485 1339 1635 1393 mineralia.

183 1415 307 1470 dentium
321 1432 356 1470 ex
369 1415 432 1479 alto,
447 1424 474 1469 et
487 1431 603 1484 superne
616 1422 813 1485 generatorum.
897 1414 945 1470 34.
968 1416 1092 1469 Historia
1111 1414 1273 1486 plantarum,
1288 1416 1421 1480 arborum,
1445 1416 1578 1482 fruticum,
1592 1417 1689 1472 herba-

64 1492 110 1548 13.
134 1495 261 1549 Historia
274 1496 411 1549 sonituum
424 1494 454 1548 in
467 1492 523 1548 alto
537 1491 576 1570 (si
591 1494 672 1549 modo
688 1494 743 1548 sint
756 1490 857 1568 aliqui)
1014 1512 1090 1558 rum3
1111 1503 1139 1547 et
1154 1495 1271 1564 partium
1294 1511 1395 1558 eorum,
1413 1496 1541 1560 radicum,
1559 1497 1687 1563 caulium,

182 1581 284 1645 prater
297 1575 423 1628 tonitrua.
1014 1572 1090 1643 ligni,
1109 1573 1242 1638 loliorum,
1256 1574 1359 1639 tiorum,
1382 1573 1527 1639 fructuum,
1546 1577 1686 1641 seminum,

63 1653 111 1706 14.
134 1653 262 1707 Historia
282 1652 361 1718 airis,
381 1655 411 1707 in
432 1659 497 1717 toto,
519 1652 626 1707 sivein
646 1653 857 1725 configuratione
1012 1651 1199 1720 lacrymarum,
1214 1661 1266 1706 etc.

182 1732 288 1787 mundi.
896 1730 943 1785 35.
966 1731 1091 1785 Historia
1104 1731 1230 1785 chemica
1243 1732 1315 1785 circa
1327 1732 1500 1802 vegetabilis.

63 1811 110 1865 15.
132 1811 261 1866 Historia
280 1818 480 1882 tempestatum,
501 1812 559 1866 sive
582 1818 857 1882 temperamentorum
895 1809 942 1865 36.
966 1811 1087 1865 Historia
1098 1811 1221 1880 piscium,
1231 1819 1259 1865 et
1273 1812 1391 1881 partium
1404 1829 1436 1865 ao
1450 1812 1633 1882 generationis
1646 1814 1686 1883 ip-

181 1893 257 1955 anni,
279 1897 334 1945 tam
353 1892 498 1945 secundum
521 1891 683 1945 variationes
707 1891 855 1961 regionum,
1012 1906 1111 1944 sorum

181 1988 266 2041 quam
280 1970 426 2024 secundum
440 1970 591 2023 accidentia
599 1977 759 2040 temporum,
769 1978 795 2023 et
808 1987 856 2040 pe-
895 1964 941 2028 37.
965 1967 1088 2031 Historia
1101 1967 1258 2032 volatilium,
1272 1976 1300 2023 et
1319 1970 1435 2040 partium
1451 1986 1483 2022 ac
1502 1971 1685 2040 generationis

180 2050 272 2103 riodos
288 2066 437 2113 annorum
458 2049 628 2114 diluviorum,
644 2049 855 2114 1111οω11110-
1011 2048 1140 2116 ipsorum.

181 2129 303 2193 citatum,
318 2135 346 2182 et
360 2129 498 2183 similium.
894 2126 940 2180 38.
964 2126 1086 2180 Historia
1104 2127 1315 2197 quadrupedum,
1337 2136 1365 2183 et
1383 2127 1501 2198 partium
1520 2145 1551 2183 ac
1572 2144 1685 2199 genera·

64 2207 109 2263 16.
131 2207 259 2263 Historia
272 2217 350 2264 terrae
368 2216 396 2262 et
410 2209 509 2273 11111111
530 2208 625 2279 figura
640 2215 668 2261 et
680 2207 797 2262 ambitus
817 2209 856 2278 ip-
1011 2206 1092 2260 tionis
1105 2207 1234 2276 ipsorum.

181 2304 282 2352 summ,
302 2294 329 2341 et
346 2287 566 2357 configurationis
587 2287 707 2356 ipsorum
728 2287 799 2342 inter
816 2304 853 2350 se,
895 2282 940 2338 39.
964 2284 1087 2339 Historia
1097 2294 1260 2355 serpenmm,
1272 2286 1410 2349 vermium,
1422 2301 1583 2350 muscarum,
1594 2294 1621 2339 et
1632 2303 1685 2340 cas-

181 2376 265 2438 atque
286 2366 497 2436 exporrectionis
520 2368 642 2437 ipsorum
655 2366 683 2419 in
703 2364 788 2420 latum
809 2375 856 2420 aut
1011 2374 1130 2419 terorum
1143 2365 1325 2430 insectorum
1347 2374 1375 2420 et
1392 2366 1509 2436 partium
1523 2382 1555 2419 ac
1568 2380 1685 2436 genera-

181 2454 346 2517 sngustum;
367 2444 514 2500 insularum
528 2453 606 2499 terra
619 2445 648 2499 in
662 2444 855 2509 marinianum
1011 2444 1091 2497 tionis
1100 2444 1229 2513 ipsorum.

179 2526 274 2590 maris,
289 2533 317 2579 et
331 2524 439 2579 lacuum
458 2523 591 2579 salsorum
604 2525 633 2578 in
649 2531 727 2589 terra,
741 2525 854 2580 isthmo-
893 2521 941 2575 40.
963 2522 1087 2576 Historia
1100 2522 1224 2577 0110111101
1234 2522 1307 2576 circs
1319 2539 1422 2593 eaquae
1434 2529 1574 2579 sumuntur
1583 2523 1619 2579 ab
1628 2524 1686 2578 ani·

180 2622 251 2667 rum,
266 2605 519 2674 promontoriorum.
1011 2601 1136 2656 malibus.

64 2681 107 2743 17.
130 2683 383 2738 Historiamotuum
391 2683 425 2751 (si
434 2683 554 2753 quisiut)
561 2682 634 2753 globi
642 2684 853 2749 terraaetmariss

180 2771 208 2816 et
223 2762 366 2833 exquibus
379 2762 570 2833 experimentis
583 2761 625 2816 illi
639 2762 732 2834 colligi
741 2763 853 2833 possint

65 2841 107 2897 18.
130 2841 256 2896 Historia
269 2850 389 2896 motuum
402 2842 535 2909 majorum
548 2849 575 2895 et
585 2843 816 2911 perturbationum
826 2843 854 2897 in
893 2839 940 2894 41.
964 2839 1088 2893 Historia
1098 2840 1200 2910 ligura,
1211 2845 1239 2893 et
1252 2839 1433 2893 membrorum
1447 2847 1620 2893 externorum
1634 2839 1685 2894 110.

179 2930 253 2976 terra
266 2930 294 2976 et
306 2922 389 2986 mari;
409 2939 508 2993 nempe
522 2927 601 2978 terras
618 2930 745 2988 motuum,
761 2930 787 2977 et
801 2929 854 2977 tre-
1011 2918 1099 2984 minis,
1114 2927 1231 2984 staturae,
1243 2918 1392 2990 compagis,
1401 2918 1490 2982 vultis,
1501 2924 1528 2973 et
1538 2917 1684 2974 lineamen-

178 3019 294 3066 morum,
308 3011 336 3055 et
348 3001 479 3067 hiatuum,
491 3001 641 3056 insularum
648 3002 682 3055 de
694 3019 765 3056 novo
779 3019 855 3056 enas-
1011 3008 1114 3063 torum;
1130 2998 1422 3070 eorumqueuarietatis
1432 2998 1579 3052 secundnm
1586 3006 1684 3069 gentes

179 3082 309 3145 centium,
330 3080 479 3136 insularum
499 3081 697 3145 fluctuantium,
717 3083 853 3153 abruptio·
1012 3088 1038 3131 et
1052 3079 1168 3142 climata,
1183 3076 1312 3132 rutulius
1326 3078 1444 3132 minores
1457 3078 1630 3132 differentias.

177 3177 248 3215 num
259 3167 390 3215 terrarum
403 3178 452 3231 per
468 3160 621 3232 ingressum
635 3161 724 3225 maris,
738 3162 854 3216 invasio
893 3157 940 3212 49.
964 3158 1088 3211 Historia
1101 3157 1329 3232 physiognomica
1342 3174 1424 3227 super
1438 3158 1506 3226 ipsa

177 3257 246 3294 num
265 3251 293 3294 et
315 3240 482 3304 illuvionum,
505 3248 534 3294 et
556 3248 651 3294 contra
672 3241 854 3296 desertionum
894 3238 939 3291 43.
963 3238 1085 3290 Historia
1106 3237 1264 3301 anatomica,
1283 3236 1340 3291 sive
1360 3237 1540 3291 membrorum
1562 3236 1684 3290 interno·

178 3319 854 3392 maris3eruptionumigniumetemeruptionum
1010 3333 1069 3370 rum
1089 3316 1223 3380 bomiuis;
1245 3324 1272 3371 et
1285 3316 1425 3371 varietatis
1445 3316 1574 3386 ipsorum,
1589 3322 1684 3386 quate·

178 3398 380 3453 subitanearum
395 3416 526 3469 aquarum
540 3417 555 3453 e
569 3406 648 3464 terra,
663 3408 691 3453 et
703 3400 843 3454 similium.
1010 3412 1062 3450 nus
1080 3395 1216 3450 invenitur
1236 3396 1265 3450 in
1290 3395 1351 3466 ipsa
1370 3395 1486 3450 naturali
1507 3411 1637 3465 compage
1657 3402 1685 3447 et

66 3474 109 3532 19.
132 3477 261 3533 Historia
279 3477 464 3549 geographica
484 3478 624 3542 naturalis,
645 3480 786 3544 montium,
800 3479 855 3533 val·
1010 3482 1150 3539 structura,
1172 3483 1199 3529 ct
1218 3492 1274 3529 non
1293 3482 1397 3529 tantum
1418 3475 1507 3546 quoad
1524 3474 1633 3530 morbos
1657 3480 1684 3528 ct

177 3556 256 3621 lium,
270 3557 414 3627 sylvarum,
421 3556 604 3627 planitierum,
614 3571 765 3622 arenarum,
780 3558 855 3629 palu-
1010 3554 1160 3608 accidentia
1173 3554 1412 3623 praeternaturalia.

178 3636 254 3699 dum,
268 3636 384 3701 lacuum,
396 3637 546 3701 fluviorum,
553 3638 721 3702 torrentium,
730 3638 853 3703 fontium,
893 3635 939 3688 44.
962 3634 1086 3688 Historia
1095 3634 1212 3705 partium
1221 3633 1381 3688 similarium
1392 3633 1525 3698 bominis,
1546 3633 1682 3698 utcarnia,

178 3723 208 3769 et
222 3716 311 3770 omnis
324 3715 487 3770 diversitatis
500 3717 672 3787 scaturiginis
685 3717 812 3787 ipsorum,
828 3727 855 3772 et
1011 3714 1120 3776 01111111,
1134 3713 1360 3776 membranarum,
1375 3720 1426 3768 etc.

179 3793 331 3849 similium:
352 3795 442 3849 missia
463 3796 597 3865 gentibus,
610 3796 765 3867 provinciis,
781 3797 854 3851 urbi·
893 3792 940 3847 45.
963 3792 1086 3846 Historia
1099 3792 1243 3846 humorum
1257 3792 1286 3845 in
1300 3791 1426 3856 hominer
1447 3791 1595 3861 sanguinis,
1610 3791 1683 3856 bilis,

178 3873 240 3939 bus,
253 3882 280 3927 et
289 3873 443 3942 hujusmodi
457 3875 592 3929 civilibus.
1011 3873 1165 3941 spermatis,
1180 3879 1231 3926 etc.

63 3951 107 4008 20.
130 3952 257 4007 Historia
264 3953 418 4007 fluxuumet
431 3955 581 4009 refluxuum
592 3953 853 4025 mariaeuriporum,
892 3949 940 4005 46.
964 3950 1087 4004 Historia
1106 3957 1357 4014 excrementorum
1378 3949 1459 4020 sputi,
1474 3947 1620 4013 urinarum,
1635 3967 1682 4004 su·

178 4031 386 4087 undulationnm
401 4041 429 4087 et
442 4041 564 4088 motuum
578 4034 662 4087 maris
677 4034 800 4088 aliorum.
1011 4029 1113 4092 dorum,
1133 4030 1349 4094 rudimentorum,
1370 4027 1538 4098 capillorum,
1557 4029 1683 4099 pilorum,

64 4109 106 4166 21.
129 4111 257 4166 Historia
266 4119 425 4167 caeterorum
436 4112 614 4167 accidentium
624 4113 723 4178 maris3
742 4114 855 4186 salsugi·
1010 4109 1180 4172 rediviamm,
1191 4110 1333 4179 unguium,
1348 4114 1374 4162 et
1388 4108 1525 4161 similium:

177 4190 222 4246 nis
243 4191 309 4259 ejus,
323 4191 443 4246 colomm
461 4193 634 4255 diversorum,
649 4192 853 4262 profunditatim
892 4185 941 4249 47.
962 4187 1086 4242 Historia
1108 4187 1285 4252 facultatum,
1316 4187 1490 4249 attractionis,
1514 4187 1683 4258 digestionis,

178 4279 207 4324 et
219 4271 337 4340 rupium,
353 4272 492 4338 monrium,
512 4281 540 4326 et
553 4270 664 4325 vallium
686 4273 854 4327 submarino-
1012 4267 1176 4332 retentionis,
1187 4266 1364 4337 expulsionis,
1372 4265 1611 4336 sanguificationis,
1619 4268 1683 4321 assi·

178 4367 248 4414 rum,
262 4358 291 4403 et
304 4349 442 4405 similium.
1011 4346 1160 4401 milationis
1172 4346 1361 4401 alimentorum
1375 4346 1403 4398 in
1415 4345 1543 4411 membra,
1552 4346 1683 4402 versionis

1012 4426 1155 4497 sanguinis
1169 4426 1280 4479 attioris
1293 4425 1392 4493 ejusin
1406 4425 1538 4493 spiritum,
1552 4433 1604 4480 etc.

962 4504 1086 4559 Historia
1096 4514 1216 4560 motuum
1227 4504 1387 4558 naturalium
1394 4503 1683 4570 etinvoluntariorum3

65 4579 108 4635 09.
130 4581 256 4636 Historia
269 4583 397 4646 flammas,
411 4592 439 4637 et
452 4584 609 4655 ignitorum.
1011 4591 1041 4637 ut
1054 4593 1142 4638 motus
1156 4584 1252 4647 cordis,
1267 4593 1354 4638 motus
1364 4583 1498 4654 pulsuum,
1512 4586 1683 4638 sternutatio·

63 4659 107 4713 93.
130 4661 256 4717 Historia
276 4661 347 4716 airis
363 4662 392 4716 in
408 4663 565 4730 substantia,
582 4679 637 4718 non
656 4665 685 4719 in
699 4665 853 4737 configura·
1010 4663 1061 4727 nia,
1078 4671 1166 4717 motus
1186 4662 1352 4733 pulmonum,
1369 4671 1458 4718 motus
1477 4664 1618 4718 erectionis
1633 4664 1683 4717 vir·

178 4742 264 4795 tione.
1009 4758 1059 4811 gas,
1074 4750 1125 4795 etc.

64 4818 108 4872 24.
129 4819 254 4874 Historia
275 4836 354 4892 aqua
370 4821 568 4887 insubstantia,
591 4839 646 4877 non
659 4822 688 4876 in
702 4824 854 4895 configura·
893 4819 940 4875 49.
962 4820 1087 4874 Historia
1109 4828 1232 4875 motuum
1256 4821 1403 4875 mixtorum
1416 4839 1453 4876 ex
1472 4821 1638 4876 naturalibus
1655 4827 1684 4875 et

178 4898 261 4955 dune.
1011 4899 1187 4961 voluntariisr
1209 4898 1293 4954 veluti
1311 4902 1509 4972 respirationis,
1524 4901 1613 4965 tussis,
1632 4901 1684 4955 uri·
1734 4923 1740 4928 ·

65 4975 109 5033 35.
130 4978 255 5033 Historia
267 4986 346 5033 terrae
360 4986 387 5033 et
400 4980 566 5036 diversitatis
580 4981 639 5050 ejus
654 4982 853 5048 insubstantia,
1011 4979 1136 5042 nationis,
1150 4977 1230 5042 sedis,
1245 4989 1295 5034 etc.

178 5074 234 5113 non
247 5059 277 5112 iu
290 5059 512 5131 configuratione.
893 5058 940 5112 50.
964 5059 1085 5113 Historia
1099 5065 1222 5112 motuum
1236 5059 1462 5123 voluntariorumr
1484 5066 1514 5113 ut
1525 5059 1684 5112 iustrumen-

1011 5146 1099 5192 torum
1112 5136 1147 5189 ad
1160 5154 1240 5191 voces
1254 5137 1411 5193 articulatas
1422 5160 1428 5201 ς
1450 5146 1479 5192 ut
1492 5145 1613 5191 motuum
1623 5153 1685 5191 ocu·

1010 5216 1106 5278 lorum,
1116 5216 1226 5286 lingum,
1240 5217 1367 5282 faucium,
1381 5233 1517 5281 manuum,
1528 5216 1683 5288 digitorum.

66 5289 109 5347 30.
130 5291 255 5348 Historia
265 5293 435 5349 metallorum
448 5294 637 5363 perfectorum,
652 5296 719 5359 auri,
734 5294 853 5366 argentm
1010 5294 1202 5365 deglutitionis,
1217 5304 1267 5350 etc.

148 5431 151 5434 Α
178 5372 535 5438 111110011111111,11111111111,
546 5377 749 5430 marcasitarum
762 5391 855 5430 eorun-
893 5373 940 5428 51.
964 5374 1087 5428 Historia
1101 5376 1188 5428 somni
1203 5383 1232 5428 et
1245 5375 1449 5429 insomniorum.

179 5451 261 5506 deme
282 5453 407 5523 operaris
421 5470 529 5524 quoque
543 5454 572 5508 in
586 5453 699 5509 mineris
713 5454 843 5523 ipsorum.
894 5452 940 5508 52.
963 5454 1087 5509 Historia
1108 5455 1274 5509 diversorum
1298 5454 1439 5508 habituum
1462 5453 1595 5524 corporis,
1623 5455 1685 5524 pin·

1044 2745 1217 2790 assuuntur
1238 2743 1378 2783 HlS'i'OlilAE
1399 2745 1527 2783 nominis.

117 4488 295 4535 0000001011
316 4490 455 4529 slawata
476 4491 632 4533 messum
653 4493 799 4533 ΜΔ1011011.
893 4504 940 4559 48.

193 5200 365 5246 suuuuuwa
387 5199 532 5239 maroam
553 5201 726 5241 8PECIBHUH.
