3800 5875
627 309 679 384 uu
699 309 901 367 statuum
921 310 1116 368 VETERUM.
1627 311 1684 375 7⁰5

71 465 286 533 deohsrmoniar,
299 466 458 524 submittere
465 466 606 533 voluntat
618 485 708 524 rerum
723 468 817 524 modos
829 474 856 524 et
891 468 927 523 ob
945 469 1047 523 Musas
1067 473 1221 540 potestates,
1241 486 1290 524 urs
1309 468 1476 525 flammantia
1495 469 1531 524 ob
1549 470 1684 539 incendia,

70 563 212 611 menmras,
226 563 433 620 sermonumque
445 546 530 602 veluti
543 556 620 603 tonos
640 557 734 604 sentos
752 555 779 603 et
791 565 854 619 gra·
891 550 1021 619 anguium
1034 548 1144 619 cingula
1157 548 1192 601 ob
1202 548 1379 618 pestilentias,
1396 549 1558 619 (praesertim
1571 551 1601 604 in
1614 551 1686 606 obsi·

70 644 121 692 ves,
135 626 239 681 aurium
253 625 334 680 etiam
347 627 435 697 magis
451 628 599 697 peritarum
616 635 644 682 et
660 629 748 698 magh
760 627 854 697 vulga-
891 626 1037 694 dionisus)
1052 644 1147 681 manus
1169 627 1264 682 terrem
1280 628 1316 682 ob
1333 630 1428 691 caedes,
1442 643 1549 698 ungm
1568 629 1685 701 aquilini

70 709 136 761 rium
158 705 329 770 differentias,
352 713 475 776 tempora
497 706 611 778 denique
637 714 694 760 tum
719 705 852 778 loquendi,
891 706 926 759 ob
942 706 1061 777 rapinas,
1075 723 1172 777 corpus
1192 706 1293 776 plumis
1313 716 1464 761 contectum
1484 708 1519 762 ob
1539 717 1685 779 perpetuos

70 793 122 840 tum
141 785 247 849 silendi,
267 784 389 840 ediscant
408 794 436 839 et
454 785 613 849 observent;
637 785 702 839 licet
720 786 775 840 sint
794 802 854 855 pru·
890 802 1019 848 mmores,
1034 793 1063 838 et
1075 786 1189 839 nuncios
1206 793 1234 840 et
1253 785 1452 856 trepidationes,
1472 793 1499 838 et
1515 786 1682 854 hujusmodi.

69 866 158 920 dentes
177 873 206 918 et
223 863 311 927 liberi,
331 872 359 918 et
377 864 491 919 conniis
509 864 624 918 afferant
642 880 708 918 sana
728 874 756 918 et
774 863 852 929 bona
891 863 980 934 arque
993 863 1125 918 interdum
1140 864 1300 918 rebelliones
1312 865 1434 919 istratum
1447 864 1600 934 praevalidae
1613 874 1683 932 sunt,

69 959 202 1016 nunquam
214 951 304 998 tamen
318 943 374 997 lere
389 960 470 998 suasu
484 949 513 997 et
524 943 629 1013 impetu
639 959 689 997 suo
702 944 852 1012 proliciunt,
890 950 920 995 ut
934 958 1012 1013 reges
1026 951 1165 1013 cogantur,
1179 951 1307 1013 tanquam
1320 942 1491 997 arebellibns
1501 946 1683 1014 transportati,

69 1039 152 1093 neque
172 1023 207 1076 ad
224 1040 267 1078 rea
285 1023 439 1077 tractandas
457 1022 581 1076 efficaces
598 1030 677 1086 sunt;
698 1022 747 1077 sed
764 1024 853 1093 potius
890 1020 992 1075 relictis
1005 1021 1082 1091 regni
1096 1021 1205 1076 sedibus
1219 1031 1247 1075 et
1260 1022 1372 1076 urbibus
1382 1023 1525 1091 primariis,
1536 1023 1608 1077 vires
1621 1040 1684 1078 con·

69 1102 179 1157 exitium
199 1100 247 1166 eis,
268 1100 339 1171 apud
360 1117 427 1173 quoa
450 1118 480 1155 se
505 1099 639 1172 ingerunt,
659 1108 804 1166 maturant,
825 1109 854 1155 et
890 1099 1006 1163 trahere,
1021 1101 1088 1154 etin
1103 1110 1231 1154 remotam
1245 1100 1362 1170 aliquam
1377 1102 1683 1171 etobscuramprcvin·

68 1190 122 1235 tum
135 1181 243 1235 demum
256 1188 318 1251 post
331 1180 511 1234 calamitatem
524 1187 552 1234 et
561 1187 685 1235 eventum
699 1186 729 1234 ut
740 1188 816 1235 vates
825 1187 854 1234 et
889 1179 960 1232 ciam
975 1179 1085 1233 ditionis
1098 1195 1155 1235 suae
1167 1195 1197 1233 se
1214 1180 1342 1249 recipere,
1356 1180 1446 1233 nervia
1463 1188 1490 1234 et
1508 1180 1683 1250 pecuniarum

67 1260 94 1313 iu
108 1260 219 1331 longum
236 1258 431 1330 prospicienter
450 1259 628 1313 celebrantur.
669 1258 758 1330 Atque
772 1259 852 1327 hujus
889 1263 918 1311 et
929 1259 1078 1326 majestatie
1092 1259 1208 1313 accisis:
1230 1258 1277 1313 sed
1291 1265 1380 1312 tamen
1393 1260 1501 1312 nonita
1513 1258 1598 1313 multo
1611 1269 1681 1328 post,

67 1339 272 1409 reiexemplum
285 1338 386 1393 eminet
404 1338 434 1392 in
453 1337 611 1393 Mostene
630 1338 760 1392 Uticensi.
801 1338 851 1393 llls
890 1336 1025 1391 fortunam
1050 1338 1193 1407 prudenter
1213 1338 1366 1402 tolerantes,
1387 1339 1484 1392 virtute
1504 1344 1532 1391 et
1551 1338 1682 1393 industria

66 1418 135 1472 enim
148 1417 287 1472 interitum
301 1417 403 1487 patriae,
417 1425 446 1470 et
454 1415 624 1486 tynnuiden
638 1417 727 1486 primo
739 1434 775 1472 ex
788 1433 851 1471 con·
890 1414 1019 1470 Mercurii
1033 1432 1131 1470 nervos
1144 1416 1285 1486 recipiunt,
1298 1416 1352 1471 hoc
1366 1424 1414 1480 est,
1428 1416 1554 1471 affabiles
1567 1415 1639 1478 facti,
1653 1426 1683 1472 et

67 1496 217 1566 spiratione,
231 1495 328 1551 duride
341 1513 376 1550 es
389 1495 560 1550 contentione
572 1494 687 1550 Cereris
697 1512 759 1551 cum
773 1495 852 1550 Pom·
889 1510 938 1564 per
950 1495 1038 1549 edicta
1051 1496 1201 1565 prudentia,
1215 1502 1244 1550 et
1255 1512 1393 1550 sermones
1407 1495 1547 1566 benignos,
1561 1497 1681 1550 reconci-

66 1576 125 1645 peio
139 1583 268 1639 secutm,
282 1575 412 1640 diuante,
426 1575 851 1646 tanquamespeculaprsevidit,
888 1572 963 1627 listis
989 1574 1156 1629 subditorum
1183 1575 1282 1629 animis
1309 1580 1338 1628 et
1360 1572 1549 1636 voluntatibus,
1571 1575 1681 1630 tandem

66 1661 91 1707 et
108 1662 239 1725 tanquam
257 1670 293 1708 ex
312 1654 420 1708 oraculo
439 1653 580 1723 predixit:
611 1654 659 1708 sed
678 1653 718 1708 nil
737 1654 852 1726 proiecit
889 1652 1056 1707 alacritatem
1070 1653 1105 1707 ad
1118 1654 1254 1723 impensas
1267 1652 1451 1718 conserendas,
1465 1660 1493 1707 et
1506 1670 1604 1707 novum
1619 1670 1682 1709 auc·

66 1734 178 1797 interim,
192 1749 285 1787 verum
298 1732 384 1788 obfuit
403 1732 500 1802 potius,
514 1740 541 1786 et
557 1731 630 1787 mals
642 1734 738 1803 patriae
751 1733 852 1788 accele-
889 1732 1003 1786 totitatis
1016 1733 1138 1802 vigorem
1158 1732 1284 1786 excitant.
1324 1729 1519 1796 Nihilominus,
1533 1733 1681 1803 prudentes

65 1812 139 1867 rasit.
184 1811 216 1865 ld
230 1812 301 1882 qnod
314 1811 459 1882 prudenter
472 1810 592 1876 advertit,
606 1818 634 1866 et
653 1811 793 1883 eleganter
808 1812 851 1867 de·
888 1818 916 1863 et
925 1811 1005 1875 cauti,
1020 1810 1108 1865 aleam
1121 1810 1236 1865 iortunae
1249 1818 1354 1865 tentare
1368 1812 1529 1882 plerumque
1542 1811 1643 1874 nolunt,
1653 1820 1681 1867 et

65 1891 155 1945 scribit
182 1890 222 1945 M.
251 1891 354 1955 Cicero,
380 1907 442 1945 cum
468 1889 502 1944 ad
529 1890 645 1945 anticam
670 1891 711 1945 lta
736 1892 850 1947 scribat:
888 1905 1012 1961 spugus
1024 1890 1175 1954 abstinent3
1196 1890 1244 1944 sed
1255 1897 1343 1944 umen
1354 1906 1465 1961 operam
1475 1890 1540 1944 dant
1548 1899 1578 1945 ut
1587 1891 1681 1962 aliquo

65 1975 81 2002 ‘¹
90 1969 159 2024 Cato
173 1971 273 2041 optima
286 1969 433 2034 sentitsed
447 1969 667 2025 nocetinterdnrn
679 1970 850 2040 reipublicae
888 1967 1008 2023 facinore
1022 1968 1191 2023 memorabili
1204 1968 1432 2024 existimationem
1451 1969 1591 2024 rebellium
1606 1970 1680 2024 tran·

64 2048 180 2121 loquitur
197 2048 273 2103 enim
292 2056 421 2119 tanquam
441 2048 469 2101 in
488 2047 626 2120 republica
648 2048 777 2116 Platonis,
796 2066 851 2105 non
888 2056 962 2117 gant.
1002 2047 1079 2110 Quod
1093 2047 1117 2101 si
1130 2064 1166 2101 cx
1174 2057 1237 2102 voto
1245 2048 1377 2113 succedat,
1387 2048 1436 2112 illi,
1444 2048 1564 2103 vulneris
1574 2049 1680 2119 accepti

64 2134 188 2200 tanquam
201 2128 231 2182 in
244 2128 311 2183 faece
325 2126 460 2183 Romuli.'’
887 2126 997 2192 conscii,
1012 2134 1040 2180 et
1051 2143 1141 2181 rerum
1155 2143 1262 2181 suarum
1277 2127 1383 2197 trepidi,
1393 2127 1482 2197 primo
1495 2126 1530 2182 ad
1541 2128 1640 2182 tractu
1653 2137 1681 2183 et

886 2204 983 2259 inanes
1000 2206 1097 2270 minas,
1111 2203 1194 2260 veluti
1212 2214 1368 2276 serpentum
1386 2206 1488 2271 sibilos,
1507 2223 1537 2262 se
1555 2214 1678 2262 vertunt:

887 2283 992 2348 deinde,
1009 2285 1090 2339 rebus
1109 2285 1265 2354 desperatis,
1285 2284 1379 2357 fugam
1397 2294 1550 2356 capessunt.
1590 2285 1679 2357 Atque

99 2361 244 2417 Nssnsrtr
257 2363 344 2433 pu'e‘tar
357 2360 501 2425 Juncnem,
510 2361 677 2433 indignatam
690 2361 762 2433 quod
775 2361 792 2414 J
794 2361 850 2432 upi-
887 2369 944 2417 tum
959 2363 1075 2428 demum,
1089 2372 1232 2434 postquam
1245 2381 1322 2419 ruere
1335 2364 1476 2436 incipiant,
1490 2372 1579 2420 tntum
1597 2373 1639 2419 est
1652 2372 1681 2420 et

63 2446 101 2494 ter
112 2439 254 2496 Palladem
266 2457 302 2496 ex
315 2457 374 2496 sess
388 2441 447 2496 sine
462 2456 495 2496 es
507 2440 665 2511 peperisset,
679 2457 772 2496 omnes
785 2441 850 2496 dece
888 2443 1076 2512 tempestivam
1090 2443 1199 2514 regibus
1215 2443 1310 2513 copiis,
1325 2451 1353 2497 et
1366 2445 1493 2499 universa
1506 2444 1578 2499 mule
1591 2445 1678 2516 regui,

63 2526 140 2590 atque
166 2520 231 2574 deas
250 2520 375 2591 precibus
395 2519 533 2591 fatigem,
554 2528 583 2574 ut
601 2519 662 2591 ipsa
683 2520 766 2574 etiam
790 2520 850 2576 sina
887 2527 1017 2592 tanquam
1031 2522 1119 2576 AEtnae
1133 2530 1234 2585 monte,
1248 2538 1295 2578 eos
1308 2524 1435 2593 persequi
1448 2532 1477 2577 et
1490 2523 1651 2594 opprimere.

63 2596 250 2668 inrepertum
269 2600 374 2654 ederet:
394 2607 423 2653 et
440 2608 582 2671 postquam
599 2597 734 2655 violentiae
752 2608 779 2654 et
798 2599 850 2653 im·

63 2678 220 2746 portunitati
240 2675 300 2754 ejus
322 2677 486 2743 annuissent,
510 2687 609 2733 terram
633 2677 683 2732 illa
706 2679 849 2744 concussit,

63 2751 97 2811 eh
108 2773 164 2828 quo
178 2764 253 2813 motu
266 2757 383 2829 Typhon
396 2765 475 2811 natus
488 2762 538 2822 est,
551 2765 700 2813 monstrum
713 2758 809 2828 ingens
822 2766 850 2813 et
925 2757 1069 2812 Nessana
1083 2757 1218 2830 Cyclopes
1231 2758 1266 2811 ob
1284 2759 1420 2813 feritatem
1438 2767 1466 2813 et
1481 2760 1678 2815 immanitatem

63 2833 232 2891 horrendum.
273 2836 323 2892 llle
341 2837 459 2907 serpenti
472 2836 556 2891 veluti
574 2836 685 2892 nutritio
704 2837 782 2892 datus
799 2843 849 2902 est,
887 2836 974 2906 primo
987 2853 1004 2889 a
1018 2836 1086 2892 Jove
1099 2837 1128 2891 in
1142 2838 1286 2892 Tartarum
1297 2837 1427 2901 detrusos,
1441 2847 1469 2892 et
1482 2848 1610 2908 perpetuo
1620 2856 1679 2894 car·

62 2922 91 2969 ut
103 2915 140 2970 sb
152 2932 186 2970 ec
199 2915 322 2972 aleretur.
362 2917 422 2971 Nec
436 2932 519 2981 mora,
529 2923 670 2989 postquam
680 2915 848 2982 adolevisset,
886 2917 942 2971 ceri
963 2917 1130 2985 adjudicatos
1151 2917 1250 2972 tuisse:
1275 2933 1369 2972 verum
1388 2926 1483 2988 postea
1501 2917 1594 2973 Tellus
1614 2918 1678 2974 Jovi

61 2995 126 3064 quin
139 2992 242 3051 δεΠιιω
255 2995 317 3050 Juvi
330 3002 458 3051 moveret.
500 2996 532 3050 ln
549 3012 583 3050 eo
599 2996 726 3052 conuictu
741 2996 850 3068 Jupiter
887 2997 1029 3066 persuasit,
1049 2998 1075 3051 ei
1091 3013 1146 3051 non
1159 2998 1209 3051 abs
1222 3013 1252 3051 re
1265 2997 1331 3061 iore,
1346 2998 1369 3051 si
1384 3014 1430 3051 eos
1445 2998 1560 3052 maculis
1580 2997 1678 3052 libera·

62 3071 266 3144 inpoteststem
283 3075 402 3147 gigantn
416 3075 497 3140 venit,
512 3076 557 3146 qui
574 3074 659 3139 illuni,
673 3075 703 3129 iu
722 3074 849 3131 humeros
886 3087 934 3140 ret,
949 3084 1081 3131 eteorum
1093 3092 1176 3147 opera
1189 3076 1223 3130 ad
1241 3076 1355 3131 fulmina
1374 3076 1530 3130 fabricanda
1547 3085 1676 3131 uteretur.

62 3152 204 3219 sublatum,
217 3154 246 3208 in
259 3153 397 3224 regionem
411 3161 541 3209 mmotarn
560 3162 586 3208 et
603 3155 745 3209 obscuram
761 3162 849 3210 usna·
887 3153 963 3216 Quod
977 3163 1004 3208 et
1021 3156 1120 3210 lactum
1140 3162 1190 3219 est,
1210 3161 1290 3226 atque
1310 3154 1352 3209 illi
1372 3156 1484 3210 officiosi
1506 3164 1533 3210 et
1552 3156 1678 3210 industrii

61 3232 185 3299 portavit,
199 3240 226 3287 et
238 3233 353 3287 concisis
366 3234 455 3287 uersis
472 3240 500 3286 et
513 3250 639 3288 manuum
658 3240 686 3288 et
703 3234 809 3303 pedum,
823 3240 850 3288 et
887 3233 1001 3288 fulmina
1013 3242 1095 3305 atque
1108 3234 1163 3287 alia
1172 3235 1281 3288 terroris
1291 3235 1585 3289 iustrumentaassiduu
1596 3252 1677 3306 opere

62 3325 152 3366 mum
163 3311 288 3382 abreptis,
297 3329 422 3368 mancum
433 3312 618 3367 etmutilatum
627 3311 743 3384 reliquit.
777 3311 850 3367 Mer·
886 3313 1022 3366 etminaci
1033 3313 1147 3382 strepitu
1158 3312 1284 3367 iecerunt
1324 3313 1458 3383 Tempore
1468 3323 1558 3368 autem
1569 3314 1678 3369 labente

59 3391 151 3446 surim
171 3400 260 3445 autern
279 3407 375 3446 nervos
394 3391 471 3446 Joris
489 3391 617 3463 Typhoni
638 3391 781 3446 suffuratus
801 3400 848 3455 est,
886 3393 985 3455 evenit,
1000 3400 1029 3445 ut
1042 3391 1150 3463 Jupiter
1162 3391 1319 3463 AEsculspio
1338 3392 1472 3461 Apollinis
1491 3393 1548 3446 tilio
1565 3410 1677 3448 succen-

61 3476 142 3541 stque
157 3486 206 3524 ens
220 3468 282 3524 Jovi
301 3471 429 3526 restituit.
467 3470 576 3541 Jupiter
595 3470 773 3536 confirmatus,
794 3471 849 3525 bel-
886 3479 967 3536 seret,
991 3471 1026 3524 ob
1052 3471 1192 3527 hominem
1211 3471 1346 3525 medicina
1369 3488 1387 3524 a
1407 3480 1493 3526 morte
1513 3473 1676 3538 excitatume

59 3544 237 3604 lnamrursus
250 3549 380 3621 impetiit3
401 3566 432 3603 ac
446 3549 849 3619 primumiulminerulnersvit,
886 3550 956 3603 iram
976 3558 1067 3605 autem
1085 3560 1189 3621 tegens,
1212 3551 1290 3622 (quis
1310 3567 1405 3620 parum
1426 3552 1500 3619 justa
1517 3551 1677 3621 indignandi

59 3628 185 3698 ancujus
195 3628 325 3699 sanguine
336 3640 475 3701 serpentes
483 3631 541 3683 uati
550 3639 621 3684 sunt.
662 3628 848 3685 Tumdemum
886 3646 968 3683 cause
980 3629 1089 3683 suberat
1102 3630 1137 3684 ob
1152 3630 1255 3684 lacinus
1268 3630 1343 3699 pium
1358 3639 1387 3683 et
1400 3631 1528 3696 celebra)
1542 3629 1677 3699 Cyclopea

59 3716 185 3762 ruenmm
197 3715 226 3762 et
239 3707 397 3779 fugientem,
410 3708 518 3762 AEtnam
531 3725 612 3779 super
626 3725 689 3763 eum
705 3708 848 3777 jaculatus,
885 3708 914 3761 in
927 3725 989 3762 eum
1004 3717 1108 3764 secreto
1119 3706 1266 3779 instigavit,
1280 3709 1334 3779 qui,
1344 3708 1414 3762 nihil
1427 3708 1552 3772 concuti,
1563 3709 1676 3764 fulmine

58 3786 132 3840 mole
145 3786 245 3841 montis
257 3787 398 3857 oppressit
886 3804 949 3841 enm
968 3787 1148 3842 interemere:
1184 3788 1212 3841 in
1233 3787 1309 3855 cujus
1329 3789 1368 3841 rei
1389 3788 1543 3854 vindictam,
1568 3788 1675 3858 Apollo,

98 3864 206 3920 Fabula
220 3865 253 3920 de
272 3866 381 3921 fortune
398 3882 493 3936 regum
506 3866 582 3921 varia
601 3874 629 3921 et
649 3866 848 3932 rebellionibus,
886 3865 955 3919 Jove
967 3883 1022 3921 non
1035 3866 1203 3937 probibente,
1217 3867 1323 3937 sagittis
1338 3883 1384 3921 eoa
1401 3867 1526 3921 confecit.

58 3959 120 4013 qua
132 3945 162 3998 in
174 3942 338 3999 monarchiis
352 3945 511 4017 quandoque
525 3946 632 4000 evenire
646 3955 848 4011 consueverunt,
925 3945 1029 4000 Fabula
1053 3946 1089 4000 ad
1107 3963 1203 4016 regum
1223 3946 1294 4000 iacta
1312 3946 1448 4016 pertinere
1469 3946 1581 4000 videtur.
1631 3944 1676 4000 llli

58 4024 174 4078 conficta
199 4031 247 4097 est.
290 4020 382 4094 Reges
404 4024 478 4079 enim
499 4026 591 4095 regnis
610 4025 673 4088 stus,
694 4036 723 4079 ut
742 4024 849 4095 Jupiter
886 4024 959 4079 enim
971 4024 1108 4079 ministros
1123 4042 1214 4089 savus,
1229 4038 1256 4078 et
1269 4025 1466 4095 sanguinarios,
1481 4033 1509 4080 et
1525 4031 1675 4090 exactores,

59 4099 170 4167 Jnnoni,
184 4102 267 4157 veluti
286 4102 450 4157 matrimonii
469 4102 576 4158 vinculo
594 4104 679 4171 juncti
698 4112 771 4159 recte
784 4121 848 4158 cen·
885 4104 974 4173 primo
992 4104 1133 4174 suppliciis
1153 4104 1280 4169 afficiunt,
1300 4111 1329 4157 et
1348 4121 1365 4159 a
1385 4104 1464 4158 rebus
1488 4113 1675 4159 summovent:

57 4189 171 4236 nutare
191 4180 239 4236 aed
252 4182 349 4236 accidit
363 4198 557 4253 nonuunquam
571 4192 601 4237 ut
620 4184 770 4252 imperandi
784 4200 848 4238 con·
885 4189 989 4252 postea,
1004 4199 1039 4236 ex
1052 4183 1166 4237 consilio
1179 4182 1302 4246 Telluris,
1313 4182 1342 4235 id
1356 4191 1403 4246 est,
1416 4183 1529 4253 ignobili
1541 4192 1567 4236 et
1580 4200 1676 4253 pamm

58 4260 202 4315 sneurdine
227 4261 375 4331 depravati,
397 4269 427 4315 et
451 4261 481 4315 in
508 4261 675 4331 tyrannidem
698 4268 847 4333 vergentes,
885 4261 1042 4326 honorifico,
1057 4262 1220 4331 prevalente
1233 4260 1357 4324 utilitate,
1371 4278 1418 4316 eoa
1432 4279 1523 4317 rursus
1536 4262 1675 4329 adhibent,

57 4340 150 4393 omnis
163 4340 198 4393 ad
211 4356 241 4393 se
254 4339 369 4405 naham
383 4348 418 4405 et,
427 4348 582 4410 contempto
595 4341 718 4395 ordinum
731 4349 759 4394 et
772 4358 847 4395 sena
885 4340 972 4394 sicubi
998 4348 1047 4394 aut
1064 4341 1254 4395 executionum
1274 4341 1415 4395 severitate
1434 4350 1481 4396 aut
1501 4341 1676 4397 exactionum

58 4423 102 4472 tus
116 4419 161 4475 sui
181 4435 322 4483 cosmum
336 4437 371 4473 ex
385 4436 445 4474 sese
465 4421 587 4489 pariant:
608 4420 704 4484 idest,
724 4437 761 4475 ex
778 4421 848 4474 arbi·
885 4419 1030 4474 acerbitate
1044 4435 1112 4489 opus
1125 4428 1174 4475 est
1215 4418 1267 4484 llli,
1282 4427 1378 4473 namra
1390 4428 1524 4483 truceset
1536 4437 1572 4475 ex
1585 4421 1675 4492 priore

57 4497 112 4552 trio
132 4497 243 4568 proprio
262 4506 290 4553 et
306 4499 421 4568 imperio
437 4515 513 4553 mero
532 4505 628 4553 cuncta
648 4499 846 4553 administrent.
886 4498 992 4552 imtnna
1002 4500 1163 4568 exasperati,
1178 4507 1206 4552 et
1225 4499 1291 4553 satis
1311 4499 1459 4553 sentientes
1479 4499 1544 4571 quid
1564 4499 1599 4554 sb
1619 4499 1675 4554 illis

58 4575 91 4629 ld
104 4576 200 4648 populi
214 4594 286 4648 tegre
300 4578 424 4643 terentes,
438 4585 465 4632 et
478 4578 531 4648 ipsi
546 4577 691 4632 moliuntur
703 4587 785 4648 caput
797 4578 847 4631 ali·
884 4585 1063 4647 exspectetur,
1076 4577 1172 4632 miram
1186 4577 1356 4649 diligentiam
1368 4577 1398 4631 in
1417 4577 1571 4647 hujusmodi
1594 4578 1675 4633 rebus

57 4656 130 4725 quod
143 4673 233 4711 rerum
247 4673 355 4712 essese
369 4673 461 4711 creare
474 4664 503 4711 et
519 4655 659 4711 extollere.
700 4657 742 4710 Ea
755 4673 799 4710 res
812 4673 848 4711 ex
884 4663 1029 4727 praetant3
1050 4655 1098 4711 sed
1111 4672 1207 4728 parum
1220 4656 1339 4721 cauti,et
1352 4656 1387 4710 ad
1400 4659 1516 4727 gratiam
1530 4656 1675 4712 ineundam

55 4734 164 4789 occulta
177 4734 356 4791 solicitatione
370 4736 687 4805 nobiliumetprocerum
701 4735 847 4790 iereinitia
884 4741 912 4788 et
934 4735 1120 4805 aucupandam
1146 4735 1308 4806 precipites,
1329 4734 1477 4807 aliquando
1502 4753 1539 4790 ex
1565 4736 1675 4791 secretis

55 4814 149 4880 mmit,
169 4814 267 4885 quibus
286 4815 496 4878 conniventibus,
518 4823 574 4869 turn
595 4815 689 4884 populi
709 4814 848 4869 suscitatio
884 4814 1036 4885 principum
1056 4814 1165 4868 nutibus
1185 4821 1212 4868 et
1230 4815 1341 4869 incertis
1359 4816 1494 4869 mandatis
1513 4814 1675 4869 invidiosam

55 4899 192 4957 tentatur;
213 4909 249 4948 ex
262 4909 316 4964 qua
330 4900 418 4949 tumor
435 4894 544 4964 quidam
561 4910 651 4947 rerum
664 4897 726 4966 (per
739 4892 847 4964 Typho-
884 4891 1003 4965 aliquam
1027 4893 1214 4948 executionem
1238 4902 1380 4965 peragunt
1419 4893 1562 4964 Principes
1582 4903 1674 4949 autem

54 4971 101 5025 nis
132 4971 274 5026 infantiam
299 4973 478 5043 significatus)
506 4974 634 5044 sequitur.
681 4972 770 5044 Atque
796 4972 846 5026 iste
883 4972 1013 5026 invidiam
1030 4971 1204 5038 declinantes,
1223 4981 1251 5026 et
1270 4973 1336 5028 satis
1356 4973 1434 5044 gnari
1455 4972 1609 5042 hujusmodi
1631 4973 1674 5026 in-

55 5066 149 5105 rerum
161 5058 246 5105 status
258 5050 294 5105 ab
303 5052 386 5106 insita
398 5052 486 5122 plebis
499 5050 631 5121 pravitate
644 5058 672 5107 et
683 5060 779 5106 natura
792 5067 847 5105 ms-
883 5057 1033 5105 strumenta
1059 5067 1196 5122 nunquam
1217 5052 1269 5106 sibi
1289 5051 1420 5115 defutura,
1440 5068 1487 5105 eos
1507 5051 1673 5106 destituunt:

54 5128 137 5200 ligna
170 5132 307 5200 (serpente
338 5131 447 5202 regibus
473 5130 661 5198 infestissimo)
688 5131 845 5186 nutricatur.
883 5137 911 5183 et
924 5129 1083 5199 propinquis
1097 5137 1125 5183 et
1138 5132 1231 5185 amicis
1244 5147 1345 5193 eorum,
1358 5131 1404 5201 qui
1419 5147 1514 5198 poenas
1527 5130 1673 5194 subierunt,

53 5207 217 5264 Delectioste
237 5218 326 5264 autem
346 5210 447 5264 viribus
466 5208 573 5274 coalita,
597 5218 734 5279 postremo
752 5226 796 5264 res
815 5210 844 5263 in
883 5216 966 5278 atque
979 5208 1075 5262 horum
1090 5208 1269 5264 delationibus
1282 5218 1309 5263 et
1322 5209 1455 5272 vindictae,
1470 5217 1497 5262 et
1510 5209 1574 5263 odio
1587 5226 1675 5280 popu·

53 5296 182 5357 apertam
203 5286 379 5343 rebellionem
402 5288 534 5357 erumpit;
569 5305 637 5359 ques,
659 5290 723 5359 quis
741 5288 846 5342 infinita
882 5287 932 5341 lari
943 5303 990 5341 eoa
1003 5285 1165 5357 relinquunt,
1173 5289 1244 5343 unda
1256 5304 1358 5359 magno
1370 5286 1475 5357 plausu,
1490 5305 1524 5343 es
1538 5289 1675 5360 prosperis

54 5364 135 5419 mala
154 5373 182 5420 et
204 5366 313 5439 regibus
333 5376 362 5421 et
383 5367 492 5437 populis
514 5366 620 5438 infligit,
644 5368 694 5421 sub
716 5367 776 5421 dira
797 5367 846 5421 ills
882 5366 910 5421 in
923 5383 1003 5436 reges
1016 5366 1087 5421 votis
1099 5375 1127 5421 et
1143 5366 1389 5433 acclamationibus,
1404 5383 1466 5423 sero
1482 5367 1571 5439 magis
1591 5384 1675 5439 qnam

54 5444 201 5514 Typhonis
214 5446 304 5518 etllgie
318 5452 531 5516 representatur,
540 5445 569 5500 in
579 5453 748 5516 quacentum
757 5447 846 5517 capita
881 5445 1015 5503 immerito
1027 5453 1149 5515 pereunt.

96 5536 164 5578 vot„
184 5540 214 5579 u.
427 5524 482 5578 uz

249 2267 282 2307 11.
303 2268 425 2317 aranon,
441 2267 661 2309 statuentibus.

985 2664 1026 2703 111.
1048 2663 1195 2714 cremeas,
1210 2663 1272 2703 SIVE
1286 2664 1421 2703 saturarat
1434 2665 1586 2704 nassonia.
