3800 5875
467 771 669 845 PARTIS
714 770 996 844 SECUNDAE
1041 770 1257 855 SUMMA,

773 1041 896 1079 ntousra
917 1040 947 1078 ta

663 1267 1062 1351 APHORISMOS.

875 1585 956 1649 enim,
971 1601 1039 1657 quas
1061 1601 1134 1640 nunc
1152 1585 1292 1648 habemus.
1314 1587 1385 1643 nihil
1406 1588 1480 1644 aliud
1500 1594 1569 1656 sunt,
1584 1607 1664 1662 quarn

47 1674 244 1723 artromstss
257 1676 307 1723 DE
322 1675 658 1724 INTERPRETATIONE
671 1674 835 1735 NATURAE,
875 1664 999 1735 quaedam
1023 1666 1242 1720 concinnationes
1266 1683 1355 1721 rerum
1376 1676 1457 1722 antea
1479 1669 1663 1733 inventarum,

246 1749 292 1797 ΕΤ
308 1750 429 1798 REGNO
445 1749 606 1798 HOMINIS.
874 1759 929 1798 non
955 1744 1029 1798 modi
1051 1744 1213 1809 inveniendi,
1237 1754 1284 1799 aut
1306 1746 1508 1818 designationes
1535 1765 1664 1804 novorum

326 1887 510 1927 arnonisuus
533 1888 553 1926 r.
875 1839 995 1892 ‘merum'

84 1981 179 2044 Horro,
194 1990 304 2035 naturae
318 1981 442 2035 minister
456 1989 485 2034 et
499 1982 641 2051 interpres,
656 1989 759 2035 tanturn
772 1981 838 2034 iacit
1245 1966 1293 2005 ¹¹·

50 2070 72 2111 et
85 2060 223 2131 intelligit,
236 2070 376 2131 quantum,
386 2060 419 2114 de
427 2070 529 2114 naturae
538 2061 638 2124 ordine,
649 2077 678 2114 re
689 2061 733 2115 vel
746 2068 837 2115 mente
913 2059 1005 2115 Causa
1016 2078 1080 2115 vero
1093 2069 1121 2115 et
1134 2060 1212 2115 radix
1226 2060 1282 2115 fere
1292 2062 1413 2117 omnium
1426 2062 1558 2119 malorum
1570 2062 1600 2117 in
1610 2064 1663 2118 sci-

50 2139 246 2204 obserraverit;
267 2155 319 2194 nec
333 2140 450 2210 amplius
461 2140 519 2204 scit,
534 2148 581 2194 aut
594 2146 690 2209 potest.
873 2140 953 2194 antiis
967 2157 1001 2194 ea
1013 2157 1068 2195 una
1086 2148 1146 2203 est;
1168 2140 1240 2211 quod
1262 2140 1326 2194 dum
1340 2142 1438 2196 mentis
1454 2141 1582 2196 humanas
1592 2143 1664 2196 vires

873 2216 942 2272 falso
960 2218 1089 2275 miramur
1103 2229 1132 2274 et
1145 2218 1307 2286 extollimus,
1322 2237 1386 2275 vera
1409 2221 1469 2290 ejus
1488 2221 1592 2276 auxilia
1609 2238 1663 2277 non

426 2285 459 2323 ¹¹·
873 2313 1033 2368 quaeramus

81 2378 138 2431 Nec
157 2394 262 2432 manus
278 2377 358 2441 nuda,
371 2394 422 2431 nec
442 2376 596 2432 intellectus
609 2377 661 2439 sibi
681 2378 836 2448 permissus,

49 2457 151 2510 multum
167 2457 263 2519 ralet3
284 2457 471 2511 instrumentis
487 2464 514 2511 et
535 2456 645 2511 auxiliis
667 2474 710 2511 res
730 2458 836 2527 perfici·

49 2545 100 2599 tur;
119 2537 222 2607 quibus
231 2551 302 2605 opus
316 2544 358 2590 est
366 2553 421 2590 non
428 2537 517 2590 minus
528 2537 563 2589 ad
573 2535 747 2600 intellectum,
755 2553 836 2608 quam
912 2531 1055 2587 subtilitas
1067 2540 1171 2588 naturae
1180 2532 1358 2587 subtilitatem
1370 2548 1465 2587 sensus
1476 2539 1503 2586 et
1512 2531 1663 2588 intellectus

50 2614 78 2666 sd
95 2633 215 2670 manum.
259 2615 349 2685 Atque
370 2623 403 2669 ut
419 2615 597 2670 instrumenta
616 2632 713 2669 manus
735 2623 836 2670 motum
872 2610 964 2664 multis
977 2612 1099 2682 partibus
1116 2619 1242 2682 superat;
1263 2617 1295 2667 ut
1308 2612 1430 2682 pulchrae
1443 2611 1498 2666 illa
1512 2612 1663 2667 meditatio-

49 2702 87 2746 sut
99 2696 170 2748 cient
191 2701 242 2748 aut
259 2702 369 2764 reguut;
391 2694 430 2747 ita
443 2702 471 2748 et
482 2694 660 2749 instrumenta
672 2694 779 2760 mentis,
793 2695 836 2750 in.
872 2705 928 2752 nes,
953 2698 980 2743 et
1002 2690 1198 2760 speculationes
1220 2690 1355 2756 humana,
1376 2698 1404 2745 et
1423 2691 1600 2756 causationes,
1619 2709 1663 2747 res

50 2772 156 2828 tellectui
172 2781 223 2828 aut
237 2780 390 2844 suggerunt
402 2781 449 2827 aut
461 2781 566 2827 cavent.
871 2767 1009 2824 malesana
1018 2770 1080 2836 sint,
1094 2770 1147 2824 nisi
1158 2769 1229 2841 quod
1242 2786 1298 2824 non
1307 2770 1378 2825 adsit
1392 2770 1440 2841 qui
1454 2770 1583 2825 advertat.

1254 2440 1281 2478 Χ.

417 2913 467 2953 111.
1245 2910 1287 2949 x1.

82 3006 202 3062 Srientia
216 3014 246 3061 et
266 3006 390 3078 potentia
406 3006 527 3061 humana
541 3007 569 3061 in
589 3008 662 3062 idem
675 3007 834 3073 coincidunt,
911 3006 988 3062 Sicut
1008 3007 1135 3072 sciense,
1151 3025 1211 3079 quur
1230 3003 1301 3061 nunc
1315 3007 1456 3071 habentur,
1474 3006 1582 3061 inutiles
1598 3014 1663 3060 sunt

50 3085 105 3153 quis
124 3087 267 3156 ignoratio
291 3102 381 3140 causa
406 3086 528 3140 destituit
553 3088 688 3142 effectum.
729 3089 835 3142 Natura
870 3086 1109 3140 adinventionem
1133 3103 1259 3156 operum3
1282 3088 1319 3140 ita
1340 3095 1367 3140 et
1387 3085 1485 3156 logica,
1508 3104 1567 3157 quae
1590 3102 1660 3140 nunc

49 3164 110 3218 enirn
123 3183 181 3220 non
195 3165 251 3219 nisi
265 3166 387 3235 parendo
400 3165 530 3219 vincitur:
551 3174 578 3220 et
588 3167 659 3238 quod
671 3167 701 3220 in
714 3174 833 3222 coutem-
870 3165 994 3229 habetur,
1009 3165 1112 3219 inutilis
1126 3167 1213 3220 estad
1227 3168 1409 3221 inventionem
1424 3167 1603 3220 scientiarum.

50 3242 158 3310 piatione
182 3246 272 3300 instar
294 3260 383 3299 causae
401 3253 456 3309 est3
477 3245 505 3298 id
523 3245 552 3299 in
571 3247 728 3317 operatione
749 3247 835 3301 instar

51 3323 205 3394 anuas

1240 3306 1292 3345 111.

908 3398 1020 3469 Lugius,
1030 3416 1090 3469 quaa
1104 3399 1131 3452 in
1147 3415 1197 3452 usu
1211 3408 1262 3465 est,
1274 3399 1309 3452 sd
1323 3416 1427 3453 errores
1441 3399 1538 3470 (quiin
1548 3399 1663 3452 notioni·

869 3477 921 3532 bus
936 3478 1093 3548 vulgaribus
1116 3478 1274 3545 fundantur)
1294 3478 1469 3533 stabiliendos
1490 3485 1517 3530 et
1540 3478 1663 3548 figendos

82 3554 119 3609 Ad
132 3569 219 3626 opera
230 3553 272 3607 nil
286 3553 360 3608 aliud
374 3561 463 3625 potest
475 3555 567 3618 honio,
582 3572 663 3625 quarn
677 3562 706 3609 ut
719 3572 832 3625 corpora
871 3557 950 3620 valet,
973 3557 1063 3628 potius
1085 3574 1165 3628 quam
1187 3558 1222 3610 ad
1245 3558 1449 3628 inquisitionem
1470 3557 1605 3621 veritatis3
1633 3565 1664 3611 ut

50 3635 173 3688 naturslia
187 3635 334 3689 admoveat
347 3642 373 3687 et
379 3642 518 3689 amoveat:
539 3634 749 3705 reliquanatura
761 3637 833 3691 intus
871 3637 958 3708 magis
970 3638 1100 3690 damnosa
1113 3637 1156 3702 sit,
1168 3655 1249 3708 quam
1264 3637 1345 3691 utilis.

50 3715 172 3786 brudgis

419 3463 460 3501 lt.

1231 3773 1302 3812 xm.

427 3853 454 3893 V·
911 3864 1133 3934 Syllogismusad
1146 3864 1282 3936 principia
1296 3865 1469 3919 scientiarum
1479 3882 1534 3918 non
1549 3866 1662 3920 adhibe-

84 3948 174 4004 Soleut
193 3966 224 4004 se
247 3949 400 4005 immiscere
420 3960 524 4006 natura
539 3950 643 4025 (quoad
664 3948 763 4025 opera)
777 3971 834 4008 me.
870 3952 920 4006 tur,
935 3943 970 3997 ed
983 3944 1072 3997 media
1094 3944 1232 3997 axiomata
1254 3944 1352 3998 frustra
1375 3943 1526 4007 adhibetur,
1542 3962 1604 3999 cum
1625 3946 1663 4001 sit

53 4025 177 4092 ehericus,
206 4028 426 4094 mathematicus,
453 4030 584 4098 medicus,
611 4031 777 4096 alchemista,
806 4039 834 4087 et
869 4022 1013 4077 subtilitati
1034 4030 1138 4076 naturus
1161 4021 1242 4094 longe
1269 4023 1373 4092 impar:
1403 4039 1543 4078 assensum
1568 4025 1662 4095 itaque

54 4120 153 4176 magus:
176 4108 227 4163 sed
247 4124 344 4163 omnes
358 4107 404 4185 (ut
416 4126 487 4164 nunc
507 4118 569 4165 sunt
586 4105 647 4183 res)
661 4119 759 4167 conatu
772 4111 833 4178 leri,
870 4102 1036 4173 conslrlnssib
1050 4118 1105 4155 11011
1119 4117 1171 4156 10⁸·

53 4197 165 4242 luccesse
179 4188 266 4243 tenui.
1238 4245 1301 4283 m·

423 4330 463 4370 Ἦ·
911 4340 1091 4410 syllogismus
1107 4358 1143 4395 ex
1163 4339 1392 4410 propositionibus
1413 4345 1525 4404 constat,
1539 4342 1663 4410 proposi·

87 4418 211 4477 insanam
233 4423 362 4493 quiddam
384 4430 463 4489 esset,
478 4431 505 4478 et
518 4425 546 4478 in
560 4443 589 4480 fle
603 4427 774 4491 contrarium,
788 4442 835 4481 03.
873 4420 954 4472 tionis
968 4437 1004 4473 ex
1016 4421 1114 4486 verbis,
1130 4419 1211 4474 verba
1221 4418 1360 4472 notionum
1379 4426 1487 4474 tesseras
1500 4426 1569 4474 sunt.
1611 4420 1664 4474 lta·

53 4494 163 4554 isn'mare
181 4518 223 4566 ea,
248 4520 310 4573 quoe
328 4502 416 4556 adhue
436 4520 574 4574 nunquam
596 4505 669 4558 sacra
690 4512 759 4570 sunt,
775 4506 834 4560 fieri
873 4515 924 4568 que
939 4499 961 4552 si
976 4499 1098 4553 notiones
1112 4498 1180 4569 ipssa
1194 4497 1236 4568 (id
1251 4496 1323 4568 quod
1339 4498 1413 4553 basis
1427 4497 1464 4551 rei
1479 4501 1533 4566 est)
1544 4499 1663 4554 confusa

53 4591 131 4644 posse,
143 4580 196 4635 nisi
210 4598 262 4652 per
274 4581 369 4635 modos
379 4581 467 4636 adhuc
480 4599 616 4654 nunquam
632 4591 755 4638 tentatos,
872 4578 933 4641 sint,
950 4585 1092 4631 attenuere
1106 4594 1123 4631 a
1136 4577 1216 4632 rebus
1236 4577 1397 4640 abstractae,
1419 4576 1490 4631 nihil
1502 4578 1532 4631 in
1544 4579 1587 4641 iis,
1602 4595 1663 4649 qua

871 4663 1098 4726 superstruuntur,
1109 4663 1152 4710 cst
1162 4655 1334 4710 firmitudinis
1347 4677 1353 4709 ε
1375 4659 1467 4728 itaque
1477 4674 1541 4727 spes
1554 4665 1595 4712 est
1608 4674 1663 4712 una

417 4721 471 4760 VH·
871 4735 900 4789 iu
915 4736 1069 4788 inductione
1083 4752 1154 4789 vera.

88 4808 280 4867 Generationes
294 4821 401 4868 meutus
415 4821 443 4867 et
461 4830 557 4866 manus
573 4831 724 4868 numerosus
742 4815 834 4868 admo·

55 4885 110 4941 dum
124 4891 245 4945 ridentur
258 4892 287 4945 in
301 4891 379 4946 libris
398 4899 424 4945 et
444 4892 566 4962 opificiis.
608 4893 662 4947 Sed
682 4894 768 4947 omnis
781 4893 834 4948 ista

55 4968 161 5023 varietas
179 4970 234 5024 sits
246 4978 290 5025 est
302 4972 332 5024 in
346 4970 493 5026 subtilitate
509 4971 611 5025 eximia
623 4981 652 5026 et
664 4972 835 5027 derivationi·
912 4969 945 5024 ln
960 4969 1116 5024 notionibus
1132 4968 1172 5023 nil
1187 4972 1246 5024 sani
1270 4979 1319 5035 est,
1338 4988 1388 5024 nec
1402 4972 1430 5025 in
1445 4970 1549 5042 logicis,
1568 4986 1617 5023 nec
1632 4971 1662 5024 in

56 5041 100 5098 hus
111 5063 255 5116 paucarum
272 5066 372 5116 rerum,
387 5067 447 5120 quse
466 5051 653 5115 innotuerunt,
674 5068 728 5105 nou
746 5052 773 5104 in
788 5068 834 5105 nu·
872 5048 1012 5118 physicis3
1033 5064 1089 5102 non
1103 5049 1263 5113 substantia,
1277 5066 1334 5102 non
1349 5053 1475 5120 quatitur,
1490 5065 1578 5119 ogere,
1587 5051 1661 5119 poti,

56 5137 123 5180 nero
133 5128 305 5184 axiomstum
404 5138 411 5202 ζ
872 5128 962 5198 ipsum
975 5143 1041 5191 esre,
1054 5126 1134 5182 bonae
1146 5128 1270 5183 notiones
1284 5137 1359 5191 sunt;
1381 5128 1661 5198 multominusgrnve,

873 5208 936 5271 leve,
951 5207 1068 5270 maura,
1076 5215 1162 5272 tenue,
1174 5207 1317 5271 humidum,
1326 5209 1434 5271 siccum,
1446 5208 1592 5278 generatio,
1604 5222 1661 5259 cnr·

873 5288 972 5356 ruptio,
982 5286 1125 5349 attrahere,
1132 5291 1248 5360 sugere,
1258 5287 1419 5349 elementum,
1428 5286 1556 5347 materies,
1561 5289 1661 5358 samu,

91 5357 176 5414 Etiam
191 5379 280 5432 opera,
295 5380 355 5433 quae
374 5361 432 5430 jam
444 5363 552 5417 inventa
566 5371 634 5430 sont,
648 5364 722 5419 casui
737 5362 836 5418 deben·
873 5373 900 5418 et
914 5365 943 5419 id
958 5381 1060 5437 genus;
1081 5366 1129 5421 sed
1142 5381 1236 5421 ornnes
1249 5363 1429 5435 phantasticae
1442 5373 1470 5417 et
1482 5361 1553 5418 male
1569 5365 1661 5419 termi-

59 5441 97 5487 tur
113 5445 140 5490 et
152 5443 333 5512 experientia,
348 5442 438 5512 magis
457 5459 539 5511 quam
554 5444 692 5499 scientiis:
714 5444 834 5522 scientia
870 5451 949 5500 natas.

95 5528 150 5572 ror.
169 5535 197 5573 ιι.
424 5520 480 5573 212

1242 4877 1292 4915 xV.

407 5267 473 5307 v111.
