3800 5875
755 357 863 415 NOVA
883 347 1084 414 athanulsss
1677 352 1734 417 729

104 532 174 571 ones
187 521 285 570 restrae
298 512 387 569 snut.'’
428 512 499 568 'l'um
516 530 587 570 unua
604 532 620 570 e
637 516 745 580 nostris,
759 533 845 586 parva
863 517 902 570 in·
941 516 1104 571 reservanda
1117 523 1186 581 sunt,
1201 531 1264 586 quae
1281 513 1393 569 omnino
1414 512 1535 569 revelare
1556 512 1660 568 licitum
1679 530 1736 568 non

103 596 235 666 terposita
247 609 331 657 mora,
349 595 388 647 ita
405 593 491 647 dixit:
513 611 572 649 esse
592 611 650 649 rem
669 596 812 666 quandam,
826 597 902 664 cujus
941 603 999 650 est:
1019 595 1094 651 haud
1107 611 1194 664 pauca
1207 602 1299 649 tamen
1312 600 1481 663 superemnt,
1496 611 1557 665 quae
1574 593 1736 649 sadsiactic-

103 674 286 746 cognoscendi
299 673 410 744 quidem
424 673 504 737 avidi,
516 674 699 745 interrogandi
710 684 801 729 numm
814 675 901 730 timidi
940 690 1004 730 nem
1019 675 1095 729 robis
1110 674 1215 729 abunde
1228 673 1402 743 prestabant.

105 770 235 818 essemus,
249 769 284 806 ne
303 752 374 807 forte
392 751 478 806 nimio
496 752 559 822 plus
577 755 783 825 praesumpsisse
797 754 902 808 ridere-
981 761 997 786 ⁸⁴
1013 753 1175 825 Intelligetia
1196 753 1280 822 igitur
1300 752 1341 821 (id
1363 752 1434 823 quod
1453 751 1532 807 vobis
1553 750 1666 805 fortem
1686 750 1735 805 vix

104 850 183 889 mur:
202 841 378 887 veruntamen
388 830 520 902 singulari
531 832 590 900 ejus
600 849 668 904 erga
675 850 725 887 nos
734 833 901 888 humanitate
941 833 1070 888 credibile
1084 833 1232 899 ridebitur)
1247 831 1376 886 termille
1397 832 1505 886 circiter
1526 830 1626 885 abhinc
1647 829 1734 894 annis,

105 913 278 967 confirmatos
292 912 367 979 (cum
384 927 433 964 nos
445 910 493 965 vix
512 928 563 982 pro
582 912 685 967 exteris
703 913 839 977 ducamus,
854 913 900 983 qui
940 920 987 966 aut
999 912 1081 983 paulo
1096 912 1165 982 plus,
1178 912 1366 981 navigationes
1379 912 1453 965 orbis
1467 916 1597 965 terrarum
1611 911 1735 981 (praeser-

105 992 178 1047 servi
202 993 261 1060 ejus
281 989 458 1044 addictissimi
479 997 507 1043 et
526 990 694 1045 devotissimi
714 991 819 1060 sumus)
841 993 901 1059 ejus
940 992 989 1046 tim
1003 993 1033 1046 in
1053 993 1180 1063 regiones
1197 992 1329 1058 remotas)
1350 990 1466 1058 majores
1486 989 1577 1054 fuisse,
1597 997 1626 1043 et
1645 987 1735 1058 magis

105 1070 273 1142 proponendi
295 1068 420 1124 libertate
439 1085 541 1134 muros,
555 1068 707 1125 humillime
727 1071 900 1135 obtestantes,
941 1079 1047 1126 strenue
1065 1078 1213 1141 susceptas,
1227 1087 1308 1142 quarn
1327 1069 1458 1124 hodierno
1476 1070 1529 1124 die.
1569 1070 1614 1123 Ne
1638 1067 1734 1122 existi·

104 1158 139 1205 nt
155 1151 180 1205 si
197 1149 371 1220 responsione
393 1149 442 1202 rix
461 1148 624 1219 dignaretur,
646 1150 789 1220 questioni
809 1157 900 1205 tamen
940 1152 1027 1213 metis,
1041 1151 1147 1205 nescire
1161 1167 1212 1214 me,
1223 1155 1353 1220 quantum
1369 1149 1442 1219 apud
1456 1165 1503 1202 ros
1513 1148 1647 1202 creverint
1659 1146 1735 1200 navi·

103 1230 266 1301 ignosceret,
286 1226 350 1282 licet
367 1245 428 1282 eam
448 1227 582 1295 rejiceret.
622 1228 716 1283 Dixit:
742 1245 792 1283 nos
811 1229 901 1283 obser·
940 1231 1066 1300 gationea
1092 1230 1165 1283 intra
1190 1245 1277 1283 annos
1299 1236 1408 1282 centum
1432 1236 1461 1281 et
1483 1228 1581 1298 viginti
1608 1227 1733 1297 proxime

103 1325 184 1364 vasae
198 1309 271 1371 satis
285 1316 313 1361 et
333 1306 464 1361 memoria
484 1306 573 1362 adhuc
594 1314 693 1373 tenere,
708 1308 792 1362 verba
804 1307 853 1362 illa
866 1309 900 1362 ab
939 1308 1066 1379 elapsos:
1088 1309 1155 1363 satis
1168 1307 1237 1362 mihi
1252 1307 1304 1362 hoc
1318 1308 1466 1378 cognitum.
1506 1307 1542 1361 Et
1559 1315 1657 1370 tamen,
1673 1321 1732 1359 ma·

103 1388 169 1458 ipso
182 1387 294 1457 prolata,
304 1395 404 1441 terram
417 1386 489 1440 hana
503 1386 618 1451 felicem,
629 1386 658 1440 in
670 1403 725 1459 qua
734 1388 792 1456 jam
803 1388 900 1458 pedem
937 1389 1012 1455 joras
1039 1385 1177 1457 (inquam)
1202 1388 1316 1452 suerunt,
1341 1404 1375 1441 eo
1397 1395 1525 1457 tempore,
1547 1403 1630 1457 quarn
1651 1401 1732 1440 nunc.

103 1467 225 1537 ligimus,
252 1466 346 1536 paucis
378 1465 522 1520 admodum
554 1467 690 1537 cognitam
723 1483 790 1533 esse,
818 1475 900 1539 atquc
940 1467 1003 1523 Sive
1027 1468 1197 1522 conservatio
1217 1466 1267 1520 illa
1286 1467 1460 1538 reliquiarum
1480 1464 1592 1520 humani
1615 1464 1731 1534 generis,

104 1545 196 1601 nihilo
215 1546 303 1601 secius
318 1544 459 1616 plerasque
481 1545 554 1600 orbis
575 1546 698 1600 nationes
717 1546 784 1600 satis
804 1563 899 1602 nosse:
939 1562 989 1617 per
1002 1564 1100 1611 arcam
1115 1564 1132 1601 a
1145 1545 1248 1600 diluvio
1261 1544 1407 1600 universali
1423 1545 1494 1599 hanc
1508 1544 1653 1615 navigandi
1668 1559 1732 1597 con·

104 1625 136 1679 id
150 1625 223 1696 quod
236 1641 330 1679 verum
351 1641 410 1679 esse
426 1624 506 1716 plana
523 1625 761 1695 perspiciebamus,
779 1626 900 1697 qnando-
939 1627 1077 1681 fidentiam
1101 1626 1257 1680 hominibus
1280 1625 1414 1688 indiderit,
1436 1625 1494 1678 sive
1516 1623 1590 1678 aliud
1614 1622 1678 1694 quid
1701 1623 1731 1678 in

106 1704 219 1776 quidem
233 1704 341 1774 linguas
354 1704 472 1774 Europae
490 1704 627 1769 callerent,
642 1712 671 1758 et
687 1723 731 1760 res
747 1712 853 1759 nostras
872 1706 901 1759 in
938 1721 1022 1759 causa
1035 1705 1125 1760 fuerit.
1167 1705 1221 1759 Sed
1235 1711 1380 1776 utcunque,
1394 1703 1455 1767 hoc,
1470 1704 1541 1775 quod
1552 1703 1622 1767 dico,
1637 1718 1732 1756 rerum

104 1784 232 1854 plurimis
252 1782 442 1854 intelligerent,
466 1800 528 1838 cum
551 1800 634 1838 noae
656 1784 795 1838 contrairi
813 1784 899 1838 Euro-
939 1793 988 1839 est.
1028 1785 1181 1848 Phoenices,
1193 1801 1225 1838 ac
1236 1785 1371 1853 praecipue
1382 1783 1458 1852 Tyrii
1470 1798 1583 1854 magnas
1593 1781 1732 1835 habebant

105 1880 151 1935 pa,
166 1871 229 1934 post
247 1871 287 1917 tot
303 1871 331 1916 et
346 1871 401 1916 tam
416 1873 532 1917 remotas
545 1863 742 1933 navigationes,
756 1862 808 1917 hac
822 1871 900 1918 aetate
938 1862 1047 1918 classes.
1088 1862 1218 1918 Similiter
1230 1862 1368 1917 habebant
1380 1871 1408 1916 et
1429 1862 1674 1933 Carthaginienses,
1689 1877 1732 1915 co·

105 1951 244 2013 postrema
271 1951 419 2012 susceptas,
444 1941 515 1996 nihil
541 1958 651 2011 prorsus
673 1942 707 1996 de
734 1941 787 1997 hac
811 1943 901 1997 insula
938 1942 1013 1997 ionia
1032 1944 1161 2014 ipsorum,
1183 1943 1306 2014 quamvis
1326 1943 1361 1996 ad
1381 1942 1547 1996 occidentem
1568 1941 1656 2010 magis
1677 1941 1730 1995 sita

103 2022 327 2076 inaudirerimus.
369 2021 430 2075 Hoc
457 2022 549 2075 mirari
570 2021 635 2076 satis
654 2037 710 2077 non
730 2038 818 2092 posse,
838 2039 901 2077 cum
939 2022 984 2077 sit.
1025 2021 1069 2077 Ab
1079 2024 1182 2077 oriente
1193 2038 1264 2086 vero,
1275 2021 1376 2076 classes
1386 2021 1583 2091 AEgyptiorum,
1595 2028 1622 2074 et
1633 2019 1732 2075 Palaes-

104 2102 230 2156 nationes
250 2118 352 2164 omnes,
370 2109 418 2155 aut
438 2116 488 2170 per
509 2100 740 2171 peregrinationes
761 2102 790 2155 in
810 2110 901 2171 partes
939 2104 1013 2163 dnae,
1027 2109 1150 2172 potentes
1168 2108 1252 2166 erant,
1271 2108 1298 2155 et
1318 2117 1478 2156 numerosa.
1518 2099 1609 2154 Chius
1629 2107 1728 2162 antem

105 2189 224 2244 exteras,
238 2187 285 2234 ant
297 2196 347 2250 per
359 2180 490 2235 adrentus
503 2188 657 2235 exterorum
676 2180 710 2233 ad
723 2196 777 2245 eas,
791 2182 844 2235 sibi
857 2182 899 2235 in·
939 2189 967 2236 et
990 2180 1106 2237 Atlantis
1127 2198 1228 2253 magna
1249 2181 1344 2251 (quam
1365 2196 1414 2234 vos
1438 2179 1591 2234 Amerinam
1613 2175 1731 2247 vocatis)

104 2261 195 2314 ricem
221 2260 399 2314 innotescant.
438 2258 517 2314 Licet
540 2268 638 2324 eutem,
662 2260 710 2330 qui
734 2259 765 2314 in
791 2261 900 2314 natione
939 2277 1085 2332 quaenunt
1098 2277 1202 2329 yuncas
1215 2269 1320 2314 tantum
1334 2267 1363 2314 et
1375 2275 1474 2313 canoas
1492 2258 1601 2322 habent,
1614 2259 1640 2311 vi
1654 2274 1730 2329 mag-

105 2347 204 2394 extera
228 2338 422 2409 peregrinatur,
446 2339 508 2408 plus
529 2339 632 2392 notitia
653 2346 681 2392 et
702 2338 900 2394 informationis
938 2357 974 2393 na
998 2340 1178 2404 abundabant,
1204 2340 1260 2394 illis
1285 2340 1386 2402 diebus,
1413 2339 1524 2392 navium
1547 2337 1730 2409 grandiorum.

104 2419 168 2472 visa
177 2419 354 2482 nanciscatur,
366 2435 447 2489 quam
459 2418 531 2472 domi
545 2434 657 2472 manens
671 2434 688 2470 a
702 2419 900 2490 peregrinante,
941 2419 1034 2473 lnsula
1047 2418 1106 2474 hac
1120 2427 1213 2474 nostra
1227 2423 1269 2486 (ut
1283 2436 1319 2474 es
1332 2418 1456 2472 fidelibus
1470 2420 1528 2484 eius
1542 2417 1630 2472 atatis
1643 2416 1732 2471 histo·

105 2498 201 2552 auditu
228 2496 294 2560 solo,
322 2497 460 2551 addiscere
486 2497 588 2568 poesin
633 2503 759 2562 attamen,
787 2505 900 2569 utroque
938 2499 987 2553 riis
1001 2498 1081 2568 plane
1099 2498 1197 2570 liquet)
1219 2499 1352 2552 instmcta
1372 2506 1429 2552 tum
1449 2497 1501 2551 init
1521 2496 1636 2552 naribus
1656 2496 1731 2552 mille

104 2578 196 2641 modo,
216 2577 343 2631 notitiam
367 2584 496 2640 mutuam,
519 2576 611 2646 aliqua
633 2593 670 2631 ex
693 2584 778 2647 parte,
802 2577 899 2632 heberi
940 2578 1104 2648 quingentis,
1125 2579 1213 2649 iisque
1238 2577 1358 2640 fortibus,
1381 2584 1410 2632 et
1431 2594 1539 2647 magna
1563 2576 1731 2645 capacitatis.

104 2673 197 2727 porse.
237 2657 338 2710 Verum
353 2665 482 2727 quantum
496 2656 530 2709 ad
544 2655 615 2710 hanc
628 2655 752 2720 insulam,
762 2672 901 2730 nunquam
939 2657 982 2711 De
996 2657 1057 2722 hoc,
1066 2657 1139 2730 qnod
1151 2658 1257 2727 loquor,
1267 2657 1339 2727 apud
1347 2673 1395 2709 vos
1408 2657 1509 2727 exigna
1523 2655 1675 2720 admodum,
1686 2663 1733 2710 aut

104 2753 178 2790 nova
192 2735 226 2789 ad
238 2751 289 2790 nos
303 2734 387 2789 allata
402 2735 436 2789 de
450 2734 565 2803 alicujus
584 2736 662 2790 navis
684 2737 719 2789 ab
737 2752 770 2789 ea
783 2737 818 2791 ad
839 2753 901 2792 oras
938 2736 1014 2792 nulla
1028 2745 1071 2791 est
1084 2739 1222 2800 memoria,
1237 2743 1265 2790 at
1284 2736 1361 2790 nobis
1375 2753 1425 2806 pro
1438 2744 1511 2789 certo
1524 2734 1663 2806 cognitum
1677 2742 1730 2791 est.

104 2824 214 2871 nostras
234 2815 358 2886 appulsu,
379 2816 479 2869 nedum
501 2814 535 2867 ad
556 2813 649 2869 littora
668 2815 791 2885 Iluropae,
812 2832 901 2888 neque
980 2823 996 2850 “
1009 2816 1051 2871 Εο
1068 2818 1151 2871 etiam
1171 2824 1300 2885 tempore,
1315 2815 1349 2869 ad
1369 2815 1487 2869 insulam
1508 2814 1580 2868 hanc
1601 2830 1684 2868 nares
1705 2822 1734 2869 et

106 2895 144 2950 ad
170 2895 263 2950 littora
291 2895 436 2959 lndiarum,
465 2894 641 2950 occidentalia
668 2903 714 2950 aut
745 2895 900 2951 orientalis:
938 2896 1039 2953 canna
1052 2913 1146 2951 earum
1160 2895 1365 2967 omniuru,quas
1380 2895 1459 2950 modo
1471 2893 1653 2959 nominabam,
1664 2894 1733 2948 nati-

104 2992 196 3046 neque
209 2975 312 3046 aliquid
323 2975 460 3044 accepisse
470 2975 503 3028 de
517 2975 580 3029 navi
594 2974 658 3040 ulla,
670 2976 854 3048 cujuscunque
868 2993 902 3031 ea
939 2993 1022 3031 onum
1043 2976 1213 3048 appulerunt.
1254 2975 1351 3046 Atque,
1365 2984 1395 3029 ut
1415 2975 1473 3030 fieri
1487 2974 1565 3039 solet,
1579 2991 1663 3029 nares
1676 2974 1733 3029 illae

105 3054 202 3126 populi
215 3055 259 3119 sit,
274 3062 453 3126 quaeaterra
469 3055 521 3108 hac
539 3054 656 3111 redierit
699 3056 731 3110 ln
745 3054 797 3109 hoc
811 3062 901 3111 autem
939 3065 1038 3127 praeter
1062 3055 1208 3128 populares
1231 3073 1294 3110 suos
1317 3055 1454 3111 vehebant
1480 3055 1580 3108 multos
1607 3071 1643 3108 ex
1669 3053 1733 3108 aliis

104 3134 185 3199 illud,
210 3134 282 3205 quod
305 3134 512 3188 admirationem
538 3141 635 3200 movet,
662 3150 717 3188 non
744 3135 900 3201 consistere,
939 3136 1104 3207 regionibus,
1125 3153 1186 3207 quse
1208 3135 1276 3205 ipsa
1294 3135 1438 3189 maritimae
1458 3151 1514 3189 non
1534 3141 1627 3198 erant;
1648 3131 1733 3187 veluti

105 3214 192 3268 situm
205 3214 278 3268 enim
291 3214 351 3282 ejus
365 3218 408 3283 (ut
420 3214 567 3268 dominatio
587 3230 636 3269 sua
656 3214 774 3281 dixerat)
795 3214 825 3269 in
846 3222 900 3270 tarn
939 3215 1047 3280 Persas,
1063 3214 1215 3279 Chaldaeos,
1230 3215 1352 3277 Arabes;
1373 3215 1414 3268 ita
1426 3221 1457 3269 ut
1470 3229 1564 3268 omnes
1584 3213 1640 3267 lere
1660 3212 1732 3266 nati·

105 3294 177 3347 rasti
192 3293 283 3364 pelagi
298 3292 419 3347 conclavi
434 3301 544 3357 secreto,
558 3293 622 3348 huic
640 3294 679 3348 rei
698 3295 726 3348 in
745 3310 828 3347 causa
841 3311 901 3349 esse
939 3311 1006 3348 ones
1020 3303 1144 3364 potentes
1163 3302 1191 3348 et
1207 3293 1327 3349 celebres
1345 3292 1528 3349 Iocum‘hunc
1547 3293 1676 3347 adierint:
1697 3309 1733 3348 ex

105 3388 205 3441 posse3
239 3389 334 3426 verum
355 3380 385 3426 ut
407 3372 456 3427 illa
476 3382 569 3427 contra
590 3373 716 3428 notitiam
739 3372 899 3444 linguarum,
940 3374 1038 3443 quibus
1052 3373 1195 3429 nonnullas
1211 3373 1343 3429 habemus
1356 3374 1461 3443 stirpes,
1476 3380 1505 3426 et
1522 3373 1608 3427 tribus
1628 3380 1731 3439 tenues,

105 3452 249 3519 librorum,
264 3469 353 3506 rerum
367 3451 507 3517 haberent,
522 3453 645 3523 gentium
664 3453 699 3506 ab
717 3453 753 3508 iis
772 3462 828 3507 tam
849 3454 900 3508 im·
939 3471 1024 3525 usque
1038 3455 1067 3507 in
1081 3453 1241 3508 hodiernum
1255 3453 1335 3508 diem.
1377 3452 1454 3513 Quod
1461 3468 1526 3507 vero
1536 3452 1571 3505 ad
1580 3468 1663 3505 naves
1673 3468 1734 3506 nos-

105 3533 211 3586 mensis
226 3531 322 3601 spatiis
342 3530 503 3594 dissitarum,
518 3532 547 3585 id
567 3548 674 3586 omnem
696 3532 900 3587 admirationem
939 3539 995 3587 tras
1010 3535 1113 3597 attinet,
1129 3535 1158 3588 in
1172 3549 1266 3586 omues
1279 3532 1473 3603 propemodum
1487 3548 1548 3585 oras
1561 3531 1730 3601 navigarunt,

105 3627 245 3681 superare,
259 3626 347 3680 neque
358 3610 437 3664 nobis
450 3612 585 3682 quomodo
598 3611 656 3665 fieri
670 3611 723 3665 hoc
738 3613 831 3682 possit,
845 3612 902 3667 ullo
940 3620 996 3665 tam
1011 3613 1047 3667 ad
1060 3613 1158 3668 fretum
1169 3622 1296 3676 vestrum,
1308 3612 1379 3682 quod
1392 3611 1531 3666 cohrmnas
1546 3609 1671 3664 Herculis
1684 3627 1733 3681 ap·

105 3690 190 3744 ωοᾱο
203 3690 232 3743 in
245 3697 366 3744 mentem
379 3690 487 3745 venire:
508 3690 586 3745 nobis
600 3691 734 3762 siquidem
748 3692 901 3747 divinamm
940 3691 1057 3761 pellatis,
1085 3709 1167 3764 quam
1194 3693 1229 3746 ad
1255 3692 1330 3755 alias,
1358 3700 1415 3746 tum
1446 3690 1648 3753 Mediterranei,
1676 3696 1733 3744 tum

105 3764 240 3824 mentium
258 3777 286 3822 et
305 3776 477 3839 potestatum,
491 3786 547 3823 non
565 3780 653 3824 autem
674 3769 815 3825 hominum
837 3789 902 3842 quo-
941 3770 1071 3826 Atlantici
1081 3773 1172 3836 maris,
1183 3773 1323 3842 regiones:
1343 3770 1426 3825 veluti
1437 3771 1471 3824 ad
1482 3770 1642 3841 Paguinum,
1657 3769 1733 3839 (civi-

104 3849 211 3903 rnmvis
225 3848 407 3904 conditionem
419 3849 512 3914 rideri,
523 3858 553 3904 ut
565 3850 633 3918 ipsoe
646 3849 758 3905 occulta
772 3859 799 3905 et
811 3850 902 3905 invisi-
941 3857 1024 3905 tatem
1039 3851 1068 3905 in
1085 3852 1175 3906 China
1189 3852 1425 3922 antiquissimam.)
1439 3868 1499 3921 qua
1509 3849 1604 3903 eadem
1616 3855 1658 3902 est
1671 3865 1733 3903 cum

105 3927 178 3982 biles
199 3927 309 3992 lateant,
324 3928 429 3982 caeteris
447 3929 557 3983 interim
576 3928 684 3983 illanrm
699 3931 768 3984 visui
788 3930 902 4000 patenti·
941 3929 1082 3994 Cambalu,
1096 3938 1125 3984 et
1142 3930 1253 3995 Quinae,
1272 3931 1305 3983 ad
1320 3929 1449 3984 orientale
1464 3928 1579 4000 pelagus
1599 3928 1659 3992 sita,
1679 3944 1734 3982 non

104 4006 168 4072 bus,
183 4006 298 4062 etvelut
314 4007 344 4061 in
358 4007 451 4077 aprico
464 4009 569 4078 positis.
610 4008 652 4062 hd
665 4008 725 4063 haec
738 4010 821 4063 verba
833 4026 901 4078 prae·
940 4009 1034 4079 procul
1048 4027 1065 4064 a
1078 4011 1177 4064 finibus
1188 4010 1319 4063 Tartarisa
1332 4008 1481 4063 orientalis.

105 4086 215 4158 positus
236 4086 341 4157 placide
362 4086 479 4151 subrisit,
502 4096 529 4141 et
548 4088 633 4142 dixit:
666 4105 720 4143 non
741 4089 799 4143 siae
821 4102 903 4143 causa
981 4089 1114 4143 “Eodem
1142 4098 1272 4158 praterea
1298 4097 1427 4158 tempore,
1455 4094 1483 4142 et
1508 4087 1602 4142 seculo
1627 4087 1735 4158 integro

105 4165 217 4220 reniam
231 4182 280 4220 nos
293 4165 374 4235 hujus
388 4167 545 4237 questionis
558 4175 660 4236 petere,
674 4168 808 4239 siquidem
821 4169 902 4222 innu-
941 4167 1110 4240 insequente,
1132 4177 1178 4223 aut
1198 4167 1322 4237 amplius,
1344 4167 1438 4237 populi
1461 4184 1569 4239 magna·
1589 4166 1735 4222 Atlantidis

105 4262 164 4309 ere,
178 4262 210 4298 ac
223 4245 247 4299 si
260 4253 359 4299 terram
373 4244 444 4299 hana
458 4262 513 4299 non
533 4246 624 4309 aliam,
638 4264 720 4317 quam
736 4256 834 4303 terram
847 4263 903 4301 rua·
941 4256 1065 4317 potentes
1085 4247 1229 4302 admodum
1251 4254 1334 4302 erant.
1375 4247 1436 4301 Etsi
1463 4249 1536 4302 enim
1562 4246 1682 4301 narratio
1708 4254 1735 4301 et

106 4341 215 4396 gorum,
236 4324 403 4389 duceremus,
426 4342 488 4396 qaas
510 4326 622 4395 spiritus
642 4326 735 4381 aereos
755 4327 784 4380 in
808 4343 903 4381 omnes
941 4327 1094 4398 descriptio,
1108 4328 1195 4381 aviro
1208 4343 1309 4397 magno
1321 4326 1405 4381 vestri
1423 4327 1497 4382 orbis
1515 4326 1593 4392 iacta,
1610 4326 1733 4397 (scilicet,

105 4412 202 4475 partes
216 4404 365 4457 emitteret:
387 4421 501 4473 quorum
518 4421 569 4474 ope
587 4414 615 4458 et
629 4405 763 4460 famulitio
777 4423 903 4477 quaecun-
942 4408 1100 4479 progeniem
1114 4407 1238 4476 Neptuni
1252 4406 1331 4460 sedes
1346 4422 1409 4461 suas
1430 4406 1469 4460 ibi
1489 4408 1605 4473 finisse)
1626 4416 1682 4461 tum
1699 4407 1734 4460 de

107 4483 206 4555 quein
219 4483 282 4537 aliis
295 4483 451 4553 regionibus
462 4490 621 4553 gererentur
631 4496 810 4555 pernosceret.
842 4484 905 4539 Om-
941 4486 1101 4555 magnificis,
1116 4484 1224 4555 templo,
1239 4485 1348 4555 palatio,
1362 4485 1437 4550 urbe,
1447 4494 1475 4540 et
1488 4486 1565 4549 colle,
1580 4488 1645 4558 quin
1658 4495 1685 4540 et
1698 4486 1732 4540 de

105 4579 159 4617 nes
172 4579 227 4618 uno
240 4578 286 4617 ore
298 4562 439 4617 humiliter
459 4565 654 4632 respondimus,
668 4564 744 4619 vultu
758 4572 850 4618 tamen
864 4565 904 4618 ita
942 4564 1137 4639 multiplicibus
1159 4564 1334 4636 pulchrorum
1359 4572 1387 4618 et
1409 4582 1568 4635 magnorum
1593 4566 1734 4619 fluviorum

106 4642 268 4711 composito,
282 4648 312 4696 ut
326 4659 389 4697 eum
403 4659 456 4697 non
470 4642 546 4706 alias,
556 4659 636 4714 quam
648 4643 718 4710 ioco,
733 4644 785 4697 hoc
799 4643 902 4698 dixisse
942 4645 1030 4716 spiris,
1043 4648 1124 4716 (quta,
1135 4651 1264 4715 tanquam
1271 4644 1383 4698 totidem
1394 4652 1511 4715 torques,
1522 4644 1653 4715 templum
1667 4643 1735 4698 illud

107 4738 167 4791 pras
180 4721 261 4776 nobis
274 4722 421 4776 ferremusz
442 4738 492 4776 nos
510 4738 575 4777 sane
590 4721 669 4776 iacile
683 4723 711 4776 in
725 4739 786 4777 eam
800 4724 903 4794 cogita-
942 4734 970 4778 et
984 4724 1078 4778 urbem
1092 4724 1257 4794 cingebant)
1272 4740 1303 4777 ac
1322 4724 1439 4795 denique
1458 4724 1491 4778 de
1514 4723 1659 4794 grandibus
1679 4722 1734 4777 illis

108 4802 215 4855 tionem
236 4800 338 4863 venire,
360 4817 419 4855 esse
437 4801 542 4872 aliquid
563 4802 592 4856 in
618 4800 670 4856 hac
690 4803 799 4856 natione
820 4802 903 4873 plane
942 4804 1094 4875 insignibus
1108 4819 1242 4867 ascensus,
1255 4819 1305 4872 per
1318 4820 1386 4875 quos
1400 4803 1435 4858 ad
1447 4803 1542 4856 eadem
1560 4802 1734 4871 pervenieba-

107 4880 326 4950 supernaturale3
348 4879 415 4935 illud
429 4887 520 4935 tamen
540 4882 629 4951 potius
648 4881 808 4951 angelicum,
823 4899 904 4951 quam
943 4892 995 4946 tur,
1010 4881 1093 4937 veluti
1107 4899 1156 4952 per
1169 4882 1269 4936 scalam
1284 4884 1420 4953 quandam
1434 4882 1507 4947 coeli,
1522 4883 1557 4934 sit
1571 4880 1735 4935 fabulosaet

107 4961 256 5029 magicum,
270 4960 383 5014 ducere:
403 4976 497 5015 venrm
519 4970 549 5015 ut
568 4961 710 5031 perspicue
727 4961 799 5031 apud
821 4961 905 5015 domi-
943 4962 1065 5031 poitiers
1086 4960 1139 5015 hcc
1156 4968 1247 5018 tamen
1264 4962 1385 5017 veritatis
1402 4962 1580 5024 immiscetur,
1594 4960 1736 5029 regionem

107 5039 250 5093 nunonem
259 5055 335 5093 suam
343 5038 538 5110 eloqueremur,
548 5042 612 5113 quid
620 5041 730 5094 tandem
738 5040 805 5095 illud
815 5040 903 5106 fuerit,
943 5041 1020 5094 illam
1036 5040 1193 5104 Atlantidis,
1214 5049 1270 5095 tam
1290 5040 1365 5096 illam
1388 5041 1521 5103 Peruviae,
1544 5048 1607 5093 tunc
1631 5040 1735 5108 Coyam

109 5119 183 5189 quod
206 5119 364 5188 scrupulum
387 5117 468 5183 hunc,
488 5136 524 5174 ne
547 5137 736 5191 quereremus,
757 5120 904 5188 injecisset,
943 5129 1074 5184 vocatam,
1089 5137 1170 5191 quam
1183 5120 1258 5174 illam
1278 5120 1391 5176 alteram
1410 5120 1489 5191 regni
1509 5119 1658 5183 Mexicani,
1671 5126 1735 5174 tunc

107 5197 181 5252 nihil
195 5213 232 5251 ex
245 5197 298 5250 hac
311 5214 340 5251 re
359 5198 491 5268 sapuisse,
511 5199 559 5254 sed
582 5201 710 5271 quoniam
730 5200 759 5254 in
780 5216 904 5254 sermone
944 5201 1044 5254 dictam
1060 5198 1206 5263 Tirambel,
1220 5217 1305 5270 regna
1321 5200 1405 5254 fuisse
1418 5199 1509 5263 armis,
1523 5198 1619 5263 classe,
1632 5206 1659 5252 et
1676 5199 1735 5269 opi·

107 5276 249 5346 praeterito
261 5294 323 5331 eum
336 5276 459 5332 innuisse
472 5278 688 5345 memineramus,
702 5285 810 5350 gentem
824 5280 906 5334 istam
944 5280 1002 5343 bns,
1016 5280 1137 5350 potentia
1151 5288 1178 5332 et
1196 5281 1321 5349 superba
1361 5279 1430 5333 Tam
1451 5278 1588 5349 (inquam)
1608 5279 1735 5348 potentis,

107 5357 143 5410 de
157 5355 270 5411 silentio
283 5373 349 5425 erga
368 5357 527 5427 peregrinos
548 5373 597 5428 per
617 5358 693 5429 leges
711 5361 822 5414 cavisse.
863 5359 906 5414 Ad
944 5367 974 5414 ut
986 5359 1080 5413 eodem
1095 5368 1215 5430 tempore
1230 5357 1287 5428 (vel
1305 5358 1402 5413 saltem
1423 5357 1496 5413 intra
1513 5359 1629 5428 spatium
1643 5357 1736 5413 decem

107 5435 163 5490 hoc
176 5435 331 5505 respondit:
354 5440 369 5466 ‘⁴
384 5436 470 5490 Recte
485 5437 595 5507 quidem
611 5439 791 5494 meministis:
812 5440 905 5512 itaque
945 5442 1089 5505 annorum)
1105 5440 1172 5493 duas
1186 5455 1300 5509 magnas
1318 5437 1508 5508 expeditiones
1524 5438 1634 5492 sardes
1648 5454 1736 5493 susce·

108 5513 139 5570 in
167 5514 211 5581 iis,
234 5532 295 5585 quas
321 5513 441 5586 prolerre
465 5516 538 5589 apud
561 5534 610 5574 vos
633 5517 754 5586 instituo,
776 5519 907 5576 nonnulla
944 5518 1053 5589 perint:
1077 5517 1108 5573 hi
1128 5519 1256 5574 nimirum
1276 5517 1310 5573 de
1330 5517 1477 5586 lirambel,
1499 5534 1548 5591 per
1570 5517 1738 5574 Adanticum
