<?xml version="1.0" encoding="UTF-8"?>
<!DOCTYPE html PUBLIC "-//W3C//DTD XHTML 1.0 Transitional//EN"
    "http://www.w3.org/TR/xhtml1/DTD/xhtml1-transitional.dtd">
<html xmlns="http://www.w3.org/1999/xhtml" xml:lang="en" lang="en">
 <head>
  <title>
</title>
<meta http-equiv="Content-Type" content="text/html;charset=utf-8" />
  <meta name='ocr-system' content='tesseract 3.04.00' />
  <meta name='ocr-capabilities' content='ocr_page ocr_carea ocr_par ocr_line ocrx_word'/>
</head>
<body>
  <div class='ocr_page' id='page_1' title='image "./workslordbaconw00bacogoog_0598.png"; bbox 0 0 3800 5875; ppageno 0'>
   <div class='ocr_carea' id='block_1_1' title="bbox 226 327 1313 393">
    <p class='ocr_par' dir='ltr' id='par_1_1' title="bbox 226 327 1313 393">
     <span class='ocr_line' id='line_1_1' title="bbox 226 327 1313 393; baseline -0.002 -6"><span class='ocrx_word' id='word_1_1' title='bbox 226 330 284 393; x_wconf 84' lang='lat'><strong>572</strong></span> <span class='ocrx_word' id='word_1_2' title='bbox 762 327 946 383; x_wconf 76' lang='lat' dir='ltr'>HISTORIA</span> <span class='ocrx_word' id='word_1_3' title='bbox 971 328 1070 385; x_wconf 81' lang='lat' dir='ltr'><strong>VITAE</strong></span> <span class='ocrx_word' id='word_1_4' title='bbox 1090 329 1313 387; x_wconf 71' lang='lat' dir='ltr'><strong>nantoatis.</strong></span> 
     </span>
    </p>
   </div>
   <div class='ocr_carea' id='block_1_2' title="bbox 223 485 1850 2304">
    <p class='ocr_par' dir='ltr' id='par_1_2' title="bbox 223 485 1850 2304">
     <span class='ocr_line' id='line_1_2' title="bbox 224 485 1849 557; baseline -0.003 -12"><span class='ocrx_word' id='word_1_5' title='bbox 224 489 351 546; x_wconf 88' lang='lat' dir='ltr'><strong>homiues</strong></span> <span class='ocrx_word' id='word_1_6' title='bbox 364 489 431 554; x_wconf 86' lang='lat' dir='ltr'><strong>dno;</strong></span> <span class='ocrx_word' id='word_1_7' title='bbox 447 505 579 543; x_wconf 88' lang='lat' dir='ltr'><strong>annornm</strong></span> <span class='ocrx_word' id='word_1_8' title='bbox 592 492 701 543; x_wconf 89' lang='lat' dir='ltr'><strong>centnm</strong></span> <span class='ocrx_word' id='word_1_9' title='bbox 715 491 743 541; x_wconf 85' lang='lat' dir='ltr'><strong>et</strong></span> <span class='ocrx_word' id='word_1_10' title='bbox 758 486 878 557; x_wconf 87' lang='lat' dir='ltr'><strong>triginta,</strong></span> <span class='ocrx_word' id='word_1_11' title='bbox 892 486 1017 542; x_wconf 88' lang='lat' dir='ltr'><strong>homines</strong></span> <span class='ocrx_word' id='word_1_12' title='bbox 1053 488 1139 555; x_wconf 80' lang='lat' dir='ltr'><strong>vixit;</strong></span> <span class='ocrx_word' id='word_1_13' title='bbox 1161 488 1244 543; x_wconf 90' lang='lat' dir='ltr'><strong>homo</strong></span> <span class='ocrx_word' id='word_1_14' title='bbox 1255 486 1340 542; x_wconf 88' lang='lat' dir='ltr'><strong>animi</strong></span> <span class='ocrx_word' id='word_1_15' title='bbox 1354 486 1449 550; x_wconf 87' lang='lat' dir='ltr'><strong>sedati,</strong></span> <span class='ocrx_word' id='word_1_16' title='bbox 1464 485 1512 542; x_wconf 85' lang='lat' dir='ltr'><strong>sed</strong></span> <span class='ocrx_word' id='word_1_17' title='bbox 1525 485 1664 553; x_wconf 87' lang='lat' dir='ltr'><strong>humilior,</strong></span> <span class='ocrx_word' id='word_1_18' title='bbox 1679 491 1709 541; x_wconf 89' lang='lat' dir='ltr'><strong>et</strong></span> <span class='ocrx_word' id='word_1_19' title='bbox 1721 486 1849 557; x_wconf 72' lang='lat' dir='ltr'><strong>sapend-</strong></span> 
     </span>
     <span class='ocr_line' id='line_1_3' title="bbox 225 565 1849 641; baseline -0.002 -18"><span class='ocrx_word' id='word_1_20' title='bbox 225 579 356 641; x_wconf 85' lang='lat' dir='ltr'><strong>quatuor;</strong></span> <span class='ocrx_word' id='word_1_21' title='bbox 377 586 508 622; x_wconf 91' lang='lat' dir='ltr'><strong>annorum</strong></span> <span class='ocrx_word' id='word_1_22' title='bbox 527 576 636 621; x_wconf 90' lang='lat' dir='ltr'><strong>centurn</strong></span> <span class='ocrx_word' id='word_1_23' title='bbox 654 574 682 621; x_wconf 87' lang='lat' dir='ltr'><strong>et</strong></span> <span class='ocrx_word' id='word_1_24' title='bbox 701 565 948 637; x_wconf 87' lang='lat' dir='ltr'><strong>trigintaquinque</strong></span> <span class='ocrx_word' id='word_1_25' title='bbox 970 575 1017 620; x_wconf 90' lang='lat' dir='ltr'><strong>aut</strong></span> <span class='ocrx_word' id='word_1_26' title='bbox 1054 568 1146 632; x_wconf 87' lang='lat' dir='ltr'><strong>tinans,</strong></span> <span class='ocrx_word' id='word_1_27' title='bbox 1161 574 1189 621; x_wconf 89' lang='lat' dir='ltr'><strong>et</strong></span> <span class='ocrx_word' id='word_1_28' title='bbox 1207 567 1325 622; x_wconf 85' lang='lat' dir='ltr'><strong>timidus.</strong></span> <span class='ocrx_word' id='word_1_29' title='bbox 1365 565 1479 620; x_wconf 86' lang='lat' dir='ltr'><strong>Anicius</strong></span> <span class='ocrx_word' id='word_1_30' title='bbox 1492 565 1666 620; x_wconf 80' lang='lat' dir='ltr'><strong>lastinianus</strong></span> <span class='ocrx_word' id='word_1_31' title='bbox 1678 582 1769 620; x_wconf 73' lang='lat' dir='ltr'><strong>annm</strong></span> <span class='ocrx_word' id='word_1_32' title='bbox 1782 575 1849 620; x_wconf 80' lang='lat' dir='ltr'><strong>octo</strong></span> 
     </span>
     <span class='ocr_line' id='line_1_4' title="bbox 225 645 1848 719; baseline -0.002 -17"><span class='ocrx_word' id='word_1_33' title='bbox 225 649 341 719; x_wconf 87' lang='lat' dir='ltr'><strong>triginta</strong></span> <span class='ocrx_word' id='word_1_34' title='bbox 361 656 473 718; x_wconf 81' lang='lat' dir='ltr'><strong>septem,</strong></span> <span class='ocrx_word' id='word_1_35' title='bbox 496 647 620 701; x_wconf 89' lang='lat' dir='ltr'><strong>homines</strong></span> <span class='ocrx_word' id='word_1_36' title='bbox 642 647 707 699; x_wconf 90' lang='lat' dir='ltr'><strong>item</strong></span> <span class='ocrx_word' id='word_1_37' title='bbox 733 653 861 716; x_wconf 84' lang='lat' dir='ltr'><strong>quatuor;</strong></span> <span class='ocrx_word' id='word_1_38' title='bbox 884 662 1016 700; x_wconf 85' lang='lat' dir='ltr'><strong>annorum</strong></span> <span class='ocrx_word' id='word_1_39' title='bbox 1054 647 1132 717; x_wconf 83' lang='lat' dir='ltr'>ginta</span> <span class='ocrx_word' id='word_1_40' title='bbox 1145 656 1200 701; x_wconf 90' lang='lat' dir='ltr'><strong>tres</strong></span> <span class='ocrx_word' id='word_1_41' title='bbox 1213 646 1297 711; x_wconf 78' lang='lat' dir='ltr'><strong>rixit3</strong></span> <span class='ocrx_word' id='word_1_42' title='bbox 1318 646 1360 700; x_wconf 84' lang='lat' dir='ltr'><strong>vir</strong></span> <span class='ocrx_word' id='word_1_43' title='bbox 1376 645 1471 716; x_wconf 80' lang='lat' dir='ltr'><strong>gloriae</strong></span> <span class='ocrx_word' id='word_1_44' title='bbox 1494 652 1635 715; x_wconf 88' lang='lat' dir='ltr'><strong>appetens,</strong></span> <span class='ocrx_word' id='word_1_45' title='bbox 1649 661 1770 716; x_wconf 90' lang='lat' dir='ltr'><strong>persona</strong></span> <span class='ocrx_word' id='word_1_46' title='bbox 1790 662 1848 716; x_wconf 77' lang='lat' dir='ltr'><strong>pro</strong></span> 
     </span>
     <span class='ocr_line' id='line_1_5' title="bbox 224 723 1848 798; baseline -0.002 -16"><span class='ocrx_word' id='word_1_47' title='bbox 224 738 332 782; x_wconf 89' lang='lat' dir='ltr'><strong>centurn</strong></span> <span class='ocrx_word' id='word_1_48' title='bbox 347 737 374 781; x_wconf 91' lang='lat' dir='ltr'><strong>et</strong></span> <span class='ocrx_word' id='word_1_49' title='bbox 388 727 574 798; x_wconf 88' lang='lat' dir='ltr'><strong>quadraginta,</strong></span> <span class='ocrx_word' id='word_1_50' title='bbox 589 725 714 780; x_wconf 89' lang='lat' dir='ltr'><strong>homines</strong></span> <span class='ocrx_word' id='word_1_51' title='bbox 727 730 790 778; x_wconf 88' lang='lat' dir='ltr'><strong>tres.</strong></span> <span class='ocrx_word' id='word_1_52' title='bbox 833 723 936 779; x_wconf 84' lang='lat' dir='ltr'><strong>Prteter</strong></span> <span class='ocrx_word' id='word_1_53' title='bbox 956 725 1015 790; x_wconf 92' lang='lat' dir='ltr'><strong>hos,</strong></span> <span class='ocrx_word' id='word_1_54' title='bbox 1054 727 1114 796; x_wconf 88' lang='lat' dir='ltr'><strong>pria</strong></span> <span class='ocrx_word' id='word_1_55' title='bbox 1127 743 1226 790; x_wconf 92' lang='lat' dir='ltr'><strong>socors,</strong></span> <span class='ocrx_word' id='word_1_56' title='bbox 1241 726 1341 780; x_wconf 90' lang='lat' dir='ltr'><strong>ducum</strong></span> <span class='ocrx_word' id='word_1_57' title='bbox 1361 741 1469 779; x_wconf 87' lang='lat' dir='ltr'><strong>suorum</strong></span> <span class='ocrx_word' id='word_1_58' title='bbox 1483 725 1581 778; x_wconf 75' lang='lat' dir='ltr'><strong>rinnte</strong></span> <span class='ocrx_word' id='word_1_59' title='bbox 1592 724 1661 779; x_wconf 81' lang='lat' dir='ltr'><strong>felix</strong></span> <span class='ocrx_word' id='word_1_60' title='bbox 1674 733 1704 779; x_wconf 90' lang='lat' dir='ltr'><strong>et</strong></span> <span class='ocrx_word' id='word_1_61' title='bbox 1717 724 1848 788; x_wconf 70' lang='lat' dir='ltr'><strong>celebris:</strong></span> 
     </span>
     <span class='ocr_line' id='line_1_6' title="bbox 224 804 1848 877; baseline -0.001 -16"><span class='ocrx_word' id='word_1_62' title='bbox 224 807 366 877; x_wconf 73' lang='lat' dir='ltr'>speciatim</span> <span class='ocrx_word' id='word_1_63' title='bbox 376 807 475 860; x_wconf 88' lang='lat' dir='ltr'><strong>Parma</strong></span> <span class='ocrx_word' id='word_1_64' title='bbox 485 805 568 859; x_wconf 83' lang='lat' dir='ltr'>edidit</span> <span class='ocrx_word' id='word_1_65' title='bbox 578 805 704 875; x_wconf 87' lang='lat' dir='ltr'><strong>quinque,</strong></span> <span class='ocrx_word' id='word_1_66' title='bbox 717 820 828 874; x_wconf 87' lang='lat' dir='ltr'><strong>quornm</strong></span> <span class='ocrx_word' id='word_1_67' title='bbox 837 811 898 867; x_wconf 91' lang='lat' dir='ltr'><strong>tres,</strong></span> <span class='ocrx_word' id='word_1_68' title='bbox 908 812 1015 858; x_wconf 90' lang='lat' dir='ltr'><strong>centum</strong></span> <span class='ocrx_word' id='word_1_69' title='bbox 1054 806 1173 871; x_wconf 89' lang='lat' dir='ltr'><strong>uxorius,</strong></span> <span class='ocrx_word' id='word_1_70' title='bbox 1188 822 1275 876; x_wconf 90' lang='lat' dir='ltr'><strong>neque</strong></span> <span class='ocrx_word' id='word_1_71' title='bbox 1289 821 1363 868; x_wconf 91' lang='lat' dir='ltr'><strong>suus,</strong></span> <span class='ocrx_word' id='word_1_72' title='bbox 1374 804 1422 857; x_wconf 92' lang='lat' dir='ltr'><strong>sed</strong></span> <span class='ocrx_word' id='word_1_73' title='bbox 1431 804 1547 858; x_wconf 87' lang='lat' dir='ltr'><strong>aliorum</strong></span> <span class='ocrx_word' id='word_1_74' title='bbox 1561 804 1646 870; x_wconf 84' lang='lat' dir='ltr'><strong>ductu</strong></span> <span class='ocrx_word' id='word_1_75' title='bbox 1659 804 1848 859; x_wconf 72' lang='lat' dir='ltr'><strong>circumactus</strong></span> 
     </span>
     <span class='ocr_line' id='line_1_7' title="bbox 224 883 1849 956; baseline -0.001 -17"><span class='ocrx_word' id='word_1_76' title='bbox 224 887 320 956; x_wconf 86' lang='lat' dir='ltr'><strong>viginti</strong></span> <span class='ocrx_word' id='word_1_77' title='bbox 342 902 435 950; x_wconf 90' lang='lat' dir='ltr'><strong>annos,</strong></span> <span class='ocrx_word' id='word_1_78' title='bbox 458 885 517 949; x_wconf 92' lang='lat' dir='ltr'><strong>duo,</strong></span> <span class='ocrx_word' id='word_1_79' title='bbox 539 893 645 938; x_wconf 80' lang='lat' dir='ltr'><strong>centuni</strong></span> <span class='ocrx_word' id='word_1_80' title='bbox 666 884 777 952; x_wconf 89' lang='lat' dir='ltr'><strong>triginta</strong></span> <span class='ocrx_word' id='word_1_81' title='bbox 796 883 1013 952; x_wconf 69' lang='lat' dir='ltr'><strong>compleveruntc</strong></span> <span class='ocrx_word' id='word_1_82' title='bbox 1055 884 1163 939; x_wconf 87' lang='lat' dir='ltr'><strong>Helena</strong></span> <span class='ocrx_word' id='word_1_83' title='bbox 1175 884 1315 949; x_wconf 82' lang='lat' dir='ltr'><strong>Britanna,</strong></span> <span class='ocrx_word' id='word_1_84' title='bbox 1331 883 1502 938; x_wconf 74' lang='lat' dir='ltr'><strong>Constantini</strong></span> <span class='ocrx_word' id='word_1_85' title='bbox 1512 883 1611 954; x_wconf 87' lang='lat' dir='ltr'><strong>Magni</strong></span> <span class='ocrx_word' id='word_1_86' title='bbox 1626 891 1724 947; x_wconf 84' lang='lat' dir='ltr'><strong>mater,</strong></span> <span class='ocrx_word' id='word_1_87' title='bbox 1744 891 1849 954; x_wconf 89' lang='lat' dir='ltr'><strong>octoge-</strong></span> 
     </span>
     <span class='ocr_line' id='line_1_8' title="bbox 223 961 1850 1032; baseline -0.001 -14"><span class='ocrx_word' id='word_1_88' title='bbox 223 964 354 1020; x_wconf 88' lang='lat' dir='ltr'><strong>Bruxclla</strong></span> <span class='ocrx_word' id='word_1_89' title='bbox 375 982 459 1019; x_wconf 88' lang='lat' dir='ltr'><strong>unum</strong></span> <span class='ocrx_word' id='word_1_90' title='bbox 477 980 607 1017; x_wconf 85' lang='lat' dir='ltr'><strong>annornm</strong></span> <span class='ocrx_word' id='word_1_91' title='bbox 627 971 734 1016; x_wconf 88' lang='lat' dir='ltr'><strong>centum</strong></span> <span class='ocrx_word' id='word_1_92' title='bbox 757 961 855 1032; x_wconf 76' lang='lat' dir='ltr'><strong>viginti</strong></span> <span class='ocrx_word' id='word_1_93' title='bbox 877 962 1013 1032; x_wconf 69' lang='lat' dir='ltr'><strong>quinquer</strong></span> <span class='ocrx_word' id='word_1_94' title='bbox 1053 963 1131 1017; x_wconf 85' lang='lat' dir='ltr'><strong>naria</strong></span> <span class='ocrx_word' id='word_1_95' title='bbox 1145 965 1213 1029; x_wconf 83' lang='lat' dir='ltr'><strong>iuit;</strong></span> <span class='ocrx_word' id='word_1_96' title='bbox 1235 962 1333 1018; x_wconf 89' lang='lat' dir='ltr'><strong>mulier</strong></span> <span class='ocrx_word' id='word_1_97' title='bbox 1348 962 1474 1017; x_wconf 80' lang='lat' dir='ltr'><strong>civilibus</strong></span> <span class='ocrx_word' id='word_1_98' title='bbox 1487 963 1568 1017; x_wconf 89' lang='lat' dir='ltr'><strong>rebus</strong></span> <span class='ocrx_word' id='word_1_99' title='bbox 1587 961 1679 1016; x_wconf 85' lang='lat' dir='ltr'><strong>minna</strong></span> <span class='ocrx_word' id='word_1_100' title='bbox 1697 979 1728 1016; x_wconf 87' lang='lat' dir='ltr'><strong>se</strong></span> <span class='ocrx_word' id='word_1_101' title='bbox 1749 963 1850 1017; x_wconf 79' lang='lat' dir='ltr'><strong>immis-</strong></span> 
     </span>
     <span class='ocr_line' id='line_1_9' title="bbox 224 1041 1847 1113; baseline -0.001 -16"><span class='ocrx_word' id='word_1_102' title='bbox 224 1043 364 1098; x_wconf 79' lang='lat' dir='ltr'><strong>Placentia</strong></span> <span class='ocrx_word' id='word_1_103' title='bbox 390 1061 471 1098; x_wconf 91' lang='lat' dir='ltr'><strong>unum</strong></span> <span class='ocrx_word' id='word_1_104' title='bbox 495 1060 626 1097; x_wconf 87' lang='lat' dir='ltr'><strong>annorum</strong></span> <span class='ocrx_word' id='word_1_105' title='bbox 650 1049 757 1095; x_wconf 86' lang='lat' dir='ltr'><strong>centurn</strong></span> <span class='ocrx_word' id='word_1_106' title='bbox 781 1041 892 1110; x_wconf 89' lang='lat' dir='ltr'><strong>triginta</strong></span> <span class='ocrx_word' id='word_1_107' title='bbox 919 1042 1013 1106; x_wconf 85' lang='lat' dir='ltr'><strong>unius;</strong></span> <span class='ocrx_word' id='word_1_108' title='bbox 1053 1059 1126 1107; x_wconf 88' lang='lat' dir='ltr'><strong>cens,</strong></span> <span class='ocrx_word' id='word_1_109' title='bbox 1139 1060 1190 1098; x_wconf 91' lang='lat' dir='ltr'><strong>nec</strong></span> <span class='ocrx_word' id='word_1_110' title='bbox 1204 1044 1294 1098; x_wconf 92' lang='lat' dir='ltr'><strong>mariti</strong></span> <span class='ocrx_word' id='word_1_111' title='bbox 1306 1059 1357 1096; x_wconf 89' lang='lat' dir='ltr'><strong>nec</strong></span> <span class='ocrx_word' id='word_1_112' title='bbox 1370 1042 1421 1095; x_wconf 90' lang='lat' dir='ltr'><strong>filii</strong></span> <span class='ocrx_word' id='word_1_113' title='bbox 1435 1042 1557 1112; x_wconf 89' lang='lat' dir='ltr'><strong>imperio,</strong></span> <span class='ocrx_word' id='word_1_114' title='bbox 1572 1042 1621 1095; x_wconf 87' lang='lat' dir='ltr'><strong>sed</strong></span> <span class='ocrx_word' id='word_1_115' title='bbox 1642 1051 1701 1095; x_wconf 90' lang='lat' dir='ltr'><strong>tota</strong></span> <span class='ocrx_word' id='word_1_116' title='bbox 1721 1042 1847 1113; x_wconf 79' lang='lat' dir='ltr'><strong>religioni</strong></span> 
     </span>
     <span class='ocr_line' id='line_1_10' title="bbox 224 1120 1848 1193; baseline -0.001 -16"><span class='ocrx_word' id='word_1_117' title='bbox 224 1122 448 1178; x_wconf 82' lang='lat' dir='ltr'><strong>Faventiaunam</strong></span> <span class='ocrx_word' id='word_1_118' title='bbox 457 1120 600 1175; x_wconf 89' lang='lat' dir='ltr'><strong>mulierem</strong></span> <span class='ocrx_word' id='word_1_119' title='bbox 614 1128 865 1175; x_wconf 88' lang='lat' dir='ltr'><strong>annornmcentum</strong></span> <span class='ocrx_word' id='word_1_120' title='bbox 883 1120 1015 1190; x_wconf 83' lang='lat' dir='ltr'><strong>tringinta</strong></span> <span class='ocrx_word' id='word_1_121' title='bbox 1053 1122 1158 1187; x_wconf 68' lang='lat' dir='ltr'><strong>deditar</strong></span> <span class='ocrx_word' id='word_1_122' title='bbox 1183 1122 1407 1193; x_wconf 84' lang='lat' dir='ltr'><strong>magnanimact</strong></span> <span class='ocrx_word' id='word_1_123' title='bbox 1428 1136 1535 1190; x_wconf 89' lang='lat' dir='ltr'><strong>semper</strong></span> <span class='ocrx_word' id='word_1_124' title='bbox 1553 1122 1663 1175; x_wconf 86' lang='lat' dir='ltr'><strong>florens.</strong></span> <span class='ocrx_word' id='word_1_125' title='bbox 1706 1122 1848 1175; x_wconf 86' lang='lat' dir='ltr'><strong>Theodora</strong></span> 
     </span>
     <span class='ocr_line' id='line_1_11' title="bbox 224 1198 1845 1273; baseline -0.001 -18"><span class='ocrx_word' id='word_1_126' title='bbox 224 1202 352 1265; x_wconf 86' lang='lat' dir='ltr'><strong>duorum;</strong></span> <span class='ocrx_word' id='word_1_127' title='bbox 374 1202 502 1272; x_wconf 91' lang='lat' dir='ltr'><strong>oppidum</strong></span> <span class='ocrx_word' id='word_1_128' title='bbox 522 1200 655 1271; x_wconf 87' lang='lat' dir='ltr'><strong>quoddam</strong></span> <span class='ocrx_word' id='word_1_129' title='bbox 676 1203 753 1269; x_wconf 89' lang='lat' dir='ltr'><strong>(tunc</strong></span> <span class='ocrx_word' id='word_1_130' title='bbox 772 1199 873 1252; x_wconf 89' lang='lat' dir='ltr'><strong>dictum</strong></span> <span class='ocrx_word' id='word_1_131' title='bbox 893 1198 1013 1254; x_wconf 86' lang='lat' dir='ltr'><strong>Velleia-</strong></span> <span class='ocrx_word' id='word_1_132' title='bbox 1053 1202 1212 1271; x_wconf 89' lang='lat' dir='ltr'><strong>imperatrix</strong></span> <span class='ocrx_word' id='word_1_133' title='bbox 1223 1207 1297 1273; x_wconf 86' lang='lat' dir='ltr'><strong>(qnte</strong></span> <span class='ocrx_word' id='word_1_134' title='bbox 1311 1201 1381 1256; x_wconf 78' lang='lat' dir='ltr'><strong>zoes</strong></span> <span class='ocrx_word' id='word_1_135' title='bbox 1389 1217 1465 1254; x_wconf 90' lang='lat' dir='ltr'><strong>soror</strong></span> <span class='ocrx_word' id='word_1_136' title='bbox 1474 1209 1539 1264; x_wconf 84' lang='lat' dir='ltr'><strong>erat,</strong></span> <span class='ocrx_word' id='word_1_137' title='bbox 1551 1200 1733 1255; x_wconf 85' lang='lat' dir='ltr'><strong>Monomachi</strong></span> <span class='ocrx_word' id='word_1_138' title='bbox 1744 1202 1845 1267; x_wconf 83' lang='lat' dir='ltr'><strong>uxoris;</strong></span> 
     </span>
     <span class='ocr_line' id='line_1_12' title="bbox 223 1278 1846 1351; baseline 0 -17"><span class='ocrx_word' id='word_1_139' title='bbox 223 1281 309 1349; x_wconf 86' lang='lat' dir='ltr'><strong>cium)</strong></span> <span class='ocrx_word' id='word_1_140' title='bbox 336 1282 365 1334; x_wconf 91' lang='lat' dir='ltr'><strong>iu</strong></span> <span class='ocrx_word' id='word_1_141' title='bbox 388 1281 502 1335; x_wconf 88' lang='lat' dir='ltr'><strong>collibus</strong></span> <span class='ocrx_word' id='word_1_142' title='bbox 525 1280 598 1334; x_wconf 91' lang='lat' dir='ltr'><strong>circa</strong></span> <span class='ocrx_word' id='word_1_143' title='bbox 622 1278 790 1333; x_wconf 77' lang='lat' dir='ltr'><strong>Placentiam</strong></span> <span class='ocrx_word' id='word_1_144' title='bbox 810 1278 904 1332; x_wconf 89' lang='lat' dir='ltr'><strong>decern</strong></span> <span class='ocrx_word' id='word_1_145' title='bbox 923 1279 1013 1344; x_wconf 72' lang='lat' dir='ltr'><strong>dedit,</strong></span> <span class='ocrx_word' id='word_1_146' title='bbox 1053 1280 1114 1350; x_wconf 85' lang='lat' dir='ltr'><strong>ipsa</strong></span> <span class='ocrx_word' id='word_1_147' title='bbox 1133 1289 1222 1335; x_wconf 88' lang='lat' dir='ltr'><strong>antem</strong></span> <span class='ocrx_word' id='word_1_148' title='bbox 1247 1287 1310 1351; x_wconf 88' lang='lat' dir='ltr'><strong>post</strong></span> <span class='ocrx_word' id='word_1_149' title='bbox 1329 1280 1431 1334; x_wconf 88' lang='lat' dir='ltr'><strong>obitam</strong></span> <span class='ocrx_word' id='word_1_150' title='bbox 1451 1279 1509 1347; x_wconf 88' lang='lat' dir='ltr'><strong>ejus</strong></span> <span class='ocrx_word' id='word_1_151' title='bbox 1528 1278 1744 1350; x_wconf 82' lang='lat' dir='ltr'><strong>solaregnavit)</strong></span> <span class='ocrx_word' id='word_1_152' title='bbox 1764 1298 1846 1334; x_wconf 81' lang='lat' dir='ltr'><strong>annor</strong></span> 
     </span>
     <span class='ocr_line' id='line_1_13' title="bbox 224 1355 1846 1431; baseline 0 -17"><span class='ocrx_word' id='word_1_153' title='bbox 224 1377 338 1430; x_wconf 86' lang='lat' dir='ltr'><strong>qnorum</strong></span> <span class='ocrx_word' id='word_1_154' title='bbox 362 1377 418 1424; x_wconf 85' lang='lat' dir='ltr'><strong>aex,</strong></span> <span class='ocrx_word' id='word_1_155' title='bbox 440 1376 539 1414; x_wconf 89' lang='lat' dir='ltr'><strong>annum</strong></span> <span class='ocrx_word' id='word_1_156' title='bbox 559 1359 649 1413; x_wconf 76' lang='lat' dir='ltr'><strong>atatis</strong></span> <span class='ocrx_word' id='word_1_157' title='bbox 671 1358 850 1412; x_wconf 87' lang='lat' dir='ltr'><strong>centesimum</strong></span> <span class='ocrx_word' id='word_1_158' title='bbox 870 1357 1013 1422; x_wconf 91' lang='lat' dir='ltr'><strong>decimum,</strong></span> <span class='ocrx_word' id='word_1_159' title='bbox 1053 1377 1135 1429; x_wconf 87' lang='lat' dir='ltr'><strong>snpra</strong></span> <span class='ocrx_word' id='word_1_160' title='bbox 1148 1359 1287 1431; x_wconf 87' lang='lat' dir='ltr'><strong>octoginta</strong></span> <span class='ocrx_word' id='word_1_161' title='bbox 1299 1359 1386 1423; x_wconf 78' lang='lat' dir='ltr'><strong>rixit3</strong></span> <span class='ocrx_word' id='word_1_162' title='bbox 1408 1357 1505 1413; x_wconf 89' lang='lat' dir='ltr'><strong>mulier</strong></span> <span class='ocrx_word' id='word_1_163' title='bbox 1517 1359 1670 1429; x_wconf 84' lang='lat' dir='ltr'><strong>negotiosa,</strong></span> <span class='ocrx_word' id='word_1_164' title='bbox 1684 1355 1846 1430; x_wconf 83' lang='lat' dir='ltr'><strong>et&#39;imperio</strong></span> 
     </span>
     <span class='ocr_line' id='line_1_14' title="bbox 224 1437 1811 1509; baseline 0.001 -16"><span class='ocrx_word' id='word_1_165' title='bbox 224 1449 346 1509; x_wconf 88' lang='lat' dir='ltr'><strong>quatuor,</strong></span> <span class='ocrx_word' id='word_1_166' title='bbox 360 1441 537 1494; x_wconf 86' lang='lat' dir='ltr'><strong>centesimum</strong></span> <span class='ocrx_word' id='word_1_167' title='bbox 546 1438 706 1492; x_wconf 78' lang='lat' dir='ltr'><strong>vicesimum</strong></span> <span class='ocrx_word' id='word_1_168' title='bbox 719 1438 939 1505; x_wconf 76' lang='lat' dir='ltr'><strong>compleverunt3</strong></span> <span class='ocrx_word' id='word_1_169' title='bbox 955 1438 1014 1492; x_wconf 89' lang='lat' dir='ltr'><strong>Ari-</strong></span> <span class='ocrx_word' id='word_1_170' title='bbox 1053 1438 1193 1504; x_wconf 86' lang='lat' dir='ltr'><strong>delectata,</strong></span> <span class='ocrx_word' id='word_1_171' title='bbox 1208 1438 1275 1494; x_wconf 82' lang='lat' dir='ltr'><strong>felix</strong></span> <span class='ocrx_word' id='word_1_172' title='bbox 1289 1438 1443 1502; x_wconf 82' lang='lat' dir='ltr'><strong>admodum,</strong></span> <span class='ocrx_word' id='word_1_173' title='bbox 1457 1445 1485 1491; x_wconf 93' lang='lat' dir='ltr'><strong>et</strong></span> <span class='ocrx_word' id='word_1_174' title='bbox 1497 1455 1534 1493; x_wconf 84' lang='lat' dir='ltr'><strong>ex</strong></span> <span class='ocrx_word' id='word_1_175' title='bbox 1546 1437 1679 1492; x_wconf 82' lang='lat' dir='ltr'><strong>felicitate</strong></span> <span class='ocrx_word' id='word_1_176' title='bbox 1694 1439 1811 1494; x_wconf 79' lang='lat' dir='ltr'><strong>credula</strong></span> 
     </span>
     <span class='ocr_line' id='line_1_15' title="bbox 224 1517 1844 1589; baseline 0 -17"><span class='ocrx_word' id='word_1_177' title='bbox 224 1518 335 1582; x_wconf 89' lang='lat' dir='ltr'><strong>minum,</strong></span> <span class='ocrx_word' id='word_1_178' title='bbox 364 1518 487 1589; x_wconf 89' lang='lat' dir='ltr'><strong>denique,</strong></span> <span class='ocrx_word' id='word_1_179' title='bbox 514 1534 598 1573; x_wconf 91' lang='lat' dir='ltr'><strong>nnnm</strong></span> <span class='ocrx_word' id='word_1_180' title='bbox 625 1525 733 1571; x_wconf 89' lang='lat' dir='ltr'><strong>centum</strong></span> <span class='ocrx_word' id='word_1_181' title='bbox 760 1523 787 1569; x_wconf 88' lang='lat' dir='ltr'><strong>et</strong></span> <span class='ocrx_word' id='word_1_182' title='bbox 817 1517 1015 1588; x_wconf 86' lang='lat' dir='ltr'><strong>quinquaginta</strong></span> <span class='ocrx_word' id='word_1_183' title='bbox 1095 1517 1139 1580; x_wconf 88' lang='lat' dir='ltr'><strong>l7.</strong></span> <span class='ocrx_word' id='word_1_184' title='bbox 1160 1518 1223 1572; x_wconf 84' lang='lat' dir='ltr'><strong>Jam</strong></span> <span class='ocrx_word' id='word_1_185' title='bbox 1238 1518 1433 1572; x_wconf 83' lang='lat' dir='ltr'><strong>saecularibus</strong></span> <span class='ocrx_word' id='word_1_186' title='bbox 1447 1517 1482 1570; x_wconf 86' lang='lat' dir='ltr'><strong>ad</strong></span> <span class='ocrx_word' id='word_1_187' title='bbox 1503 1517 1643 1589; x_wconf 88' lang='lat' dir='ltr'><strong>principes</strong></span> <span class='ocrx_word' id='word_1_188' title='bbox 1662 1518 1737 1572; x_wconf 82' lang='lat' dir='ltr'><strong>siros</strong></span> <span class='ocrx_word' id='word_1_189' title='bbox 1755 1520 1784 1572; x_wconf 90' lang='lat' dir='ltr'><strong>in</strong></span> <span class='ocrx_word' id='word_1_190' title='bbox 1804 1537 1844 1572; x_wconf 85' lang='lat' dir='ltr'><strong>ee·</strong></span> 
     </span>
     <span class='ocr_line' id='line_1_16' title="bbox 224 1596 1842 1667; baseline 0.002 -17"><span class='ocrx_word' id='word_1_191' title='bbox 224 1614 364 1664; x_wconf 85' lang='lat' dir='ltr'><strong>annorum,</strong></span> <span class='ocrx_word' id='word_1_192' title='bbox 378 1598 486 1652; x_wconf 88' lang='lat' dir='ltr'><strong>nomiae</strong></span> <span class='ocrx_word' id='word_1_193' title='bbox 501 1597 543 1652; x_wconf 87' lang='grc' dir='ltr'><strong>Μ.</strong></span> <span class='ocrx_word' id='word_1_194' title='bbox 557 1596 702 1667; x_wconf 85' lang='lat' dir='ltr'><strong>Aponium.</strong></span> <span class='ocrx_word' id='word_1_195' title='bbox 1052 1597 1137 1652; x_wconf 90' lang='lat' dir='ltr'><strong>clesia</strong></span> <span class='ocrx_word' id='word_1_196' title='bbox 1168 1597 1350 1653; x_wconf 82' lang='lat' dir='ltr'><strong>narrationem</strong></span> <span class='ocrx_word' id='word_1_197' title='bbox 1383 1603 1580 1652; x_wconf 82' lang='lat' dir='ltr'><strong>convertemus.</strong></span> <span class='ocrx_word' id='word_1_198' title='bbox 1642 1597 1670 1651; x_wconf 85' lang='lat' dir='ltr'><strong>S.</strong></span> <span class='ocrx_word' id='word_1_199' title='bbox 1706 1596 1842 1654; x_wconf 70' lang='lat' dir='ltr'><strong>souma</strong></span> 
     </span>
     <span class='ocr_line' id='line_1_17' title="bbox 1053 1675 1843 1749; baseline 0.003 -19"><span class='ocrx_word' id='word_1_200' title='bbox 1053 1676 1198 1747; x_wconf 76' lang='lat' dir='ltr'><strong>Apostolus</strong></span> <span class='ocrx_word' id='word_1_201' title='bbox 1209 1677 1358 1731; x_wconf 80' lang='lat' dir='ltr'><strong>Servatoris</strong></span> <span class='ocrx_word' id='word_1_202' title='bbox 1371 1683 1398 1730; x_wconf 92' lang='lat' dir='ltr'><strong>et</strong></span> <span class='ocrx_word' id='word_1_203' title='bbox 1412 1675 1560 1746; x_wconf 90' lang='lat' dir='ltr'><strong>discipulus</strong></span> <span class='ocrx_word' id='word_1_204' title='bbox 1570 1682 1686 1740; x_wconf 88' lang='lat' dir='ltr'><strong>amatus,</strong></span> <span class='ocrx_word' id='word_1_205' title='bbox 1696 1677 1843 1749; x_wconf 78' lang='lat' dir='ltr'><strong>nonaginta</strong></span> 
     </span>
     <span class='ocr_line' id='line_1_18' title="bbox 494 1753 1841 1826; baseline -0.001 -15"><span class='ocrx_word' id='word_1_206' title='bbox 494 1756 539 1810; x_wconf 90' lang='lat' dir='ltr'><strong>Ne</strong></span> <span class='ocrx_word' id='word_1_207' title='bbox 549 1755 627 1810; x_wconf 88' lang='lat' dir='ltr'><strong>resin</strong></span> <span class='ocrx_word' id='word_1_208' title='bbox 635 1754 747 1825; x_wconf 90' lang='lat' dir='ltr'><strong>longum</strong></span> <span class='ocrx_word' id='word_1_209' title='bbox 756 1753 1015 1822; x_wconf 72' lang='lat' dir='ltr'><strong>procederetrisum</strong></span> <span class='ocrx_word' id='word_1_210' title='bbox 1053 1764 1107 1810; x_wconf 88' lang='lat' dir='ltr'><strong>tres</strong></span> <span class='ocrx_word' id='word_1_211' title='bbox 1125 1774 1210 1811; x_wconf 89' lang='lat' dir='ltr'><strong>annos</strong></span> <span class='ocrx_word' id='word_1_212' title='bbox 1231 1757 1317 1820; x_wconf 75' lang='lat' dir='ltr'><strong>rixit3</strong></span> <span class='ocrx_word' id='word_1_213' title='bbox 1339 1772 1401 1809; x_wconf 85' lang='lat' dir='ltr'><strong>vere</strong></span> <span class='ocrx_word' id='word_1_214' title='bbox 1423 1754 1522 1826; x_wconf 82' lang='lat' dir='ltr'><strong>aquilae</strong></span> <span class='ocrx_word' id='word_1_215' title='bbox 1543 1755 1708 1809; x_wconf 85' lang='lat' dir='ltr'><strong>emblemate</strong></span> <span class='ocrx_word' id='word_1_216' title='bbox 1730 1768 1841 1821; x_wconf 82' lang='lat' dir='ltr'><strong>notatru,</strong></span> 
     </span>
     <span class='ocr_line' id='line_1_19' title="bbox 459 1833 1843 1905; baseline 0.001 -17"><span class='ocrx_word' id='word_1_217' title='bbox 459 1842 502 1888; x_wconf 89' lang='lat' dir='ltr'><strong>est</strong></span> <span class='ocrx_word' id='word_1_218' title='bbox 514 1842 569 1889; x_wconf 85' lang='lat' dir='ltr'><strong>tam</strong></span> <span class='ocrx_word' id='word_1_219' title='bbox 589 1835 618 1888; x_wconf 91' lang='lat' dir='ltr'><strong>in</strong></span> <span class='ocrx_word' id='word_1_220' title='bbox 639 1833 705 1898; x_wconf 89' lang='lat' dir='ltr'><strong>illis,</strong></span> <span class='ocrx_word' id='word_1_221' title='bbox 720 1850 787 1903; x_wconf 87' lang='lat' dir='ltr'><strong>quos</strong></span> <span class='ocrx_word' id='word_1_222' title='bbox 806 1834 863 1901; x_wconf 90' lang='lat' dir='ltr'><strong>jam</strong></span> <span class='ocrx_word' id='word_1_223' title='bbox 877 1835 1014 1888; x_wconf 90' lang='lat' dir='ltr'><strong>recensui·</strong></span> <span class='ocrx_word' id='word_1_224' title='bbox 1052 1836 1122 1890; x_wconf 90' lang='lat' dir='ltr'><strong>nihil</strong></span> <span class='ocrx_word' id='word_1_225' title='bbox 1142 1837 1248 1905; x_wconf 86' lang='lat' dir='ltr'><strong>spirans</strong></span> <span class='ocrx_word' id='word_1_226' title='bbox 1260 1836 1314 1889; x_wconf 90' lang='lat' dir='ltr'><strong>nisi</strong></span> <span class='ocrx_word' id='word_1_227' title='bbox 1328 1835 1455 1899; x_wconf 82' lang='lat' dir='ltr'><strong>divinum,</strong></span> <span class='ocrx_word' id='word_1_228' title='bbox 1470 1843 1498 1888; x_wconf 89' lang='lat' dir='ltr'><strong>et</strong></span> <span class='ocrx_word' id='word_1_229' title='bbox 1511 1842 1642 1905; x_wconf 87' lang='lat' dir='ltr'><strong>tanquam</strong></span> <span class='ocrx_word' id='word_1_230' title='bbox 1657 1834 1764 1905; x_wconf 84' lang='lat' dir='ltr'><strong>Seraph</strong></span> <span class='ocrx_word' id='word_1_231' title='bbox 1777 1838 1843 1891; x_wconf 87' lang='lat' dir='ltr'><strong>iuter</strong></span> 
     </span>
     <span class='ocr_line' id='line_1_20' title="bbox 262 1913 1843 1985; baseline 0.001 -17"><span class='ocrx_word' id='word_1_232' title='bbox 262 1929 330 1977; x_wconf 86' lang='lat' dir='ltr'><strong>mus,</strong></span> <span class='ocrx_word' id='word_1_233' title='bbox 342 1929 423 1983; x_wconf 87' lang='lat' dir='ltr'><strong>quarn</strong></span> <span class='ocrx_word' id='word_1_234' title='bbox 437 1914 467 1968; x_wconf 90' lang='lat' dir='ltr'><strong>in</strong></span> <span class='ocrx_word' id='word_1_235' title='bbox 479 1913 532 1978; x_wconf 86' lang='lat' dir='ltr'><strong>his,</strong></span> <span class='ocrx_word' id='word_1_236' title='bbox 542 1931 609 1985; x_wconf 88' lang='lat' dir='ltr'><strong>quos</strong></span> <span class='ocrx_word' id='word_1_237' title='bbox 620 1930 684 1967; x_wconf 84' lang='lat' dir='ltr'><strong>mox</strong></span> <span class='ocrx_word' id='word_1_238' title='bbox 694 1913 900 1977; x_wconf 86' lang='lat' dir='ltr'><strong>recensebimus,</strong></span> <span class='ocrx_word' id='word_1_239' title='bbox 911 1913 1014 1969; x_wconf 87' lang='lat' dir='ltr'><strong>nullam</strong></span> <span class='ocrx_word' id='word_1_240' title='bbox 1053 1914 1197 1984; x_wconf 83' lang='lat' dir='ltr'><strong>Apostolos</strong></span> <span class='ocrx_word' id='word_1_241' title='bbox 1219 1921 1330 1985; x_wconf 87' lang='lat' dir='ltr'><strong>propter</strong></span> <span class='ocrx_word' id='word_1_242' title='bbox 1350 1914 1482 1969; x_wconf 75' lang='lat' dir='ltr'><strong>servorem</strong></span> <span class='ocrx_word' id='word_1_243' title='bbox 1507 1913 1661 1968; x_wconf 88' lang='lat' dir='ltr'><strong>charitatis.</strong></span> <span class='ocrx_word' id='word_1_244' title='bbox 1704 1915 1732 1968; x_wconf 89' lang='lat' dir='ltr'><strong>S.</strong></span> <span class='ocrx_word' id='word_1_245' title='bbox 1757 1915 1843 1971; x_wconf 81' lang='lat' dir='ltr'><strong>Lucas</strong></span> 
     </span>
     <span class='ocr_line' id='line_1_21' title="bbox 262 1992 1844 2066; baseline 0.003 -20"><span class='ocrx_word' id='word_1_246' title='bbox 262 1993 393 2047; x_wconf 85' lang='lat' dir='ltr'><strong>adducere</strong></span> <span class='ocrx_word' id='word_1_247' title='bbox 402 1995 573 2064; x_wconf 88' lang='lat' dir='ltr'><strong>octogenario</strong></span> <span class='ocrx_word' id='word_1_248' title='bbox 583 1993 729 2047; x_wconf 85' lang='lat' dir='ltr'><strong>minorem:</strong></span> <span class='ocrx_word' id='word_1_249' title='bbox 740 1992 915 2060; x_wconf 87' lang='lat' dir='ltr'><strong>apposuimus</strong></span> <span class='ocrx_word' id='word_1_250' title='bbox 925 2001 1014 2047; x_wconf 90' lang='lat' dir='ltr'><strong>autem</strong></span> <span class='ocrx_word' id='word_1_251' title='bbox 1052 1994 1219 2066; x_wconf 82' lang='lat' dir='ltr'><strong>evangelista</strong></span> <span class='ocrx_word' id='word_1_252' title='bbox 1238 1994 1379 2065; x_wconf 87' lang='lat' dir='ltr'><strong>octoginta</strong></span> <span class='ocrx_word' id='word_1_253' title='bbox 1393 2001 1507 2064; x_wconf 90' lang='lat' dir='ltr'><strong>quatuor</strong></span> <span class='ocrx_word' id='word_1_254' title='bbox 1520 2010 1606 2048; x_wconf 91' lang='lat' dir='ltr'><strong>annos</strong></span> <span class='ocrx_word' id='word_1_255' title='bbox 1619 1993 1768 2065; x_wconf 82' lang='lat' dir='ltr'><strong>complevit</strong></span> <span class='ocrx_word' id='word_1_256' title='bbox 1776 2018 1785 2058; x_wconf 81' lang='lat' dir='ltr'><strong>t</strong></span> <span class='ocrx_word' id='word_1_257' title='bbox 1804 1996 1844 2050; x_wconf 86' lang='lat' dir='ltr'><strong>rir</strong></span> 
     </span>
     <span class='ocr_line' id='line_1_22' title="bbox 262 2070 1842 2145; baseline 0.002 -21"><span class='ocrx_word' id='word_1_258' title='bbox 262 2071 379 2144; x_wconf 79' lang='lat' dir='ltr'><strong>singulis</strong></span> <span class='ocrx_word' id='word_1_259' title='bbox 392 2071 574 2127; x_wconf 85' lang='lat' dir='ltr'><strong>characterem</strong></span> <span class='ocrx_word' id='word_1_260' title='bbox 590 2072 646 2127; x_wconf 86' lang='lat' dir='ltr'><strong>sire</strong></span> <span class='ocrx_word' id='word_1_261' title='bbox 660 2070 779 2141; x_wconf 88' lang='lat' dir='ltr'><strong>elogium</strong></span> <span class='ocrx_word' id='word_1_262' title='bbox 792 2088 886 2124; x_wconf 84' lang='lat' dir='ltr'><strong>verum</strong></span> <span class='ocrx_word' id='word_1_263' title='bbox 905 2079 933 2125; x_wconf 90' lang='lat' dir='ltr'><strong>et</strong></span> <span class='ocrx_word' id='word_1_264' title='bbox 951 2089 1013 2141; x_wconf 87' lang='lat' dir='ltr'><strong>per·</strong></span> <span class='ocrx_word' id='word_1_265' title='bbox 1053 2073 1180 2145; x_wconf 89' lang='lat' dir='ltr'><strong>eloquens</strong></span> <span class='ocrx_word' id='word_1_266' title='bbox 1194 2081 1221 2128; x_wconf 91' lang='lat' dir='ltr'><strong>et</strong></span> <span class='ocrx_word' id='word_1_267' title='bbox 1233 2074 1427 2145; x_wconf 84' lang='lat' dir='ltr'><strong>peregrinator,</strong></span> <span class='ocrx_word' id='word_1_268' title='bbox 1439 2072 1469 2126; x_wconf 91' lang='lat' dir='ltr'><strong>S.</strong></span> <span class='ocrx_word' id='word_1_269' title='bbox 1484 2071 1565 2127; x_wconf 91' lang='lat' dir='ltr'><strong>Pauli</strong></span> <span class='ocrx_word' id='word_1_270' title='bbox 1579 2089 1670 2127; x_wconf 88' lang='lat' dir='ltr'><strong>comes</strong></span> <span class='ocrx_word' id='word_1_271' title='bbox 1683 2073 1842 2141; x_wconf 82' lang='lat' dir='ltr'><strong>individuus,</strong></span> 
     </span>
     <span class='ocr_line' id='line_1_23' title="bbox 262 2149 1842 2224; baseline 0.002 -20"><span class='ocrx_word' id='word_1_272' title='bbox 262 2150 361 2215; x_wconf 78' lang='lat' dir='ltr'><strong>breve3</strong></span> <span class='ocrx_word' id='word_1_273' title='bbox 377 2158 405 2205; x_wconf 86' lang='lat' dir='ltr'><strong>at</strong></span> <span class='ocrx_word' id='word_1_274' title='bbox 415 2151 554 2218; x_wconf 85' lang='lat' dir='ltr'><strong>ejusmodi,</strong></span> <span class='ocrx_word' id='word_1_275' title='bbox 563 2150 746 2223; x_wconf 90' lang='lat' dir='ltr'><strong>quodjudicio</strong></span> <span class='ocrx_word' id='word_1_276' title='bbox 755 2149 1014 2206; x_wconf 90' lang='lat' dir='ltr'><strong>nostrononnullam</strong></span> <span class='ocrx_word' id='word_1_277' title='bbox 1053 2154 1217 2208; x_wconf 87' lang='lat' dir='ltr'><strong>etmedicus.</strong></span> <span class='ocrx_word' id='word_1_278' title='bbox 1248 2153 1367 2224; x_wconf 87' lang='lat' dir='ltr'><strong>Symeon</strong></span> <span class='ocrx_word' id='word_1_279' title='bbox 1377 2151 1517 2222; x_wconf 75' lang='lat' dir='ltr'><strong>Cleophis,</strong></span> <span class='ocrx_word' id='word_1_280' title='bbox 1528 2153 1614 2206; x_wconf 84' lang='lat' dir='ltr'><strong>irater</strong></span> <span class='ocrx_word' id='word_1_281' title='bbox 1623 2152 1737 2207; x_wconf 89' lang='lat' dir='ltr'><strong>Domini</strong></span> <span class='ocrx_word' id='word_1_282' title='bbox 1750 2153 1842 2219; x_wconf 87' lang='lat' dir='ltr'><strong>dietus,</strong></span> 
     </span>
     <span class='ocr_line' id='line_1_24' title="bbox 264 2229 1843 2304; baseline 0.003 -21"><span class='ocrx_word' id='word_1_283' title='bbox 264 2229 365 2284; x_wconf 87' lang='lat' dir='ltr'><strong>habeat</strong></span> <span class='ocrx_word' id='word_1_284' title='bbox 378 2230 412 2283; x_wconf 93' lang='lat' dir='ltr'><strong>ad</strong></span> <span class='ocrx_word' id='word_1_285' title='bbox 432 2229 631 2301; x_wconf 72' lang='lat' dir='ltr'><strong>longevitatem</strong></span> <span class='ocrx_word' id='word_1_286' title='bbox 645 2232 719 2302; x_wconf 78' lang='lat' dir='ltr'><strong>(quae</strong></span> <span class='ocrx_word' id='word_1_287' title='bbox 732 2230 852 2283; x_wconf 87' lang='lat' dir='ltr'><strong>moribus</strong></span> <span class='ocrx_word' id='word_1_288' title='bbox 866 2236 893 2283; x_wconf 91' lang='lat' dir='ltr'><strong>et</strong></span> <span class='ocrx_word' id='word_1_289' title='bbox 906 2230 1014 2285; x_wconf 82' lang='lat' dir='ltr'><strong>fortuna</strong></span> <span class='ocrx_word' id='word_1_290' title='bbox 1053 2234 1195 2303; x_wconf 88' lang='lat' dir='ltr'><strong>episcopus</strong></span> <span class='ocrx_word' id='word_1_291' title='bbox 1210 2231 1482 2301; x_wconf 89' lang='lat' dir='ltr'><strong>Hierosolymitanus,</strong></span> <span class='ocrx_word' id='word_1_292' title='bbox 1493 2248 1578 2286; x_wconf 87' lang='lat' dir='ltr'><strong>annos</strong></span> <span class='ocrx_word' id='word_1_293' title='bbox 1588 2240 1699 2286; x_wconf 87' lang='lat' dir='ltr'><strong>centnm</strong></span> <span class='ocrx_word' id='word_1_294' title='bbox 1708 2243 1738 2286; x_wconf 87' lang='lat' dir='ltr'><strong>et</strong></span> <span class='ocrx_word' id='word_1_295' title='bbox 1748 2234 1843 2304; x_wconf 79' lang='lat' dir='ltr'><strong>viginti</strong></span> 
     </span>
    </p>
   </div>
   <div class='ocr_carea' id='block_1_3' title="bbox 259 1804 379 1847">
    <p class='ocr_par' dir='ltr' id='par_1_3' title="bbox 259 1804 379 1847">
     <span class='ocr_line' id='line_1_25' title="bbox 259 1804 379 1847; baseline -0.008 0"><span class='ocrx_word' id='word_1_296' title='bbox 259 1804 379 1847; x_wconf 72' lang='lat' dir='ltr'><strong>tinnitum.</strong></span> 
     </span>
    </p>
   </div>
   <div class='ocr_carea' id='block_1_4' title="bbox 223 2308 1844 2621">
    <p class='ocr_par' dir='ltr' id='par_1_4' title="bbox 263 2308 1844 2541">
     <span class='ocr_line' id='line_1_26' title="bbox 263 2308 1844 2382; baseline 0.004 -21"><span class='ocrx_word' id='word_1_297' title='bbox 263 2326 317 2362; x_wconf 90' lang='lat' dir='ltr'><strong>non</strong></span> <span class='ocrx_word' id='word_1_298' title='bbox 331 2325 426 2379; x_wconf 89' lang='lat' dir='ltr'><strong>parum</strong></span> <span class='ocrx_word' id='word_1_299' title='bbox 435 2309 551 2381; x_wconf 87' lang='lat' dir='ltr'><strong>regitur)</strong></span> <span class='ocrx_word' id='word_1_300' title='bbox 559 2310 732 2374; x_wconf 72' lang='lat' dir='ltr'><strong>relationem</strong></span> <span class='ocrx_word' id='word_1_301' title='bbox 747 2309 794 2362; x_wconf 91' lang='lat' dir='ltr'><strong>sed</strong></span> <span class='ocrx_word' id='word_1_302' title='bbox 809 2308 909 2380; x_wconf 88' lang='lat' dir='ltr'><strong>duplici</strong></span> <span class='ocrx_word' id='word_1_303' title='bbox 918 2310 1012 2366; x_wconf 87' lang='lat' dir='ltr'><strong>modo:</strong></span> <span class='ocrx_word' id='word_1_304' title='bbox 1052 2312 1136 2367; x_wconf 83' lang='lat' dir='ltr'><strong>vixit:</strong></span> <span class='ocrx_word' id='word_1_305' title='bbox 1163 2311 1228 2366; x_wconf 90' lang='lat' dir='ltr'><strong>licet</strong></span> <span class='ocrx_word' id='word_1_306' title='bbox 1250 2312 1380 2382; x_wconf 87' lang='lat' dir='ltr'><strong>martyrio</strong></span> <span class='ocrx_word' id='word_1_307' title='bbox 1409 2319 1561 2381; x_wconf 84' lang='lat' dir='ltr'><strong>praereptus</strong></span> <span class='ocrx_word' id='word_1_308' title='bbox 1588 2312 1689 2376; x_wconf 59' lang='lat' dir='ltr'><strong>fuerin</strong></span> <span class='ocrx_word' id='word_1_309' title='bbox 1724 2313 1767 2366; x_wconf 85' lang='lat' dir='ltr'><strong>rir</strong></span> <span class='ocrx_word' id='word_1_310' title='bbox 1789 2315 1844 2367; x_wconf 87' lang='lat' dir='ltr'><strong>ani·</strong></span> 
     </span>
     <span class='ocr_line' id='line_1_27' title="bbox 263 2386 1842 2464; baseline 0.004 -23"><span class='ocrx_word' id='word_1_311' title='bbox 263 2396 310 2442; x_wconf 90' lang='lat' dir='ltr'><strong>ant</strong></span> <span class='ocrx_word' id='word_1_312' title='bbox 331 2388 402 2459; x_wconf 92' lang='lat' dir='ltr'><strong>quod</strong></span> <span class='ocrx_word' id='word_1_313' title='bbox 423 2388 493 2443; x_wconf 85' lang='lat' dir='ltr'><strong>tales</strong></span> <span class='ocrx_word' id='word_1_314' title='bbox 513 2387 630 2464; x_wconf 76' lang='lat' dir='ltr'><strong>longavi</strong></span> <span class='ocrx_word' id='word_1_315' title='bbox 650 2405 710 2444; x_wconf 85' lang='lat' dir='ltr'><strong>esse</strong></span> <span class='ocrx_word' id='word_1_316' title='bbox 731 2386 881 2458; x_wconf 87' lang='lat' dir='ltr'><strong>plerunque</strong></span> <span class='ocrx_word' id='word_1_317' title='bbox 899 2388 1012 2455; x_wconf 87' lang='lat' dir='ltr'><strong>soleant,</strong></span> <span class='ocrx_word' id='word_1_318' title='bbox 1052 2406 1150 2456; x_wconf 87' lang='lat' dir='ltr'><strong>mosas,</strong></span> <span class='ocrx_word' id='word_1_319' title='bbox 1179 2398 1208 2445; x_wconf 90' lang='lat' dir='ltr'><strong>et</strong></span> <span class='ocrx_word' id='word_1_320' title='bbox 1233 2399 1368 2453; x_wconf 90' lang='lat' dir='ltr'><strong>constans,</strong></span> <span class='ocrx_word' id='word_1_321' title='bbox 1392 2398 1420 2444; x_wconf 88' lang='lat' dir='ltr'><strong>ct</strong></span> <span class='ocrx_word' id='word_1_322' title='bbox 1446 2390 1578 2444; x_wconf 83' lang='lat' dir='ltr'><strong>bontnum</strong></span> <span class='ocrx_word' id='word_1_323' title='bbox 1601 2408 1716 2461; x_wconf 90' lang='lat' dir='ltr'><strong>operam</strong></span> <span class='ocrx_word' id='word_1_324' title='bbox 1740 2390 1842 2462; x_wconf 74' lang='lat' dir='ltr'><strong>plenia</strong></span> 
     </span>
     <span class='ocr_line' id='line_1_28' title="bbox 263 2467 1843 2541; baseline 0.004 -21"><span class='ocrx_word' id='word_1_325' title='bbox 263 2474 310 2522; x_wconf 90' lang='lat' dir='ltr'><strong>ant</strong></span> <span class='ocrx_word' id='word_1_326' title='bbox 323 2467 395 2538; x_wconf 89' lang='lat' dir='ltr'><strong>quod</strong></span> <span class='ocrx_word' id='word_1_327' title='bbox 415 2468 490 2534; x_wconf 86' lang='lat' dir='ltr'><strong>tales,</strong></span> <span class='ocrx_word' id='word_1_328' title='bbox 510 2468 576 2524; x_wconf 91' lang='lat' dir='ltr'><strong>licet</strong></span> <span class='ocrx_word' id='word_1_329' title='bbox 589 2467 678 2525; x_wconf 83' lang='lat' dir='ltr'><strong>minus</strong></span> <span class='ocrx_word' id='word_1_330' title='bbox 692 2474 755 2538; x_wconf 92' lang='lat' dir='ltr'><strong>apte</strong></span> <span class='ocrx_word' id='word_1_331' title='bbox 774 2467 907 2539; x_wconf 87' lang='lat' dir='ltr'><strong>dispositi,</strong></span> <span class='ocrx_word' id='word_1_332' title='bbox 922 2475 1012 2524; x_wconf 90' lang='lat' dir='ltr'><strong>tamen</strong></span> <span class='ocrx_word' id='word_1_333' title='bbox 1052 2469 1219 2540; x_wconf 86' lang='lat' dir='ltr'><strong>Polycarpus</strong></span> <span class='ocrx_word' id='word_1_334' title='bbox 1254 2469 1444 2541; x_wconf 80' lang='lat' dir='ltr'><strong>Apostolorum</strong></span> <span class='ocrx_word' id='word_1_335' title='bbox 1480 2468 1639 2541; x_wconf 86' lang='lat' dir='ltr'><strong>discipulus,</strong></span> <span class='ocrx_word' id='word_1_336' title='bbox 1674 2472 1843 2541; x_wconf 76' lang='lat' dir='ltr'><strong>Smyrneasia</strong></span> 
     </span>
    </p>

    <p class='ocr_par' dir='ltr' id='par_1_5' title="bbox 223 2521 1888 2632">
     <span class='ocr_line' id='line_1_29' title="bbox 223 2543 1842 2621; baseline 0.004 -22"><span class='ocrx_word' id='word_1_337' title='bbox 223 2543 227 2606; x_wconf 71' lang='grc' dir='ltr'>ζ</span> <span class='ocrx_word' id='word_1_338' title='bbox 261 2544 379 2618; x_wconf 76' lang='lat' dir='ltr'><strong>longari</strong></span> <span class='ocrx_word' id='word_1_339' title='bbox 389 2564 449 2603; x_wconf 84' lang='lat' dir='ltr'><strong>esse</strong></span> <span class='ocrx_word' id='word_1_340' title='bbox 462 2548 609 2619; x_wconf 89' lang='lat' dir='ltr'><strong>aliquando</strong></span> <span class='ocrx_word' id='word_1_341' title='bbox 621 2548 735 2619; x_wconf 79' lang='lat' dir='ltr'><strong>possint</strong></span> <span class='ocrx_word' id='word_1_342' title='bbox 1052 2550 1202 2621; x_wconf 89' lang='lat' dir='ltr'><strong>episcopos,</strong></span> <span class='ocrx_word' id='word_1_343' title='bbox 1216 2549 1322 2604; x_wconf 85' lang='lat' dir='ltr'><strong>videtur</strong></span> <span class='ocrx_word' id='word_1_344' title='bbox 1334 2549 1369 2603; x_wconf 92' lang='lat' dir='ltr'><strong>ad</strong></span> <span class='ocrx_word' id='word_1_345' title='bbox 1382 2557 1491 2603; x_wconf 87' lang='lat' dir='ltr'><strong>centurn</strong></span> <span class='ocrx_word' id='word_1_346' title='bbox 1504 2566 1590 2604; x_wconf 89' lang='lat' dir='ltr'><strong>annos</strong></span> <span class='ocrx_word' id='word_1_347' title='bbox 1608 2550 1770 2621; x_wconf 88' lang='lat' dir='ltr'><strong>etamplius</strong></span> <span class='ocrx_word' id='word_1_348' title='bbox 1783 2561 1842 2606; x_wconf 68' lang='lat' dir='ltr'><strong>ata</strong></span> 
     </span>
    </p>
   </div>
   <div class='ocr_carea' id='block_1_5' title="bbox 217 2627 1888 5560">
    <p class='ocr_par' dir='ltr' id='par_1_6' title="bbox 217 2627 1888 5560">
     <span class='ocr_line' id='line_1_30' title="bbox 1052 2627 1888 2736; baseline 0.005 -54"><span class='ocrx_word' id='word_1_349' title='bbox 1052 2636 1106 2683; x_wconf 89' lang='lat' dir='ltr'><strong>tera</strong></span> <span class='ocrx_word' id='word_1_350' title='bbox 1120 2629 1293 2699; x_wconf 74' lang='lat' dir='ltr'><strong>produxisser</strong></span> <span class='ocrx_word' id='word_1_351' title='bbox 1314 2627 1381 2683; x_wconf 87' lang='lat' dir='ltr'><strong>licet</strong></span> <span class='ocrx_word' id='word_1_352' title='bbox 1393 2629 1523 2698; x_wconf 87' lang='lat' dir='ltr'><strong>martyrio</strong></span> <span class='ocrx_word' id='word_1_353' title='bbox 1541 2629 1725 2700; x_wconf 66' lang='lat' dir='ltr'><strong>interceptum</strong></span> <span class='ocrx_word' id='word_1_354' title='bbox 1744 2631 1788 2685; x_wconf 80' lang='lat' dir='ltr'><strong>air</strong></span> <span class='ocrx_word' id='word_1_355' title='bbox 1799 2648 1842 2686; x_wconf 85' lang='lat' dir='ltr'><strong>cx·</strong></span> <span class='ocrx_word' id='word_1_356' title='bbox 1887 2643 1888 2736; x_wconf 55' lang='lat' dir='ltr'><strong>q</strong></span> 
     </span>
     <span class='ocr_line' id='line_1_31' title="bbox 266 2703 1888 2778; baseline 0.004 -20"><span class='ocrx_word' id='word_1_357' title='bbox 266 2703 309 2760; x_wconf 88' lang='lat'><strong>16.</strong></span> <span class='ocrx_word' id='word_1_358' title='bbox 332 2704 407 2760; x_wconf 90' lang='lat' dir='ltr'><strong>Inter</strong></span> <span class='ocrx_word' id='word_1_359' title='bbox 422 2705 597 2777; x_wconf 88' lang='lat' dir='ltr'><strong>imperatores</strong></span> <span class='ocrx_word' id='word_1_360' title='bbox 617 2706 755 2762; x_wconf 87' lang='lat' dir='ltr'><strong>Romanos</strong></span> <span class='ocrx_word' id='word_1_361' title='bbox 768 2714 796 2760; x_wconf 88' lang='lat' dir='ltr'><strong>et</strong></span> <span class='ocrx_word' id='word_1_362' title='bbox 815 2705 932 2771; x_wconf 78' lang='lat' dir='ltr'><strong>Graecos,</strong></span> <span class='ocrx_word' id='word_1_363' title='bbox 947 2706 1013 2762; x_wconf 90' lang='lat' dir='ltr'><strong>item</strong></span> <span class='ocrx_word' id='word_1_364' title='bbox 1051 2707 1118 2763; x_wconf 87' lang='lat' dir='ltr'><strong>celsi</strong></span> <span class='ocrx_word' id='word_1_365' title='bbox 1132 2709 1217 2763; x_wconf 88' lang='lat' dir='ltr'><strong>animi</strong></span> <span class='ocrx_word' id='word_1_366' title='bbox 1238 2716 1265 2763; x_wconf 89' lang='lat' dir='ltr'><strong>et</strong></span> <span class='ocrx_word' id='word_1_367' title='bbox 1284 2708 1402 2763; x_wconf 85' lang='lat' dir='ltr'><strong>heroicae</strong></span> <span class='ocrx_word' id='word_1_368' title='bbox 1416 2708 1562 2778; x_wconf 83' lang='lat' dir='ltr'><strong>patientiae,</strong></span> <span class='ocrx_word' id='word_1_369' title='bbox 1577 2717 1607 2763; x_wconf 88' lang='lat' dir='ltr'><strong>et</strong></span> <span class='ocrx_word' id='word_1_370' title='bbox 1620 2708 1761 2764; x_wconf 78' lang='lat' dir='ltr'><strong>laboribus</strong></span> <span class='ocrx_word' id='word_1_371' title='bbox 1772 2711 1841 2765; x_wconf 73' lang='lat' dir='ltr'><strong>inde</strong></span> <span class='ocrx_word' id='word_1_372' title='bbox 1887 2741 1888 2752; x_wconf 44' lang='grc' dir='ltr'>ι</span> 
     </span>
     <span class='ocr_line' id='line_1_32' title="bbox 222 2782 1841 2860; baseline 0.004 -23"><span class='ocrx_word' id='word_1_373' title='bbox 222 2782 342 2839; x_wconf 82' lang='lat' dir='ltr'><strong>Francos</strong></span> <span class='ocrx_word' id='word_1_374' title='bbox 355 2791 383 2839; x_wconf 90' lang='lat' dir='ltr'><strong>et</strong></span> <span class='ocrx_word' id='word_1_375' title='bbox 396 2784 645 2858; x_wconf 85' lang='lat' dir='ltr'><strong>Germanos,usque</strong></span> <span class='ocrx_word' id='word_1_376' title='bbox 659 2786 694 2839; x_wconf 88' lang='lat' dir='ltr'><strong>ad</strong></span> <span class='ocrx_word' id='word_1_377' title='bbox 707 2795 826 2840; x_wconf 88' lang='lat' dir='ltr'><strong>nostram</strong></span> <span class='ocrx_word' id='word_1_378' title='bbox 841 2787 1013 2858; x_wconf 84' lang='lat' dir='ltr'><strong>aetatem,qui</strong></span> <span class='ocrx_word' id='word_1_379' title='bbox 1052 2787 1147 2842; x_wconf 81' lang='lat' dir='ltr'><strong>lessus.</strong></span> <span class='ocrx_word' id='word_1_380' title='bbox 1215 2788 1363 2857; x_wconf 84' lang='lat' dir='ltr'><strong>Dionysius</strong></span> <span class='ocrx_word' id='word_1_381' title='bbox 1391 2788 1567 2858; x_wconf 87' lang='lat' dir='ltr'><strong>Areopagita,</strong></span> <span class='ocrx_word' id='word_1_382' title='bbox 1594 2788 1683 2843; x_wconf 87' lang='lat' dir='ltr'><strong>Panlo</strong></span> <span class='ocrx_word' id='word_1_383' title='bbox 1716 2789 1841 2860; x_wconf 81' lang='lat' dir='ltr'><strong>Apostolo</strong></span> 
     </span>
     <span class='ocr_line' id='line_1_33' title="bbox 221 2863 1888 2940; baseline 0.005 -24"><span class='ocrx_word' id='word_1_384' title='bbox 221 2863 363 2918; x_wconf 84' lang='lat' dir='ltr'><strong>numerum</strong></span> <span class='ocrx_word' id='word_1_385' title='bbox 381 2880 464 2937; x_wconf 87' lang='lat' dir='ltr'><strong>prope</strong></span> <span class='ocrx_word' id='word_1_386' title='bbox 482 2865 657 2920; x_wconf 89' lang='lat' dir='ltr'><strong>ducentorum</strong></span> <span class='ocrx_word' id='word_1_387' title='bbox 669 2866 823 2938; x_wconf 89' lang='lat' dir='ltr'><strong>principum</strong></span> <span class='ocrx_word' id='word_1_388' title='bbox 836 2864 1012 2935; x_wconf 74' lang='lat' dir='ltr'><strong>complerunt,</strong></span> <span class='ocrx_word' id='word_1_389' title='bbox 1051 2875 1300 2938; x_wconf 86' lang='lat' dir='ltr'><strong>contemporaneus,</strong></span> <span class='ocrx_word' id='word_1_390' title='bbox 1311 2868 1345 2921; x_wconf 92' lang='lat' dir='ltr'><strong>ad</strong></span> <span class='ocrx_word' id='word_1_391' title='bbox 1354 2868 1505 2940; x_wconf 77' lang='lat' dir='ltr'><strong>nonagInta</strong></span> <span class='ocrx_word' id='word_1_392' title='bbox 1515 2883 1601 2921; x_wconf 85' lang='lat' dir='ltr'><strong>annos</strong></span> <span class='ocrx_word' id='word_1_393' title='bbox 1613 2868 1717 2923; x_wconf 84' lang='lat' dir='ltr'><strong>rixisae</strong></span> <span class='ocrx_word' id='word_1_394' title='bbox 1728 2869 1840 2935; x_wconf 64' lang='lat' dir='ltr'><strong>rideturr</strong></span> <span class='ocrx_word' id='word_1_395' title='bbox 1887 2905 1888 2908; x_wconf 56' lang='lat'><em>=</em></span> 
     </span>
     <span class='ocr_line' id='line_1_34' title="bbox 222 2945 1840 3018; baseline 0.005 -21"><span class='ocrx_word' id='word_1_396' title='bbox 222 2952 336 3013; x_wconf 90' lang='lat' dir='ltr'><strong>quatuor</strong></span> <span class='ocrx_word' id='word_1_397' title='bbox 363 2952 469 3000; x_wconf 88' lang='lat' dir='ltr'><strong>tantum</strong></span> <span class='ocrx_word' id='word_1_398' title='bbox 490 2945 593 3000; x_wconf 89' lang='lat' dir='ltr'><strong>inventi</strong></span> <span class='ocrx_word' id='word_1_399' title='bbox 621 2954 683 3000; x_wconf 92' lang='lat' dir='ltr'><strong>sunt</strong></span> <span class='ocrx_word' id='word_1_400' title='bbox 709 2945 892 3016; x_wconf 74' lang='lat' dir='ltr'><strong>octogenarii3</strong></span> <span class='ocrx_word' id='word_1_401' title='bbox 915 2946 1013 3017; x_wconf 90' lang='lat' dir='ltr'><strong>quibus</strong></span> <span class='ocrx_word' id='word_1_402' title='bbox 1051 2947 1177 3003; x_wconf 83' lang='lat' dir='ltr'><strong>Volucris</strong></span> <span class='ocrx_word' id='word_1_403' title='bbox 1191 2948 1253 3002; x_wconf 87' lang='lat' dir='ltr'><strong>coeli</strong></span> <span class='ocrx_word' id='word_1_404' title='bbox 1272 2947 1423 3018; x_wconf 86' lang='lat' dir='ltr'><strong>appellatus</strong></span> <span class='ocrx_word' id='word_1_405' title='bbox 1443 2949 1479 3001; x_wconf 94' lang='lat' dir='ltr'><strong>ob</strong></span> <span class='ocrx_word' id='word_1_406' title='bbox 1491 2947 1661 3018; x_wconf 88' lang='lat' dir='ltr'><strong>theologiam</strong></span> <span class='ocrx_word' id='word_1_407' title='bbox 1682 2949 1840 3014; x_wconf 69' lang='lat' dir='ltr'><strong>sublimemr</strong></span> 
     </span>
     <span class='ocr_line' id='line_1_35' title="bbox 222 3022 1841 3101; baseline 0.006 -27"><span class='ocrx_word' id='word_1_408' title='bbox 222 3022 321 3079; x_wconf 89' lang='lat' dir='ltr'><strong>addere</strong></span> <span class='ocrx_word' id='word_1_409' title='bbox 332 3023 413 3078; x_wconf 89' lang='lat' dir='ltr'><strong>liceat</strong></span> <span class='ocrx_word' id='word_1_410' title='bbox 427 3025 602 3095; x_wconf 88' lang='lat' dir='ltr'><strong>imperatores</strong></span> <span class='ocrx_word' id='word_1_411' title='bbox 616 3025 682 3079; x_wconf 89' lang='lat' dir='ltr'><strong>dnos</strong></span> <span class='ocrx_word' id='word_1_412' title='bbox 696 3025 804 3094; x_wconf 87' lang='lat' dir='ltr'><strong>primos,</strong></span> <span class='ocrx_word' id='word_1_413' title='bbox 819 3025 973 3095; x_wconf 86' lang='lat' dir='ltr'><strong>Angustum</strong></span> <span class='ocrx_word' id='word_1_414' title='bbox 986 3035 1013 3078; x_wconf 93' lang='lat' dir='ltr'><strong>et</strong></span> <span class='ocrx_word' id='word_1_415' title='bbox 1051 3043 1139 3099; x_wconf 90' lang='lat' dir='ltr'><strong>neque</strong></span> <span class='ocrx_word' id='word_1_416' title='bbox 1160 3027 1250 3081; x_wconf 88' lang='lat' dir='ltr'><strong>minus</strong></span> <span class='ocrx_word' id='word_1_417' title='bbox 1273 3028 1352 3081; x_wconf 89' lang='lat' dir='ltr'><strong>iactis</strong></span> <span class='ocrx_word' id='word_1_418' title='bbox 1371 3044 1453 3098; x_wconf 87' lang='lat' dir='ltr'><strong>quarn</strong></span> <span class='ocrx_word' id='word_1_419' title='bbox 1476 3027 1700 3083; x_wconf 81' lang='lat' dir='ltr'><strong>meditationibus</strong></span> <span class='ocrx_word' id='word_1_420' title='bbox 1720 3029 1841 3101; x_wconf 76' lang='lat' dir='ltr'><strong>insignis</strong></span> 
     </span>
     <span class='ocr_line' id='line_1_36' title="bbox 223 3100 1840 3180; baseline 0.005 -25"><span class='ocrx_word' id='word_1_421' title='bbox 223 3100 377 3167; x_wconf 70' lang='lat' dir='ltr'><strong>Tiberiumr</strong></span> <span class='ocrx_word' id='word_1_422' title='bbox 393 3120 507 3174; x_wconf 92' lang='lat' dir='ltr'><strong>quorum</strong></span> <span class='ocrx_word' id='word_1_423' title='bbox 520 3104 566 3157; x_wconf 93' lang='lat' dir='ltr'><strong>hic</strong></span> <span class='ocrx_word' id='word_1_424' title='bbox 579 3105 807 3175; x_wconf 87' lang='lat' dir='ltr'><strong>septuagesimum</strong></span> <span class='ocrx_word' id='word_1_425' title='bbox 821 3112 955 3169; x_wconf 85' lang='lat' dir='ltr'><strong>octavum,</strong></span> <span class='ocrx_word' id='word_1_426' title='bbox 964 3105 1012 3159; x_wconf 88' lang='lat' dir='ltr'><strong>ille</strong></span> <span class='ocrx_word' id='word_1_427' title='bbox 1051 3106 1152 3179; x_wconf 89' lang='lat' dir='ltr'><strong>Aquila</strong></span> <span class='ocrx_word' id='word_1_428' title='bbox 1165 3114 1193 3161; x_wconf 92' lang='lat' dir='ltr'><strong>et</strong></span> <span class='ocrx_word' id='word_1_429' title='bbox 1212 3106 1345 3171; x_wconf 86' lang='lat' dir='ltr'><strong>Priscilla,</strong></span> <span class='ocrx_word' id='word_1_430' title='bbox 1359 3105 1439 3161; x_wconf 87' lang='lat' dir='ltr'><strong>Pauli</strong></span> <span class='ocrx_word' id='word_1_431' title='bbox 1459 3106 1581 3176; x_wconf 78' lang='lat' dir='ltr'><strong>Apostoli</strong></span> <span class='ocrx_word' id='word_1_432' title='bbox 1602 3108 1694 3178; x_wconf 90' lang='lat' dir='ltr'><strong>primo</strong></span> <span class='ocrx_word' id='word_1_433' title='bbox 1715 3107 1840 3180; x_wconf 80' lang='lat' dir='ltr'><strong>hospites,</strong></span> 
     </span>
     <span class='ocr_line' id='line_1_37' title="bbox 222 3182 1842 3257; baseline 0.006 -23"><span class='ocrx_word' id='word_1_434' title='bbox 222 3182 454 3253; x_wconf 89' lang='lat' dir='ltr'><strong>septuagesimum</strong></span> <span class='ocrx_word' id='word_1_435' title='bbox 466 3192 574 3239; x_wconf 86' lang='lat' dir='ltr'><strong>sextum</strong></span> <span class='ocrx_word' id='word_1_436' title='bbox 583 3200 684 3237; x_wconf 90' lang='lat' dir='ltr'><strong>annum</strong></span> <span class='ocrx_word' id='word_1_437' title='bbox 697 3183 837 3254; x_wconf 78' lang='lat' dir='ltr'><strong>implevit3</strong></span> <span class='ocrx_word' id='word_1_438' title='bbox 851 3184 927 3237; x_wconf 87' lang='lat' dir='ltr'><strong>etad</strong></span> <span class='ocrx_word' id='word_1_439' title='bbox 942 3192 1012 3238; x_wconf 84' lang='lat' dir='ltr'><strong>octo</strong></span> <span class='ocrx_word' id='word_1_440' title='bbox 1051 3184 1147 3240; x_wconf 90' lang='lat' dir='ltr'><strong>deiude</strong></span> <span class='ocrx_word' id='word_1_441' title='bbox 1157 3186 1332 3255; x_wconf 88' lang='lat' dir='ltr'><strong>coadjutores,</strong></span> <span class='ocrx_word' id='word_1_442' title='bbox 1346 3186 1475 3257; x_wconf 89' lang='lat' dir='ltr'><strong>conjugio</strong></span> <span class='ocrx_word' id='word_1_443' title='bbox 1488 3185 1561 3240; x_wconf 81' lang='lat' dir='ltr'><strong>felici</strong></span> <span class='ocrx_word' id='word_1_444' title='bbox 1576 3192 1605 3241; x_wconf 88' lang='lat' dir='ltr'><strong>et</strong></span> <span class='ocrx_word' id='word_1_445' title='bbox 1618 3186 1722 3241; x_wconf 85' lang='lat' dir='ltr'><strong>celebri</strong></span> <span class='ocrx_word' id='word_1_446' title='bbox 1736 3188 1769 3242; x_wconf 86' lang='lat' dir='ltr'><strong>ad</strong></span> <span class='ocrx_word' id='word_1_447' title='bbox 1783 3205 1842 3243; x_wconf 86' lang='lat' dir='ltr'><strong>oen·</strong></span> 
     </span>
     <span class='ocr_line' id='line_1_38' title="bbox 222 3260 1841 3337; baseline 0.006 -24"><span class='ocrx_word' id='word_1_448' title='bbox 222 3260 357 3331; x_wconf 83' lang='lat' dir='ltr'><strong>gesimam</strong></span> <span class='ocrx_word' id='word_1_449' title='bbox 372 3261 439 3316; x_wconf 85' lang='lat' dir='ltr'><strong>lorte</strong></span> <span class='ocrx_word' id='word_1_450' title='bbox 461 3263 602 3333; x_wconf 88' lang='lat' dir='ltr'><strong>pervenire</strong></span> <span class='ocrx_word' id='word_1_451' title='bbox 623 3270 736 3334; x_wconf 88' lang='lat' dir='ltr'><strong>uterque</strong></span> <span class='ocrx_word' id='word_1_452' title='bbox 757 3263 935 3333; x_wconf 88' lang='lat' dir='ltr'><strong>potuisset,si</strong></span> <span class='ocrx_word' id='word_1_453' title='bbox 956 3262 1012 3334; x_wconf 88' lang='lat' dir='ltr'><strong>pla·</strong></span> <span class='ocrx_word' id='word_1_454' title='bbox 1050 3271 1108 3320; x_wconf 86' lang='lat' dir='ltr'><strong>turn</strong></span> <span class='ocrx_word' id='word_1_455' title='bbox 1129 3265 1164 3319; x_wconf 89' lang='lat' dir='ltr'><strong>ad</strong></span> <span class='ocrx_word' id='word_1_456' title='bbox 1184 3265 1325 3320; x_wconf 88' lang='lat' dir='ltr'><strong>minimum</strong></span> <span class='ocrx_word' id='word_1_457' title='bbox 1348 3281 1434 3319; x_wconf 85' lang='lat' dir='ltr'><strong>annos</strong></span> <span class='ocrx_word' id='word_1_458' title='bbox 1446 3265 1590 3330; x_wconf 85' lang='lat' dir='ltr'><strong>vixerunt;</strong></span> <span class='ocrx_word' id='word_1_459' title='bbox 1611 3283 1675 3321; x_wconf 90' lang='lat' dir='ltr'><strong>cnm</strong></span> <span class='ocrx_word' id='word_1_460' title='bbox 1687 3268 1739 3322; x_wconf 88' lang='lat' dir='ltr'><strong>sub</strong></span> <span class='ocrx_word' id='word_1_461' title='bbox 1755 3267 1841 3337; x_wconf 83' lang='lat' dir='ltr'><strong>Xysto</strong></span> 
     </span>
     <span class='ocr_line' id='line_1_39' title="bbox 221 3339 1840 3415; baseline 0.006 -23"><span class='ocrx_word' id='word_1_462' title='bbox 221 3340 321 3394; x_wconf 88' lang='lat' dir='ltr'><strong>cnisset</strong></span> <span class='ocrx_word' id='word_1_463' title='bbox 343 3339 430 3395; x_wconf 79' lang='lat' dir='ltr'><strong>Liviae</strong></span> <span class='ocrx_word' id='word_1_464' title='bbox 451 3349 479 3395; x_wconf 90' lang='lat' dir='ltr'><strong>et</strong></span> <span class='ocrx_word' id='word_1_465' title='bbox 500 3342 578 3397; x_wconf 77' lang='lat' dir='ltr'><strong>(laio.</strong></span> <span class='ocrx_word' id='word_1_466' title='bbox 617 3342 757 3413; x_wconf 85' lang='lat' dir='ltr'><strong>Augustus</strong></span> <span class='ocrx_word' id='word_1_467' title='bbox 775 3342 817 3412; x_wconf 89' lang='lat' dir='ltr'><strong>(ut</strong></span> <span class='ocrx_word' id='word_1_468' title='bbox 833 3343 935 3397; x_wconf 90' lang='lat' dir='ltr'><strong>dictum</strong></span> <span class='ocrx_word' id='word_1_469' title='bbox 958 3345 1011 3412; x_wconf 89' lang='lat' dir='ltr'><strong>cst)</strong></span> <span class='ocrx_word' id='word_1_470' title='bbox 1051 3344 1139 3413; x_wconf 89' lang='lat' dir='ltr'><strong>primo</strong></span> <span class='ocrx_word' id='word_1_471' title='bbox 1155 3346 1315 3415; x_wconf 88' lang='lat' dir='ltr'><strong>superstites</strong></span> <span class='ocrx_word' id='word_1_472' title='bbox 1329 3343 1445 3399; x_wconf 83' lang='lat' dir='ltr'><strong>inerint:</strong></span> <span class='ocrx_word' id='word_1_473' title='bbox 1466 3343 1557 3398; x_wconf 90' lang='lat' dir='ltr'><strong>nobile</strong></span> <span class='ocrx_word' id='word_1_474' title='bbox 1570 3361 1628 3415; x_wconf 84' lang='lat' dir='ltr'><strong>per,</strong></span> <span class='ocrx_word' id='word_1_475' title='bbox 1643 3354 1673 3400; x_wconf 89' lang='lat' dir='ltr'><strong>et</strong></span> <span class='ocrx_word' id='word_1_476' title='bbox 1693 3346 1723 3400; x_wconf 89' lang='lat' dir='ltr'><strong>in</strong></span> <span class='ocrx_word' id='word_1_477' title='bbox 1736 3363 1840 3401; x_wconf 84' lang='lat' dir='ltr'><strong>omnem</strong></span> 
     </span>
     <span class='ocr_line' id='line_1_40' title="bbox 222 3419 1841 3495; baseline 0.004 -23"><span class='ocrx_word' id='word_1_478' title='bbox 222 3434 308 3473; x_wconf 87' lang='lat' dir='ltr'><strong>annos</strong></span> <span class='ocrx_word' id='word_1_479' title='bbox 322 3419 391 3473; x_wconf 86' lang='lat' dir='ltr'><strong>vixit</strong></span> <span class='ocrx_word' id='word_1_480' title='bbox 404 3422 574 3491; x_wconf 86' lang='lat' dir='ltr'><strong>septuaginta</strong></span> <span class='ocrx_word' id='word_1_481' title='bbox 588 3438 651 3485; x_wconf 88' lang='lat' dir='ltr'><strong>sex;</strong></span> <span class='ocrx_word' id='word_1_482' title='bbox 666 3421 708 3475; x_wconf 84' lang='lat' dir='ltr'><strong>vir</strong></span> <span class='ocrx_word' id='word_1_483' title='bbox 721 3421 872 3476; x_wconf 87' lang='lat' dir='ltr'><strong>moderatus</strong></span> <span class='ocrx_word' id='word_1_484' title='bbox 883 3423 1010 3492; x_wconf 61' lang='lat' dir='ltr'><strong>ingenim</strong></span> <span class='ocrx_word' id='word_1_485' title='bbox 1051 3424 1210 3479; x_wconf 87' lang='lat' dir='ltr'><strong>charitatem</strong></span> <span class='ocrx_word' id='word_1_486' title='bbox 1227 3424 1361 3488; x_wconf 70' lang='lat' dir='ltr'><strong>effusumr</strong></span> <span class='ocrx_word' id='word_1_487' title='bbox 1383 3424 1480 3495; x_wconf 90' lang='lat' dir='ltr'><strong>quibus</strong></span> <span class='ocrx_word' id='word_1_488' title='bbox 1493 3422 1563 3478; x_wconf 90' lang='lat' dir='ltr'><strong>inter</strong></span> <span class='ocrx_word' id='word_1_489' title='bbox 1576 3425 1713 3479; x_wconf 84' lang='lat' dir='ltr'><strong>maximas</strong></span> <span class='ocrx_word' id='word_1_490' title='bbox 1726 3426 1841 3481; x_wconf 75' lang='lat' dir='ltr'><strong>ooasda·</strong></span> 
     </span>
     <span class='ocr_line' id='line_1_41' title="bbox 221 3497 1842 3579; baseline 0.005 -27"><span class='ocrx_word' id='word_1_491' title='bbox 221 3497 295 3553; x_wconf 90' lang='lat' dir='ltr'><strong>idern</strong></span> <span class='ocrx_word' id='word_1_492' title='bbox 312 3499 347 3552; x_wconf 89' lang='lat' dir='ltr'><strong>ad</strong></span> <span class='ocrx_word' id='word_1_493' title='bbox 366 3516 410 3554; x_wconf 89' lang='lat' dir='ltr'><strong>res</strong></span> <span class='ocrx_word' id='word_1_494' title='bbox 423 3501 601 3569; x_wconf 84' lang='lat' dir='ltr'><strong>perficiendas</strong></span> <span class='ocrx_word' id='word_1_495' title='bbox 611 3501 766 3566; x_wconf 81' lang='lat' dir='ltr'><strong>vehemens,</strong></span> <span class='ocrx_word' id='word_1_496' title='bbox 780 3510 877 3555; x_wconf 78' lang='lat' dir='ltr'><strong>caetera</strong></span> <span class='ocrx_word' id='word_1_497' title='bbox 890 3501 1012 3571; x_wconf 89' lang='lat' dir='ltr'><strong>placidus</strong></span> <span class='ocrx_word' id='word_1_498' title='bbox 1050 3503 1136 3557; x_wconf 89' lang='lat' dir='ltr'><strong>tiones</strong></span> <span class='ocrx_word' id='word_1_499' title='bbox 1148 3500 1258 3579; x_wconf 87' lang='lat' dir='ltr'><strong>(quales</strong></span> <span class='ocrx_word' id='word_1_500' title='bbox 1272 3503 1449 3574; x_wconf 90' lang='lat' dir='ltr'><strong>proculdubio</strong></span> <span class='ocrx_word' id='word_1_501' title='bbox 1462 3504 1566 3573; x_wconf 87' lang='lat' dir='ltr'><strong>primos</strong></span> <span class='ocrx_word' id='word_1_502' title='bbox 1579 3504 1643 3558; x_wconf 87' lang='lat' dir='ltr'><strong>illos</strong></span> <span class='ocrx_word' id='word_1_503' title='bbox 1654 3505 1776 3560; x_wconf 85' lang='lat' dir='ltr'><strong>ecclesiae</strong></span> <span class='ocrx_word' id='word_1_504' title='bbox 1786 3506 1842 3560; x_wconf 71' lang='lat' dir='ltr'><strong>iura</strong></span> 
     </span>
     <span class='ocr_line' id='line_1_42' title="bbox 222 3578 1888 3661; baseline 0.005 -30"><span class='ocrx_word' id='word_1_505' title='bbox 222 3584 249 3631; x_wconf 91' lang='lat' dir='ltr'><strong>et</strong></span> <span class='ocrx_word' id='word_1_506' title='bbox 262 3594 382 3644; x_wconf 87' lang='lat' dir='ltr'><strong>serenus,</strong></span> <span class='ocrx_word' id='word_1_507' title='bbox 394 3578 456 3632; x_wconf 92' lang='lat' dir='ltr'><strong>cibo</strong></span> <span class='ocrx_word' id='word_1_508' title='bbox 471 3587 500 3633; x_wconf 90' lang='lat' dir='ltr'><strong>et</strong></span> <span class='ocrx_word' id='word_1_509' title='bbox 513 3588 579 3650; x_wconf 91' lang='lat' dir='ltr'><strong>potu</strong></span> <span class='ocrx_word' id='word_1_510' title='bbox 593 3580 706 3645; x_wconf 86' lang='lat' dir='ltr'><strong>sobrina,</strong></span> <span class='ocrx_word' id='word_1_511' title='bbox 719 3596 817 3634; x_wconf 85' lang='lat' dir='ltr'><strong>venere</strong></span> <span class='ocrx_word' id='word_1_512' title='bbox 831 3581 1012 3650; x_wconf 86' lang='lat' dir='ltr'><strong>intemperan·</strong></span> <span class='ocrx_word' id='word_1_513' title='bbox 1051 3582 1157 3637; x_wconf 93' lang='lat' dir='ltr'><strong>datores</strong></span> <span class='ocrx_word' id='word_1_514' title='bbox 1171 3579 1367 3657; x_wconf 86' lang='lat' dir='ltr'><strong>seqnebantur)</strong></span> <span class='ocrx_word' id='word_1_515' title='bbox 1382 3583 1463 3636; x_wconf 91' lang='lat' dir='ltr'><strong>etiarn</strong></span> <span class='ocrx_word' id='word_1_516' title='bbox 1477 3581 1546 3637; x_wconf 89' lang='lat' dir='ltr'><strong>illud</strong></span> <span class='ocrx_word' id='word_1_517' title='bbox 1566 3584 1721 3655; x_wconf 87' lang='lat' dir='ltr'><strong>conjugalia</strong></span> <span class='ocrx_word' id='word_1_518' title='bbox 1740 3602 1841 3639; x_wconf 78' lang='lat' dir='ltr'><strong>consm-</strong></span> <span class='ocrx_word' id='word_1_519' title='bbox 1887 3656 1888 3661; x_wconf 7' lang='grc' dir='ltr'>ἵ</span> 
     </span>
     <span class='ocr_line' id='line_1_43' title="bbox 220 3655 1888 3734; baseline 0.005 -24"><span class='ocrx_word' id='word_1_520' title='bbox 220 3655 281 3721; x_wconf 90' lang='lat' dir='ltr'><strong>tior,</strong></span> <span class='ocrx_word' id='word_1_521' title='bbox 293 3674 343 3727; x_wconf 91' lang='lat' dir='ltr'><strong>per</strong></span> <span class='ocrx_word' id='word_1_522' title='bbox 356 3659 447 3712; x_wconf 88' lang='lat' dir='ltr'><strong>omnia</strong></span> <span class='ocrx_word' id='word_1_523' title='bbox 460 3658 545 3723; x_wconf 82' lang='lat' dir='ltr'><strong>ielix;</strong></span> <span class='ocrx_word' id='word_1_524' title='bbox 569 3661 669 3731; x_wconf 90' lang='lat' dir='ltr'><strong>quique</strong></span> <span class='ocrx_word' id='word_1_525' title='bbox 688 3676 760 3714; x_wconf 90' lang='lat' dir='ltr'><strong>anuo</strong></span> <span class='ocrx_word' id='word_1_526' title='bbox 773 3659 861 3714; x_wconf 76' lang='lat' dir='ltr'><strong>atatis</strong></span> <span class='ocrx_word' id='word_1_527' title='bbox 875 3660 1012 3714; x_wconf 89' lang='lat' dir='ltr'><strong>tricesimo</strong></span> <span class='ocrx_word' id='word_1_528' title='bbox 1050 3662 1081 3715; x_wconf 90' lang='lat' dir='ltr'><strong>tii</strong></span> <span class='ocrx_word' id='word_1_529' title='bbox 1096 3670 1224 3734; x_wconf 87' lang='lat' dir='ltr'><strong>tanquam</strong></span> <span class='ocrx_word' id='word_1_530' title='bbox 1238 3678 1352 3733; x_wconf 89' lang='lat' dir='ltr'><strong>magnus</strong></span> <span class='ocrx_word' id='word_1_531' title='bbox 1366 3661 1489 3717; x_wconf 87' lang='lat' dir='ltr'><strong>cumulus</strong></span> <span class='ocrx_word' id='word_1_532' title='bbox 1500 3672 1663 3717; x_wconf 88' lang='lat' dir='ltr'><strong>accesserat.</strong></span> <span class='ocrx_word' id='word_1_533' title='bbox 1705 3664 1732 3719; x_wconf 91' lang='lat' dir='ltr'><strong>S.</strong></span> <span class='ocrx_word' id='word_1_534' title='bbox 1743 3663 1842 3719; x_wconf 75' lang='lat' dir='ltr'><strong>Panlm</strong></span> <span class='ocrx_word' id='word_1_535' title='bbox 1887 3682 1888 3705; x_wconf 71' lang='lat'><em>³</em></span> 
     </span>
     <span class='ocr_line' id='line_1_44' title="bbox 220 3737 1842 3808; baseline 0.005 -18"><span class='ocrx_word' id='word_1_536' title='bbox 220 3753 333 3806; x_wconf 84' lang='lat' dir='ltr'><strong>gravem</strong></span> <span class='ocrx_word' id='word_1_537' title='bbox 347 3745 374 3792; x_wconf 86' lang='lat' dir='ltr'><strong>et</strong></span> <span class='ocrx_word' id='word_1_538' title='bbox 392 3737 574 3808; x_wconf 89' lang='lat' dir='ltr'><strong>periculosum</strong></span> <span class='ocrx_word' id='word_1_539' title='bbox 592 3755 687 3808; x_wconf 86' lang='lat' dir='ltr'><strong>passus</strong></span> <span class='ocrx_word' id='word_1_540' title='bbox 701 3747 743 3794; x_wconf 91' lang='lat' dir='ltr'><strong>est</strong></span> <span class='ocrx_word' id='word_1_541' title='bbox 757 3740 888 3803; x_wconf 90' lang='lat' dir='ltr'><strong>morbum,</strong></span> <span class='ocrx_word' id='word_1_542' title='bbox 901 3740 970 3793; x_wconf 92' lang='lat' dir='ltr'><strong>adeo</strong></span> <span class='ocrx_word' id='word_1_543' title='bbox 983 3748 1011 3794; x_wconf 92' lang='lat' dir='ltr'><strong>ut</strong></span> <span class='ocrx_word' id='word_1_544' title='bbox 1050 3740 1171 3796; x_wconf 81' lang='lat' dir='ltr'><strong>Eremita</strong></span> <span class='ocrx_word' id='word_1_545' title='bbox 1184 3759 1269 3796; x_wconf 91' lang='lat' dir='ltr'><strong>annos</strong></span> <span class='ocrx_word' id='word_1_546' title='bbox 1282 3750 1393 3797; x_wconf 91' lang='lat' dir='ltr'><strong>centum</strong></span> <span class='ocrx_word' id='word_1_547' title='bbox 1406 3750 1434 3796; x_wconf 94' lang='lat' dir='ltr'><strong>et</strong></span> <span class='ocrx_word' id='word_1_548' title='bbox 1453 3742 1582 3796; x_wconf 84' lang='lat' dir='ltr'><strong>tredecim</strong></span> <span class='ocrx_word' id='word_1_549' title='bbox 1604 3743 1693 3807; x_wconf 84' lang='lat' dir='ltr'><strong>rixit;</strong></span> <span class='ocrx_word' id='word_1_550' title='bbox 1713 3744 1782 3798; x_wconf 78' lang='lat' dir='ltr'><strong>vixit</strong></span> <span class='ocrx_word' id='word_1_551' title='bbox 1798 3761 1842 3797; x_wconf 88' lang='lat' dir='ltr'><strong>au·</strong></span> 
     </span>
     <span class='ocr_line' id='line_1_45' title="bbox 221 3815 1888 3892; baseline 0.006 -23"><span class='ocrx_word' id='word_1_552' title='bbox 221 3815 296 3870; x_wconf 88' lang='lat' dir='ltr'><strong>salus</strong></span> <span class='ocrx_word' id='word_1_553' title='bbox 310 3816 369 3886; x_wconf 88' lang='lat' dir='ltr'><strong>ejus</strong></span> <span class='ocrx_word' id='word_1_554' title='bbox 380 3833 429 3888; x_wconf 91' lang='lat' dir='ltr'><strong>pro</strong></span> <span class='ocrx_word' id='word_1_555' title='bbox 442 3817 584 3887; x_wconf 88' lang='lat' dir='ltr'><strong>desperata</strong></span> <span class='ocrx_word' id='word_1_556' title='bbox 593 3825 678 3873; x_wconf 87' lang='lat' dir='ltr'><strong>esset:</strong></span> <span class='ocrx_word' id='word_1_557' title='bbox 694 3835 775 3890; x_wconf 91' lang='lat' dir='ltr'><strong>quem</strong></span> <span class='ocrx_word' id='word_1_558' title='bbox 787 3817 919 3873; x_wconf 90' lang='lat' dir='ltr'><strong>Antonius</strong></span> <span class='ocrx_word' id='word_1_559' title='bbox 929 3818 1013 3874; x_wconf 87' lang='lat' dir='ltr'><strong>Musa</strong></span> <span class='ocrx_word' id='word_1_560' title='bbox 1051 3829 1106 3874; x_wconf 92' lang='lat' dir='ltr'><strong>tem</strong></span> <span class='ocrx_word' id='word_1_561' title='bbox 1126 3823 1154 3875; x_wconf 93' lang='lat' dir='ltr'><strong>in</strong></span> <span class='ocrx_word' id='word_1_562' title='bbox 1172 3821 1304 3892; x_wconf 90' lang='lat' dir='ltr'><strong>spelunca</strong></span> <span class='ocrx_word' id='word_1_563' title='bbox 1324 3822 1399 3875; x_wconf 81' lang='lat' dir='ltr'><strong>rictu</strong></span> <span class='ocrx_word' id='word_1_564' title='bbox 1419 3828 1476 3876; x_wconf 90' lang='lat' dir='ltr'><strong>tarn</strong></span> <span class='ocrx_word' id='word_1_565' title='bbox 1496 3821 1616 3891; x_wconf 90' lang='lat' dir='ltr'><strong>simplici</strong></span> <span class='ocrx_word' id='word_1_566' title='bbox 1636 3831 1666 3876; x_wconf 88' lang='lat' dir='ltr'><strong>et</strong></span> <span class='ocrx_word' id='word_1_567' title='bbox 1680 3824 1753 3889; x_wconf 87' lang='lat' dir='ltr'><strong>duro,</strong></span> <span class='ocrx_word' id='word_1_568' title='bbox 1768 3830 1842 3878; x_wconf 90' lang='lat' dir='ltr'><strong>ateo</strong></span> <span class='ocrx_word' id='word_1_569' title='bbox 1887 3866 1888 3879; x_wconf 52' lang='lat' dir='ltr'><strong>r</strong></span> 
     </span>
     <span class='ocr_line' id='line_1_46' title="bbox 220 3896 1888 3973; baseline 0.005 -25"><span class='ocrx_word' id='word_1_570' title='bbox 220 3896 350 3961; x_wconf 88' lang='lat' dir='ltr'><strong>medicus,</strong></span> <span class='ocrx_word' id='word_1_571' title='bbox 377 3913 440 3951; x_wconf 87' lang='lat' dir='ltr'><strong>oum</strong></span> <span class='ocrx_word' id='word_1_572' title='bbox 467 3897 558 3952; x_wconf 82' lang='lat' dir='ltr'><strong>caeteri</strong></span> <span class='ocrx_word' id='word_1_573' title='bbox 581 3898 678 3952; x_wconf 89' lang='lat' dir='ltr'><strong>medici</strong></span> <span class='ocrx_word' id='word_1_574' title='bbox 699 3897 787 3952; x_wconf 88' lang='lat' dir='ltr'><strong>calida</strong></span> <span class='ocrx_word' id='word_1_575' title='bbox 806 3898 1011 3964; x_wconf 86' lang='lat' dir='ltr'><strong>medicamenta,</strong></span> <span class='ocrx_word' id='word_1_576' title='bbox 1050 3901 1133 3955; x_wconf 81' lang='lat' dir='ltr'><strong>vitatu</strong></span> <span class='ocrx_word' id='word_1_577' title='bbox 1156 3901 1270 3955; x_wconf 91' lang='lat' dir='ltr'><strong>tolerare</strong></span> <span class='ocrx_word' id='word_1_578' title='bbox 1291 3918 1375 3972; x_wconf 90' lang='lat' dir='ltr'><strong>snpra</strong></span> <span class='ocrx_word' id='word_1_579' title='bbox 1394 3899 1528 3955; x_wconf 88' lang='lat' dir='ltr'><strong>humanas</strong></span> <span class='ocrx_word' id='word_1_580' title='bbox 1549 3901 1622 3956; x_wconf 85' lang='lat' dir='ltr'><strong>vires</strong></span> <span class='ocrx_word' id='word_1_581' title='bbox 1634 3902 1722 3957; x_wconf 84' lang='lat' dir='ltr'><strong>videri</strong></span> <span class='ocrx_word' id='word_1_582' title='bbox 1742 3903 1840 3973; x_wconf 70' lang='lat' dir='ltr'><strong>possitr</strong></span> <span class='ocrx_word' id='word_1_583' title='bbox 1887 3912 1888 3931; x_wconf 66' lang='lat'>¹</span> 
     </span>
     <span class='ocr_line' id='line_1_47' title="bbox 221 3977 1888 4057; baseline 0.007 -31"><span class='ocrx_word' id='word_1_584' title='bbox 221 3980 351 4045; x_wconf 88' lang='lat' dir='ltr'><strong>tanquam</strong></span> <span class='ocrx_word' id='word_1_585' title='bbox 362 3977 456 4030; x_wconf 87' lang='lat' dir='ltr'><strong>morbo</strong></span> <span class='ocrx_word' id='word_1_586' title='bbox 466 3977 663 4041; x_wconf 83' lang='lat' dir='ltr'><strong>convenientia,</strong></span> <span class='ocrx_word' id='word_1_587' title='bbox 675 3977 870 4041; x_wconf 84' lang='lat' dir='ltr'><strong>adhibuissent,</strong></span> <span class='ocrx_word' id='word_1_588' title='bbox 879 3980 1013 4033; x_wconf 89' lang='lat' dir='ltr'><strong>contraria</strong></span> <span class='ocrx_word' id='word_1_589' title='bbox 1051 3980 1079 4033; x_wconf 93' lang='lat' dir='ltr'><strong>iu</strong></span> <span class='ocrx_word' id='word_1_590' title='bbox 1093 3980 1314 4035; x_wconf 87' lang='lat' dir='ltr'><strong>meditationibus</strong></span> <span class='ocrx_word' id='word_1_591' title='bbox 1328 3989 1357 4034; x_wconf 90' lang='lat' dir='ltr'><strong>et</strong></span> <span class='ocrx_word' id='word_1_592' title='bbox 1377 3979 1529 4051; x_wconf 90' lang='lat' dir='ltr'><strong>soliloquiis</strong></span> <span class='ocrx_word' id='word_1_593' title='bbox 1550 3982 1739 4036; x_wconf 84' lang='lat' dir='ltr'><strong>tantummodo</strong></span> <span class='ocrx_word' id='word_1_594' title='bbox 1757 3999 1841 4036; x_wconf 69' lang='lat' dir='ltr'><strong>eram</strong></span> <span class='ocrx_word' id='word_1_595' title='bbox 1887 3998 1888 4057; x_wconf 67' lang='lat' dir='ltr'><strong>l</strong></span> 
     </span>
     <span class='ocr_line' id='line_1_48' title="bbox 221 4054 1888 4131; baseline 0.007 -27"><span class='ocrx_word' id='word_1_596' title='bbox 221 4054 324 4108; x_wconf 92' lang='lat' dir='ltr'><strong>ratione</strong></span> <span class='ocrx_word' id='word_1_597' title='bbox 333 4055 440 4127; x_wconf 78' lang='lat' dir='ltr'><strong>frigidis</strong></span> <span class='ocrx_word' id='word_1_598' title='bbox 454 4058 573 4120; x_wconf 77' lang='lat' dir='ltr'><strong>curarit3</strong></span> <span class='ocrx_word' id='word_1_599' title='bbox 589 4057 661 4128; x_wconf 93' lang='lat' dir='ltr'><strong>quod</strong></span> <span class='ocrx_word' id='word_1_600' title='bbox 674 4057 788 4111; x_wconf 84' lang='lat' dir='ltr'><strong>fortasse</strong></span> <span class='ocrx_word' id='word_1_601' title='bbox 802 4058 828 4111; x_wconf 89' lang='lat' dir='ltr'><strong>ei</strong></span> <span class='ocrx_word' id='word_1_602' title='bbox 838 4057 872 4111; x_wconf 91' lang='lat' dir='ltr'><strong>ad</strong></span> <span class='ocrx_word' id='word_1_603' title='bbox 883 4057 1012 4112; x_wconf 92' lang='lat' dir='ltr'><strong>diuturni·</strong></span> <span class='ocrx_word' id='word_1_604' title='bbox 1051 4059 1218 4130; x_wconf 77' lang='lat' dir='ltr'><strong>transigensr</strong></span> <span class='ocrx_word' id='word_1_605' title='bbox 1239 4060 1285 4131; x_wconf 91' lang='lat' dir='ltr'><strong>qui</strong></span> <span class='ocrx_word' id='word_1_606' title='bbox 1300 4068 1390 4113; x_wconf 89' lang='lat' dir='ltr'><strong>tamen</strong></span> <span class='ocrx_word' id='word_1_607' title='bbox 1404 4075 1459 4113; x_wconf 90' lang='lat' dir='ltr'><strong>non</strong></span> <span class='ocrx_word' id='word_1_608' title='bbox 1471 4058 1616 4114; x_wconf 83' lang='lat' dir='ltr'><strong>illiteratus</strong></span> <span class='ocrx_word' id='word_1_609' title='bbox 1630 4070 1678 4114; x_wconf 90' lang='lat' dir='ltr'><strong>ant</strong></span> <span class='ocrx_word' id='word_1_610' title='bbox 1691 4062 1782 4123; x_wconf 84' lang='lat' dir='ltr'><strong>idiota,</strong></span> <span class='ocrx_word' id='word_1_611' title='bbox 1795 4059 1841 4115; x_wconf 84' lang='lat' dir='ltr'><strong>sed</strong></span> <span class='ocrx_word' id='word_1_612' title='bbox 1887 4062 1888 4121; x_wconf 80' lang='lat' dir='ltr'><strong>l</strong></span> 
     </span>
     <span class='ocr_line' id='line_1_49' title="bbox 221 4132 1888 4211; baseline 0.005 -27"><span class='ocrx_word' id='word_1_613' title='bbox 221 4140 305 4187; x_wconf 88' lang='lat' dir='ltr'><strong>tatem</strong></span> <span class='ocrx_word' id='word_1_614' title='bbox 323 4135 387 4188; x_wconf 75' lang='lat' dir='ltr'><strong>vitae</strong></span> <span class='ocrx_word' id='word_1_615' title='bbox 409 4136 519 4205; x_wconf 90' lang='lat' dir='ltr'><strong>proiuit.</strong></span> <span class='ocrx_word' id='word_1_616' title='bbox 559 4137 685 4191; x_wconf 85' lang='lat' dir='ltr'><strong>Tiberius</strong></span> <span class='ocrx_word' id='word_1_617' title='bbox 704 4136 771 4190; x_wconf 88' lang='lat' dir='ltr'><strong>duos</strong></span> <span class='ocrx_word' id='word_1_618' title='bbox 791 4136 908 4207; x_wconf 89' lang='lat' dir='ltr'><strong>amplius</strong></span> <span class='ocrx_word' id='word_1_619' title='bbox 927 4153 1012 4191; x_wconf 86' lang='lat' dir='ltr'><strong>annos</strong></span> <span class='ocrx_word' id='word_1_620' title='bbox 1051 4138 1170 4193; x_wconf 89' lang='lat' dir='ltr'><strong>eruditas</strong></span> <span class='ocrx_word' id='word_1_621' title='bbox 1193 4138 1253 4193; x_wconf 85' lang='lat' dir='ltr'><strong>tuit.</strong></span> <span class='ocrx_word' id='word_1_622' title='bbox 1294 4138 1321 4193; x_wconf 93' lang='lat' dir='ltr'><strong>S.</strong></span> <span class='ocrx_word' id='word_1_623' title='bbox 1347 4139 1487 4203; x_wconf 89' lang='lat' dir='ltr'><strong>Antonius,</strong></span> <span class='ocrx_word' id='word_1_624' title='bbox 1513 4138 1719 4195; x_wconf 85' lang='lat' dir='ltr'><strong>Coenobitarum</strong></span> <span class='ocrx_word' id='word_1_625' title='bbox 1741 4141 1840 4211; x_wconf 78' lang='lat' dir='ltr'><strong>primns</strong></span> <span class='ocrx_word' id='word_1_626' title='bbox 1887 4132 1888 4201; x_wconf 64' lang='lat' dir='ltr'><strong>i</strong></span> 
     </span>
     <span class='ocr_line' id='line_1_50' title="bbox 220 4211 1888 4291; baseline 0.005 -27"><span class='ocrx_word' id='word_1_627' title='bbox 220 4211 307 4276; x_wconf 69' lang='lat' dir='ltr'><strong>vixitr</strong></span> <span class='ocrx_word' id='word_1_628' title='bbox 327 4213 370 4267; x_wconf 81' lang='lat' dir='ltr'><strong>vir</strong></span> <span class='ocrx_word' id='word_1_629' title='bbox 383 4214 464 4269; x_wconf 91' lang='lat' dir='ltr'><strong>lentis</strong></span> <span class='ocrx_word' id='word_1_630' title='bbox 478 4211 606 4280; x_wconf 84' lang='lat' dir='ltr'><strong>maxillis,</strong></span> <span class='ocrx_word' id='word_1_631' title='bbox 623 4218 666 4284; x_wconf 88' lang='lat' dir='ltr'><strong>(ut</strong></span> <span class='ocrx_word' id='word_1_632' title='bbox 679 4216 816 4286; x_wconf 86' lang='lat' dir='ltr'><strong>Augustus</strong></span> <span class='ocrx_word' id='word_1_633' title='bbox 830 4216 941 4284; x_wconf 70' lang='lat' dir='ltr'><strong>aiebat)</strong></span> <span class='ocrx_word' id='word_1_634' title='bbox 959 4232 1013 4271; x_wconf 89' lang='lat' dir='ltr'><strong>ser·</strong></span> <span class='ocrx_word' id='word_1_635' title='bbox 1050 4218 1195 4283; x_wconf 89' lang='lat' dir='ltr'><strong>institutor,</strong></span> <span class='ocrx_word' id='word_1_636' title='bbox 1210 4225 1257 4272; x_wconf 86' lang='lat' dir='ltr'><strong>aut</strong></span> <span class='ocrx_word' id='word_1_637' title='bbox 1271 4214 1318 4291; x_wconf 88' lang='lat' dir='ltr'><strong>(ut</strong></span> <span class='ocrx_word' id='word_1_638' title='bbox 1331 4217 1379 4271; x_wconf 90' lang='lat' dir='ltr'><strong>alii</strong></span> <span class='ocrx_word' id='word_1_639' title='bbox 1393 4214 1504 4291; x_wconf 85' lang='lat' dir='ltr'><strong>volunt)</strong></span> <span class='ocrx_word' id='word_1_640' title='bbox 1518 4220 1669 4284; x_wconf 87' lang='lat' dir='ltr'><strong>restitutor,</strong></span> <span class='ocrx_word' id='word_1_641' title='bbox 1681 4220 1716 4273; x_wconf 90' lang='lat' dir='ltr'><strong>ad</strong></span> <span class='ocrx_word' id='word_1_642' title='bbox 1729 4220 1839 4273; x_wconf 86' lang='lat' dir='ltr'><strong>centesi-</strong></span> <span class='ocrx_word' id='word_1_643' title='bbox 1887 4216 1888 4279; x_wconf 80' lang='lat' dir='ltr'><strong>l</strong></span> 
     </span>
     <span class='ocr_line' id='line_1_51' title="bbox 220 4291 1888 4367; baseline 0.006 -25"><span class='ocrx_word' id='word_1_644' title='bbox 220 4305 300 4344; x_wconf 91' lang='lat' dir='ltr'><strong>mone</strong></span> <span class='ocrx_word' id='word_1_645' title='bbox 333 4291 438 4345; x_wconf 91' lang='lat' dir='ltr'><strong>scilicet</strong></span> <span class='ocrx_word' id='word_1_646' title='bbox 464 4294 563 4359; x_wconf 91' lang='lat' dir='ltr'><strong>tardus,</strong></span> <span class='ocrx_word' id='word_1_647' title='bbox 591 4294 639 4348; x_wconf 88' lang='lat' dir='ltr'><strong>sed</strong></span> <span class='ocrx_word' id='word_1_648' title='bbox 665 4294 784 4360; x_wconf 80' lang='lat' dir='ltr'><strong>validus3</strong></span> <span class='ocrx_word' id='word_1_649' title='bbox 813 4296 1011 4366; x_wconf 84' lang='lat' dir='ltr'><strong>sanguinarius,</strong></span> <span class='ocrx_word' id='word_1_650' title='bbox 1051 4314 1124 4350; x_wconf 90' lang='lat' dir='ltr'><strong>mum</strong></span> <span class='ocrx_word' id='word_1_651' title='bbox 1140 4298 1262 4367; x_wconf 89' lang='lat' dir='ltr'><strong>quintum</strong></span> <span class='ocrx_word' id='word_1_652' title='bbox 1275 4314 1376 4351; x_wconf 91' lang='lat' dir='ltr'><strong>annum</strong></span> <span class='ocrx_word' id='word_1_653' title='bbox 1397 4299 1531 4367; x_wconf 85' lang='lat' dir='ltr'><strong>pervenit:</strong></span> <span class='ocrx_word' id='word_1_654' title='bbox 1551 4298 1594 4351; x_wconf 83' lang='lat' dir='ltr'><strong>vir</strong></span> <span class='ocrx_word' id='word_1_655' title='bbox 1614 4297 1728 4353; x_wconf 82' lang='lat' dir='ltr'><strong>devotus</strong></span> <span class='ocrx_word' id='word_1_656' title='bbox 1741 4308 1768 4352; x_wconf 90' lang='lat' dir='ltr'><strong>et</strong></span> <span class='ocrx_word' id='word_1_657' title='bbox 1781 4314 1840 4352; x_wconf 88' lang='lat' dir='ltr'><strong>con·</strong></span> <span class='ocrx_word' id='word_1_658' title='bbox 1887 4360 1888 4367; x_wconf 8' lang='grc' dir='ltr'>ἵ</span> 
     </span>
     <span class='ocr_line' id='line_1_52' title="bbox 220 4368 1888 4446; baseline 0.005 -25"><span class='ocrx_word' id='word_1_659' title='bbox 220 4368 312 4433; x_wconf 86' lang='lat' dir='ltr'><strong>bibax,</strong></span> <span class='ocrx_word' id='word_1_660' title='bbox 328 4371 427 4441; x_wconf 90' lang='lat' dir='ltr'><strong>quique</strong></span> <span class='ocrx_word' id='word_1_661' title='bbox 441 4371 582 4427; x_wconf 90' lang='lat' dir='ltr'><strong>libidinem</strong></span> <span class='ocrx_word' id='word_1_662' title='bbox 597 4374 679 4428; x_wconf 92' lang='lat' dir='ltr'><strong>etiarn</strong></span> <span class='ocrx_word' id='word_1_663' title='bbox 692 4374 721 4427; x_wconf 90' lang='lat' dir='ltr'><strong>in</strong></span> <span class='ocrx_word' id='word_1_664' title='bbox 735 4374 844 4429; x_wconf 74' lang='lat' dir='ltr'><strong>diaetam</strong></span> <span class='ocrx_word' id='word_1_665' title='bbox 857 4373 1011 4441; x_wconf 85' lang='lat' dir='ltr'><strong>transtulit;</strong></span> <span class='ocrx_word' id='word_1_666' title='bbox 1050 4375 1230 4446; x_wconf 81' lang='lat' dir='ltr'><strong>templatims,</strong></span> <span class='ocrx_word' id='word_1_667' title='bbox 1254 4382 1393 4430; x_wconf 87' lang='lat' dir='ltr'><strong>ettamen</strong></span> <span class='ocrx_word' id='word_1_668' title='bbox 1414 4375 1538 4431; x_wconf 83' lang='lat' dir='ltr'><strong>civilibus</strong></span> <span class='ocrx_word' id='word_1_669' title='bbox 1561 4376 1642 4431; x_wconf 86' lang='lat' dir='ltr'><strong>rebus</strong></span> <span class='ocrx_word' id='word_1_670' title='bbox 1667 4379 1755 4443; x_wconf 84' lang='lat' dir='ltr'><strong>utilit;</strong></span> <span class='ocrx_word' id='word_1_671' title='bbox 1781 4378 1838 4430; x_wconf 81' lang='lat' dir='ltr'><strong>rita</strong></span> <span class='ocrx_word' id='word_1_672' title='bbox 1887 4390 1888 4411; x_wconf 63' lang='lat'>¹</span> 
     </span>
     <span class='ocr_line' id='line_1_53' title="bbox 220 4448 1888 4528; baseline 0.01 -29"><span class='ocrx_word' id='word_1_673' title='bbox 220 4455 340 4502; x_wconf 88' lang='lat' dir='ltr'><strong>attamen</strong></span> <span class='ocrx_word' id='word_1_674' title='bbox 354 4448 515 4505; x_wconf 85' lang='lat' dir='ltr'><strong>valetudinis</strong></span> <span class='ocrx_word' id='word_1_675' title='bbox 530 4469 586 4506; x_wconf 84' lang='lat' dir='ltr'><strong>aute</strong></span> <span class='ocrx_word' id='word_1_676' title='bbox 599 4462 706 4507; x_wconf 88' lang='lat' dir='ltr'><strong>curator</strong></span> <span class='ocrx_word' id='word_1_677' title='bbox 719 4453 828 4524; x_wconf 82' lang='lat' dir='ltr'><strong>probas,</strong></span> <span class='ocrx_word' id='word_1_678' title='bbox 842 4462 873 4508; x_wconf 90' lang='lat' dir='ltr'><strong>ut</strong></span> <span class='ocrx_word' id='word_1_679' title='bbox 887 4455 933 4524; x_wconf 93' lang='lat' dir='ltr'><strong>qui</strong></span> <span class='ocrx_word' id='word_1_680' title='bbox 948 4453 1012 4507; x_wconf 89' lang='lat' dir='ltr'><strong>soli·</strong></span> <span class='ocrx_word' id='word_1_681' title='bbox 1050 4471 1149 4525; x_wconf 86' lang='lat' dir='ltr'><strong>genere</strong></span> <span class='ocrx_word' id='word_1_682' title='bbox 1163 4463 1270 4509; x_wconf 86' lang='lat' dir='ltr'><strong>austero</strong></span> <span class='ocrx_word' id='word_1_683' title='bbox 1288 4463 1314 4508; x_wconf 89' lang='lat' dir='ltr'><strong>et</strong></span> <span class='ocrx_word' id='word_1_684' title='bbox 1328 4472 1441 4526; x_wconf 71' lang='lat' dir='ltr'><strong>aspero,</strong></span> <span class='ocrx_word' id='word_1_685' title='bbox 1464 4463 1582 4510; x_wconf 89' lang='lat' dir='ltr'><strong>attamen</strong></span> <span class='ocrx_word' id='word_1_686' title='bbox 1604 4456 1633 4511; x_wconf 90' lang='lat' dir='ltr'><strong>in</strong></span> <span class='ocrx_word' id='word_1_687' title='bbox 1646 4456 1767 4528; x_wconf 85' lang='lat' dir='ltr'><strong>gloriosa</strong></span> <span class='ocrx_word' id='word_1_688' title='bbox 1780 4474 1839 4528; x_wconf 79' lang='lat' dir='ltr'><strong>que·</strong></span> <span class='ocrx_word' id='word_1_689' title='bbox 1887 4460 1888 4515; x_wconf 83' lang='lat' dir='ltr'><strong>l</strong></span> 
     </span>
     <span class='ocr_line' id='line_1_54' title="bbox 220 4524 1888 4607; baseline 0.006 -28"><span class='ocrx_word' id='word_1_690' title='bbox 220 4534 264 4580; x_wconf 88' lang='lat' dir='ltr'><strong>tna</strong></span> <span class='ocrx_word' id='word_1_691' title='bbox 279 4534 350 4582; x_wconf 89' lang='lat' dir='ltr'><strong>esset</strong></span> <span class='ocrx_word' id='word_1_692' title='bbox 363 4528 461 4594; x_wconf 88' lang='lat' dir='ltr'><strong>dicere,</strong></span> <span class='ocrx_word' id='word_1_693' title='bbox 476 4530 585 4585; x_wconf 88' lang='lat' dir='ltr'><strong>stultum</strong></span> <span class='ocrx_word' id='word_1_694' title='bbox 599 4549 668 4597; x_wconf 89' lang='lat' dir='ltr'><strong>csse,</strong></span> <span class='ocrx_word' id='word_1_695' title='bbox 680 4533 726 4603; x_wconf 90' lang='lat' dir='ltr'><strong>qni</strong></span> <span class='ocrx_word' id='word_1_696' title='bbox 737 4540 798 4602; x_wconf 87' lang='lat' dir='ltr'><strong>post</strong></span> <span class='ocrx_word' id='word_1_697' title='bbox 808 4533 920 4603; x_wconf 88' lang='lat' dir='ltr'><strong>triginta</strong></span> <span class='ocrx_word' id='word_1_698' title='bbox 930 4549 1013 4588; x_wconf 89' lang='lat' dir='ltr'><strong>anuo-</strong></span> <span class='ocrx_word' id='word_1_699' title='bbox 1051 4533 1112 4588; x_wconf 90' lang='lat' dir='ltr'><strong>dam</strong></span> <span class='ocrx_word' id='word_1_700' title='bbox 1134 4534 1277 4589; x_wconf 89' lang='lat' dir='ltr'><strong>solitudine</strong></span> <span class='ocrx_word' id='word_1_701' title='bbox 1298 4534 1407 4605; x_wconf 89' lang='lat' dir='ltr'><strong>degens,</strong></span> <span class='ocrx_word' id='word_1_702' title='bbox 1430 4551 1480 4588; x_wconf 92' lang='lat' dir='ltr'><strong>nec</strong></span> <span class='ocrx_word' id='word_1_703' title='bbox 1501 4535 1559 4589; x_wconf 90' lang='lat' dir='ltr'><strong>sine</strong></span> <span class='ocrx_word' id='word_1_704' title='bbox 1579 4536 1714 4607; x_wconf 65' lang='lat' dir='ltr'><strong>imperior</strong></span> <span class='ocrx_word' id='word_1_705' title='bbox 1734 4554 1794 4591; x_wconf 84' lang='lat' dir='ltr'><strong>cnm</strong></span> <span class='ocrx_word' id='word_1_706' title='bbox 1815 4542 1840 4589; x_wconf 84' lang='lat' dir='ltr'><strong>et</strong></span> <span class='ocrx_word' id='word_1_707' title='bbox 1887 4524 1888 4549; x_wconf 60' lang='lat'>¹</span> 
     </span>
     <span class='ocr_line' id='line_1_55' title="bbox 219 4607 1839 4687; baseline 0.005 -28"><span class='ocrx_word' id='word_1_708' title='bbox 219 4623 279 4660; x_wconf 91' lang='lat' dir='ltr'><strong>rum</strong></span> <span class='ocrx_word' id='word_1_709' title='bbox 292 4608 376 4660; x_wconf 79' lang='lat' dir='ltr'><strong>vitam</strong></span> <span class='ocrx_word' id='word_1_710' title='bbox 389 4607 524 4662; x_wconf 88' lang='lat' dir='ltr'><strong>medicum</strong></span> <span class='ocrx_word' id='word_1_711' title='bbox 538 4611 688 4666; x_wconf 89' lang='lat' dir='ltr'><strong>consuleret</strong></span> <span class='ocrx_word' id='word_1_712' title='bbox 700 4620 748 4665; x_wconf 92' lang='lat' dir='ltr'><strong>ant</strong></span> <span class='ocrx_word' id='word_1_713' title='bbox 761 4612 910 4666; x_wconf 76' lang='lat' dir='ltr'><strong>advocaret,</strong></span> <span class='ocrx_word' id='word_1_714' title='bbox 946 4611 1013 4665; x_wconf 85' lang='lat' dir='ltr'><strong>Gor·</strong></span> <span class='ocrx_word' id='word_1_715' title='bbox 1049 4612 1198 4667; x_wconf 86' lang='lat' dir='ltr'><strong>monachos</strong></span> <span class='ocrx_word' id='word_1_716' title='bbox 1220 4629 1282 4668; x_wconf 87' lang='lat' dir='ltr'><strong>suos</strong></span> <span class='ocrx_word' id='word_1_717' title='bbox 1304 4614 1354 4668; x_wconf 90' lang='lat' dir='ltr'><strong>sub</strong></span> <span class='ocrx_word' id='word_1_718' title='bbox 1375 4631 1404 4667; x_wconf 90' lang='lat' dir='ltr'><strong>se</strong></span> <span class='ocrx_word' id='word_1_719' title='bbox 1422 4614 1572 4677; x_wconf 87' lang='lat' dir='ltr'><strong>habuisset,</strong></span> <span class='ocrx_word' id='word_1_720' title='bbox 1593 4624 1676 4686; x_wconf 89' lang='lat' dir='ltr'><strong>atque</strong></span> <span class='ocrx_word' id='word_1_721' title='bbox 1697 4617 1839 4687; x_wconf 78' lang='lat' dir='ltr'><strong>inrupere</strong></span> 
     </span>
     <span class='ocr_line' id='line_1_56' title="bbox 219 4685 1839 4765; baseline 0.005 -26"><span class='ocrx_word' id='word_1_722' title='bbox 219 4685 315 4740; x_wconf 87' lang='lat' dir='ltr'><strong>dianus</strong></span> <span class='ocrx_word' id='word_1_723' title='bbox 329 4686 419 4740; x_wconf 88' lang='lat' dir='ltr'><strong>senior</strong></span> <span class='ocrx_word' id='word_1_724' title='bbox 432 4688 570 4758; x_wconf 87' lang='lat' dir='ltr'><strong>octoginta</strong></span> <span class='ocrx_word' id='word_1_725' title='bbox 580 4706 664 4745; x_wconf 86' lang='lat' dir='ltr'><strong>annos</strong></span> <span class='ocrx_word' id='word_1_726' title='bbox 674 4692 751 4756; x_wconf 82' lang='lat' dir='ltr'><strong>vixit,</strong></span> <span class='ocrx_word' id='word_1_727' title='bbox 759 4699 785 4745; x_wconf 90' lang='lat' dir='ltr'><strong>et</strong></span> <span class='ocrx_word' id='word_1_728' title='bbox 793 4699 883 4745; x_wconf 89' lang='lat' dir='ltr'><strong>tamen</strong></span> <span class='ocrx_word' id='word_1_729' title='bbox 894 4691 1013 4746; x_wconf 84' lang='lat' dir='ltr'><strong>violenta</strong></span> <span class='ocrx_word' id='word_1_730' title='bbox 1051 4690 1234 4762; x_wconf 89' lang='lat' dir='ltr'><strong>compluribus</strong></span> <span class='ocrx_word' id='word_1_731' title='bbox 1248 4700 1275 4747; x_wconf 90' lang='lat' dir='ltr'><strong>et</strong></span> <span class='ocrx_word' id='word_1_732' title='bbox 1289 4692 1456 4748; x_wconf 87' lang='lat' dir='ltr'><strong>Christianis</strong></span> <span class='ocrx_word' id='word_1_733' title='bbox 1470 4703 1498 4747; x_wconf 89' lang='lat' dir='ltr'><strong>et</strong></span> <span class='ocrx_word' id='word_1_734' title='bbox 1512 4693 1694 4765; x_wconf 87' lang='lat' dir='ltr'><strong>philosophis,</strong></span> <span class='ocrx_word' id='word_1_735' title='bbox 1708 4696 1792 4751; x_wconf 83' lang='lat' dir='ltr'><strong>relati</strong></span> <span class='ocrx_word' id='word_1_736' title='bbox 1805 4695 1839 4747; x_wconf 87' lang='lat' dir='ltr'><strong>ri·</strong></span> 
     </span>
     <span class='ocr_line' id='line_1_57' title="bbox 218 4765 1840 4845; baseline 0.007 -26"><span class='ocrx_word' id='word_1_737' title='bbox 218 4775 305 4820; x_wconf 88' lang='lat' dir='ltr'><strong>morte</strong></span> <span class='ocrx_word' id='word_1_738' title='bbox 324 4765 414 4835; x_wconf 88' lang='lat' dir='ltr'><strong>periit,</strong></span> <span class='ocrx_word' id='word_1_739' title='bbox 428 4775 573 4837; x_wconf 88' lang='lat' dir='ltr'><strong>postquam</strong></span> <span class='ocrx_word' id='word_1_740' title='bbox 591 4769 638 4823; x_wconf 84' lang='lat' dir='ltr'><strong>vix</strong></span> <span class='ocrx_word' id='word_1_741' title='bbox 657 4770 825 4842; x_wconf 87' lang='lat' dir='ltr'><strong>degustasset</strong></span> <span class='ocrx_word' id='word_1_742' title='bbox 848 4771 1010 4842; x_wconf 67' lang='lat' dir='ltr'><strong>imperium</strong></span> <span class='ocrx_word' id='word_1_743' title='bbox 1051 4788 1114 4826; x_wconf 89' lang='lat' dir='ltr'><strong>rum</strong></span> <span class='ocrx_word' id='word_1_744' title='bbox 1128 4771 1238 4843; x_wconf 88' lang='lat' dir='ltr'><strong>aliquod</strong></span> <span class='ocrx_word' id='word_1_745' title='bbox 1252 4771 1434 4837; x_wconf 86' lang='lat' dir='ltr'><strong>simulacrum,</strong></span> <span class='ocrx_word' id='word_1_746' title='bbox 1447 4789 1502 4826; x_wconf 89' lang='lat' dir='ltr'><strong>non</strong></span> <span class='ocrx_word' id='word_1_747' title='bbox 1522 4773 1582 4827; x_wconf 86' lang='lat' dir='ltr'><strong>sine</strong></span> <span class='ocrx_word' id='word_1_748' title='bbox 1602 4774 1760 4830; x_wconf 87' lang='lat' dir='ltr'><strong>adoratione</strong></span> <span class='ocrx_word' id='word_1_749' title='bbox 1781 4792 1840 4845; x_wconf 81' lang='lat' dir='ltr'><strong>qua·</strong></span> 
     </span>
     <span class='ocr_line' id='line_1_58' title="bbox 218 4844 1840 4921; baseline 0.005 -22"><span class='ocrx_word' id='word_1_750' title='bbox 218 4845 261 4899; x_wconf 83' lang='lat' dir='ltr'><strong>vir</strong></span> <span class='ocrx_word' id='word_1_751' title='bbox 273 4844 463 4915; x_wconf 87' lang='lat' dir='ltr'><strong>magnanimus</strong></span> <span class='ocrx_word' id='word_1_752' title='bbox 480 4855 507 4899; x_wconf 90' lang='lat' dir='ltr'><strong>et</strong></span> <span class='ocrx_word' id='word_1_753' title='bbox 520 4846 685 4916; x_wconf 85' lang='lat' dir='ltr'><strong>splendidus,</strong></span> <span class='ocrx_word' id='word_1_754' title='bbox 701 4850 820 4904; x_wconf 88' lang='lat' dir='ltr'><strong>eruditus</strong></span> <span class='ocrx_word' id='word_1_755' title='bbox 834 4856 863 4904; x_wconf 89' lang='lat' dir='ltr'><strong>et</strong></span> <span class='ocrx_word' id='word_1_756' title='bbox 881 4852 971 4921; x_wconf 81' lang='lat' dir='ltr'><strong>po&#39;eta,</strong></span> <span class='ocrx_word' id='word_1_757' title='bbox 985 4859 1013 4904; x_wconf 89' lang='lat' dir='ltr'><strong>et</strong></span> <span class='ocrx_word' id='word_1_758' title='bbox 1050 4850 1112 4904; x_wconf 88' lang='lat' dir='ltr'><strong>dam</strong></span> <span class='ocrx_word' id='word_1_759' title='bbox 1126 4851 1250 4905; x_wconf 83' lang='lat' dir='ltr'><strong>visitatus</strong></span> <span class='ocrx_word' id='word_1_760' title='bbox 1263 4859 1344 4906; x_wconf 89' lang='lat' dir='ltr'><strong>esset.</strong></span> <span class='ocrx_word' id='word_1_761' title='bbox 1385 4851 1413 4906; x_wconf 91' lang='lat' dir='ltr'><strong>S.</strong></span> <span class='ocrx_word' id='word_1_762' title='bbox 1434 4851 1599 4907; x_wconf 84' lang='lat' dir='ltr'><strong>Athanasius</strong></span> <span class='ocrx_word' id='word_1_763' title='bbox 1613 4862 1735 4909; x_wconf 90' lang='lat' dir='ltr'><strong>mortuus</strong></span> <span class='ocrx_word' id='word_1_764' title='bbox 1748 4863 1790 4910; x_wconf 91' lang='lat' dir='ltr'><strong>est</strong></span> <span class='ocrx_word' id='word_1_765' title='bbox 1802 4869 1840 4907; x_wconf 74' lang='lat' dir='ltr'><strong>oe</strong></span> 
     </span>
     <span class='ocr_line' id='line_1_59' title="bbox 218 4924 1841 5001; baseline 0.006 -23"><span class='ocrx_word' id='word_1_766' title='bbox 218 4925 352 4979; x_wconf 89' lang='lat' dir='ltr'><strong>constanti</strong></span> <span class='ocrx_word' id='word_1_767' title='bbox 376 4924 440 4978; x_wconf 84' lang='lat' dir='ltr'><strong>ritoe</strong></span> <span class='ocrx_word' id='word_1_768' title='bbox 464 4932 556 4978; x_wconf 90' lang='lat' dir='ltr'><strong>tenore</strong></span> <span class='ocrx_word' id='word_1_769' title='bbox 578 4929 653 4994; x_wconf 88' lang='lat' dir='ltr'><strong>(ante</strong></span> <span class='ocrx_word' id='word_1_770' title='bbox 677 4928 768 4999; x_wconf 90' lang='lat' dir='ltr'><strong>ipsum</strong></span> <span class='ocrx_word' id='word_1_771' title='bbox 793 4929 909 4996; x_wconf 89' lang='lat' dir='ltr'><strong>obitum)</strong></span> <span class='ocrx_word' id='word_1_772' title='bbox 933 4928 1010 4985; x_wconf 81' lang='lat' dir='ltr'><strong>felix.</strong></span> <span class='ocrx_word' id='word_1_773' title='bbox 1050 4930 1192 5001; x_wconf 89' lang='lat' dir='ltr'><strong>togenario</strong></span> <span class='ocrx_word' id='word_1_774' title='bbox 1210 4930 1314 4998; x_wconf 65' lang='lat' dir='ltr'><strong>moion</strong></span> <span class='ocrx_word' id='word_1_775' title='bbox 1335 4930 1377 4985; x_wconf 85' lang='lat' dir='ltr'><strong>vir</strong></span> <span class='ocrx_word' id='word_1_776' title='bbox 1393 4931 1562 4987; x_wconf 84' lang='lat' dir='ltr'><strong>invincibilia</strong></span> <span class='ocrx_word' id='word_1_777' title='bbox 1578 4935 1750 4999; x_wconf 80' lang='lat' dir='ltr'><strong>constantiae,</strong></span> <span class='ocrx_word' id='word_1_778' title='bbox 1764 4934 1841 4988; x_wconf 73' lang='lat' dir='ltr'><strong>iama</strong></span> 
     </span>
     <span class='ocr_line' id='line_1_60' title="bbox 217 5002 1840 5079; baseline 0.006 -23"><span class='ocrx_word' id='word_1_779' title='bbox 217 5002 380 5058; x_wconf 83' lang='lat' dir='ltr'><strong>Valerianus</strong></span> <span class='ocrx_word' id='word_1_780' title='bbox 402 5003 551 5072; x_wconf 88' lang='lat' dir='ltr'><strong>imperator</strong></span> <span class='ocrx_word' id='word_1_781' title='bbox 570 5009 743 5078; x_wconf 89' lang='lat' dir='ltr'><strong>septuaginta</strong></span> <span class='ocrx_word' id='word_1_782' title='bbox 766 5025 816 5062; x_wconf 83' lang='lat' dir='ltr'><strong>sex</strong></span> <span class='ocrx_word' id='word_1_783' title='bbox 836 5025 921 5062; x_wconf 88' lang='lat' dir='ltr'><strong>annos</strong></span> <span class='ocrx_word' id='word_1_784' title='bbox 935 5008 1011 5072; x_wconf 84' lang='lat' dir='ltr'><strong>vixit,</strong></span> <span class='ocrx_word' id='word_1_785' title='bbox 1050 5026 1158 5079; x_wconf 88' lang='lat' dir='ltr'><strong>semper</strong></span> <span class='ocrx_word' id='word_1_786' title='bbox 1176 5010 1322 5079; x_wconf 89' lang='lat' dir='ltr'><strong>imperans,</strong></span> <span class='ocrx_word' id='word_1_787' title='bbox 1343 5026 1394 5064; x_wconf 91' lang='lat' dir='ltr'><strong>nec</strong></span> <span class='ocrx_word' id='word_1_788' title='bbox 1415 5009 1530 5066; x_wconf 82' lang='lat' dir='ltr'><strong>iortunte</strong></span> <span class='ocrx_word' id='word_1_789' title='bbox 1547 5013 1744 5077; x_wconf 71' lang='lat' dir='ltr'><strong>succumbens,</strong></span> <span class='ocrx_word' id='word_1_790' title='bbox 1772 5013 1840 5067; x_wconf 84' lang='lat' dir='ltr'><strong>idern</strong></span> 
     </span>
     <span class='ocr_line' id='line_1_61' title="bbox 218 5082 1841 5163; baseline 0.004 -27"><span class='ocrx_word' id='word_1_791' title='bbox 218 5091 364 5155; x_wconf 89' lang='lat' dir='ltr'><strong>antequam</strong></span> <span class='ocrx_word' id='word_1_792' title='bbox 386 5098 404 5135; x_wconf 89' lang='lat' dir='ltr'><strong>a</strong></span> <span class='ocrx_word' id='word_1_793' title='bbox 430 5082 533 5152; x_wconf 83' lang='lat' dir='ltr'><strong>Sapore</strong></span> <span class='ocrx_word' id='word_1_794' title='bbox 554 5100 618 5154; x_wconf 90' lang='lat' dir='ltr'><strong>rege</strong></span> <span class='ocrx_word' id='word_1_795' title='bbox 642 5085 786 5141; x_wconf 88' lang='lat' dir='ltr'><strong>Persarum</strong></span> <span class='ocrx_word' id='word_1_796' title='bbox 807 5097 902 5155; x_wconf 90' lang='lat' dir='ltr'><strong>captus</strong></span> <span class='ocrx_word' id='word_1_797' title='bbox 923 5096 1010 5153; x_wconf 80' lang='lat' dir='ltr'><strong>esset;</strong></span> <span class='ocrx_word' id='word_1_798' title='bbox 1051 5104 1118 5159; x_wconf 86' lang='lat' dir='ltr'><strong>erga</strong></span> <span class='ocrx_word' id='word_1_799' title='bbox 1137 5090 1302 5158; x_wconf 89' lang='lat' dir='ltr'><strong>potentiores</strong></span> <span class='ocrx_word' id='word_1_800' title='bbox 1322 5087 1399 5156; x_wconf 88' lang='lat' dir='ltr'><strong>liber,</strong></span> <span class='ocrx_word' id='word_1_801' title='bbox 1422 5107 1489 5160; x_wconf 88' lang='lat' dir='ltr'><strong>erga</strong></span> <span class='ocrx_word' id='word_1_802' title='bbox 1510 5090 1641 5162; x_wconf 90' lang='lat' dir='ltr'><strong>populum</strong></span> <span class='ocrx_word' id='word_1_803' title='bbox 1662 5094 1798 5163; x_wconf 84' lang='lat' dir='ltr'><strong>gratiosos</strong></span> <span class='ocrx_word' id='word_1_804' title='bbox 1816 5100 1841 5143; x_wconf 85' lang='lat' dir='ltr'><strong>et</strong></span> 
     </span>
     <span class='ocr_line' id='line_1_62' title="bbox 217 5162 1842 5243; baseline 0.004 -28"><span class='ocrx_word' id='word_1_805' title='bbox 217 5170 280 5231; x_wconf 87' lang='lat' dir='ltr'><strong>post</strong></span> <span class='ocrx_word' id='word_1_806' title='bbox 300 5162 482 5232; x_wconf 87' lang='lat' dir='ltr'><strong>captivitatem</strong></span> <span class='ocrx_word' id='word_1_807' title='bbox 500 5170 591 5217; x_wconf 88' lang='lat' dir='ltr'><strong>autem</strong></span> <span class='ocrx_word' id='word_1_808' title='bbox 614 5171 719 5234; x_wconf 92' lang='lat' dir='ltr'><strong>septem</strong></span> <span class='ocrx_word' id='word_1_809' title='bbox 742 5182 828 5219; x_wconf 89' lang='lat' dir='ltr'><strong>annos</strong></span> <span class='ocrx_word' id='word_1_810' title='bbox 850 5167 920 5221; x_wconf 84' lang='lat' dir='ltr'><strong>vixit</strong></span> <span class='ocrx_word' id='word_1_811' title='bbox 940 5166 1013 5221; x_wconf 92' lang='lat' dir='ltr'><strong>inter</strong></span> <span class='ocrx_word' id='word_1_812' title='bbox 1050 5175 1192 5238; x_wconf 65' lang='lat' dir='ltr'><strong>acceptum</strong></span> <span class='ocrx_word' id='word_1_813' title='bbox 1224 5169 1387 5223; x_wconf 88' lang='lat' dir='ltr'><strong>exercitatus</strong></span> <span class='ocrx_word' id='word_1_814' title='bbox 1407 5171 1631 5237; x_wconf 90' lang='lat' dir='ltr'><strong>contentionibus,</strong></span> <span class='ocrx_word' id='word_1_815' title='bbox 1655 5171 1684 5226; x_wconf 92' lang='lat' dir='ltr'><strong>in</strong></span> <span class='ocrx_word' id='word_1_816' title='bbox 1706 5172 1797 5243; x_wconf 85' lang='lat' dir='ltr'><strong>iisque</strong></span> <span class='ocrx_word' id='word_1_817' title='bbox 1815 5178 1842 5223; x_wconf 90' lang='lat' dir='ltr'><strong>et</strong></span> 
     </span>
     <span class='ocr_line' id='line_1_63' title="bbox 218 5240 1842 5322; baseline 0.007 -28"><span class='ocrx_word' id='word_1_818' title='bbox 218 5240 402 5306; x_wconf 84' lang='lat' dir='ltr'><strong>contumelias,</strong></span> <span class='ocrx_word' id='word_1_819' title='bbox 421 5242 504 5295; x_wconf 89' lang='lat' dir='ltr'><strong>etiarn</strong></span> <span class='ocrx_word' id='word_1_820' title='bbox 526 5241 646 5296; x_wconf 81' lang='lat' dir='ltr'><strong>violenta</strong></span> <span class='ocrx_word' id='word_1_821' title='bbox 673 5252 758 5298; x_wconf 86' lang='lat' dir='ltr'><strong>morte</strong></span> <span class='ocrx_word' id='word_1_822' title='bbox 782 5253 949 5315; x_wconf 60' lang='lat' dir='ltr'><strong>prereptum</strong></span> <span class='ocrx_word' id='word_1_823' title='bbox 970 5246 1013 5300; x_wconf 82' lang='lat' dir='ltr'><strong>vir</strong></span> <span class='ocrx_word' id='word_1_824' title='bbox 1051 5247 1188 5301; x_wconf 78' lang='lat' dir='ltr'><strong>ammosus</strong></span> <span class='ocrx_word' id='word_1_825' title='bbox 1208 5256 1237 5301; x_wconf 88' lang='lat' dir='ltr'><strong>et</strong></span> <span class='ocrx_word' id='word_1_826' title='bbox 1256 5247 1350 5302; x_wconf 88' lang='lat' dir='ltr'><strong>solers.</strong></span> <span class='ocrx_word' id='word_1_827' title='bbox 1403 5246 1431 5303; x_wconf 88' lang='lat' dir='ltr'><strong>S.</strong></span> <span class='ocrx_word' id='word_1_828' title='bbox 1455 5247 1642 5319; x_wconf 88' lang='lat' dir='ltr'><strong>Hieronymus</strong></span> <span class='ocrx_word' id='word_1_829' title='bbox 1666 5250 1842 5322; x_wconf 79' lang='lat' dir='ltr'><strong>plurimorum</strong></span> 
     </span>
     <span class='ocr_line' id='line_1_64' title="bbox 217 5319 1888 5400; baseline 0.008 -29"><span class='ocrx_word' id='word_1_830' title='bbox 217 5319 362 5374; x_wconf 88' lang='lat' dir='ltr'><strong>mediocris</strong></span> <span class='ocrx_word' id='word_1_831' title='bbox 375 5320 467 5384; x_wconf 87' lang='lat' dir='ltr'><strong>animi,</strong></span> <span class='ocrx_word' id='word_1_832' title='bbox 485 5337 534 5374; x_wconf 91' lang='lat' dir='ltr'><strong>nec</strong></span> <span class='ocrx_word' id='word_1_833' title='bbox 548 5327 691 5386; x_wconf 88' lang='lat' dir='ltr'><strong>strenuus;</strong></span> <span class='ocrx_word' id='word_1_834' title='bbox 707 5323 907 5379; x_wconf 89' lang='lat' dir='ltr'><strong>existimatione</strong></span> <span class='ocrx_word' id='word_1_835' title='bbox 919 5330 1012 5378; x_wconf 91' lang='lat' dir='ltr'><strong>tamen</strong></span> <span class='ocrx_word' id='word_1_836' title='bbox 1050 5341 1184 5381; x_wconf 89' lang='lat' dir='ltr'><strong>consensu</strong></span> <span class='ocrx_word' id='word_1_837' title='bbox 1203 5342 1303 5380; x_wconf 87' lang='lat' dir='ltr'><strong>annum</strong></span> <span class='ocrx_word' id='word_1_838' title='bbox 1316 5327 1692 5400; x_wconf 75' lang='lat' dir='ltr'><strong>nonagesimnmsuperari13</strong></span> <span class='ocrx_word' id='word_1_839' title='bbox 1712 5331 1756 5384; x_wconf 83' lang='lat' dir='ltr'><strong>vir</strong></span> <span class='ocrx_word' id='word_1_840' title='bbox 1773 5328 1843 5384; x_wconf 83' lang='lat' dir='ltr'><strong>cala·</strong></span> <span class='ocrx_word' id='word_1_841' title='bbox 1887 5358 1888 5391; x_wconf 68' lang='grc' dir='ltr'>ι</span> 
     </span>
     <span class='ocr_line' id='line_1_65' title="bbox 217 5396 1888 5477; baseline 0.007 -27"><span class='ocrx_word' id='word_1_842' title='bbox 217 5396 302 5467; x_wconf 87' lang='lat' dir='ltr'><strong>paulo</strong></span> <span class='ocrx_word' id='word_1_843' title='bbox 328 5399 489 5454; x_wconf 86' lang='lat' dir='ltr'><strong>eminentior</strong></span> <span class='ocrx_word' id='word_1_844' title='bbox 509 5406 537 5453; x_wconf 90' lang='lat' dir='ltr'><strong>et</strong></span> <span class='ocrx_word' id='word_1_845' title='bbox 560 5407 677 5465; x_wconf 84' lang='lat' dir='ltr'><strong>evectus,</strong></span> <span class='ocrx_word' id='word_1_846' title='bbox 700 5401 889 5469; x_wconf 84' lang='lat' dir='ltr'><strong>experimento</strong></span> <span class='ocrx_word' id='word_1_847' title='bbox 911 5404 1010 5458; x_wconf 84' lang='lat' dir='ltr'><strong>minor.</strong></span> <span class='ocrx_word' id='word_1_848' title='bbox 1049 5421 1095 5458; x_wconf 88' lang='lat' dir='ltr'><strong>mo</strong></span> <span class='ocrx_word' id='word_1_849' title='bbox 1109 5411 1212 5475; x_wconf 85' lang='lat' dir='ltr'><strong>potens,</strong></span> <span class='ocrx_word' id='word_1_850' title='bbox 1227 5413 1254 5459; x_wconf 90' lang='lat' dir='ltr'><strong>et</strong></span> <span class='ocrx_word' id='word_1_851' title='bbox 1272 5405 1359 5461; x_wconf 79' lang='lat' dir='ltr'><strong>virilis</strong></span> <span class='ocrx_word' id='word_1_852' title='bbox 1377 5405 1559 5477; x_wconf 63' lang='lat' dir='ltr'><strong>eloquentiae</strong></span> <span class='ocrx_word' id='word_1_853' title='bbox 1578 5409 1654 5463; x_wconf 81' lang='lat' dir='ltr'><strong>varie</strong></span> <span class='ocrx_word' id='word_1_854' title='bbox 1671 5409 1798 5472; x_wconf 84' lang='lat' dir='ltr'><strong>eruditas,</strong></span> <span class='ocrx_word' id='word_1_855' title='bbox 1816 5416 1843 5461; x_wconf 89' lang='lat' dir='ltr'><strong>et</strong></span> <span class='ocrx_word' id='word_1_856' title='bbox 1887 5404 1888 5451; x_wconf 67' lang='grc' dir='ltr'>ἶ</span> 
     </span>
     <span class='ocr_line' id='line_1_66' title="bbox 219 5473 1888 5560; baseline 0.007 -32"><span class='ocrx_word' id='word_1_857' title='bbox 219 5473 381 5531; x_wconf 78' lang='lat' dir='ltr'><strong>Anastasius</strong></span> <span class='ocrx_word' id='word_1_858' title='bbox 398 5479 560 5548; x_wconf 88' lang='lat' dir='ltr'><strong>cognomine</strong></span> <span class='ocrx_word' id='word_1_859' title='bbox 574 5478 690 5534; x_wconf 89' lang='lat' dir='ltr'><strong>Dicorns</strong></span> <span class='ocrx_word' id='word_1_860' title='bbox 704 5478 841 5550; x_wconf 87' lang='lat' dir='ltr'><strong>octoginta</strong></span> <span class='ocrx_word' id='word_1_861' title='bbox 855 5489 916 5535; x_wconf 92' lang='lat' dir='ltr'><strong>octo</strong></span> <span class='ocrx_word' id='word_1_862' title='bbox 927 5498 1012 5538; x_wconf 88' lang='lat' dir='ltr'><strong>annos</strong></span> <span class='ocrx_word' id='word_1_863' title='bbox 1050 5483 1160 5554; x_wconf 88' lang='lat' dir='ltr'><strong>linguis,</strong></span> <span class='ocrx_word' id='word_1_864' title='bbox 1181 5491 1209 5538; x_wconf 94' lang='lat' dir='ltr'><strong>et</strong></span> <span class='ocrx_word' id='word_1_865' title='bbox 1227 5484 1362 5553; x_wconf 83' lang='lat' dir='ltr'><strong>scientiis;</strong></span> <span class='ocrx_word' id='word_1_866' title='bbox 1383 5488 1570 5560; x_wconf 86' lang='lat' dir='ltr'><strong>peregrinator</strong></span> <span class='ocrx_word' id='word_1_867' title='bbox 1589 5489 1663 5555; x_wconf 84' lang='lat' dir='ltr'><strong>item,</strong></span> <span class='ocrx_word' id='word_1_868' title='bbox 1677 5496 1758 5559; x_wconf 89' lang='lat' dir='ltr'><strong>atque</strong></span> <span class='ocrx_word' id='word_1_869' title='bbox 1780 5487 1842 5541; x_wconf 84' lang='lat' dir='ltr'><strong>vitre</strong></span> <span class='ocrx_word' id='word_1_870' title='bbox 1887 5514 1888 5539; x_wconf 73' lang='grc' dir='ltr'>ι</span> 
     </span>
    </p>
   </div>
   <div class='ocr_carea' id='block_1_6' title="bbox 0 0 1904 5875">
    <p class='ocr_par' dir='ltr' id='par_1_7' title="bbox 0 0 1904 5875">
     <span class='ocr_line' id='line_1_67' title="bbox 0 0 1904 5875; baseline 0 1"><span class='ocrx_word' id='word_1_871' title='bbox 0 0 1904 5875; x_wconf 95' lang='lat' dir='ltr'><strong> </strong></span> 
     </span>
    </p>
   </div>
  </div>
 </body>
</html>
