3800 5875
762 272 969 330 PRAEFATIO.
1620 278 1678 335 285

35 424 267 497 peregrinationis
281 425 360 481 istius
373 427 444 492 vitre,
459 429 488 483 iu
502 446 558 500 qna
569 428 629 484 dies
642 445 743 500 paucos
758 439 786 486 et
799 432 887 486 malm
902 432 1029 497 terimus,
1050 432 1128 487 novis
1148 433 1205 488 suis
1224 432 1417 504 eleemosynis,
1432 423 1482 505 p'er
1501 452 1598 491 manus
1616 454 1678 494 uos

33 515 100 570 tras,
114 505 250 560 familiam
269 505 418 562 humanam
438 508 531 563 dotare
544 509 698 580 dignentur.
739 510 829 580 Atque
843 511 911 566 illud
931 513 1044 582 insuper
1064 512 1202 583 supplices
1224 529 1360 584 rogamus,
1380 531 1415 568 ne
1434 513 1555 570 humana
1577 516 1677 572 divinis

34 585 171 650 odiciant;
192 602 263 639 nere
277 602 315 640 ex
324 587 490 642 reseratione
504 589 610 643 viarum
624 605 726 653 sensus,
742 598 770 644 et
789 591 949 645 accensione
969 591 1072 659 majore
1085 590 1195 645 luminis
1209 592 1347 658 naturalis,
1360 593 1464 663 aliquid
1477 593 1675 650 incredulitatis

34 673 62 717 et
74 664 171 727 noefin
184 664 408 730 animisnostris,
423 684 489 738 erga
502 668 595 723 divina
606 669 735 736 mysteria
748 669 899 725 oboriatur:
920 669 968 724 sed
981 670 1079 740 potius,
1093 677 1123 724 ut
1136 671 1171 724 ab
1190 671 1329 726 intellectu
1349 689 1425 742 puro,
1440 689 1458 725 a
1476 673 1630 744 phantasiis
1648 682 1676 730 et

34 743 155 797 mairam
169 751 327 815 repurgato,
339 753 367 799 et
384 745 484 800 divinis
498 747 614 802 oraculis
627 747 805 803 nihilomiuus
820 749 927 803 subdito
940 757 969 802 et
981 765 1093 818 prorsus
1110 749 1241 816 dedititio,
1256 750 1318 804 fidei
1334 750 1436 816 dentur,
1452 770 1512 822 quae
1527 753 1589 806 fidei
1604 762 1674 808 sunt.

35 821 184 886 Postremo,
199 833 230 877 ut
243 823 367 878 scientiae
380 842 501 891 venemo,
516 843 534 880 a
547 835 672 897 serpente
686 826 784 893 inluso,
799 845 854 899 quo
874 828 982 882 animus
1002 827 1139 883 humanus
1153 836 1238 884 tumet
1250 837 1279 884 et
1291 830 1407 896 inflatur,
1422 831 1553 903 deposito,
1568 848 1619 886 nec
1634 833 1674 887 al·

36 909 90 956 tum
103 903 256 972 sapiamus,
270 919 322 957 nec
335 904 407 959 ultra
420 905 546 969 sobrium,
562 907 610 960 sed
623 905 765 961 veritatem
778 908 807 960 in
820 907 951 962 charitate
965 906 1094 963 colamus.

73 981 196 1035 Peractis
210 989 304 1037 sutem
317 984 395 1047 votis,
409 984 445 1039 ad
457 985 583 1040 homiues
596 987 727 1052 conversi,
738 987 863 1056 quadam
876 995 905 1041 et
918 986 1048 1041 salutum
1060 1004 1209 1052 monemus,
1222 994 1249 1041 et
1262 1004 1340 1059 sequa
1354 988 1531 1059 postulamus.
1572 989 1672 1043 Mone-

35 1077 91 1114 mus
102 1062 227 1131 primum
239 1061 329 1133 (qnod
342 1063 425 1118 etism
446 1065 549 1135 precati
562 1066 667 1133 sumus)
682 1074 713 1119 ut
726 1066 851 1121 homines
865 1082 975 1120 sensum
987 1066 1017 1121 in
1031 1066 1129 1138 officio,
1148 1067 1237 1137 quoad
1250 1067 1350 1131 divina,
1364 1069 1529 1122 contineant.
1571 1068 1672 1124 Sensus

33 1139 104 1195 enim
124 1140 229 1208 (instar
242 1140 324 1210 solis)
338 1141 412 1213 globi
426 1144 563 1199 terrestris
582 1144 681 1199 iaciem
699 1145 795 1215 aperit,
815 1144 934 1200 coelestis
954 1144 1062 1211 claudit,
1076 1154 1104 1200 et
1117 1146 1251 1217 obsignat
1293 1145 1404 1210 Rursus,
1419 1164 1463 1211 ne,
1478 1147 1591 1215 hujusce
1605 1148 1671 1204 mali

31 1219 102 1291 luga,
116 1220 146 1274 in
160 1222 332 1276 eontranum
345 1231 476 1292 peccent,
498 1223 570 1295 quod
580 1230 653 1278 certe
667 1226 722 1289 liet,
735 1224 760 1279 si
775 1231 880 1279 nature
898 1224 1102 1295 inquisitionem
1115 1224 1172 1279 ulls
1184 1243 1220 1280 ex
1230 1231 1314 1295 parte,
1329 1226 1411 1280 veluti
1426 1226 1578 1292 interdicto,
1593 1243 1671 1298 sepa-

29 1307 117 1354 ratam
128 1307 242 1370 putant
284 1300 384 1372 Neque
397 1303 471 1358 enirn
484 1319 553 1373 pura
566 1302 615 1357 illa
628 1309 657 1358 et
672 1303 848 1358 immaculata
860 1305 974 1358 seientia
993 1304 1131 1370 naturalis,
1145 1320 1195 1375 per
1215 1320 1297 1376 quam
1317 1304 1405 1359 Adam
1424 1305 1535 1359 nomina
1554 1323 1590 1360 ex
1610 1323 1671 1376 pro·

27 1379 145 1448 prietate
158 1379 247 1435 rebus
261 1380 399 1451 imposuit,
410 1381 577 1453 principium
590 1388 638 1437 aut
651 1383 821 1438 occasionem
830 1381 921 1454 lapsui
934 1383 1024 1437 dedit:
1045 1383 1094 1438 sed
1107 1384 1252 1438 ambitiosa
1265 1384 1314 1438 ills
1327 1391 1355 1438 et
1368 1385 1532 1455 imperativa
1546 1385 1669 1440 scientia

27 1458 148 1525 mmlia
162 1459 199 1514 de
215 1459 290 1514 bono
304 1461 418 1516 stmulo
431 1461 613 1530 dijudicantis,
626 1464 770 1533 cupiditas,
784 1463 819 1516 ad
832 1462 885 1516 hoe
898 1471 929 1517 ut
938 1462 1022 1517 homo
1033 1479 1051 1516 a
1063 1462 1124 1517 Deo
1137 1462 1270 1528 deficeret,
1282 1471 1310 1516 et
1318 1463 1371 1517 sibi
1384 1463 1437 1534 ipsi
1448 1463 1524 1534 leges
1538 1465 1621 1529 daret,
1635 1481 1670 1519 es

26 1538 138 1593 demum
159 1539 237 1594 ratio
255 1546 338 1609 atque
352 1541 448 1596 modus
462 1542 618 1596 tentationis
637 1543 697 1597 init
736 1541 780 1596 De
794 1541 917 1596 scientiis
930 1551 1030 1607 antem,
1044 1559 1106 1613 quas
1118 1549 1242 1598 naturam
1262 1542 1485 1613 contemplantur,
1499 1552 1607 1597 sanctus
1620 1541 1668 1598 ille

26 1617 215 1689 philosophus
229 1620 396 1688 pronuntiat,
412 1626 429 1652 “
442 1619 557 1693 gloriam
570 1620 624 1677 Dei
635 1637 696 1677 esse
710 1620 800 1676 celare
820 1638 893 1685 remr
914 1617 1031 1692 gloriam
1045 1621 1119 1692 regis
1137 1629 1229 1675 autem
1249 1638 1306 1677 rem
1325 1622 1447 1676 invenire
1456 1624 1486 1677 2''
1508 1639 1562 1678 nou
1580 1623 1667 1689 aliter,

26 1714 56 1751 se
69 1697 94 1751 si
108 1698 210 1751 divina
223 1707 329 1764 natura,
344 1699 482 1755 innocenti
501 1708 530 1755 et
543 1701 675 1756 benevolo
693 1717 836 1771 puerorum
850 1700 915 1755 ludo
927 1700 1112 1764 delectaretur,
1127 1701 1174 1771 qni
1188 1702 1249 1756 ideo
1263 1717 1293 1755 se
1306 1701 1474 1756 abscondunt
1487 1710 1517 1756 ut
1528 1702 1668 1756 invenisn-

26 1787 81 1841 mn
103 1786 192 1848 atque
203 1778 330 1833 animam
342 1778 491 1834 humanam
504 1780 555 1834 sibi
567 1776 728 1836 collusorem
738 1781 768 1834 in
781 1780 834 1835 hoc
844 1779 915 1845 ludo,
929 1796 980 1850 pro
993 1796 1042 1835 sua
1051 1779 1080 1833 in
1094 1779 1220 1835 homines
1233 1779 1403 1851 indulgentia
1414 1782 1577 1846 ethonitate,
1587 1797 1667 1851 coop-

26 1859 129 1912 taverit.
173 1856 323 1912 Postremo
335 1874 429 1913 omnes
448 1859 478 1913 in
491 1861 647 1914 universum
660 1860 779 1915 monitos
799 1859 930 1924 volumus,
945 1867 976 1914 ut
995 1859 1115 1914 scientia
1128 1876 1206 1914 veros
1223 1859 1291 1914 fines
1307 1860 1445 1930 cogitent;
1466 1876 1516 1913 nec
1536 1877 1598 1915 eam
1619 1868 1667 1914 sut

26 1937 108 1991 animi
121 1952 212 2014 musa
226 1943 329 2007 petant,
343 1938 437 2002 autad
449 1940 657 2005 summationem,
671 1947 717 1994 aut
732 1947 761 1993 ut
773 1937 841 1994 alios
855 1939 1015 2009 despiciant,
1031 1937 1125 1993 autad
1142 1938 1319 2002 commodum,
1334 1946 1382 1993 aut
1395 1939 1430 1992 sd
1449 1938 1557 2004 samam,
1571 1947 1617 1994 aut
1632 1939 1667 1994 ad

27 2016 187 2085 mintium,
203 2023 255 2071 aut
270 2016 424 2086 hujusmodi
437 2018 575 2084 inferiora,
586 2019 634 2073 sed
645 2017 679 2072 ad
693 2020 826 2080 meritum,
841 2025 869 2072 et
881 2034 947 2073 usus
961 2018 1033 2083 sita,
1047 2034 1162 2088 eamque
1175 2019 1205 2073 iu
1218 2017 1352 2073 charitate
1366 2018 1513 2089 perficiant,
1522 2026 1550 2072 et
1561 2027 1666 2090 regant.

27 2095 68 2149 Rs
79 2097 214 2167 appetitu
227 2096 304 2150 enim
317 2097 453 2167 ροιειιιίιι,
468 2098 559 2170 angeli
572 2099 643 2169 lapsi
657 2105 736 2162 suutr
757 2115 793 2152 ex
802 2098 924 2169 appetitu
938 2098 1066 2161 scientia,
1078 2098 1216 2153 homiues:
1237 2098 1286 2153 sed
1299 2097 1439 2152 charitatis
1452 2113 1507 2152 nou
1521 2106 1562 2153 est
1575 2114 1667 2153 exces-

28 2191 85 2238 sns;
106 2191 205 2246 neque
220 2174 344 2247 angelus,
359 2177 509 2243 anthemo,
524 2195 573 2248 per
586 2195 647 2233 eam
661 2194 781 2248 unquam
794 2178 823 2232 in
836 2176 986 2247 periculum
999 2177 1083 2231 venit.

63 2254 211 2309 Pcstnlata
225 2262 318 2310 autem
331 2263 431 2322 nomrs,
446 2273 507 2329 qun·
518 2257 665 2321 afferimus,
679 2258 745 2311 talia
758 2265 830 2311 sunt
870 2257 913 2311 De
926 2257 1007 2311 nobis
1026 2255 1095 2326 ipsis
1114 2255 1245 2310 silemus:
1265 2255 1299 2311 de
1319 2272 1349 2310 re
1370 2263 1546 2326 auremque
1566 2254 1666 2326 agitur,

27 2335 157 2402 petinam
180 2341 216 2389 nt
228 2332 357 2389 homines
370 2353 432 2390 eam
445 2353 500 2391 non
520 2337 686 2409 opinionem,
701 2337 749 2391 sed
770 2352 839 2407 opus
859 2352 920 2391 esse
933 2337 1068 2407 cogitent;
1089 2352 1121 2390 ac
1141 2352 1191 2406 pro
1211 2343 1286 2390 certo
1305 2335 1432 2400 habeant,
1446 2352 1501 2389 ιιοιι
1521 2341 1603 2390 sectae
1614 2350 1665 2391 uos

27 2411 147 2483 slirnjna
163 2421 218 2468 aut
230 2413 336 2484 placiti,
349 2416 398 2470 sed
414 2416 543 2471 utilitatis
556 2423 584 2472 et
598 2416 784 2488 amplitudinis
798 2415 926 2471 humana
944 2415 1120 2470 fundamenta
1133 2414 1234 2469 moliri.
1275 2414 1389 2481 Deinde,
1403 2422 1434 2469 ut
1446 2414 1502 2470 suis
1515 2414 1666 2470 commodis

27 2494 100 2563 eqni,
115 2493 215 2548 exutis
231 2493 393 2563 opinionum
406 2495 472 2550 selis
485 2504 514 2550 et
525 2497 700 2567 prejudiciis,
714 2497 898 2550 incommune
913 2494 1062 2559 consuant,
1076 2511 1108 2548 ac
1129 2493 1165 2547 sb
1186 2494 1321 2549 erroribus
1340 2495 1444 2549 viarum
1457 2501 1538 2565 atque
1552 2493 1666 2564 impedi·

28 2574 131 2638 nentis,
144 2572 258 2628 nostris
276 2574 410 2644 presidiis
428 2582 456 2629 st
475 2575 592 2640 auxiliis,
607 2576 716 2630 liberati
736 2583 764 2630 et
783 2575 889 2638 muniti,
903 2573 1037 2638 laborum,
1052 2575 1099 2645 qui
1119 2579 1229 2637 restant,
1244 2583 1271 2628 et
1290 2573 1345 2643 ipsi
1365 2574 1394 2627 in
1416 2581 1522 2642 partem
1544 2573 1664 2627 veniant.

26 2650 167 2718 Prnterea
182 2658 219 2706 nt
231 2651 304 2707 bene
318 2661 435 2723 sperent,
448 2671 538 2726 neque
552 2661 568 2688 ⁴⁶
585 2655 833 2710 Instauratiouem”
851 2661 981 2717 nostram,
997 2661 1027 2707 ut
1042 2653 1168 2724 quiddam
1188 2653 1332 2716 infinitum,
1347 2659 1375 2707 et
1393 2651 1464 2706 ultra
1480 2652 1601 2716 mortale,
1615 2653 1666 2705 tin·

26 2739 94 2800 gant,
108 2739 138 2786 et
150 2731 255 2786 animo
270 2733 438 2804 concipiant,
461 2752 545 2805 quum
559 2752 655 2790 revera
667 2736 704 2789 sit
715 2734 814 2789 infiniti
828 2734 927 2788 erroris
940 2733 1013 2797 finis,
1027 2740 1054 2786 et
1067 2733 1198 2787 terminus
1212 2730 1367 2802 legitimus;
1388 2730 1559 2786 mortalitatis
1573 2737 1665 2786 autem

26 2821 50 2862 rt
59 2810 249 2866 humanitatis
262 2828 318 2865 nou
330 2813 367 2866 sit
379 2813 530 2878 immemor,
541 2832 624 2885 quum
636 2832 695 2870 rem
708 2830 763 2868 non
775 2814 846 2868 intra
858 2814 938 2867 unius
949 2812 1036 2866 atatis
1044 2812 1207 2866 curriculum
1217 2811 1327 2865 omnino
1336 2810 1430 2881 perfici
1445 2826 1524 2880 posse
1538 2810 1663 2878 confidat,

25 2890 255 2947 nummosi
269 2890 401 2959 destinata
421 2894 537 2966 denique
551 2894 686 2959 scientias,
696 2910 749 2949 nou
764 2911 813 2965 per
826 2893 1008 2964 arrogantiam
1020 2892 1050 2947 in
1063 2891 1175 2948 humaui
1186 2891 1290 2963 ingenii
1304 2889 1416 2954 cellulis,
1425 2890 1474 2945 sed
1487 2889 1620 2944 submisse
1632 2889 1663 2944 in

23 2972 121 3027 mundo
132 2973 247 3041 majore
269 2980 380 3042 quaerat.
419 2974 588 3039 Vastarero,
603 2975 800 3046 utplurimum,
815 2974 903 3028 solent
923 2989 991 3036 esse,
1006 2989 1067 3042 qun
1086 2972 1193 3027 mania:
1215 2970 1301 3025 solida
1321 2970 1517 3025 contrahuntur
1535 2968 1663 3033 maxime,

23 3060 48 3102 et
65 3051 95 3106 in
114 3067 211 3122 parvo
232 3050 289 3106 sita
308 3059 377 3106 snut
416 3052 560 3108 Postremo
573 3055 654 3109 etiam
668 3054 813 3125 petendum
827 3054 932 3108 videtur
945 3053 995 3123 (ne
1008 3052 1076 3106 sorte
1091 3052 1151 3121 quis
1165 3051 1205 3105 rei
1218 3051 1305 3121 ipsius
1318 3049 1440 3122 periculo
1452 3049 1532 3103 nobis
1552 3047 1664 3118 iniquus

23 3146 76 3184 erse
89 3131 175 3199 velit)
194 3137 229 3185 ιιι
242 3131 355 3186 videant
366 3131 498 3195 homines,
512 3143 646 3204 quatenus
660 3152 697 3189 cx
709 3150 749 3197 eo,
762 3134 835 3205 quod
847 3132 927 3186 nobis
940 3148 1061 3186 asserere
1074 3131 1231 3185 accessesit
1246 3131 1282 3198 (si
1293 3129 1373 3185 modo
1385 3129 1465 3183 nobis
1474 3128 1528 3199 ipsi
1538 3136 1662 3182 constare

22 3210 149 3278 relisum)
174 3210 215 3264 de
237 3208 285 3265 his
304 3212 402 3266 nostris
425 3213 561 3283 opinandi,
576 3221 623 3268 sut
641 3214 803 3268 sententiam
824 3211 936 3275 ferendi,
951 3211 1004 3265 sibi
1022 3212 1068 3279 jus
1087 3210 1250 3282 permissum
1265 3217 1372 3279 putent:
1394 3225 1478 3278 quum
1491 3224 1541 3262 nos
1553 3223 1663 3261 omnem

24 3288 98 3344 inm
111 3291 259 3344 ratium
274 3289 420 3345 humanam
434 3301 635 3363 prematuram,
649 3294 849 3363 audcipantem,
859 3298 886 3344 et
899 3308 916 3344 a
930 3290 1011 3344 rebus
1021 3298 1130 3355 temere,
1139 3297 1167 3344 et
1175 3290 1255 3343 citius
1267 3306 1349 3360 quam
1362 3287 1487 3358 oportuit,
1498 3287 1662 3341 abstractam

26 3370 171 3439 (autenm
187 3369 228 3422 ad
241 3369 446 3439 inquisitionem
458 3369 577 3442 natura)
592 3382 622 3427 ut
635 3390 693 3427 rem
713 3373 825 3436 variam,
838 3378 865 3424 et
878 3370 1070 3440 perturbatam,
1086 3376 1112 3423 et
1125 3368 1197 3424 male
1211 3376 1372 3433 extructam,
1384 3367 1557 3437 rejiciamuss
1573 3381 1662 3437 neque

26 3448 221 3516 mlnrdnm
235 3454 286 3514 est,
301 3455 332 3504 ut
345 3450 403 3520 ejus
413 3451 517 3520 judicio
530 3460 623 3518 stetur,
639 3469 699 3524 qum
712 3452 774 3523 ipsa
786 3451 816 3505 in
826 3450 961 3520 judicium
974 3457 1092 3504 vocatur.

413 3916 938 4049 DBISTRIBUTIO
978 3915 1271 3998 OPERIS.

490 4294 581 4350 EJUS
604 4288 930 4371 CONSTIWUNTUR
953 4289 1099 4349 PARTES
1121 4293 1203 4349 SEX.

23 4438 120 4493 MA,
180 4436 382 4483 Primores
394 4436 598 4481 semirasura
866 4435 997 4485 QUARTA,
1026 4435 1121 4479 SCALA
1133 4435 1341 4481 mansuerus,

22 4520 169 4571 meme.
181 4517 539 4567 N⁰VU¹0RGANUM081VE
552 4496 836 4561 1⁸⁰¹011³⁰⁸¹NT⁸⁸5
864 4544 988 4596 omnus,
1025 4543 1184 4594 rnonaorn
1208 4544 1273 4588 srva
1291 4544 1536 4591 annonanouss
1561 4546 1659 4592 suun

223 4582 412 4626 primatiores
424 4582 562 4626 NATURAE.
1058 4609 1173 4653 soplfla:
1185 4609 1335 4655 SECUNDAE„

21 4660 137 4713 ΤΙΠΙΔ,
185 4660 385 4705 amouens
414 4658 559 4710 ualvaasI,
590 4658 654 4702 srva
685 4657 824 4702 ffls'roara

226 4724 395 4767 ramanus
425 4724 462 4766 ΕΤ
499 4721 754 4765 mariamnis
784 4722 826 4766 AD
864 4724 964 4775 SEXTA,
1026 4722 1224 4766 rfflnosorffla
1253 4722 1396 4774 SECUNDA,
1426 4723 1491 4768 SIVE
1523 4723 1658 4768 sermm

224 4787 411 4831 manerium
426 4786 654 4831 curiosorfflast
1060 4788 1174 4832 acnvs

585 4926 842 4983 SINGULARUM
863 4927 1116 4984 ARGUMENTA.

59 5050 140 5106 Pras
157 5058 253 5104 autem
267 5050 380 5105 instituti
393 5050 478 5105 noshi
489 5056 538 5114 est,
548 5051 683 5115 utomnia,
697 5057 827 5129 quantum
906 5052 1002 5107 Prima
1022 5068 1086 5122 pars
1100 5050 1212 5107 exhibet
1228 5050 1351 5106 scientim
1365 5051 1424 5120 ejus
1445 5049 1502 5105 sive
1521 5046 1657 5110 doemnae,

23 5129 80 5185 teri
101 5137 209 5203 potest,
224 5139 316 5200 aperte
331 5131 515 5201 etperspicue
534 5137 727 5200 proponantur.
768 5131 827 5185 Nu·
866 5130 895 5185 in
909 5133 986 5200 cnjus
1001 5133 1174 5200 possessione
1189 5131 1340 5185 humanum
1353 5145 1439 5202 genus
1455 5128 1659 5183 hactenusver·

23 5212 93 5266 ditas
117 5210 201 5265 enirn
221 5209 314 5272 animi,
330 5218 359 5264 ut
381 5209 447 5264 olim
466 5210 595 5280 corporis,
616 5209 779 5263 innocentiae
798 5218 827 5263 et
866 5219 949 5274 satur,
974 5226 1117 5276 summam,
1146 5211 1203 5265 sive
1230 5210 1439 5281 descriptionem
1468 5204 1658 5260 universalem.

23 5288 218 5362 simplicitatis
230 5305 322 5343 comes
342 5296 392 5343 est.
433 5289 530 5343 Pateat
550 5289 642 5359 itaque
657 5289 747 5359 primo
761 5288 826 5343 ordo
867 5287 965 5344 Visum
979 5289 1051 5343 enim
1067 5291 1204 5355 estnobis,
1216 5290 1298 5344 edam
1308 5289 1381 5343 iniis
1396 5304 1456 5358 quae
1466 5290 1574 5354 recepta
1588 5291 1659 5349 sunt,

23 5370 125 5438 operis,
141 5377 228 5437 atque
243 5368 312 5421 ratio
325 5367 391 5436 ejus.
432 5366 529 5423 Partes
540 5368 656 5437 operiss
668 5368 749 5422 nobis
763 5384 825 5422 con·
865 5367 1025 5424 nonnullam
1047 5369 1137 5423 iacere
1158 5386 1280 5424 moram:
1302 5367 1477 5422 ranimirum
1493 5363 1615 5428 consssio,
1629 5372 1661 5419 ιιι

24 5448 181 5502 sumuntur
195 5463 253 5501 sen
866 5446 975 5503 facilius
989 5455 1016 5501 et
1027 5449 1164 5504 veteribus
1183 5447 1325 5519 perfectio,
1338 5453 1367 5501 et
1379 5445 1457 5500 noris
1471 5442 1561 5498 aditus
1574 5442 1659 5499 demr.
