3800 5875
238 308 295 364 set
860 300 999 355 NOVUM
1021 299 1222 356 ORGANUM.
1736 299 1803 357 Lis.
1818 297 1854 356 ll.

234 465 347 519 Auxilia
361 471 451 519 autern
472 461 591 533 triplicia
604 477 664 516 esse
681 475 762 530 posse
781 458 920 513 videntur:
941 458 986 514 rel
1000 465 1028 514 nt
1103 459 1191 513 Tertii
1211 462 1320 529 generis
1331 466 1394 515 sunt
1414 457 1514 513 bacilla
1531 458 1580 513 ills
1592 457 1628 512 sd
1648 467 1739 513 terrns
1753 475 1859 514 menm-

234 545 366 615 percipiat
379 561 433 598 non
446 544 520 606 risa3
541 541 585 596 vel
598 547 627 594 ot
647 540 749 608 majore
763 538 919 603 intervallo,
942 538 985 592 vel
997 547 1028 592 ut
1064 539 1170 603 randas,
1184 539 1338 603 astrolabia,
1359 548 1387 594 et
1406 539 1522 602 similia;
1544 556 1606 610 quie
1625 555 1740 592 sensnm
1754 539 1859 592 ridendi

235 626 358 680 exactius
372 631 399 675 et
411 622 571 677 distinctius.
1064 634 1118 671 non
1141 617 1281 688 ampliant,
1301 619 1350 673 sed
1368 619 1519 673 rectificant
1531 627 1559 671 et
1571 618 1703 688 dirigunt
1747 617 1858 679 Quodsi

273 703 358 757 Primi
368 703 476 773 generis
487 708 548 754 suut
558 699 661 767 (missis
671 698 817 760 bisoculis,
828 705 854 751 et
863 696 1026 765 hujusmodi,
1064 697 1119 751 sint
1135 696 1197 751 alise
1218 698 1361 762 instantiae,
1380 716 1441 769 qnae
1462 696 1581 768 reliquos
1605 711 1704 751 seusus
1720 697 1816 764 invent
1831 698 1857 751 in

234 801 295 854 qum
309 782 399 835 nalem
413 788 517 835 tantum
534 779 568 833 ad
582 776 770 849 corrigendam
784 784 811 830 et
828 776 971 830 levandam
985 777 1026 830 in·
1064 776 1185 846 ipsorum
1200 777 1351 832 actionibus
1363 776 1528 830 immediatis
1541 785 1569 829 et
1582 776 1749 838 individuis3
1771 783 1857 830 tanim

233 862 388 915 firmitatem
401 861 475 915 risus
488 875 542 913 non
557 859 625 911 bene
640 857 771 928 dispositi,
785 863 866 926 atque
880 856 942 908 ideo
955 855 1026 909 nihil
1064 855 1088 908 si
1103 856 1233 923 ejusmodi
1250 857 1314 920 sint,
1329 874 1389 927 quar
1402 855 1585 910 informationi
1603 855 1658 924 ipsi
1673 854 1747 908 nihil
1764 855 1858 910 addant

233 941 351 1010 amplius
364 939 522 1008 informant)
536 952 577 1002 es,
591 954 651 1007 quae
664 953 752 1006 nuper
765 936 876 989 inventa
892 941 955 989 sunt
967 951 1026 1004 per·
1064 933 1125 1003 plus
1140 952 1222 1006 quam
1233 935 1291 1002 jam
1302 935 1468 1000 habemani
1478 935 1514 1000 id,
1526 934 1597 1005 quod
1611 951 1687 987 none
1697 936 1797 1006 agitur,
1806 953 1856 989 non

233 1019 356 1090 spicilla;
378 1036 438 1089 quse
451 1018 566 1072 latentes
579 1023 608 1070 et
621 1014 771 1070 invisibiles
785 1031 927 1084 corporum
940 1015 1026 1067 minn-
1064 1013 1178 1070 iaciunt:
1199 1015 1291 1085 itaque
1298 1031 1392 1070 earum
1405 1015 1570 1069 mentionem
1583 1029 1640 1067 non
1654 1013 1782 1068 fecimus.

234 1100 293 1162 tias,
303 1108 330 1152 et
340 1097 458 1152 occultos
472 1096 685 1158 schematismos,
694 1103 722 1148 et
736 1101 824 1148 motus
839 1098 931 1162 (sucta
942 1092 1026 1164 insig-

232 1180 304 1232 niter
316 1178 465 1247 specierum
479 1174 677 1246 magnitudine)
692 1174 889 1236 demonstrant3
910 1187 1024 1243 quorum

232 1257 268 1320 vi,
289 1258 318 1310 in
336 1255 433 1325 pulice,
451 1272 553 1318 musca,
577 1252 739 1316 vermiculis,
761 1260 887 1306 accurata
904 1252 1026 1321 corporis
1104 1247 1180 1303 luter
1189 1251 1389 1321 prerogativae
1397 1248 1587 1304 instantiarum
1595 1265 1733 1320 ponemus
1747 1251 1855 1305 loeode·

232 1336 318 1406 figura
331 1343 360 1388 et
372 1336 545 1398 lineamenta,
558 1349 663 1387 necnon
677 1331 781 1386 colores
795 1340 822 1386 et
842 1337 931 1385 motus
947 1331 1025 1400 prius
1063 1325 1135 1381 simo
1149 1328 1266 1398 septimo
1279 1330 1426 1384 instantiae
1440 1329 1576 1396 citantes,⁴
1599 1337 1715 1399 sumpto
1729 1330 1854 1384 vocabulo

232 1432 286 1468 non
313 1413 460 1483 conspicui,
489 1430 543 1468 non
574 1412 634 1465 sine
662 1411 840 1465 admiratione
871 1418 1024 1464 cernuntur.
1064 1406 1166 1461 aforis
1179 1407 1312 1474 civilibus,
1327 1408 1392 1479 quia
1409 1408 1494 1463 citant
1507 1416 1785 1478 eautcompnresnt,
1799 1428 1853 1480 qun

232 1493 385 1554 Quinetiam
400 1493 477 1546 aiunt
488 1491 590 1546 lineam
604 1498 706 1545 rectam
720 1489 825 1543 calamo
838 1490 881 1543 vel
895 1488 1025 1559 penicillo
1063 1484 1138 1554 prius
1153 1503 1206 1540 non
1219 1495 1438 1558 comparueruntr
1460 1504 1527 1558 quas
1540 1488 1624 1542 etiam
1638 1488 1791 1544 instantius
1803 1507 1853 1543 ere

232 1573 404 1643 descriptam,
415 1589 465 1642 per
474 1570 631 1640 hujusmodi
640 1568 795 1640 perspicilla
807 1568 970 1639 inaequalem
980 1565 1026 1622 sd·
1063 1573 1155 1618 canter
1174 1565 1313 1635 appellare
1331 1567 1528 1622 consuevimus.
1566 1565 1617 1622 Eas
1635 1566 1777 1623 deducunt
1795 1585 1852 1623 nors

190 1655 194 1662 '
232 1652 342 1707 modum
362 1663 389 1705 et
402 1658 549 1705 tortuosam
562 1650 652 1704 cerni:
674 1648 856 1720 quisseilicet
870 1665 921 1701 nec
935 1656 1025 1703 motus
1063 1643 1191 1698 sensibile
1205 1644 1240 1698 sd
1254 1646 1392 1701 sensibile.

231 1747 328 1784 manus
337 1730 400 1784 licet
415 1747 463 1800 per
476 1728 598 1800 regulam
611 1728 718 1797 adjuta,
733 1745 782 1782 nec
796 1727 940 1797 impressio
953 1734 1025 1781 atra·
1104 1722 1218 1778 Sensum
1232 1732 1323 1779 autem
1337 1723 1444 1797 tugiunt
1455 1742 1507 1789 res,
1520 1723 1565 1779 vel
1578 1732 1693 1795 propter
1703 1725 1850 1780 distendam

232 1810 317 1864 menti
329 1817 377 1863 arrt
386 1809 492 1872 coloris,
503 1825 597 1862 revera
611 1807 727 1879 equalis
740 1807 875 1869 existant3
890 1805 956 1860 licet
970 1805 1025 1861 illae
1063 1801 1162 1869 objecti
1176 1802 1270 1868 locati;
1291 1803 1335 1859 rel
1345 1813 1455 1876 propter
1464 1805 1691 1874 interceptionem
1704 1822 1802 1860 sensus
1808 1823 1851 1876 per

231 1888 430 1960 inaequalitates
450 1894 506 1942 tam
525 1888 638 1941 minutae
657 1886 720 1950 sint,
740 1895 771 1940 ut
791 1886 850 1940 sine
868 1886 1025 1954 adjumento
1063 1898 1176 1952 corpora
1189 1882 1291 1947 media3
1312 1884 1431 1955 relqnie
1443 1884 1579 1952 objectum
1592 1900 1647 1938 non
1662 1895 1706 1939 est
1719 1884 1849 1940 habileed

232 1967 388 2035 hujusmodi
399 1965 616 2037 perspicillonrm
627 1966 748 2036 conspici
756 1974 899 2035 nequeant.
933 1965 1025 2019 Etiam
1062 1960 1268 2031 impressionem
1282 1963 1310 2017 in
1331 1980 1412 2018 sensu
1432 1962 1600 2027 iaciendsmr
1620 1964 1666 2018 vel
1681 1965 1749 2036 qnia
1767 1964 1850 2018 delicit

231 2046 447 2117 superstitiosam
459 2046 593 2116 quandam
602 2044 816 2099 observationem
830 2044 860 2097 in
872 2039 924 2097 hac
938 2061 968 2098 re
982 2048 1026 2113 (ut
1063 2050 1194 2110 quantum
1216 2043 1245 2096 in
1264 2043 1370 2110 objecto
1393 2060 1443 2113 pro
1470 2043 1590 2097 feriendo
1608 2059 1708 2107 sensu3
1729 2042 1774 2098 vel
1793 2045 1850 2115 quis

231 2126 262 2178 iit
275 2126 303 2179 in
318 2125 398 2179 rebus
411 2126 489 2179 noris
499 2133 526 2178 et
541 2125 629 2188 miris)
640 2121 800 2182 addiderunt
810 2122 953 2178 homines:
974 2123 1024 2179 vis.
1063 2127 1169 2190 tempus
1190 2130 1299 2176 nonest
1321 2121 1549 2192 proportionatum
1564 2122 1599 2176 ad
1612 2123 1777 2178 actuandnm
1797 2140 1850 2178 seu

232 2205 304 2274 quod
319 2203 473 2272 hujusmodi
495 2202 650 2274 perspicilla
669 2220 753 2273 opera
765 2208 867 2257 natura
882 2201 1024 2269 illustrent,
1063 2215 1136 2264 sum3
1151 2198 1195 2253 vel
1206 2201 1268 2271 quia
1278 2201 1378 2269 objecti
1387 2202 1526 2272 percussio
1535 2218 1589 2256 non
1599 2201 1849 2265 toleraturasensur

231 2284 297 2336 artis
310 2282 498 2338 dehonestent.
541 2282 612 2337 lllud
626 2298 690 2336 vero
701 2281 771 2336 nihil
785 2281 859 2335 aliud
874 2289 923 2347 est,
942 2299 1025 2353 quam
1062 2278 1106 2333 vel
1120 2279 1184 2350 quia
1198 2280 1333 2347 objectum
1346 2288 1410 2336 ante
1423 2280 1547 2352 implevit
1561 2290 1589 2334 et
1601 2281 1725 2351 possedit
1740 2299 1850 2346 smsum

232 2362 304 2433 quod
317 2368 431 2416 textura
445 2360 580 2417 naturales
593 2361 678 2416 multo
698 2361 853 2416 subtiliores
874 2362 928 2415 sint
942 2378 1024 2432 quam
1062 2365 1175 2412 utnoro
1188 2361 1273 2414 motui
1292 2376 1347 2415 non
1360 2361 1396 2415 sit
1409 2359 1493 2415 locus
1533 2359 1624 2432 Atque
1644 2360 1705 2416 haec
1719 2362 1850 2432 praecipue

232 2442 394 2495 artificiosae.
435 2440 622 2512 Perspicillnm
637 2442 709 2495 enirn
723 2440 790 2494 illud
803 2441 838 2494 ad
852 2441 956 2496 minuta
969 2449 1025 2495 tan·
1063 2438 1098 2491 ad
1111 2438 1198 2493 rhum
1217 2439 1360 2508 pertinent,
1374 2447 1401 2494 et
1413 2438 1510 2494 deinde
1523 2440 1558 2493 sd
1579 2447 1690 2495 tactum.
1730 2441 1804 2496 Nem
1821 2441 1850 2495 hi

232 2528 287 2574 tum
307 2519 397 2574 valet:
420 2519 500 2591 quale
521 2520 705 2591 perspicillum
718 2521 742 2574 si
757 2521 868 2574 vidisset
881 2521 1024 2576 Democri·
1062 2517 1116 2571 duo
1126 2533 1220 2572 sensus
1230 2519 1506 2573 suntiniormativisd
1518 2518 1635 2590 largum,
1646 2527 1728 2591 atque
1738 2519 1771 2574 de
1780 2537 1851 2574 com·

231 2609 283 2662 tus,
303 2598 459 2654 exsiluisset
486 2599 562 2665 iorte,
585 2608 613 2654 et
640 2600 748 2654 modum
771 2599 880 2653 videndi
903 2608 1024 2654 atomum
1063 2596 1189 2652 munibus
1211 2596 1340 2665 obiectisr
1367 2598 1414 2653 ubi
1436 2597 1534 2669 reliqui
1556 2607 1612 2652 tres
1633 2615 1689 2652 non
1710 2599 1851 2654 informent

231 2676 329 2748 (quem
343 2677 390 2733 ille
405 2677 572 2733 invisibilem
585 2680 697 2734 omnino
711 2677 869 2751 affirmavit)
885 2679 1024 2733 inventum
1062 2676 1127 2741 iere,
1141 2676 1195 2730 nisi
1209 2676 1363 2731 immediate
1377 2686 1405 2732 et
1417 2678 1451 2731 de
1466 2678 1584 2748 propriis
1597 2677 1723 2746 objectis.

231 2756 315 2812 fuisse
340 2765 469 2828 putasset.
510 2758 612 2813 Verum
635 2758 846 2829 incompetentia
870 2758 1023 2826 huiusmodi
1103 2754 1135 2808 ln
1148 2756 1236 2826 primo
1250 2773 1348 2827 genere
1361 2773 1416 2811 non
1427 2758 1457 2811 fit
1470 2755 1595 2811 deductio
1609 2758 1645 2811 ad
1656 2756 1849 2820 sensibile-,uisi

231 2836 455 2907 perspicillorum,
465 2844 646 2909 preterquam
655 2838 824 2892 adminutias
838 2846 950 2901 tantum,
964 2841 1024 2906 (ne·
1062 2834 1108 2896 rei,
1124 2851 1184 2905 qum
1203 2835 1277 2889 cerni
1291 2852 1345 2890 non
1358 2835 1445 2907 possit
1457 2843 1568 2906 propter
1581 2835 1748 2901 distantiam,
1762 2836 1849 2904 adjici·

231 2933 284 2986 que
298 2916 333 2970 ad
346 2916 421 2988 ipsas
435 2934 551 2989 qnoque,
566 2919 590 2973 si
603 2918 704 2973 tuerint
716 2918 746 2973 in
760 2934 873 2988 corpore
887 2917 1024 2987 majnsou·
1062 2923 1122 2968 atur
1135 2921 1182 2970 aut
1201 2914 1377 2970 substituatur
1395 2914 1517 2983 uliares,
1532 2933 1593 2988 qna
1612 2932 1724 2972 sensum
1738 2917 1849 2988 msgise

231 2992 281 3066 lo,)
295 3013 373 3051 usum
396 2995 436 3050 rei
456 2997 576 3052 destruit.
618 2997 648 3052 Si
662 2998 733 3051 enim
755 2999 896 3052 inventum
914 2998 1025 3052 extendi
1062 2992 1210 3066 longinquo
1229 3010 1376 3066 provocare
1391 3003 1418 3050 et
1431 2995 1512 3050 ferire
1530 2996 1633 3066 possit;
1654 2995 1740 3051 veluti
1758 2997 1850 3068 iusig-

231 3083 323 3144 posset
344 3084 372 3131 at
392 3092 505 3146 corpora
525 3077 637 3144 majora,
654 3085 702 3131 aut
724 3093 866 3146 corporum
891 3077 1024 3144 majorum
1062 3072 1214 3129 niticatione
1228 3090 1318 3129 rernm
1331 3091 1381 3145 per
1394 3074 1479 3146 ignes,
1493 3091 1649 3145 campanas,
1664 3083 1694 3130 et
1707 3074 1813 3131 similia

231 3156 377 3219 minutiam
398 3155 466 3209 adeo
479 3163 510 3210 ut
523 3163 628 3210 textura
641 3157 725 3226 panni
737 3155 815 3209 lintei
827 3156 947 3225 conspici
961 3172 1025 3225 pos-
1103 3152 1135 3207 ln
1149 3154 1267 3208 moundo
1280 3170 1378 3224 genere
1392 3154 1423 3208 fit
1435 3154 1566 3219 deductio,
1581 3173 1644 3210 cum
1658 3172 1700 3218 ea,
1714 3173 1775 3227 qne
1788 3156 1850 3209 inte·

231 3241 273 3287 set
286 3242 424 3306 tamquam
433 3242 504 3300 rete,
522 3233 664 3306 stqnehoc
679 3236 758 3289 modo
771 3235 894 3289 minutim
907 3234 1024 3290 latentes
1062 3230 1117 3286 rius
1137 3241 1247 3303 propter
1269 3233 1502 3303 interpositionem
1522 3250 1668 3304 corporum
1690 3233 1784 3299 latent,
1803 3252 1850 3289 nec

231 3320 258 3365 et
277 3314 474 3384 inaequalitates
502 3331 680 3384 gemmarum,
704 3314 848 3385 liquorum,
875 3314 1024 3380 urinarum,
1062 3312 1200 3366 commode
1214 3312 1315 3383 aperiri
1327 3320 1447 3383 possunt,
1458 3330 1507 3383 per
1520 3330 1561 3377 es,
1572 3331 1635 3385 qnae
1648 3314 1750 3368 suntin
1763 3331 1850 3386 super-

231 3392 380 3461 sanguinis,
402 3391 550 3457 vulnerum,
573 3402 600 3447 et
624 3393 767 3448 multarum
791 3392 906 3448 aliarum
933 3410 1024 3448 rerum
1061 3390 1131 3455 licie,
1154 3399 1201 3446 not
1220 3392 1256 3445 ab
1277 3392 1449 3447 interioribus
1473 3391 1592 3458 effluunt,
1614 3393 1799 3464 perducuntur
1819 3394 1850 3447 sd

231 3472 307 3526 cerni
331 3479 459 3541 possent3
490 3489 597 3541 magna·
615 3472 792 3544 proculdubio
811 3490 847 3527 ex
861 3490 894 3527 eo
911 3472 1024 3528 invento
1062 3486 1186 3525 sensum:
1206 3478 1334 3526 utststus
1347 3471 1527 3527 humanomm
1540 3489 1685 3543 corporum
1699 3472 1850 3543 perpulsos

230 3551 434 3605 commoditates
447 3551 509 3621 capi
524 3559 642 3621 possent.
1062 3555 1090 3602 et
1102 3550 1201 3615 ununs,
1216 3557 1244 3605 et
1257 3550 1367 3606 similia.

271 3629 387 3684 Secundi
402 3630 511 3701 generis
525 3637 587 3685 sunt
608 3630 656 3684 illa
674 3630 760 3684 altera
783 3630 948 3702 perspicilla,
962 3648 1025 3702 qna
1101 3627 1137 3682 At
1151 3629 1223 3683 tertii
1237 3636 1265 3684 et
1278 3629 1366 3701 quarti
1381 3629 1488 3700 generis
1501 3629 1678 3686 deductiones
1691 3631 1727 3685 sd
1740 3630 1851 3702 plurima

231 3709 401 3763 memorabili
415 3710 661 3765 conatnadinvenit
672 3709 818 3764 Galilaeae:
840 3727 954 3781 qnorum
964 3727 1024 3780 ope,
1061 3714 1191 3778 spectant,
1205 3716 1286 3778 atque
1304 3709 1422 3780 undique
1439 3710 1469 3763 in
1482 3726 1572 3764 rerum
1592 3711 1771 3782 inquisitione
1792 3720 1851 3765 sunt

231 3795 360 3859 tanquam
375 3805 424 3858 per
437 3788 553 3859 scaphas
566 3795 614 3843 aut
630 3788 776 3853 naviculas,
791 3789 891 3859 aperiri
904 3797 1023 3844 etexer-
1061 3786 1258 3858 conquirendae.
1299 3788 1655 3860 Hujusreiexemplasunt
1695 3789 1851 3862 Petetquod

231 3869 288 3922 ceri
314 3869 419 3939 possint
442 3868 568 3938 propiora
589 3885 650 3923 cum
669 3868 824 3923 coelestibus
850 3869 1022 3924 commercia.
1061 3869 1115 3930 sir,
1130 3876 1158 3921 et
1169 3866 1287 3937 spiritus,
1301 3874 1331 3921 et
1343 3866 1497 3935 huiusmodi
1511 3885 1562 3933 res,
1577 3887 1639 3940 quie
1656 3879 1721 3926 sunt
1734 3880 1853 3924 totocor-

233 3946 306 3999 Hinc
320 3947 394 4001 enim
407 3954 512 4001 constat
532 3946 670 4018 galaxiam
690 3965 750 4002 esse
772 3948 872 4001 nodum
892 3948 951 4003 cire
965 3965 1025 4002 coe·
1061 3963 1126 4014 pore
1141 3953 1236 4001 tenues
1249 3955 1277 4000 et
1290 3946 1411 4011 subtiles,
1424 3964 1474 4002 nec
1488 3949 1564 4003 cerui
1576 3965 1628 4003 nec
1642 3949 1719 4019 tangi
1734 3950 1851 4020 possint:

231 4026 413 4080 cervationem
422 4025 562 4081 stellarum
572 4042 722 4095 parvarum,
730 4026 810 4097 plane
823 4034 1025 4082 numeratorum
1062 4025 1150 4085 Quare
1158 4025 1189 4080 in
1199 4025 1373 4096 inquisitione
1384 4026 1456 4080 circs
1465 4026 1621 4096 hujusmodi
1631 4045 1747 4100 corpora
1759 4028 1852 4084 deduc·

232 4109 260 4157 et
272 4104 466 4170 distinctarum,
476 4106 509 4160 de
523 4122 577 4175 qus
586 4122 615 4159 re
625 4106 697 4175 apud
711 4106 835 4176 antiquos
849 4113 954 4161 tantum
964 4122 1024 4161 sus·
1062 4104 1180 4159 tionibus
1193 4105 1303 4159 omnino
1316 4113 1359 4160 est
1373 4121 1449 4176 opus.

232 4182 305 4252 picio
324 4182 382 4238 mic
424 4184 498 4239 Hinc
520 4184 696 4239 demonstrari
712 4185 824 4249 ridetur,
845 4185 916 4256 qnod
936 4185 1026 4255 sputis
1102 4183 1144 4238 Sit
1164 4184 1256 4256 itaque
1269 4193 1366 4240 natura
1384 4184 1521 4255 inquisita,
1535 4186 1608 4240 aetio
1621 4194 1753 4242 etmotus
1774 4187 1851 4257 spiri·

232 4260 340 4316 orbium
362 4266 442 4333 (qnos
464 4264 575 4332 vocant)
598 4264 768 4334 planetarum
788 4281 842 4318 non
863 4265 917 4319 sint
944 4264 1024 4334 plane
1061 4271 1111 4328 tus,
1121 4263 1169 4335 qui
1180 4262 1326 4318 includitur
1335 4265 1363 4318 in
1374 4264 1532 4334 corporibus
1540 4265 1726 4337 tangibilibns.
1766 4267 1851 4321 Omne

231 4357 317 4394 vacua
331 4340 393 4396 aliis
407 4341 510 4406 stellis3
531 4343 578 4396 sed
593 4343 664 4413 quod
684 4342 782 4398 coelum
800 4343 911 4413 incipiat
924 4343 1026 4399 stelles-
1062 4343 1135 4398 enim
1150 4342 1280 4414 tangibile
1296 4342 1368 4413 apud
1388 4359 1439 4398 nos
1451 4345 1572 4400 continet
1589 4345 1718 4416 spiritum
1735 4346 1852 4401 invisibi-

232 4436 301 4483 cere,
321 4428 465 4491 antequam
488 4421 523 4475 ad
540 4422 638 4477 coelum
656 4424 746 4493 ipsum
768 4422 902 4477 stellatum
916 4430 1024 4478 ventum
1062 4420 1116 4477 lem
1129 4429 1157 4477 et
1170 4421 1327 4487 intactilem‚
1341 4422 1421 4493 eique
1435 4423 1585 4490 obducitur,
1600 4430 1681 4495 atque
1696 4443 1759 4480 eum
1773 4425 1850 4496 quasi

232 4498 283 4562 sit3
304 4498 370 4553 licet
383 4497 469 4554 stellis
482 4500 639 4566 minoribus,
653 4519 734 4572 quam
748 4510 778 4556 ut
791 4502 849 4555 sine
863 4502 1026 4572 perspicillis
1062 4501 1149 4556 restit.
1192 4500 1265 4555 Hinc
1283 4502 1344 4556 iona
1363 4500 1463 4572 triplex
1479 4511 1576 4573 potens
1595 4502 1652 4567 ille,
1672 4513 1701 4558 et
1721 4504 1851 4559 mirabilis

232 4577 293 4632 istis
306 4578 426 4647 conspici
440 4579 554 4648 possint.
596 4581 670 4634 Hinc
684 4580 797 4635 choreas
810 4579 873 4635 illas
887 4580 1025 4636 stellarum
1058 4597 1201 4651 moremur
1228 4580 1338 4652 spiritus
1364 4580 1525 4651 incorpore
1553 4582 1689 4653 tangibili.
1737 4583 1851 4655 Spiritus

233 4674 377 4727 parvamm
390 4658 464 4711 circs
478 4657 616 4728 planetum
629 4660 706 4714 Jovis
718 4657 805 4733 (unde
819 4660 917 4730 conjici
931 4661 1025 4731 possit,
1063 4660 1134 4714 enim
1154 4660 1184 4714 in
1203 4677 1233 4715 re
1252 4659 1386 4730 tangibili,
1400 4661 1516 4715 emissus
1539 4679 1653 4732 corpora
1677 4662 1814 4718 contrahit
1826 4670 1851 4717 et

233 4753 292 4791 esse
306 4738 334 4791 in
348 4736 467 4792 motibus
480 4737 619 4793 stellarum
633 4739 711 4810 plura
724 4734 834 4812 centra)
842 4740 939 4794 intueri
954 4739 1024 4795 licet.
1063 4739 1195 4794 desiccet:
1215 4740 1347 4803 detentos,
1368 4756 1482 4810 corpora
1503 4741 1636 4797 intenerst
1659 4750 1688 4796 et
1707 4742 1849 4814 colliqoat;

233 4816 307 4870 Hinc
322 4816 522 4886 inaequalitates
532 4816 659 4873 luminosi
674 4826 702 4874 et
713 4819 790 4889 opaci
805 4819 832 4871 in
843 4819 908 4873 luna
917 4818 1026 4875 distinc·
1062 4834 1113 4873 nec
1129 4835 1238 4890 prorsus
1251 4820 1365 4875 emissus
1385 4835 1436 4873 nec
1453 4836 1560 4890 prorsus
1574 4820 1706 4887 detentus,
1720 4822 1849 4883 informat,

232 4896 287 4950 tius
300 4903 446 4950 cernuntur
460 4904 488 4949 et
501 4895 638 4962 locannrr;
660 4898 728 4951 adeo
741 4905 769 4952 ut
783 4897 841 4952 fieri
856 4898 942 4967 possit
956 4916 1027 4968 qum·
1063 4898 1247 4963 membrihcat,
1268 4896 1407 4963 assimilat,
1421 4899 1514 4969 egerit,
1536 4901 1683 4970 organizat,
1698 4908 1727 4956 et
1744 4899 1848 4957 similis

232 4975 295 5029 dam
315 4974 548 5046 seleno-graphia.
590 4976 663 5031 Hinc
682 4975 795 5031 macula
812 4976 841 5030 in
860 4976 934 5042 sole,
957 4985 985 5031 et
999 4978 1026 5031 id
1064 4976 1152 5048 Atque
1165 4977 1225 5032 haec
1238 4977 1330 5033 omnia
1342 4977 1508 5033 deducuntur
1521 4978 1556 5032 sd
1569 4979 1699 5035 sensibile
1713 4997 1763 5052 per
1775 4979 1850 5035 enec-

232 5071 333 5127 genqsr
355 5055 456 5108 Omnis
474 5062 548 5109 certe
561 5054 673 5109 inventa
685 5055 797 5121 nobilia,
813 5063 947 5126 quatenus
961 5058 1027 5111 fides
1065 5065 1107 5111 tus
1120 5057 1288 5126 conspicuos

232 5131 387 5200 hujusmodi
409 5134 684 5189 demonstrationibus
709 5142 766 5189 tuto
783 5134 907 5189 adhiberi
929 5138 1025 5205 possit.
1102 5135 1211 5191 Etenim
1224 5136 1253 5190 in
1267 5137 1340 5191 ornni
1359 5152 1470 5208 corpore
1485 5136 1610 5208 tangibili
1625 5137 1783 5203 inanimata
1796 5137 1850 5205 spi·

233 5210 300 5270 Qnae
314 5213 392 5266 nobis
406 5212 442 5266 ob
456 5212 509 5266 hoc
530 5213 649 5267 maxime
666 5221 797 5283 suspecta
817 5221 886 5278 sunt,
906 5215 979 5285 quod
998 5216 1026 5271 in
1064 5213 1131 5270 ritus
1145 5214 1263 5270 inclusus
1287 5217 1374 5287 primo
1391 5215 1553 5286 multiplicat
1571 5233 1609 5281 se,
1623 5226 1650 5271 et
1663 5226 1791 5288 tanquam
1803 5216 1849 5270 de-

233 5289 293 5341 istis
306 5292 400 5359 paucis
418 5291 529 5345 sistatur
542 5292 765 5361 experimentum,
780 5309 868 5363 neque
883 5293 939 5347 alia
953 5311 1027 5349 com·
1064 5301 1156 5364 pascet
1176 5302 1266 5363 partes
1290 5295 1435 5367 tangibiles
1456 5312 1511 5360 eus,
1525 5312 1586 5365 quse
1604 5304 1668 5351 sont
1686 5297 1803 5355 maxime
1815 5294 1849 5347 ad

233 5367 313 5435 plura
327 5370 490 5440 investigatu
505 5386 582 5439 aque
595 5370 677 5441 digna
691 5371 786 5425 eadem
801 5372 904 5426 ratione
919 5374 1028 5430 inventa
1064 5371 1116 5427 hoc
1129 5372 1223 5427 faciles
1233 5380 1262 5427 et
1274 5382 1450 5444 praeparatae;
1469 5391 1570 5445 easque
1584 5374 1694 5447 digerit,
1703 5374 1848 5433 etconficil.

232 5444 298 5497 ont.
1064 5460 1091 5506 et
1104 5454 1182 5508 vertit
1196 5452 1224 5507 in
1238 5453 1372 5524 spiritum,
1386 5461 1415 5508 et
1433 5451 1527 5509 deinde
1541 5470 1597 5510 nna
1610 5454 1724 5510 evolant.
1763 5453 1848 5524 Atque

1436 1152 1480 1192 11..
