3800 5875
604 282 788 341 HISTORIA
808 283 900 340 sont
921 283 971 340 ΕΤ
991 283 1169 342 suntuna.
1645 286 1706 351 607

47 441 221 497 moditatem
247 442 283 496 ad
308 442 496 499 extensionem
523 453 617 498 earum
643 450 744 514 prater
771 449 865 499 exten·
901 443 951 498 sed
964 444 1160 499 rotundaciroa
1172 442 1294 499 medium
1307 443 1374 500 tuni.
1413 443 1706 518 Percusaiosuasjam

46 523 167 578 sionem
175 523 304 593 primam,
311 529 342 578 ut
349 524 561 594 comprimentes
571 540 619 578 eae
628 524 730 594 digitis,
741 524 863 590 inferius,
902 526 1010 594 accepit
1022 525 1103 590 vires,
1117 524 1171 578 nisi
1184 531 1319 594 quatenns
1333 524 1437 580 ratione
1452 526 1633 599 longitudinis
1646 530 1704 584 tubi

47 610 104 657 aut
119 603 313 674 superiuseas
327 604 518 658 extendantad
531 604 718 658 alterationem
732 605 802 659 soni.
902 611 1073 675 augeantur:
1096 612 1125 659 et
1145 604 1286 674 percussio
1305 605 1379 660 aeris
1398 605 1434 660 ad
1454 606 1561 662 exiurrn
1579 609 1704 679 sclopeti,

94 683 130 738 Si
151 683 307 753 accipiatur
326 683 449 754 scyphus
469 684 571 739 vinens
591 691 640 739 aut
659 693 813 754 argenteus,
837 690 864 738 et
903 683 975 754 quod
989 692 1102 755 generat
1117 700 1223 749 sonum,
1236 683 1352 739 multum
1364 686 1557 743 extenuabitur
1571 688 1607 742 ab
1620 689 1702 743 cmis-

48 763 155 818 talitro
179 764 393 835 percutiatur,si
413 780 485 835 aqua
505 764 535 818 in
552 763 658 834 scypho
671 764 754 819 altius
768 780 863 818 ascen·
901 763 980 818 sione
989 764 1051 818 soni
1068 780 1118 834 per
1129 762 1180 817 illa
1189 763 1324 819 foramina
1336 763 1366 818 in
1379 767 1479 831 medio,
1493 774 1642 838 antequam
1655 772 1704 824 aiis

48 843 136 908 derit,
152 852 184 899 et
203 843 326 915 scyphus
344 843 452 914 plenior
472 843 562 909 fuerit,
575 843 664 899 reddit
683 860 778 899 sonum
798 861 863 898 acu·
902 842 1025 899 inclusus
1038 845 1192 914 perferatur
1205 843 1241 897 ad
1254 860 1286 899 os
1299 842 1422 915 sclopeti.
1454 848 1550 918 ltaque
1560 848 1702 918 probabile

49 924 175 989 tiorem;
191 924 215 979 si
230 923 368 989 humilius,
382 931 412 979 et
425 925 546 995 scyphus
559 924 759 996 magisracuua
771 924 861 989 fuerit,
902 930 952 988 est,
967 940 1064 979 sonum
1076 923 1156 979 illum
1173 930 1203 977 et
1222 922 1352 979 bombum
1371 926 1466 982 multis
1486 928 1703 999 partibusdimi-

50 1004 228 1073 gaviorem.
900 1011 998 1059 nutum
1011 1004 1080 1059 fore.

96 1084 133 1138 lu
149 1092 250 1139 uuneo
263 1100 338 1148 cavo,
353 1083 428 1155 quali
441 1083 477 1138 ad
491 1100 556 1138 ares
573 1082 764 1154 percutiendus
782 1089 863 1138 utun·

50 1169 110 1227 tur,
120 1164 147 1218 si
163 1165 229 1235 quis
239 1180 286 1217 ore
300 1163 409 1228 fistulet,
418 1164 528 1219 admoto
541 1180 588 1218 ore
602 1164 637 1218 ad
650 1163 765 1218 alterum
780 1165 861 1218 finem

50 1245 160 1309 trunci,
176 1245 321 1298 hebetatur
338 1243 445 1298 scilicet
458 1261 541 1299 sonus
559 1244 595 1299 ad
614 1251 766 1310 astantem
789 1253 818 1299 st
837 1244 861 1297 si
943 1241 1145 1296 Raeencussro
1158 1257 1285 1296 sonorum
1306 1243 1401 1312 (quam
1419 1241 1490 1297 echo
1507 1245 1648 1312 vocemus)
1670 1245 1700 1300 iu

50 1324 217 1395 applicetur
243 1324 317 1378 auris
340 1324 375 1377 ad
401 1323 516 1378 alterurn
543 1326 633 1389 finem,
653 1324 741 1379 reddit
765 1341 861 1380 sonum
901 1328 1092 1392 argumentum
1112 1320 1184 1376 sumi
1200 1329 1298 1392 potest,
1319 1337 1376 1375 non
1398 1338 1459 1377 esse
1479 1340 1576 1380 sonum
1596 1332 1700 1380 motum

49 1405 262 1469 oenfissimum,
276 1412 306 1458 ut
319 1403 367 1458 vix
380 1403 489 1458 tolerari
504 1404 598 1474 possit.
900 1400 1016 1456 localem
1030 1400 1109 1457 airis.
1150 1401 1225 1456 Nam
1247 1401 1368 1467 siesset,
1382 1402 1513 1457 debuerat
1531 1405 1699 1474 repercussio

94 1484 167 1539 Fiat
187 1484 405 1554 experimentum
418 1483 448 1537 in
461 1491 556 1538 trunco
574 1501 611 1539 cx
628 1491 706 1554 parte
718 1483 766 1538 ubi
780 1482 862 1538 eollo-
901 1480 960 1535 fieri
974 1481 1004 1536 in
1016 1481 1098 1536 modo
1110 1480 1246 1536 consimili
1267 1480 1303 1534 ad
1317 1481 1468 1551 originale;
1484 1490 1514 1537 ut
1527 1484 1559 1537 fit
1570 1485 1600 1537 in
1614 1485 1699 1539 omni·

48 1571 138 1618 eatur
167 1565 243 1618 auris
269 1571 394 1634 angusto,
422 1580 459 1618 ex
482 1571 559 1633 parte
586 1564 634 1619 ubi
661 1563 861 1618 collocuturos
900 1561 950 1615 bus
970 1560 1220 1631 repercussionibus
1243 1562 1391 1632 corporeis.
1432 1561 1699 1627 sinemurum

49 1642 158 1699 latiore
175 1646 216 1712 (et
229 1660 245 1697 e
258 1644 402 1712 conremo)
417 1652 510 1698 unum
524 1643 860 1709 sonuereddsturscutior,
901 1647 958 1695 tam
972 1649 1099 1695 accurata
1117 1641 1271 1713 requiratur
1290 1641 1438 1712 generatio,
1453 1651 1484 1696 ut
1499 1643 1534 1696 in
1546 1659 1621 1708 voce,
1636 1661 1698 1716 quse

49 1731 106 1778 aut
120 1724 243 1794 gravior,
257 1724 288 1778 in
300 1723 411 1778 modurn
428 1723 609 1793 speculorum,
623 1741 686 1795 quse
698 1724 862 1779 conuahunt
901 1727 941 1774 tot
960 1721 1044 1775 habet
1063 1722 1251 1787 instrumenta,
1271 1730 1301 1776 et
1319 1722 1348 1776 in
1368 1722 1556 1777 instrumentis
1576 1723 1697 1788 musicis,

49 1813 105 1858 sut
121 1803 260 1873 ampliant
272 1804 381 1873 objecta
394 1804 477 1859 visua
899 1818 962 1872 quae
989 1800 1126 1856 subtiliter
1157 1801 1289 1855 fabricata
1319 1810 1390 1866 sunt,
1417 1819 1460 1866 es,
1488 1820 1551 1872 quar
1582 1802 1699 1859 reddunt

900 1897 997 1935 sonum
1010 1897 1207 1953 repercussum,
1221 1881 1293 1935 nihil
1314 1881 1410 1936 horum
1429 1882 1540 1946 habent,
1554 1883 1603 1937 sed
1620 1883 1698 1938 rudia

51 1945 94 1984 ne
117 1944 393 1993 unnmrnrcsrrorrs,
409 1944 664 1995 auouanmrrona,
685 1946 721 1984 nr
741 1945 861 1985 niman·
899 1960 981 2031 plane
1001 1969 1064 2017 mm
1084 1969 1113 2015 et
1126 1961 1193 2016 illud
1207 1962 1264 2016 sm
1279 1961 1432 2029 habenam
1451 1978 1535 2017 mm
1551 1979 1607 2018 nm
1626 1972 1699 2019 tm

251 2025 349 2074 rross,
370 2026 405 2064 ar
426 2025 586 2065 rascrrona
606 2025 680 2065 ιοιιι.
899 2040 1021 2106 mt’vix
1034 2000 1109 2097 aliud
1123 2041 1271 2113 quippiam.

1032 1146 1071 1187 DE
1092 1146 1317 1187 arraacnastorta
1337 1147 1411 1197 SONI,
1433 1148 1468 1187 ΕΤ
1489 1148 1573 1190 ECHO.

95 2118 267 2173 Vrnarrnusr
296 2120 432 2189 quomodo
459 2121 547 2191 possit
573 2119 751 2175 artificialiter
777 2134 860 2175 sonus

51 2199 192 2267 ,ἥψω
212 2205 242 2252 et
261 2199 445 2270 multiplicari,
486 2199 605 2270 specul,
622 2208 767 2271 umque
788 2217 860 2271 pm,
900 2197 938 2237 ns
959 2198 1108 2239 conrnune
1128 2200 1164 2238 ss
1185 2199 1321 2238 orsarnns
1342 2199 1517 2240 sunrarnrnsr
1542 2198 1579 2238 ar
1600 2200 1698 2239 vrsrsr·

51 2285 131 2333 stant
154 2279 187 2331 in
203 2279 273 2332 visu
314 2279 428 2335 Videtur
448 2287 539 2335 autem
559 2280 674 2335 reflexio
692 2279 783 2334 subita
801 2279 860 2334 soni
939 2278 1022 2328 '‘¹¹¹¹‘’
1053 2280 1089 2318 ΕΤ
1117 2280 1255 2331 fflffll'b
1284 2280 1357 2326 ‘lm
1386 2280 1506 2330 ΝΟΜ»
1534 2279 1697 2320 ⁸⁹¹⁰¹⁸¹⁰¹¹

51 2358 129 2412 serti
156 2356 189 2412 in
212 2370 407 2430 augmentum:
427 2376 493 2414 nam
516 2360 540 2416 si
560 2377 615 2414 vox
636 2366 664 2415 et
686 2359 757 2414 echo
777 2358 860 2414 simul
939 2358 1158 2400 mmmm·

50 2437 217 2503 reddantur,
226 2455 338 2494 necesse
351 2446 393 2495 cat
405 2445 504 2494 utnon
517 2439 699 2511 distinguatur
711 2455 802 2503 sonus,
813 2440 860 2494 sed

51 2518 221 2585 majoretur.
263 2518 359 2590 ltaque
381 2520 441 2573 soni
464 2536 548 2590 super
575 2519 689 2574 flumina
714 2518 861 2590 ampliores

50 2604 128 2660 srmt,
136 2604 284 2652 resonante
292 2616 370 2670 aqua,
379 2598 859 2670 etseunienteoumsouooriginali.
938 2592 1026 2650 suso
1045 2594 1233 2650 didimduutur
1254 2594 1285 2649 iu
1306 2594 1449 2651 circuitum
1470 2595 1644 2667 sphaericum,
1668 2604 1698 2653 et

1144 2483 1331 2524 conventuris
1344 2483 1376 2522 ΙΝ
1397 2484 1454 2522 ata.

94 2677 196 2732 Etiam
217 2678 316 2743 notam,
330 2678 402 2732 faeta
426 2679 485 2734 tede
505 2680 621 2734 munda
636 2679 666 2733 iu
684 2678 860 2734 conductibus
899 2680 1035 2745 occupant
1047 2675 1201 2729 universam
1215 2690 1306 2730 aream
1320 2676 1380 2744 ejus
1393 2675 1518 2745 sphreroe,
1532 2684 1559 2731 et
1572 2678 1696 2732 ferrmtur

52 2758 103 2825 (ut
117 2756 280 2828 loquuntur)
295 2774 434 2829 aquarum,
449 2766 479 2814 et
491 2758 589 2814 deinde
602 2775 721 2814 caverna
734 2758 859 2831 oblonga,
898 2754 934 2809 sd
946 2754 1036 2825 spatia
1047 2755 1117 2809 bene
1130 2754 1289 2825 longinqua,
1303 2760 1332 2809 et
1351 2755 1548 2826 elanguescunt
1563 2757 1696 2827 paulatim

51 2854 87 2891 ac
114 2843 177 2891 tum
201 2837 260 2892 rede
283 2839 387 2907 majore
410 2837 505 2910 (quale
527 2845 570 2894 est
589 2839 682 2895 videre
704 2838 735 2893 in
757 2840 860 2909 csmph
898 2835 1048 2889 secundum
1073 2835 1230 2890 distantiam
1258 2834 1366 2904 objecti,
1393 2835 1492 2891 deiude
1519 2844 1693 2892 evanescunt.

49 2918 139 2986 juxta
152 2915 369 2989 (thuring-eroes
382 2934 468 2990 prope
479 2918 647 2989 Londinum)
662 2920 686 2975 si
700 2919 748 2973 fist
757 2919 861 2975 elamor
899 2913 990 2969 Ambo
1005 2913 1132 2970 deferunt
1144 2915 1246 2987 figuras
1259 2922 1288 2970 et
1303 2914 1470 2971 differentias
1484 2931 1556 2980 suas,
1571 2933 1621 2987 per
1634 2933 1696 2987 por·

51 3014 108 3069 per
134 2997 294 3063 fenestram,
318 3006 365 3053 aut
388 2998 487 3054 rimam
513 3001 580 3055 redis
602 3000 731 3066 rotunde,
753 3008 783 3055 et
809 3008 861 3055 stet
899 2995 989 3049 tiones
1001 2995 1120 3050 minutas
1133 2996 1249 3066 sphera
1262 3012 1318 3049 sua
1330 2996 1453 3067 integras
1473 3004 1503 3051 et
1520 2997 1692 3059 inconfusam

53 3077 199 3148 quispiam
216 3077 297 3145 juxta
311 3078 456 3134 fenestram
470 3080 536 3135 sedis
554 3080 674 3148 maioris,
688 3080 772 3152 longe
784 3080 861 3134 terri-
899 3082 930 3129 ut
942 3073 1128 3145 percipiantur
1143 3092 1193 3146 per
1206 3075 1340 3130 foramina
1352 3091 1437 3147 parra
1448 3093 1504 3131 non
1518 3093 1597 3132 secus
1612 3092 1695 3149 qnam

54 3156 189 3211 bilioreru
200 3157 267 3211 cieri
280 3159 407 3228 rugitum,
422 3175 506 3230 quarn
523 3162 555 3215 fit
574 3160 609 3214 ad
629 3177 723 3215 aurem
743 3159 859 3229 alicujus
897 3153 927 3208 in
941 3160 1045 3225 aperto·

55 3236 180 3291 atsutia
192 3252 279 3307 prope
292 3238 339 3292 ubi
353 3240 384 3293 fit
397 3239 509 3294 clamor.
937 3233 1029 3288 Ambo
1042 3242 1106 3289 sunt
1118 3233 1302 3305 generationis
1317 3241 1344 3289 et
1357 3233 1587 3291 deletionisrslde
1596 3234 1694 3291 subitas

95 3315 220 3371 Memini
234 3316 263 3370 in
278 3317 394 3385 joculari
407 3317 805 3390 ludopupmumlocutionem
818 3318 860 3372 ita
897 3330 930 3368 ac
954 3314 1069 3379 celeris3
1096 3330 1129 3368 ac
1150 3321 1282 3369 econtra
1308 3314 1503 3386 extinguuntur
1525 3322 1553 3369 et
1580 3324 1695 3386 pereunt

53 3395 110 3460 edi,
125 3404 157 3450 ut
172 3395 297 3451 audiatur
309 3396 443 3463 distincte,
452 3399 501 3453 sed
514 3398 595 3470 louge
606 3399 711 3454 aendor
720 3407 749 3453 et
762 3398 860 3453 exilior
898 3393 1026 3449 subitost
1039 3393 1171 3449 celeriter.

55 3491 143 3545 qnam
170 3474 200 3528 iu
223 3484 335 3546 aperto;
355 3486 387 3531 ut
408 3479 439 3532 lit
459 3478 488 3532 in
511 3479 638 3548 speculis,
663 3495 726 3551 qua
745 3478 860 3533 reddunt
937 3472 1029 3528 Ambo
1043 3473 1194 3544 suscipiunt
1207 3480 1235 3528 et
1253 3473 1377 3528 deferunt
1392 3473 1513 3530 minutas
1526 3475 1695 3531 differentias

55 3554 154 3609 literas
178 3554 260 3626 louge
280 3557 439 3613 minutiores
454 3574 536 3628 quam
555 3566 618 3613 sunt
637 3559 666 3612 iu
680 3558 771 3613 medio
785 3558 858 3613 ordi·
898 3559 925 3607 ef
937 3559 1086 3618 accuratu·
1100 3559 1131 3608 ut
1143 3553 1436 3624 colommrflssurflfflmr
1450 3562 1580 3619 mittum·
1594 3554 1695 3609 dimn-

54 3635 155 3689 nario:
178 3635 218 3688 ita
236 3643 266 3689 ut
278 3637 401 3691 videatur
420 3636 501 3707 plane
523 3654 605 3693 sonus
618 3654 669 3710 per
681 3645 768 3693 artem
782 3637 858 3693 reddi
897 3633 998 3688 tiorum
1011 3635 1041 3688 in
1054 3632 1222 3698 visibilibust
1236 3650 1334 3688 nomm
1344 3633 1555 3699 arficulatarum,
1569 3644 1694 3689 tomum

56 3730 150 3785 posse,
165 3722 194 3768 et
208 3714 326 3786 amplior
339 3723 367 3769 ct
380 3716 488 3773 exilior.
897 3712 1126 3778 harmonicorum,
1140 3719 1169 3767 et
1182 3713 1302 3783 pemicis
1316 3713 1483 3769 alterationis
1496 3715 1553 3771 sire
1571 3714 1690 3785 trepida·

96 3794 209 3849 'l'eneut
225 3796 302 3865 pueri
322 3812 407 3850 cornu
426 3813 505 3851 arcus
523 3797 594 3852 tensi
615 3798 687 3852 inter
707 3797 809 3862 dentes,
831 3804 860 3852 et
898 3791 982 3847 tionis
995 3793 1115 3862 ipsorum
1128 3793 1158 3846 in
1166 3792 1340 3848 audibilibus.
1780 3844 1788 3853 .

56 3875 164 3944 sagitta
191 3875 346 3944 percutiunt
371 3874 509 3941 chordam,
537 3877 608 3931 unde
632 3877 754 3932 redditur
777 3893 859 3932 sonus
937 3870 1028 3926 Ambo
1044 3870 1186 3927 invirtute
1205 3873 1348 3928 etviribus
1368 3872 1425 3928 suia
1443 3889 1500 3928 non
1513 3872 1695 3928 videntnrrel

55 3954 150 4023 magis
165 3970 287 4018 sonorus,
301 3962 328 4009 et
341 3956 419 4026 quasi
437 3956 552 4010 bombus
572 3956 654 4028 longe
666 3958 762 4026 maior,
776 3973 858 4028 quarn
898 3951 1020 4006 emittere
1034 3952 1155 4023 aliquam
1169 3952 1337 4023 corporalem
1355 3953 1535 4008 substantiam
1553 3954 1582 4006 in
1601 3953 1695 4008 media

56 4034 79 4086 si
100 4050 183 4087 arcus
203 4050 258 4087 non
277 4042 414 4089 teneretur
432 4052 450 4088 a
466 4035 610 4091 dentibus:
632 4037 705 4107 quod
726 4035 861 4105 imputant
898 4047 955 4096 sue,
970 4039 1018 4087 ant
1030 4031 1162 4086 ambitum
1176 4032 1292 4103 sphaerae
1306 4049 1379 4096 sure;
1394 4050 1445 4087 nec
1459 4033 1543 4088 etiam
1556 4032 1695 4087 adoream

55 4113 205 4167 eonmnsui
217 4131 298 4183 quern
311 4114 415 4169 habent
427 4130 490 4169 ossa
502 4115 624 4170 dentium
637 4134 699 4170 curn
712 4132 775 4169 ossa
784 4115 859 4170 sudi·
897 4111 970 4165 ciere
984 4111 1158 4167 menifestum
1172 4120 1275 4167 mottrm
1288 4111 1404 4166 localem
1413 4113 1443 4169 in
1454 4113 1553 4168 mediis
1567 4112 1632 4179 suis,
1647 4112 1696 4167 sed

56 4200 120 4254 tuse
143 4192 363 4264 qnandoquidem
392 4200 427 4259 et,
450 4195 497 4248 ria
517 4211 604 4262 versa,
631 4213 668 4250 ex
692 4195 806 4251 stridore
829 4195 859 4250 in
898 4191 1004 4245 deferre
1014 4191 1145 4262 quasdam
1158 4192 1264 4262 species
1275 4192 1437 4263 spirituales,
1451 4210 1567 4265 quarum
1585 4193 1695 4265 ignora-

55 4272 154 4326 euditu
168 4273 251 4326 etiam
266 4273 361 4328 dentes
376 4273 577 4343 obstupescant
897 4278 941 4325 tur
954 4272 1024 4325 ratio
1037 4278 1065 4326 et
1076 4270 1181 4326 modus.

97 4351 235 4406 Similiter
249 4359 345 4423 tangat
362 4353 443 4407 hasta
455 4353 561 4424 lignum
574 4355 634 4408 cari
656 4354 730 4424 lyrre,
744 4371 859 4425 preser-
937 4350 1029 4406 Ambo
1046 4351 1173 4405 videntur
1191 4367 1245 4404 non
1269 4352 1429 4422 generativa
1449 4351 1565 4422 alicujus
1584 4352 1695 4410 alterius

56 4431 109 4485 tim
123 4432 268 4486 foraminis
282 4433 310 4486 in
328 4432 391 4503 ipso
411 4432 446 4487 ad
465 4450 562 4488 cavum
581 4434 672 4499 finem,
687 4441 716 4488 et
735 4442 859 4489 teneatur
897 4430 1008 4486 virtutis
1029 4436 1076 4485 sut
1089 4429 1227 4501 qualitatis
1248 4439 1346 4501 praeter
1358 4432 1487 4487 virtutem
1507 4433 1653 4504 propriam,
1667 4441 1697 4489 et

54 4512 188 4565 dentibus
215 4527 251 4565 ex
277 4511 364 4566 altero
385 4513 448 4577 tine,
472 4520 500 4568 et
521 4522 599 4568 sonet
618 4514 692 4584 lyra;
720 4516 808 4583 major
829 4516 859 4568 fit
898 4517 1012 4565 autenm
1022 4511 1143 4581 operari3
1158 4510 1228 4565 alias
1241 4510 1347 4565 sterilia
1359 4528 1428 4567 esse.

54 4606 141 4645 sonus
167 4608 219 4661 per
244 4591 455 4663 prehensionem
479 4594 608 4658 dentium,
632 4593 658 4648 ei
685 4593 790 4649 scilicet
813 4595 859 4665 qui
936 4589 1028 4644 Ambo
1046 4590 1075 4644 iu
1095 4590 1205 4660 propria
1218 4607 1268 4645 sua
1281 4592 1388 4646 achone
1402 4592 1526 4646 videntur
1543 4592 1597 4648 tria
1615 4598 1695 4663 quast

56 4670 215 4741 prehendit
897 4670 1076 4741 corporaliter
1088 4669 1206 4741 operari.
1248 4669 1379 4735 Primum,
1394 4672 1468 4743 quod
1489 4672 1585 4727 fortius
1602 4672 1695 4740 objec-

97 4750 289 4806 Certiesirnum
304 4757 346 4806 est
359 4750 438 4821 (licet
457 4768 513 4807 non
533 4752 766 4822 animadversum)
786 4753 859 4825 quod
897 4758 956 4805 tum
970 4757 1077 4821 mergat
1090 4758 1118 4803 et
1131 4749 1279 4805 confundat
1288 4751 1413 4817 debilius,
1424 4758 1455 4806 ut
1467 4751 1517 4807 lux
1527 4752 1593 4807 solis
1605 4751 1695 4806 lucem

55 4831 98 4884 ris
111 4829 245 4901 illaque
257 4841 320 4903 post
333 4831 449 4902 primurn
463 4833 666 4903 percussionem
677 4833 766 4887 defert
778 4835 858 4905 pilas,
897 4828 1028 4892 candele,
1053 4829 1187 4899 displosio
1209 4829 1365 4885 bombardae
1387 4848 1491 4887 rocem.
1533 4831 1695 4897 Secundum,

55 4916 105 4965 aut
131 4910 256 4981 sagittas,
279 4919 326 4966 aut
352 4911 466 4982 spicula,
489 4919 519 4967 et
545 4912 655 4977 similia,
679 4913 859 4967 consistatis
898 4910 972 4981 quod
991 4908 1171 4965 excellentius
1191 4908 1327 4979 objectum
1347 4911 1468 4967 destruat
1488 4927 1598 4967 sensum
1616 4911 1696 4965 debi-

54 4991 183 5060 partibus
196 4991 308 5045 minutis
322 4990 445 5061 corporis
458 4992 559 5058 emissi,
570 5001 598 5047 et
609 5009 666 5047 non
678 4992 708 5046 in
722 4995 785 5047 aire
799 5009 859 5063 per·
896 4988 1003 5053 liorem,
1017 4996 1050 5043 ut
1068 4987 1161 5043 lumen
1182 4989 1248 5044 solis
1272 4990 1388 5055 oculum,
1410 5006 1492 5045 sonus
1511 4990 1645 5045 violentus
1663 4991 1695 5047 in

56 5078 141 5140 petuo
151 5069 398 5136 deferente,instar
408 5071 518 5141 scaphas
531 5072 561 5126 in
576 5089 655 5144 aqua
683 5072 746 5126 Hoc
760 5072 858 5143 posito,
897 5070 1024 5140 proximo
1040 5068 1076 5122 ad
1095 5085 1189 5124 aurem
1209 5070 1341 5125 auditum.
1383 5070 1513 5136 Tertium,
1529 5070 1601 5142 quod
1614 5071 1696 5126 ambo

55 5149 205 5205 riderrdm
219 5158 310 5205 utrum
332 5168 388 5206 nou
408 5153 496 5222 possit
509 5152 622 5207 diminui
635 5152 761 5207 sonusin
780 5152 858 5206 bom-
897 5148 1121 5220 reperoutiuntnr,
1135 5149 1207 5203 utin
1221 5151 1340 5219 speculis
1352 5157 1381 5205 et
1394 5148 1474 5206 echo.

55 5230 150 5293 barda,
179 5237 229 5284 aut
257 5230 387 5303 sclopeto,
411 5232 515 5302 absque
542 5249 644 5303 magna
671 5231 858 5287 debilitatione
939 5226 1038 5301 Neque
1053 5228 1189 5297 objectum
1203 5229 1284 5284 unius
1298 5229 1439 5284 confundit
1452 5236 1499 5283 aut
1511 5228 1626 5299 impedit
1645 5230 1695 5285 ob·

54 5310 252 5380 percussionis,
268 5310 322 5365 hoc
341 5311 431 5365 modo.
471 5312 535 5366 Fiat
555 5313 704 5383 sclopetum
717 5329 780 5366 cum
793 5311 859 5366 tubo
895 5309 999 5378 jectum
1017 5308 1145 5374 alterium
1166 5308 1242 5364 velut
1259 5309 1308 5365 lux
1327 5317 1375 5364 aut
1394 5308 1476 5374 color,
1491 5325 1598 5377 sonum,
1612 5317 1660 5366 aut
1678 5326 1695 5366 e

57 5390 126 5443 hese
149 5390 223 5453 forti,
246 5396 355 5445 utnon
373 5390 453 5445 facile
474 5391 632 5462 frangatur3
658 5393 727 5446 fiant
745 5392 775 5446 iu
794 5392 860 5447 tubo
897 5398 999 5445 contra.

57 5477 174 5541 quatuor
190 5476 242 5525 aut
260 5470 380 5541 quinque
394 5470 537 5540 foramina,
552 5487 606 5527 non
619 5472 708 5528 instar
719 5471 858 5540 rimarum,
935 5469 1027 5527 Ambo
1039 5469 1161 5527 afficiunt
1181 5485 1291 5527 sensum
1312 5469 1341 5526 in
1362 5467 1535 5539 ammalibus,
1548 5468 1631 5545 idque
1645 5470 1695 5528 ob·
