3800 5875
230 305 289 359 460
859 299 999 355 NOVUM
1020 298 1220 354 ORGANUM.
1730 294 1789 349 Lrn
1802 295 1836 350 11.

231 463 324 517 οιιιίι
346 478 455 518 cursum
481 467 585 516 natura
608 474 778 515 communem
798 465 826 512 et
848 457 1021 520 ordinarium,
1063 457 1108 511 12.
1130 455 1187 511 aar
1199 453 1342 510 conclusus
1355 460 1383 508 et
1399 454 1590 508 subterraneus
1603 451 1632 505 in
1645 454 1765 507 cavernis
1777 469 1838 506 non-

230 557 285 595 non
298 541 374 613 leges
388 540 602 595 fundamentales
614 547 642 594 et
656 546 770 594 eternas
787 537 947 607 respiciunt)
961 554 1022 591 con·
1120 535 1211 598 nullis,
1225 534 1378 605 prasertim
1392 533 1491 587 hicme.

231 621 326 675 stituat
341 621 501 691 physicam
524 627 604 689 atque
619 619 663 672 his
678 617 884 672 subordinantur
896 617 1022 671 similiter
1062 615 1107 669 ts.
1128 615 1228 668 Omnia
1249 612 1353 676 villosa,
1374 619 1406 666 ut
1427 611 1498 675 lana,
1519 610 1608 681 pelles
1631 610 1793 673 animalium,
1814 620 1838 664 et

230 699 357 770 practicae
380 699 456 764 duse3
483 699 609 769 plysicoe
630 697 801 762 mechanico,-
831 696 1022 766 masaptysica
1118 693 1296 764 plumagines,
1310 692 1413 746 habent
1425 689 1551 744 nonnihil
1563 690 1674 759 teporis.

232 775 410 852 (perpurgato
423 779 544 845 nomine)
559 779 658 848 magia,
674 783 785 847 propter
798 774 866 829 latas
880 775 940 843 ejus
953 775 1020 839 sias,
1063 776 1105 828 tt.
1127 774 1248 843 Corpora
1260 773 1358 833 omnia,
1373 779 1429 825 tam
1443 769 1529 824 solida
1542 786 1625 840 quam
1638 769 1747 841 liquida,
1757 776 1836 823 ettam

231 864 260 912 et
269 857 358 925 maius
370 857 513 927 imperium
527 857 557 910 in
569 864 701 910 naturam.
1117 852 1202 905 densa
1215 868 1296 922 quam
1311 851 1402 905 tenuia
1417 846 1521 924 (qualis
1535 857 1577 902 est
1588 848 1649 918 ipae
1663 847 1725 921 ser)
1739 849 1795 919 igni
1807 849 1836 902 sd

1117 939 1223 1001 tempus
1237 931 1436 1000 approximate.

615 994 643 1032 ¹⁹
1062 1009 1106 1065 15.
1128 1007 1261 1065 Scintillae
1274 1027 1310 1064 ex
1329 1008 1405 1063 silice
1422 1016 1450 1062 et
1463 1005 1578 1076 chalybe
1595 1022 1645 1076 per
1668 1008 1764 1061 fortem
1785 1023 1835 1076 per·

270 1087 363 1142 Posito
372 1088 465 1159 itaque
479 1087 608 1142 doctrinas
622 1103 711 1156 scopo,
722 1088 891 1157 pergendum
905 1086 940 1141 ad
953 1104 1021 1157 prse-
1118 1090 1278 1143 caesionem.

230 1175 325 1237 cepta,
345 1167 426 1237 idque
436 1167 529 1222 ordine
539 1167 650 1220 minime
659 1173 840 1236 perversonut
853 1167 1018 1237 perturbato.
1061 1169 1105 1223 16.
1127 1167 1216 1222 Omne
1229 1184 1326 1238 corpus
1340 1166 1446 1220 sortitur
1459 1165 1721 1234 attritum,nt1pis,
1734 1163 1833 1235 lignum,

230 1245 320 1317 Atque
334 1246 434 1301 indicia
446 1247 480 1301 de
487 1248 707 1318 interpretatione
721 1254 827 1299 natm
837 1245 1021 1316 complectun·
1116 1263 1227 1316 paunus,
1242 1255 1292 1301 etc.
1307 1247 1375 1300 adeo
1394 1254 1424 1300 nt
1445 1253 1573 1308 temones,
1587 1253 1616 1298 et
1633 1260 1701 1298 axes
1720 1253 1833 1308 rotantur,

231 1330 274 1379 tur
288 1332 377 1394 partes
390 1325 617 1396 ingeneratum
639 1325 766 1396 primam,
777 1324 810 1379 de
821 1325 966 1379 educendis
975 1333 1022 1379 aut
1116 1325 1262 1395 aliquando
1284 1326 1412 1380 damman
1443 1324 1613 1394 concipiants
1644 1330 1673 1376 et
1691 1339 1751 1376 mos
1771 1324 1834 1377 exci-

230 1404 381 1459 excitsndis
404 1404 585 1459 axiomatibus
603 1404 639 1458 ab
659 1405 844 1473 experientias
865 1404 1019 1469 secundam,
1115 1405 1192 1459 tandi
1215 1405 1288 1476 ignis
1302 1404 1374 1474 apud
1394 1404 1474 1458 Indos
1494 1401 1676 1457 occidentales
1699 1402 1778 1456 fuerit
1794 1420 1833 1473 pes

229 1483 264 1537 de
278 1483 440 1538 deducendis
453 1492 501 1538 aut
513 1483 667 1538 derivandis
681 1483 875 1553 experimentis
893 1483 972 1537 noris
985 1483 1020 1536 ab
1117 1484 1293 1539 attritionem.

230 1562 421 1617 axiomatibus,
462 1563 541 1617 Prior
558 1569 647 1617 autem
670 1562 803 1616 trifariam
822 1561 965 1626 dividitur,
991 1563 1020 1616 in
1061 1561 1104 1625 17.
1127 1564 1228 1618 Herbe
1249 1563 1348 1617 sinder
1371 1570 1400 1615 et
1420 1561 1539 1615 humide
1559 1559 1641 1614 simul
1664 1559 1794 1615 conclusa
1811 1572 1832 1614 et

231 1647 288 1697 tres
302 1659 401 1712 nempe
418 1642 646 1706 ministrationess
667 1641 889 1695 ministrationem
904 1642 939 1695 ad
957 1659 1016 1695 serr·
1115 1652 1255 1707 contrusae,
1279 1650 1309 1696 ut
1328 1658 1403 1703 roste,
1424 1640 1491 1711 pisse
1515 1640 1544 1693 in
1563 1638 1706 1702 corbibus3
1728 1640 1791 1693 adeo
1808 1650 1832 1692 nt

230 1738 309 1784 sums
330 1721 556 1775 ministrationem
567 1720 601 1774 ad
613 1720 786 1786 memoriam,
808 1729 835 1774 et
847 1721 1020 1776 ministratio
1115 1721 1227 1787 itanum,
1241 1721 1265 1775 si
1276 1721 1423 1791 repositum
1435 1720 1517 1774 fuerit
1530 1720 1677 1784 madidum,
1696 1735 1768 1790 saepe
1782 1735 1832 1771 eon

230 1816 293 1855 nem
306 1800 341 1854 sd
355 1808 473 1854 mentem
487 1800 544 1855 sire
558 1800 700 1854 rationem.
1116 1801 1201 1870 cipiet
1214 1800 1360 1855 dammam.

269 1878 363 1934 Primo
376 1878 449 1933 enim
462 1879 582 1947 paranda
595 1885 637 1932 est
654 1878 768 1933 historia
782 1881 917 1933 saturatis
935 1886 964 1933 et
977 1896 1020 1932 ec·
1060 1880 1104 1934 18.
1126 1879 1196 1934 Cslx
1209 1880 1278 1943 risa,
1292 1896 1363 1950 aqua
1376 1894 1494 1948 aspersa

228 1958 421 2028 perimeataiis,
436 1957 571 2012 sufficiens
585 1963 612 2011 et
624 1957 710 2020 bonas
731 1957 804 2028 quod
817 1958 1020 2012 fundamentum
1062 1959 1104 2014 19.
1125 1958 1246 2023 Ferrum,
1260 1976 1321 2013 cum
1335 1958 1424 2029 primo
1433 1955 1588 2011 dissolvitur
1601 1973 1652 2026 per
1666 1972 1753 2027 aquas
1764 1956 1831 2009 fortes

229 2036 270 2090 rei
290 2044 348 2099 ests
369 2052 456 2108 neque
478 2037 549 2091 euim
567 2037 723 2106 lingendum
737 2044 783 2090 aut
802 2038 1019 2108 excogitandum,
1115 2038 1145 2092 in
1164 2038 1241 2102 vitro,
1263 2038 1345 2109 idque
1369 2037 1471 2107 absque
1492 2035 1550 2090 ulla
1570 2035 1727 2090 admotione
1750 2035 1782 2089 ad
1802 2036 1831 2105 ig·

230 2114 278 2170 eed
291 2115 489 2179 inveniendum,
504 2115 569 2187 quid
581 2123 677 2170 natura
689 2115 778 2179 faciat,
793 2117 927 2170 autierat.
1115 2133 1191 2180 nems
1223 2125 1251 2171 et
1271 2126 1397 2172 aunuum
1415 2114 1547 2180 similiter,
1562 2124 1613 2170 etc
1635 2115 1685 2170 sed
1704 2132 1759 2170 non
1776 2114 1832 2167 adeo

270 2192 398 2249 Historia
411 2211 475 2248 sero
487 2195 622 2248 naturalis
637 2201 664 2248 et
676 2196 892 2265 eaperimaatatis
906 2205 963 2250 tam
975 2212 1020 2249 sa·
1115 2197 1230 2251 intense.

230 2272 272 2327 ria
285 2279 326 2327 est
339 2280 368 2327 et
384 2289 485 2343 sparsa,
499 2281 529 2327 ut
541 2271 707 2328 intellectum
720 2274 865 2328 confundat
878 2282 904 2328 et
918 2276 1020 2345 disgre-
1057 2275 1104 2330 20.
1126 2274 1270 2337 Animalia,
1284 2274 1434 2343 prasertim
1447 2280 1475 2327 et
1487 2280 1619 2343 perpetuo
1632 2290 1683 2344 per
1698 2271 1830 2334 interium

230 2359 284 2421 get,
298 2351 352 2406 nisi
368 2352 478 2406 sistatur
491 2358 521 2405 et
533 2360 689 2423 comparent
708 2351 802 2407 ordine
815 2353 923 2409 idoneo.
964 2354 1019 2408 lta·
1115 2353 1180 2408 licet
1198 2354 1229 2408 iu
1251 2354 1361 2407 insectis
1387 2353 1462 2407 color
1480 2352 1516 2406 ob
1539 2352 1703 2422 parvitatem
1728 2352 1832 2423 corpori

230 2447 282 2502 qne
297 2429 444 2486 formandas
457 2439 519 2485 sunt
532 2433 630 2488 tuirstat
643 2440 671 2486 et
682 2433 904 2487 coordinationes
913 2435 1019 2488 instan-
1114 2450 1169 2488 nou
1182 2433 1398 2504 deprehendatur
1411 2432 1445 2485 sd
1459 2439 1570 2486 tactum.

230 2511 340 2575 tiaram,
358 2510 407 2564 tali
429 2510 508 2564 modo
527 2520 555 2565 et
574 2512 759 2577 instructione,
777 2520 808 2566 ut
827 2513 857 2567 in
870 2529 917 2567 eas
938 2529 1019 2584 agere
1057 2511 1105 2569 21.
1125 2513 1220 2568 Fimus
1241 2512 1365 2584 equinus,
1379 2520 1407 2566 et
1421 2511 1577 2581 hujusmodi
1596 2518 1769 2565 excrementa
1783 2508 1831 2563 ani·

230 2589 316 2658 possit
326 2588 487 2644 intellectus.
1115 2592 1226 2647 mulium
1240 2592 1368 2646 recentia

271 2667 304 2721 ld
318 2685 425 2740 quoque
444 2667 508 2722 licet
521 2669 585 2733 lists
606 2676 697 2724 ιιιιιει
715 2669 867 2725 intellectus
885 2671 937 2725 sibi
957 2688 1018 2741 per·
1057 2671 1103 2725 22.
1125 2671 1223 2726 Oleum
1233 2671 1300 2726 torte
1310 2668 1448 2741 sulphuris
1459 2677 1487 2724 et
1496 2668 1597 2723 sitrioli
1610 2668 1756 2740 exequitur
1763 2684 1831 2739 opera

230 2746 337 2810 missus,
348 2756 376 2802 et
385 2754 479 2818 sponte
487 2764 605 2812 movens,
613 2750 798 2819 incompetens
807 2758 847 2805 est
857 2759 884 2804 et
890 2750 1019 2805 inhabilis
1114 2750 1220 2815 odoris,
1233 2751 1262 2805 in
1276 2749 1360 2804 linteo
1373 2749 1518 2804 adurendo.

229 2826 265 2879 ad
281 2826 417 2895 opificium
439 2827 612 2892 axiomatum,
632 2828 685 2882 nisi
707 2836 816 2899 regatur
834 2837 861 2883 et
874 2830 1017 2885 muniatur.
1057 2830 1103 2884 23.
1125 2830 1223 2885 Oleum
1239 2829 1351 2900 origani,
1366 2837 1394 2882 et
1413 2822 1576 2896 hujusmodi,
1598 2826 1746 2897 exequitur
1764 2841 1831 2897 opera

232 2904 327 2978 ltaque
335 2906 421 2972 tertio,
432 2906 586 2962 adhibenda
592 2914 633 2962 est
643 2909 765 2963 s'nductia
777 2908 900 2980 legitima
910 2916 937 2964 et
947 2926 1018 2975 sera,
1115 2909 1213 2965 caloris
1226 2910 1255 2965 in
1268 2908 1412 2964 adurendis
1425 2907 1531 2963 ossibus
1545 2906 1677 2961 dentium.

231 3002 292 3056 ques
311 2987 371 3056 ipsa
385 2988 470 3041 clavis
489 2995 531 3041 est
551 2989 789 3059 interpretationis.
832 2989 1019 3059 Incipiendum
1057 2990 1103 3045 24.
1125 2991 1240 3060 Spiritus
1250 2990 1305 3043 sini
1319 2989 1395 3044 fortis
1406 2995 1434 3042 et
1443 2988 1511 3042 bene
1526 2986 1692 3041 testificatus
1705 2987 1830 3058 exequitur

230 3071 321 3119 sutem
334 3072 403 3120 esta
417 3067 478 3132 line,
491 3071 520 3121 et
533 3075 604 3122 retro
617 3067 784 3139 pergendum
798 3068 833 3122 ad
845 3067 959 3140 relique.
1114 3086 1198 3139 opera
1214 3069 1330 3133 caloris3
1352 3067 1420 3121 adeo
1433 3073 1462 3121 ut
1482 3068 1505 3121 si
1528 3066 1656 3120 albumen
1677 3066 1724 3120 ori
1743 3068 1830 3120 insum

1114 3148 1258 3216 injiciatur,
1273 3154 1430 3202 concrescat
1442 3152 1469 3200 et
1479 3145 1606 3209 albescat,
1626 3143 1684 3198 iere
1695 3146 1726 3198 in
1739 3144 1830 3200 modun

1115 3228 1260 3283 albuminis
1283 3226 1368 3291 cocti;
1390 3233 1417 3280 et
1435 3225 1514 3296 panis
1538 3226 1654 3292 injectus
1684 3226 1831 3279 torrcdatct

270 3297 416 3371 Inquisitio
428 3299 575 3356 formarum
589 3301 628 3356 sic
641 3302 779 3372 procedits
800 3310 1019 3375 supersuturam
1115 3308 1282 3371 incmstetur,
1296 3306 1331 3360 ad
1343 3304 1453 3359 modum
1465 3305 1544 3375 panis
1558 3305 1629 3358 tosti.

230 3377 319 3433 ᾶιιιιιι
334 3380 422 3448 primo
435 3380 558 3434 facienda
568 3389 610 3434 est
619 3385 797 3453 conspurcatio
808 3384 845 3436 ad
858 3385 1019 3438 intellectuat
1057 3386 1103 3441 25.
1125 3385 1255 3441 Aromata
1267 3394 1295 3440 et
1315 3384 1408 3440 herbae
1423 3384 1525 3448 calidae,
1538 3391 1570 3437 ut
1587 3382 1772 3444 dracunculus,
1783 3398 1831 3435 nas

230 3457 351 3513 omnium
365 3460 557 3514 instantiarum
564 3467 694 3524 notarum,
704 3480 764 3533 quaa
773 3463 802 3515 in
815 3462 909 3517 eadem
923 3472 1019 3517 ustura
1115 3467 1227 3520 turrium
1239 3473 1324 3530 retus,
1338 3472 1389 3518 etc.
1409 3463 1474 3518 licet
1488 3465 1523 3517 ad
1535 3480 1646 3517 manum
1660 3479 1716 3516 non
1737 3464 1786 3516 sint
1797 3477 1831 3513 ea

229 3537 398 3601 conveniunt,
409 3555 459 3608 per
469 3540 596 3593 materias
606 3539 668 3593 licet
681 3540 886 3597 dissimillimas.
927 3542 1018 3614 Atque
1115 3544 1171 3598 lida
1191 3549 1254 3614 (nec
1273 3545 1389 3616 integra,
1416 3561 1467 3598 nec
1488 3543 1614 3614 pulsares
1634 3543 1743 3608 eorum)
1757 3551 1831 3596 tamen

229 3615 385 3684 hujusmodi
406 3616 530 3672 collectio
550 3618 675 3674 iacienda
699 3628 742 3675 est
759 3620 894 3684 historice,
917 3623 1018 3694 absque
1116 3625 1151 3678 ad
1171 3624 1293 3696 linguam
1308 3632 1337 3677 et
1349 3622 1471 3694 palatum
1490 3639 1584 3692 purum
1598 3621 1749 3686 masticata,
1762 3620 1832 3691 perci·

229 3695 455 3765 contemplatione
468 3698 630 3766 prefestinn,
642 3705 689 3754 aut
698 3699 847 3754 subtilitate
858 3701 950 3772 aliqua
963 3717 1019 3756 ma·
1115 3704 1226 3776 piuntur
1238 3703 1333 3766 calida,
1348 3711 1376 3756 et
1389 3704 1465 3772 quasi
1480 3702 1629 3756 adurentia

227 3774 296 3841 jore.
335 3775 465 3846 Exempli
489 3777 599 3849 gratis,
631 3777 661 3832 in
681 3778 855 3851 inquisitione
878 3781 911 3836 de
932 3781 1019 3837 forms
1057 3782 1104 3837 26.
1127 3783 1242 3839 Acetum
1265 3783 1340 3846 torte,
1355 3790 1383 3836 et
1400 3783 1491 3835 omnis
1507 3781 1593 3844 acida,
1608 3781 1637 3834 in
1655 3782 1775 3836 membro
1795 3778 1831 3832 ubi

229 3852 319 3909 calidi·
1114 3864 1219 3918 nonsit
1236 3862 1390 3933 epidermis,
1411 3869 1440 3915 ut
1454 3862 1482 3914 in
1502 3859 1588 3924 oculo,
1608 3860 1711 3930 lingua,
1732 3872 1776 3914 aut
1791 3857 1832 3910 ali·

1115 3960 1170 4013 qua
1186 3942 1241 3996 alia
1263 3951 1338 4012 parte
1352 3940 1500 4004 vulnerata,
1520 3947 1549 3993 et
1565 3948 1628 3994 cute
1645 3939 1757 4004 detecta,
1770 3937 1832 3992 dolo

270 4043 433 4084 rusrsurra
453 4045 666 4086 conssuirnrss
687 4046 720 4086 ιιι
741 4047 855 4088 uisura
873 4049 978 4088 camur.
1115 4039 1172 4076 rem
1186 4023 1266 4086 cient,
1281 4021 1464 4154 ἪΜῙΜ
1477 4020 1678 4090 diterettflnttm
1691 4020 1726 4074 ab
1739 4036 1777 4082 eu
1793 4015 1831 4086 qui

1114 4101 1250 4156 inducitur
1263 4118 1305 4154 ac
1335 4101 1387 4156 ὀ.

253 4163 276 4221 l.
298 4166 379 4221 Radii
393 4168 467 4234 solis,
481 4171 632 4239 praesertim
646 4178 738 4226 testate
752 4179 779 4226 et
792 4173 913 4227 meridie.
1057 4177 1104 4242 27.
1125 4180 1216 4234 Etiam
1236 4180 1335 4250 frigora
1349 4179 1423 4234 acris
1436 4185 1464 4233 ct
1476 4179 1582 4234 intenso
1595 4177 1726 4233 inducunt
1738 4191 1831 4231 sentum

249 4245 276 4299 2.
298 4246 379 4301 Radii
393 4247 458 4303 solis
472 4249 566 4304 reflexi
578 4256 605 4304 et
615 4251 765 4342 cpnstipati,
776 4260 808 4306 ut
821 4252 890 4306 inter
903 4259 1016 4318 montes,
1116 4260 1250 4332 quendam
1263 4259 1394 4314 ustionis:

288 4334 334 4379 sut
348 4343 396 4396 per
410 4328 534 4396 parietes,
553 4335 580 4383 et
594 4345 712 4384 maxime
726 4331 846 4386 omniurn
857 4333 886 4385 iu
899 4333 1018 4403 speculis

289 4404 515 4462 comburentibus.
1171 4390 1703 4455 “Nm30ml0110ffi110ffi81111dffi2-”

249 4482 276 4536 3.
297 4483 422 4538 Meteora
435 4484 529 4555 ignita.
1057 4496 1103 4552 28.
1125 4494 1198 4552 Alia

249 4563 276 4617 4.
299 4562 425 4616 Fulmina
436 4565 626 4621 comburentis.
1115 4577 1195 4629 Hanc
1215 4574 1345 4630 Tabulam
1358 4577 1484 4633 essentia
1495 4586 1521 4631 st
1532 4579 1692 4650 prasentia
1707 4575 1830 4650 appellare

248 4641 276 4694 ὁ.
297 4641 485 4697 Ensctationes
498 4644 666 4702 flammarum
680 4663 716 4701 ex
727 4646 801 4702 caris
814 4648 953 4714 montium,
963 4655 1016 4704 etc.
1114 4655 1312 4711 consuevimus.

249 4720 277 4774 6.
300 4720 424 4775 Flamma
438 4724 533 4778 omnis.

249 4798 276 4860 7.
299 4799 390 4870 ignita
403 4800 497 4857 solida.
1428 4795 1480 4835 ¹¹¹·

247 4877 275 4933 8.
295 4877 400 4934 Balnea
412 4880 500 4958 calida
513 4883 655 4938 naturalia.
1096 4886 1226 4950 Secundo,
1242 4887 1366 4942 facienda
1379 4895 1422 4944 est
1438 4891 1618 4961 respuentis
1633 4889 1667 4944 ad
1680 4887 1830 4944 intellectum

248 4957 274 5012 9.
295 4956 412 5028 Liquida
426 4960 557 5015 ferventia
570 4970 617 5018 aut
630 4962 771 5019 calefacta.
1056 4965 1255 5031 instantiarum,
1266 4985 1328 5038 qum
1337 4976 1433 5022 natura
1442 4970 1504 5022 data
1512 4969 1666 5037 privanturs
1688 4967 1831 5040 quialorma

230 5036 275 5093 10.
297 5036 420 5107 Vapores
433 5048 460 5094 et
478 5041 546 5095 fumi
565 5042 705 5107 terrentes,
719 5050 800 5114 atquc
822 5047 870 5098 a'e‘r
888 5045 956 5115 ipse,
971 5045 1017 5117 qui
1057 5047 1101 5114 (ut
1113 5045 1215 5099 usum
1228 5047 1283 5116 est)
1297 5063 1351 5100 non
1365 5048 1455 5102 minus
1472 5048 1567 5101 abesse
1582 5048 1670 5111 debet,
1685 5049 1730 5103 ubi
1747 5054 1830 5100 natura

287 5117 462 5173 fortissimum
493 5129 521 5173 et
548 5120 680 5176 furentem
708 5122 821 5192 suscipit
843 5123 970 5191 colorem,
993 5125 1018 5180 si
1056 5124 1118 5178 data
1131 5125 1222 5189 uberte
1243 5142 1324 5196 quam
1341 5127 1444 5192 adesse,
1459 5128 1506 5181 ubi
1527 5127 1609 5182 adest
1652 5129 1786 5182 Hocsero
1795 5125 1829 5175 it·

287 5195 479 5262 concludatur;
501 5198 572 5253 utin
583 5200 810 5256 reverberatoriis.
1055 5204 1160 5258 finitum
1174 5211 1247 5258 essct
1257 5205 1286 5258 in
1300 5205 1434 5260 omnibus.

230 5273 274 5328 11.
296 5274 485 5346 Tempestates
503 5277 603 5347 aliqua
623 5280 698 5334 sudas
720 5297 770 5351 per
787 5282 875 5351 ipsam
893 5283 1018 5338 constitu-
1055 5317 1058 5323 -
1095 5283 1191 5355 Itaque
1206 5283 1395 5355 subjungenda
1407 5293 1470 5340 sunt
1482 5287 1611 5357 negativa
1629 5283 1795 5342 affirmativis.
1807 5287 1830 5331 ‘¹

285 5353 387 5410 tionem
419 5356 498 5423 airis,
536 5373 591 5412 uon
619 5357 715 5414 habita
752 5360 857 5416 ratione
889 5363 1018 5434 temporis
1054 5363 1221 5432 privationes
1235 5363 1410 5433 inspicienda
1419 5372 1522 5419 tantum
1533 5366 1562 5419 in
1571 5366 1629 5420 illis
1638 5365 1767 5434 subjectis
1778 5375 1829 5430 (ιῑῑε

285 5433 361 5487 anni·
1054 5448 1117 5498 aunt
1129 5443 1382 5516 maximecognata
1395 5443 1452 5499 illis
1470 5444 1573 5511 alteris,
1586 5445 1616 5500 in
1636 5446 1730 5517 quibus
1745 5449 1829 5497 natm

338 3191 352 3234 t
612 3207 651 3247 ιι.
