3800 5875
651 320 944 377 MEDITATIONES
966 320 1106 377 SACRAE.
1640 329 1697 390 749

40 473 123 528 initia
144 475 218 530 bons
237 475 365 542 fuerunt)
380 476 428 530 sed
448 493 591 532 excessum
614 479 725 535 addidit.
768 481 853 536 Recte
1187 512 1225 551 Μ
1245 513 1402 554 mmm

38 555 117 609 enim
134 555 238 610 dictum
251 564 301 618 est,
317 564 333 586 ‘⁴
348 556 448 609 Orandi
465 575 562 612 munus
576 575 705 630 magnum
719 557 779 615 e'sse
791 578 851 615 mu·

38 650 95 690 nus
117 635 148 688 in
168 635 326 699 ecclesis;’'
348 644 434 690 etex
453 654 504 690 usu
526 638 649 694 ecclesias
674 647 723 703 est,
745 648 775 693 ut
798 642 853 694 sint

38 723 130 768 coetus
142 714 321 779 hominumn
331 715 476 769 mundanis
489 718 560 771 curis
574 717 663 783 soluti,
674 719 720 789 qui
735 718 851 774 assiduis
928 715 1061 781 Paurnss,
1074 721 1089 748 “
1104 716 1175 770 dixit
1189 716 1217 771 in
1237 719 1344 784 corde,’'
1359 736 1413 773 non
1425 721 1470 785 ait,
1487 727 1502 751 “
1515 723 1645 791 cogitarit
1664 724 1693 779 in

38 801 69 846 et
83 794 189 848 devotis
202 796 329 865 precibus
350 795 439 848 Deum
459 812 509 866 pro
527 797 649 852 ecclesias
670 806 744 852 statu
763 798 851 853 solici-
886 795 968 849 corde
980 796 1006 859 ;’'
1022 795 1074 849 hoc
1088 804 1136 861 est,
1157 812 1211 850 non
1223 804 1278 851 tam
1292 799 1331 851 ite.
1344 800 1427 853 sentit
1441 801 1557 870 penitus,
1573 803 1621 856 sed
1634 804 1693 858 vult

37 882 109 929 tent.
153 872 207 929 Sed
227 873 292 930 huic
309 875 472 928 ordinationi
488 874 536 929 illa
557 876 711 947 hypocrisis
733 878 850 933 finitima
885 874 937 927 hoc
957 876 1084 929 credere:
1107 876 1234 946 quoniam
1259 878 1390 947 expedire
1411 879 1465 932 sibi
1486 880 1567 945 ridet,
1584 889 1612 935 ut
1635 899 1691 938 non

38 963 99 1016 est;
121 970 174 1008 nec
189 955 316 1010 universa
335 954 472 1007 institutio
495 956 662 1025 reprobatur,
677 958 725 1011 sed
739 958 850 1028 spiritus
884 955 921 1008 sit
936 954 1020 1018 Deus,
1032 954 1105 1008 omni
1116 956 1221 1008 ratione
1235 956 1287 1010 sibi
1298 957 1351 1011 hoc
1362 957 1483 1024 suadere,
1495 969 1521 1013 et
1533 961 1690 1017 inanimum

37 1031 83 1086 illi
101 1049 132 1087 ss
145 1034 291 1088 efferentes
305 1034 482 1088 cohibentur:
503 1052 567 1088 nana
579 1043 606 1089 et
619 1035 723 1100 Enoch,
736 1038 783 1106 qui
794 1055 849 1091 sm·
884 1033 1012 1087 inducere
1037 1042 1167 1087 conatur:
1193 1042 1220 1088 et
1241 1043 1370 1106 tanquam
1395 1037 1487 1091 thema
1511 1038 1622 1110 aliquod
1645 1042 1689 1096 vel

37 1111 152 1166 bularit
162 1130 225 1169 cum
240 1114 308 1179 Deo,
323 1113 532 1184 prophetizavit,
546 1123 576 1170 ut
590 1123 631 1169 est
645 1116 717 1186 apud
732 1115 847 1180 tudam
884 1114 1003 1182 positum
1014 1112 1058 1165 sel
1067 1113 1197 1182 placitum
1207 1130 1328 1169 asserere
1343 1125 1371 1169 et
1385 1116 1525 1172 adstruere
1540 1129 1566 1172 er
1580 1120 1687 1176 firmare

36 1201 124 1263 atque
140 1192 229 1248 fructu
245 1211 301 1249 suae
320 1191 474 1265 prophetias
493 1194 636 1249 ecclesiam
651 1196 771 1251 donarit
812 1197 849 1249 Et
883 1192 982 1247 studet.
1023 1193 1119 1246 Manet
1138 1201 1229 1247 tamen
1243 1193 1289 1248 ille
1307 1195 1445 1266 igniculus
1463 1197 1577 1251 luminis
1594 1199 1686 1269 primi,

36 1271 188 1326 lohannes
209 1273 342 1343 Baptista,
367 1290 447 1343 quem
473 1275 625 1345 principem
651 1276 761 1346 quidam
785 1275 848 1329 vitra
883 1289 937 1343 quo
959 1271 1129 1326 divinitatem
1154 1275 1334 1343 agnoscimus,
1360 1292 1441 1347 quem
1463 1293 1574 1346 prorsus
1598 1279 1686 1334 extin-

35 1353 202 1406 monasticae
216 1351 315 1417 nolunt,
330 1351 416 1406 multo
430 1352 581 1408 ministerio
600 1354 707 1409 functus
721 1362 771 1419 est,
791 1365 847 1409 turn
881 1368 974 1421 gnere,
994 1359 1022 1406 et
1041 1351 1182 1406 stimulum
1201 1351 1279 1407 illum
1299 1371 1335 1408 ex
1352 1356 1432 1408 corde
1448 1356 1565 1411 evellere
1584 1357 1685 1413 frustra

35 1431 294 1501 prophetiaationis,
310 1440 367 1486 tum
389 1431 589 1502 baptizationis.
630 1434 702 1488 Nam
724 1435 760 1488 ad
779 1434 847 1488 alios
881 1431 985 1486 nititur.
1027 1431 1116 1492 Quare
1131 1448 1166 1485 ex
1179 1432 1285 1486 malitia
1299 1432 1445 1489 voluntatis
1458 1451 1522 1499 suae,
1538 1445 1566 1491 et
1580 1453 1633 1491 non
1648 1455 1685 1493 ex

35 1511 107 1564 istos
132 1512 162 1565 in
184 1511 274 1566 Deum
298 1511 433 1566 efficimus
457 1512 571 1567 refertur
592 1512 641 1567 illa
662 1514 846 1585 interrogatio,
881 1511 974 1565 nativo
988 1527 1068 1565 sensu
1083 1520 1109 1565 ει
1121 1511 1233 1578 judicio,
1249 1512 1301 1566 hoc
1315 1515 1452 1584 supponit,
1468 1522 1498 1569 ut
1512 1516 1550 1569 ait
1562 1518 1683 1574 comicus

37 1595 54 1621 “
70 1590 101 1644 Si
115 1591 189 1658 juste
202 1592 300 1662 egeris,
315 1591 379 1662 quid
392 1591 506 1646 donabis
520 1593 588 1658 Deo,
604 1602 650 1646 aut
664 1594 729 1664 quid
743 1595 776 1647 de
791 1611 846 1648 ma·
881 1590 970 1659 poeta,
987 1591 1093 1645 “Tunc
1115 1591 1222 1645 animus
1240 1608 1317 1645 meus
1334 1594 1450 1648 accessit
1468 1593 1502 1647 sd
1516 1612 1607 1650 meam
1621 1613 1682 1650 sen·

35 1687 77 1725 nn
91 1678 139 1725 tus
153 1672 314 1741 accipietl'’
366 1671 455 1733 Quare
477 1688 560 1741 opera
573 1674 765 1728 misericordias
785 1682 846 1728 sunt
880 1670 1020 1734 tentiam,’'
1037 1669 1187 1741 quasiipse
1202 1669 1269 1724 alter
1283 1681 1355 1725 esset
1369 1673 1404 1725 ab
1423 1673 1516 1727 animo
1530 1691 1586 1728 sno.
1630 1676 1683 1730 lta-

35 1766 125 1820 opera
143 1750 316 1805 discretionis
335 1751 549 1821 hypocritarum.
591 1752 695 1806 Contra
708 1763 801 1807 sutem
815 1754 846 1807 fit
880 1766 932 1821 que
955 1749 1073 1804 atheista
1093 1750 1183 1820 magis
1204 1749 1273 1803 dixit
1292 1751 1321 1805 in
1341 1751 1430 1816 corde,
1453 1770 1535 1824 quarn
1554 1755 1637 1809 sentit
1651 1756 1680 1811 in

36 1847 101 1883 curn
114 1830 267 1894 haereticis3
289 1847 354 1884 nam
365 1841 394 1884 ut
408 1829 557 1901 hypocritis
571 1832 698 1886 simulata
711 1851 761 1887 sua
770 1850 845 1886 sane.
879 1830 971 1895 corde,
986 1830 1058 1901 quod
1069 1845 1124 1883 non
1138 1830 1175 1882 sit
1188 1829 1272 1884 Deus.
1313 1830 1445 1895 Secundo,
1460 1833 1530 1887 dixit
1550 1834 1578 1887 in
1592 1835 1680 1901 corde,

36 1910 120 1963 titste
136 1927 230 1966 sersus
244 1909 334 1964 Deum
345 1910 459 1978 injurias
473 1927 536 1965 suss
550 1928 643 1966 versus
657 1910 782 1967 homines
796 1913 844 1967 ob·
879 1924 932 1962 non
956 1927 1002 1963 ore
1024 1909 1129 1963 locutus
1151 1918 1209 1972 est,
1231 1909 1279 1963 sed
1301 1910 1448 1965 notandum
1471 1921 1513 1966 est
1533 1912 1586 1967 hoc
1606 1924 1680 1970 metu

35 1988 160 2053 ducunt;
182 1990 220 2043 ita
234 1989 357 2044 haeretici
370 1989 523 2044 moralitate
546 1991 663 2062 quadam
684 2009 778 2047 sensns
798 1991 844 2046 ho
878 1987 948 2058 Ῑιςίι
969 1998 997 2042 et
1010 1988 1091 2042 11111111)
1104 1988 1171 2052 fieri,
1186 2004 1258 2054 1111111.
1272 1996 1303 2043 111
1323 1991 1362 2045 alt
1382 1990 1439 2052 ille,
1454 1996 1469 2022 ‘⁴
1483 1992 1594 2062 Negare
1613 1994 1680 2050 deos

35 2069 130 2124 mines
143 2069 331 2141 blasphemias
345 2087 408 2124 susa
422 2077 515 2125 contra
529 2070 619 2125 Deum
630 2071 776 2127 insinuant
877 2067 986 2122 difficile
1008 2074 1049 2121 εει
1062 2068 1091 2121 in
1112 2068 1241 2122 concione
1262 2069 1366 2139 populi,
1380 2070 1469 2124 sedin
1488 2089 1617 2128 concessu
1639 2073 1679 2127 ia·

878 2146 980 2201 miliari
994 2147 1181 2217 expeditum.”
1223 2148 1297 2202 Nam
1312 2148 1335 2203 si
1351 2149 1402 2203 hoc
1417 2150 1554 2206 vinculum
1569 2151 1680 2208 tollatur

304 2211 342 2251 ⁰⁸
362 2211 581 2251 ¹¹⁹⁰⁸²⁰¹¹⁸⁰⁸
878 2243 893 2280 e
907 2227 1004 2290 medio,
1015 2243 1070 2280 non
1084 2235 1125 2279 εει
1138 2226 1260 2291 haeresis,
1275 2245 1335 2298 quae
1350 2229 1452 2297 majore
1469 2231 1558 2285 studio
1571 2248 1600 2286 se
1614 2248 1679 2302 pan-

80 2296 97 2323 “
112 2292 177 2347 Sive
203 2300 295 2347 menie
328 2293 493 2358 9111θᾶ11111,
522 2292 603 2346 D0⁰²
625 2291 696 2347 *lle
719 2290 803 2347 ⁸⁰bffi
876 2306 949 2372 dere,
965 2315 992 2361 et
1005 2323 1141 2377 spargere,
1153 2315 1180 2360 et
1193 2306 1376 2377 multiplicare
1391 2308 1500 2372 nitatur,
1513 2328 1595 2381 quam
1604 2312 1680 2366 sthe-

201 2388 300 2438 11111111,
316 2373 420 2428 v0bi⁸·”
877 2385 970 2440 ismus.
1006 2387 1066 2440 Nec
1080 2386 1173 2439 videas
1184 2403 1240 2452 eos,
1251 2386 1336 2457 quiin
1347 2386 1418 2442 hanc
1429 2389 1528 2444 mentis
1542 2391 1679 2446 insaniam

78 2468 163 2522 Vasa
185 2476 225 2522 est
244 2468 298 2522 ista
316 2467 473 2539 redigisset
491 2484 585 2521 rerum
600 2474 842 2536 temperamentum
876 2465 998 2520 immersi
1011 2474 1074 2519 sunt
1087 2465 1162 2519 aliud
1176 2465 1232 2520 fere
1250 2467 1361 2535 spirare,
1376 2478 1404 2521 et
1423 2468 1574 2539 importune
1593 2471 1678 2526 incul-

34 2547 99 2611 viri,
114 2547 160 2602 cui
174 2547 273 2619 religio
286 2549 397 2618 penitus
407 2548 436 2602 in
452 2547 608 2618 praecordiis
622 2546 729 2609 insedit,
744 2554 771 2599 ct
785 2546 841 2600 seri
876 2562 945 2607 care,
958 2561 1040 2616 quam
1055 2545 1138 2599 verba
1151 2545 1296 2609 atheismi;
1313 2546 1380 2599 utin
1395 2546 1522 2601 Lucretio
1534 2549 1676 2618 Epicureo,

34 2627 160 2697 operarii
181 2627 244 2681 Dei.
297 2627 475 2682 conversatio
495 2627 521 2681 ei
543 2644 603 2699 quse
626 2643 689 2680 cuns
708 2626 768 2680 Deo
789 2634 841 2689 est,
876 2626 922 2695 qui
936 2625 992 2678 sere
1006 2641 1082 2677 suam
1097 2625 1126 2679 in
1140 2623 1300 2695 religionem
1314 2625 1479 2680 invectivam
1489 2628 1605 2698 singulis
1614 2631 1677 2684 aliis

34 2706 123 2777 plens
144 2723 283 2770 excessus,
305 2715 333 2760 et
354 2706 413 2771 aeli,
428 2714 456 2761 et
477 2707 587 2761 extasis.
629 2706 702 2759 Hinc
724 2704 842 2776 gemitus
876 2703 1005 2771 subjectis
1014 2703 1201 2758 intercalarem
1213 2703 1286 2758 iacit.
1315 2703 1396 2758 Ratio
1407 2705 1512 2759 ridetur
1523 2723 1590 2772 esse,
1606 2710 1677 2780 quod

33 2787 195 2842 ineffabiles
209 2795 238 2842 et
251 2788 440 2848 exultationes.
452 2793 480 2840 et
493 2794 586 2857 ruptus
601 2786 721 2856 spiritus,
736 2793 764 2839 et
774 2801 841 2855 ago·
876 2784 1003 2848 atheista,
1014 2800 1077 2838 cum
1091 2783 1143 2837 sibi
1157 2800 1212 2837 non
1227 2783 1294 2837 satis
1307 2783 1470 2854 acquiescat,
1485 2795 1610 2849 aestuans,
1625 2806 1676 2843 nec

33 2883 97 2921 nes.
139 2866 178 2920 At
192 2883 252 2939 quae
266 2883 328 2921 cum
346 2865 503 2921 hominibus
526 2873 574 2929 est,
590 2865 671 2937 plena
685 2873 842 2918 mansuetu·
875 2864 927 2918 sibi
950 2862 1017 2918 satis
1038 2862 1157 2925 credens,
1171 2870 1198 2917 ει
1212 2863 1306 2917 crebra
1324 2880 1381 2917 sum
1401 2865 1536 2933 opinionis
1557 2865 1677 2938 deliquia

33 2947 120 3012 dinis,
136 2953 165 3002 et
185 2947 346 3012 sobrietatis,
370 2956 398 3002 et
419 2947 652 3017 morigerationis,
674 2945 738 2999 hinc
760 2951 776 2977 ‘⁸
787 2962 841 2999 ous-
876 2945 905 2998 in
918 2943 1093 2999 interioribus
1107 2944 1221 3014 patiens,
1232 2944 1268 2997 ab
1282 2944 1397 2998 aliorum
1408 2961 1518 3000 assensu
1529 2946 1673 3002 refocillari

32 3028 84 3081 nia
99 3026 425 3091 omnibusfactussum,'’
441 3034 469 3081 ει
489 3026 655 3095 hujusmodi.
696 3024 798 3080 Contra
812 3025 842 3079 tit
875 3026 961 3095 cupit.
1003 3025 1076 3078 Nam
1091 3031 1163 3078 recte
1177 3023 1278 3079 dictum
1299 3032 1357 3078 est:
1380 3030 1396 3055 “
1410 3023 1461 3085 Qui
1477 3025 1555 3079 alteri
1573 3027 1676 3096 opinio-

32 3107 63 3161 in
79 3106 235 3176 hypocritis
248 3114 276 3161 et
290 3107 499 3176 impostoribus:
521 3107 542 3161 ii
556 3107 628 3160 enim
643 3105 672 3159 in
693 3104 795 3175 populo
815 3112 842 3159 et
874 3120 937 3159 nem
953 3103 1104 3175 approbare
1119 3103 1213 3157 sedulo
1229 3103 1311 3174 cupit,
1326 3104 1385 3173 ipae
1407 3103 1532 3158 diffidit.”
1574 3105 1674 3172 Tertio,

31 3186 156 3241 ecclesia
167 3186 314 3241 incendunt
328 3203 357 3240 sc
370 3196 398 3241 et
411 3186 553 3249 excedunt,
565 3192 592 3240 et
602 3185 685 3239 veluti
699 3185 783 3239 sacris
798 3183 839 3239 fu·
875 3183 1008 3254 insipiens
1026 3190 1075 3247 est,
1094 3183 1141 3254 qui
1159 3183 1211 3237 hoc
1232 3182 1261 3237 in
1277 3182 1357 3238 corde
1371 3182 1459 3248 dixit,
1482 3185 1553 3255 quod
1568 3186 1675 3240 verissi-

32 3268 132 3321 oribus
144 3265 229 3321 afflati
249 3266 342 3321 omnia
359 3267 482 3321 miscent.
523 3266 627 3336 Siquis
643 3272 841 3319 autemeorum
875 3281 950 3318 mum
971 3270 1089 3329 estnon
1108 3270 1213 3317 tantum
1234 3263 1307 3333 quod
1324 3262 1417 3316 divina
1435 3279 1491 3318 non
1511 3265 1606 3335 sapiat,
1627 3267 1675 3320 sed

33 3345 208 3411 solitudines,
229 3354 258 3401 et
277 3355 417 3416 separatas
437 3345 634 3409 meditationes,
649 3352 678 3399 et
698 3361 760 3400 cum
780 3344 842 3399 Deo
875 3344 958 3397 etiam
983 3343 1130 3397 secundum
1152 3342 1300 3397 hominem.
1348 3342 1443 3397 Primo
1463 3344 1537 3397 enim
1555 3345 1674 3417 ingenia,

32 3426 258 3480 conversationes
273 3426 451 3497 introspiciat,
463 3424 648 3494 deprehendat
658 3441 705 3479 ess
715 3441 770 3478 non
784 3431 841 3479 tan·
876 3440 936 3493 quae
950 3423 1055 3478 suntin
1076 3421 1240 3477 atheismum
1255 3421 1389 3491 proniora,
1403 3422 1495 3478 videas
1518 3423 1574 3478 fere
1594 3425 1673 3490 levia,

31 3514 93 3561 tum
109 3504 226 3577 frigidas
237 3513 265 3559 et
279 3506 338 3560 sine
351 3513 433 3569 motu,
449 3504 496 3559 sed
510 3503 605 3574 plenas
619 3503 731 3559 malitia
745 3512 773 3559 et
787 3503 840 3559 ier·
875 3510 903 3557 et
915 3503 1028 3567 dicacis,
1043 3510 1070 3557 et
1091 3500 1231 3566 audacula,
1246 3508 1274 3556 et
1296 3501 1456 3557 insolentia:
1478 3502 1537 3571 ejus
1557 3503 1674 3576 denique

32 3586 141 3649 mentis
162 3585 247 3640 sobrii
261 3585 329 3651 Deo,
343 3592 433 3640 mente
448 3584 609 3640 excedentes
621 3583 731 3655 populo.
875 3582 1085 3652 compositionis,
1110 3599 1172 3652 quie
1194 3581 1344 3652 prudentia·
1369 3589 1397 3635 et
1420 3581 1547 3653 gravitati
1569 3601 1676 3639 morum

875 3662 1068 3717 adversissimas
1091 3670 1140 3716 est.
1192 3661 1324 3727 Secundo,
1347 3661 1417 3715 inter
1444 3662 1517 3716 viros
1540 3661 1672 3732 politicos,

232 3769 269 3809 Μ
289 3768 447 3808 ammon
469 3767 649 3807 ,urorum
875 3742 921 3813 qui
935 3741 1040 3796 altioris
1053 3741 1157 3813 ingenii
1172 3750 1201 3795 et
1212 3741 1318 3796 latioris
1331 3741 1419 3795 cordis
1436 3740 1551 3807 fuerunt,
1566 3741 1674 3815 religio-

694 3869 721 3916 ε
874 3828 1076 3954 ιιιιιι
1092 3820 1674 3956 ιιιιιιιιιιιιιι

197 3941 286 3995 ti⁰¹¹⁹⁸
297 3940 358 3995 sahi
374 3941 492 3996 ⁰⁰mi⁰i⁸
505 3941 652 3996 ”ienfiae'n
875 3917 954 4034 ιῗιιιεέ
963 3917 1108 4050 prleurimgunha
1121 3918 1272 4034 tribneurint:
1313 3916 1414 4033 Οἶειτξ
1438 3979 1485 4050 qui
1500 3919 1602 4035 artibus
1616 3921 1673 4037 suis

117 4025 135 4132 Σ
150 4020 260 4090 Imm
271 4028 298 4074 εἴ
311 4020 399 4113 ‘milei
413 4020 519 4113 ‘apula'
531 4021 647 4113 ἀμφὶ,
822 4102 838 4129 ,,
874 4068 902 4113 ει
915 4059 1064 4122 industriis,
1079 4068 1108 4113 ει
1121 4059 1210 4114 causis
1220 4058 1361 4129 proximis,
1372 4066 1400 4112 ει
1414 4018 1607 4129 hppsrentibus
1617 4078 1673 4115 om-

146 4100 238 4154 N⁰¹¹¹⁰
252 4116 300 4155 '⁰⁸
309 4100 431 4172 ΜΡΝ
443 4118 470 4154 ¹¹¹
481 4099 647 4155 mbhmmte
657 4116 820 4156 mmmm
874 4139 920 4193 nia
932 4139 1125 4210 ascripserunt,
1146 4146 1183 4204 et,
1198 4146 1228 4193 ut
1244 4138 1285 4192 sit
1304 4137 1447 4209 propheta,
1462 4144 1479 4170 ‘⁶
1491 4138 1595 4194 retibus
1616 4143 1673 4195 sois

75 4206 158 4261 Τ111111
183 4217 461 4273 1111111ι11111111θ1ιθ1
482 4209 565 4262 veluti
587 4208 650 4279 styli
674 4209 838 4279 impostura.
874 4218 1074 4283 immolarunt,”
1084 4217 1176 4291 pusilli
1187 4217 1414 4288 ineruntpolitici,
1423 4228 1449 4271 et
1457 4218 1672 4287 circumforanei,

32 4286 161 4342 Primum
186 4305 272 4360 genus
295 4298 337 4344 ese
360 4307 462 4354 eorum.
487 4289 534 4360 qui
555 4290 647 4343 statim
667 4297 698 4343 ut
719 4289 840 4360 aliquam
874 4307 902 4351 et
914 4298 1109 4369 magnitudinis
1120 4297 1256 4353 actionum
1264 4297 1416 4368 incapaces.
1449 4297 1550 4364 Tertio,
1558 4299 1587 4352 in
1600 4299 1672 4372 phy·
1729 4308 1733 4315 ι

32 4368 181 4422 materiam
196 4369 270 4423 nacti
284 4378 355 4434 sunt,
366 4378 453 4424 artem
467 4368 619 4432 conficiunt,
631 4368 763 4423 vocabula
774 4370 840 4424 artis
873 4378 938 4432 eicis
951 4385 979 4432 et
1000 4377 1069 4432 illud
1087 4379 1199 4441 affirmo,
1214 4393 1310 4447 parum
1332 4376 1514 4447 philosophiae
1532 4379 1672 4445 naturalis,

32 4447 191 4517 1111901111111,
206 4448 299 4503 omnib
312 4450 341 4503 in
361 4448 548 4527 11111111011011111
565 4449 698 4518 redigunt»
712 4448 776 4502 inde
790 4466 840 4519 po·
874 4458 943 4511 etin
957 4475 991 4511 ea
1007 4455 1393 4529 progressumliminaremad
1406 4455 1569 4512 atheismnm
1584 4460 1672 4530 opini-

32 4527 88 4581 sits
100 4527 146 4580 vel
160 4528 282 4582 themata
295 4530 421 4593 educunt,
435 4536 463 4583 et
481 4544 517 4582 ex
535 4527 728 4598 questionibus
749 4535 778 4582 et
797 4546 839 4583 re·
874 4553 940 4591 ones
953 4537 1100 4592 inclinare:
1121 4543 1222 4602 contra,
1236 4536 1351 4591 multum
1369 4535 1552 4607 philosophia
1565 4549 1672 4594 narum.

33 4606 230 4676 sponsionibus
243 4608 426 4677 oppositiones
437 4607 600 4662 conficiunt:
621 4607 686 4661 hinc
697 4606 839 4663 scholasti·
873 4615 915 4680 lja,
928 4625 958 4671 et
971 4633 1144 4689 progressum
1158 4617 1187 4672 in
1201 4632 1235 4670 ea
1247 4623 1439 4686 penetrantem,
1455 4617 1489 4671 sd
1509 4618 1672 4687 religionem

32 4703 132 4740 corum
153 4687 308 4758 quisquilias
327 4694 355 4742 et
375 4688 467 4742 turbas.
517 4686 671 4741 Secundum
691 4703 777 4757 genus
798 4698 840 4744 est
874 4697 980 4751 animoa
999 4697 1182 4752 circumferre.
1224 4696 1313 4757 Quare
1334 4695 1483 4751 atheismua
1503 4696 1625 4753 stultitiae
1645 4707 1673 4752 et

33 4782 141 4831 eorum,
156 4768 204 4836 qui
218 4767 338 4821 vanitate
351 4767 463 4839 ingenii,
477 4774 508 4821 ut
526 4767 596 4821 meri
615 4767 724 4838 quidam
743 4766 838 4838 poete,
872 4777 989 4831 innius
1001 4777 1102 4848 ubique
1113 4775 1251 4831 conmotus
1265 4792 1326 4831 erse
1347 4775 1460 4839 videtur,
1474 4781 1506 4830 ut
1525 4777 1622 4831 merito
1636 4777 1672 4833 sit

33 4861 146 4900 ornnem
161 4845 348 4917 exemplorum
362 4847 520 4902 varietatem
534 4847 569 4901 ad
578 4856 684 4901 mentes
697 4846 839 4902 hominurn
873 4856 975 4911 dietum
989 4857 1181 4926 insipientium,
1197 4861 1214 4888 11
1224 4856 1290 4911 Non
1301 4862 1344 4910 est
1357 4855 1460 4910 Μεθ’

33 4925 193 4979 tractandas
216 4928 390 4997 contingunt:
412 4928 483 4982 unde
506 4927 571 4981 ritae
595 4943 699 4996 parurn,
723 4934 751 4980 et
772 4927 839 4981 anti·

34 5022 154 5076 qnorum
169 5006 360 5061 haercticomm
373 5006 505 5077 figmenta
524 5007 674 5060 innumera.
716 5004 839 5061 Tertium
1157 5040 1196 5079 Μ
1216 5041 1389 5081 mmm,

33 5102 126 5154 genus
138 5102 240 5149 eorum,
256 5087 302 5157 qui
322 5087 458 5155 mysteriis
472 5093 499 5140 et
519 5085 724 5157 grandiloquiis,
739 5084 839 5157 allego

35 5166 85 5218 riis
110 5173 140 5219 ει
167 5164 346 5220 allusionibus
370 5166 463 5221 omnia
489 5166 625 5237 implent:
656 5165 729 5237 quod
752 5182 839 5236 genus

34 5247 183 5312 mysticum
197 5252 225 5299 et
238 5246 392 5315 gnosticum
406 5245 558 5316 complures
568 5245 690 5300 heretici
705 5245 757 5299 sibi
768 5245 839 5299 dele·

34 5332 145 5393 gerunt
188 5324 311 5378 Primum
323 5341 410 5395 genus
424 5343 534 5381 sensum
550 5332 577 5378 et
596 5331 706 5396 captum
720 5325 839 5380 hominis
913 5324 1015 5381 Canos
1042 5326 1094 5381 iste
1121 5334 1211 5381 mater
1235 5325 1357 5381 omnium
1384 5341 1517 5380 canonum
1545 5325 1673 5381 adversm

34 5402 178 5474 illaqueat,
191 5402 339 5459 mundum
359 5403 451 5469 allicit,
473 5405 584 5460 tertium
605 5404 766 5476 stupefacit3
796 5423 839 5461 se·
873 5404 1000 5461 haereses.
1041 5406 1153 5477 Duplex
1166 5406 1265 5462 erroris
1278 5422 1368 5469 causa,
1378 5406 1513 5475 ignoratio
1527 5406 1675 5460 voluntatis

35 5483 139 5537 ducunt
153 5499 218 5537 vero
231 5485 332 5540 omnia.
873 5485 933 5549 Dei,
948 5494 976 5539 et
989 5485 1126 5557 ignoratio
1148 5487 1190 5541 rel
1210 5486 1298 5540 levior
1318 5484 1514 5556 contemplatio
1534 5486 1675 5557 potestatis

931 611 947 638 ‘⁸
958 605 1040 660 Dixit
1054 605 1187 677 insipiens
1201 605 1230 660 in
1245 608 1326 662 corde
1340 625 1397 674 suo,
1417 609 1483 663 Non
1497 617 1539 665 eat
1552 612 1653 669 Deus.”

913 5139 929 5165 ‘⁴
939 5135 1053 5199 Erratis,
1067 5135 1221 5269 nesscientes
1232 5136 1396 5208 Scripturas,
1407 5151 1495 5206 neque
1511 5142 1630 5206 potesta·

1032 5224 1087 5270 tem
1129 5216 1183 5271 ei.”
