3800 5875
204 303 264 368 074
782 300 953 356 impurus
974 299 1264 356 PHlLOSOPHlill.

202 468 263 537 ipsa
278 483 321 520 res
335 465 387 519 hoc
403 478 458 517 non
473 462 561 518 solum
575 461 683 532 patitur,
699 477 793 516 verum
811 461 895 516 etiam
913 469 1004 531 postu·
1041 465 1349 516 connexaessestatuo
1391 458 1555 531 itaqnenon
1569 455 1709 513 hainao
1720 455 1851 529 apndsoe

203 547 254 616 lat)
268 553 298 600 ut
312 544 406 600 stillis
420 537 508 596 honor
521 549 690 606 servetur,et
703 557 754 597 noa
767 541 928 596 modestiam
943 558 1004 596 nos
1042 541 1141 605 dicere,
1156 557 1200 595 me
1214 539 1306 596 locum
1320 538 1427 594 Platoni
1441 545 1471 594 ct
1486 538 1630 593 Aristoteli
1643 537 1770 592 tribuae
1781 537 1852 592 iater

204 634 274 679 tram
302 624 371 679 tueri
396 630 424 676 et
449 623 564 677 renuere
591 620 735 691 possimus,
759 630 787 676 et
808 629 900 677 tamen
921 622 1004 678 iidem
1043 621 1204 692 Sophistas3
1226 621 1276 674 sed
1296 627 1428 690 tauquam
1448 619 1554 674 ordinis
1567 618 1710 673 emendati
1722 625 1754 672 et
1766 618 1851 673 nter-

203 706 328 760 liberare.
368 703 430 758 Nos
444 702 526 766 enim,
542 700 599 765 filii,
613 718 664 755 nec
678 701 788 757 invidia
801 717 852 757 nec
863 702 1005 770 iactantiae
1041 701 1119 756 mati.
1158 700 1283 755 Eandem
1304 700 1379 754 enim
1400 716 1459 754 rem
1480 715 1594 770 prorsus
1613 698 1706 754 rideo.
1749 696 1851 753 Aberat

203 786 282 840 nobis
295 784 399 838 conscii
419 796 521 846 sumus,
535 797 586 835 nec
600 781 634 835 de
653 781 759 853 ingenii
777 782 878 852 palma,
898 797 949 837 nec
969 782 1003 837 de
1043 781 1157 836 iormsse
1170 781 1227 836 loci
1238 779 1356 835 mutatio
1369 787 1398 834 et
1416 778 1652 844 circumcursatio,
1667 786 1697 832 et
1716 778 1850 833 macedis

203 865 365 937 placitomm
385 879 470 934 regno
491 861 695 918 contendimus:
729 860 811 933 longe
835 862 892 916 alia
910 869 1003 916 nostra
1041 861 1198 933 indignitas,
1215 867 1244 915 et
1255 860 1352 931 inepta
1364 859 1527 915 ostentatio:
1548 865 1636 928 atque
1649 857 1729 913 lucet
1747 857 1779 912 in
1796 857 1850 913 illis

203 945 274 999 ratio
295 955 343 1009 est,
362 951 390 999 et
411 943 481 1006 finis,
503 942 611 1014 hocque
632 958 699 996 mox
717 942 863 1011 aperietur.
906 941 1003 1012 ltaque
1041 950 1114 996 certe
1138 940 1269 1012 quiddam
1290 939 1429 995 solemnius
1449 946 1478 994 et
1499 937 1643 1004 nobiliusr
1665 938 1719 992 sed
1739 937 1851 993 ademi

204 1024 376 1095 antiquorum
394 1021 522 1095 ingeniis,
536 1021 715 1086 excellentia,
729 1021 860 1086 facultati,
874 1021 946 1076 nihil
959 1023 1004 1077 de·
1041 1020 1364 1086 scholanuditor,secta.
1405 1019 1502 1091 Itaque
1515 1035 1606 1091 genus
1619 1018 1718 1088 ipsum
1730 1018 1850 1088 proheta

204 1104 344 1170 trahimus,
358 1102 407 1159 sed
426 1101 521 1175 generi
540 1101 602 1173 ipsi,
616 1101 675 1168 viss,
689 1101 821 1168 instituto,
840 1102 1003 1167 auctoritati,
1041 1101 1161 1157 cernitis
1202 1100 1267 1155 iam
1281 1116 1347 1155 raro
1363 1100 1398 1154 de
1411 1099 1478 1154 viris
1491 1100 1561 1170 ipsis
1575 1098 1688 1169 aliquid
1702 1099 1849 1168 separatim

203 1184 320 1255 placitis,
327 1183 482 1240 necessario
489 1182 662 1254 derogamus.
692 1182 860 1238 Immensum
869 1183 942 1237 enim
954 1189 1002 1247 est,
1041 1181 1172 1247 dicamus,
1185 1180 1343 1236 institutum
1363 1186 1512 1244 maanus,
1531 1187 1571 1245 ut,
1589 1178 1692 1234 missia
1712 1177 1801 1246 aare,
1815 1197 1850 1235 ex

204 1270 334 1336 qnantum
347 1262 521 1320 scientiarum
542 1277 716 1334 progressum
738 1262 898 1333 deprimant,
920 1269 1003 1333 atque
1041 1261 1128 1334 signis
1141 1261 1330 1330 conjiciamus.

204 1344 299 1414 opinio
312 1344 400 1415 copiae
412 1343 633 1398 intermeximas
643 1342 850 1412 causasinopirc
860 1343 1002 1413 reperitur.
1082 1342 1178 1413 ltaque
1200 1341 1236 1396 ab
1249 1339 1399 1395 Aristotele
1419 1339 1519 1403 exorsi,
1541 1336 1713 1393 memoriam
1727 1347 1847 1403 emnam,

244 1423 334 1495 Atque
347 1424 403 1480 duo
416 1428 485 1487 arnt,
497 1422 557 1486 viri,
567 1422 624 1487 tilii,
635 1439 751 1493 quorum
765 1422 865 1492 placita
879 1439 915 1478 ex
925 1421 1003 1478 libris
1040 1421 1099 1488 tilii,
1114 1429 1255 1485 testamur,
1275 1420 1300 1475 si
1323 1420 1352 1474 in
1373 1418 1499 1489 physicis
1519 1419 1581 1487 ejus
1601 1426 1632 1472 et
1652 1417 1848 1488 metaphysicis

204 1519 298 1559 eorum
312 1504 430 1576 propriis
442 1503 553 1558 haurire
567 1502 640 1557 licet.
681 1501 761 1557 Plato
780 1510 808 1556 et
821 1501 1000 1558 Aristoteles·
1040 1518 1095 1556 non
1109 1503 1210 1571 sapius
1223 1499 1374 1555 dialectices
1393 1514 1477 1570 quam
1496 1507 1604 1553 natura
1618 1514 1706 1553 νοω
1727 1497 1846 1553 aradiatia

205 1584 310 1642 utinam
317 1583 385 1638 rllud
394 1592 424 1639 et
431 1583 598 1654 reliquorum
606 1582 745 1638 nonnuilrs
752 1582 919 1654 contigisset.
947 1583 1004 1639 Sed
1041 1581 1113 1643 Quid
1126 1583 1200 1636 enim
1213 1580 1293 1635 solidi
1311 1581 1347 1635 ab
1359 1595 1393 1634 eo
1408 1580 1515 1649 sperari
1533 1578 1633 1649 possit,
1652 1578 1705 1649 qui
1723 1577 1846 1633 muudum

162 1657 167 1666 '
204 1661 374 1728 Aristoteles,
396 1662 632 1718 Othomannomm
653 1677 737 1728 more,
757 1679 873 1734 regnare
897 1680 927 1718 se
947 1679 1003 1718 non
1041 1658 1494 1755 tanquamecstegoriiseiiecerit?
1514 1656 1846 1730 Qoiuegotiummateria

205 1743 327 1835 potuisse
340 1742 694 1807 existimavit,nis1iratres
708 1742 880 1797 tmcidasset.
917 1743 1002 1814 idque
1040 1749 1069 1796 et
1082 1741 1169 1807 vacui,
1189 1740 1350 1796 etruritatis
1363 1746 1391 1795 et
1407 1738 1558 1803 demutatis,
1573 1755 1628 1811 per
1647 1738 1847 1793 &sumnum

205 1823 231 1876 ei
242 1840 297 1878 non
311 1824 402 1877 statim
414 1839 488 1887 sane,
500 1822 549 1877 sed
561 1829 658 1893 postea
670 1839 706 1877 ex
719 1829 782 1877 voto
794 1823 878 1876 nimis
888 1821 1004 1878 feliciter
1041 1830 1118 1878 actus
1131 1829 1159 1877 et
1172 1822 1301 1893 potentiae
1311 1819 1498 1891 transegerit?
1519 1819 1574 1881 Qui
1584 1818 1694 1873 anima
1704 1834 1847 1890 geuuanoa

205 1903 344 1958 successit.
387 1903 430 1957 De
443 1901 488 1958 his
501 1903 595 1973 itaque
605 1902 711 1957 duobus
724 1918 811 1973 pauca
821 1903 913 1958 dicere
926 1903 1003 1958 insti·
1041 1902 1127 1958 multo
1140 1901 1248 1966 melius,
1263 1918 1346 1973 quam
1359 1899 1521 1956 exvocibus
1534 1898 1692 1954 oecundae
1682 1899 1846 1963 ruendum,

206 1982 316 2038 tuimus.
357 1981 570 2052 Xenophontem
584 1989 677 2036 autem
690 1982 801 2037 tertium
814 1982 1004 2055 nonadJnngi·
1042 1982 1191 2038 tribuerit?
1206 1979 1563 2051 Vernmhtecsdresipsss
1571 1985 1735 2050 penetrm.
1757 1978 1846 2049 itaque

205 2078 274 2127 mus,
308 2079 419 2117 suavem
452 2061 611 2131 scriptorem
641 2067 669 2116 et
695 2061 783 2117 virum
814 2060 1003 2119 excellentem.
1042 2062 1078 2116 ah
1103 2061 1260 2132 hujusmodi
1288 2076 1413 2116 sermone
1441 2059 1644 2114 absistendum.
1687 2058 1766 2113 Nam
1790 2075 1847 2113 ιιιιι

206 2142 309 2196 Verum
324 2159 385 2196 cum
399 2141 521 2211 illisqui
534 2140 741 2211 philosophiam
754 2149 884 2212 tanquam
899 2142 1005 2214 ingenii
1041 2141 1255 2197 confutationem
1275 2140 1378 2209 justam
1404 2139 1547 2195 instituere
1569 2137 1747 2193 immemoris
1773 2137 1847 2209 mane

205 2222 454 2293 peregrinationem
464 2236 599 2276 amoenam
607 2228 635 2274 et
645 2221 801 2289 jucundam,
809 2238 864 2276 non
875 2229 1005 2294 tanquam
1042 2222 1096 2277 sit:
1116 2223 1156 2276 ita
1169 2230 1197 2276 et
1209 2220 1352 2291 opiniones
1366 2220 1437 2274 tanti
1456 2218 1581 2274 hominis
1594 2235 1649 2290 per
1662 2218 1779 2273 satiram
1790 2233 1846 2290 per·

161 2363 173 2370 ..
206 2301 375 2371 provinciam
387 2300 553 2355 laboriosam
566 2308 593 2355 et
608 2299 743 2356 solicitam
757 2310 1004 2373 suscepemut,no·
1043 2302 1178 2374 stringere
1191 2300 1340 2373 superbum
1353 2300 1433 2355 foret.
1475 2299 1564 2371 Signa
1580 2306 1677 2353 autem
1692 2299 1724 2352 in
1736 2297 1846 2353 illcnon

206 2380 249 2434 bis
262 2396 318 2435 non
328 2381 442 2436 muitum
457 2381 499 2435 rei
512 2386 562 2435 est.
1042 2382 1123 2445 bons,
1137 2381 1210 2453 quod
1222 2381 1365 2453 ingenium
1379 2380 1522 2434 incitatum
1536 2388 1566 2433 et
1579 2395 1611 2433 se
1623 2378 1790 2450 proripiens,
1800 2395 1847 2431 nee

248 2460 343 2531 itaque
365 2461 417 2515 hos
435 2460 503 2516 duos
516 2461 598 2526 viros,
615 2459 758 2515 Platonem
772 2469 800 2516 et
822 2460 1004 2528 Aristotelem,
1043 2461 1141 2517 alienae
1161 2460 1337 2531 cogitationis
1355 2476 1406 2514 nec
1429 2459 1550 2530 propriae
1565 2458 1626 2513 iere
1647 2460 1769 2529 patiens,
1782 2458 1847 2529 quod

207 2539 231 2593 si
247 2540 308 2610 quis
326 2541 398 2596 inter
410 2542 531 2596 maxima
549 2540 704 2596 mortalium
717 2540 829 2613 ingenia
841 2557 897 2597 nou
907 2558 1005 2596 nume-
1044 2542 1224 2613 quaestionum
1231 2541 1339 2605 artifex,
1346 2540 1419 2611 quod
1426 2538 1694 2594 contradictionibus
1701 2539 1846 2598 continuus,

207 2629 255 2684 ret,
270 2627 318 2674 aut
332 2620 422 2676 minus
436 2620 574 2691 perspicit,
589 2621 738 2676 autminus
758 2637 852 2692 aquus
866 2629 919 2676 est.
962 2618 1006 2675 ln·
1044 2621 1117 2692 quod
1131 2620 1285 2693 antiquitati
1303 2619 1419 2675 infestus
1432 2625 1462 2673 et
1481 2619 1628 2684 insultans,
1644 2618 1722 2690 quod
1740 2617 1847 2689 quesita

206 2700 289 2770 genia
308 2707 380 2755 certe
403 2700 513 2756 illomm
530 2700 651 2771 capacia,
666 2708 753 2765 acuta,
774 2700 910 2756 sublimia
952 2701 1007 2756 Sed
1045 2701 1196 2756 obscuritas
1204 2708 1258 2766 ests
1272 2699 1329 2754 alia
1342 2699 1468 2770 piurima,
1477 2716 1540 2770 quaa
1554 2697 1846 2770 omniamagisterinm

157 2831 158 2834 ,
207 2789 298 2834 tamen
312 2780 456 2835 videndum
470 2781 566 2851 primo,
580 2782 659 2849 cujas
676 2782 784 2852 generis
805 2780 1006 2852 philosophan—
1044 2781 1162 2852 sapiunt,
1183 2797 1238 2835 non
1251 2779 1459 2851 inquisitionem
1472 2778 1608 2834 veritatis.

207 2860 275 2915 earm
299 2861 406 2915 censeri
430 2861 545 2931 possint.
588 2860 703 2914 Invenio
730 2861 803 2915 enim
825 2861 877 2915 tris
903 2877 1007 2933 genera
1085 2860 1163 2922 Quod
1186 2861 1210 2916 si
1232 2859 1293 2932 quis
1312 2859 1348 2913 ad
1372 2858 1441 2925 haec,
1454 2874 1600 2914 censuram
1621 2874 1683 2912 rem
1704 2855 1847 2929 praelim

207 2941 280 3011 apud
294 2940 405 2995 Graecos
418 2958 520 3006 eorum,
530 2941 577 3012 qni
589 2940 771 3012 philosophias
784 2941 904 2996 cultores
916 2941 1007 2996 hahiti
1045 2940 1160 2997 fortasse
1174 2957 1249 3006 esse3
1263 2939 1333 2995 iliud
1346 2940 1454 2995 interim
1469 2947 1605 3004 constare,
1619 2946 1686 3010 post
1697 2937 1848 2993 Aristotelis

207 3022 270 3075 sint.
312 3021 436 3075 Primum
449 3026 508 3075 erat
527 3021 726 3092 Sophiatamm
743 3022 790 3092 qui
806 3038 856 3092 per
874 3021 1007 3093 plurimas
1045 3038 1129 3094 opera
1156 3021 1237 3085 edita,
1263 3020 1395 3091 pleraque
1426 3019 1602 3091 antiquomm
1630 3017 1719 3073 veluti
1746 3018 1848 3072 deserta

207 3100 332 3155 civitates
342 3101 467 3155 instituta
481 3102 656 3172 proiectione,
672 3110 698 3154 et
711 3118 761 3172 per
775 3100 897 3172 singulas
908 3102 1008 3156 mansi·
1045 3101 1217 3157 exolevisse:
1239 3099 1311 3170 apud
1321 3106 1444 3170 tempora
1454 3107 1554 3165 autem,
1569 3115 1634 3171 quas
1648 3106 1770 3171 sequuta
1781 3106 1847 3160 srmt,

208 3187 302 3244 tantas,
322 3180 515 3244 adolescentes,
531 3188 641 3252 recepta
656 3180 788 3246 mercede,
804 3181 941 3251 sapientia
955 3183 1007 3237 im·
1045 3180 1085 3236 nil
1107 3180 1205 3236 melius
1228 3181 1368 3235 inventum
1392 3196 1467 3235 esse:
1489 3195 1623 3251 magnum
1644 3177 1741 3250 itaque
1764 3179 1847 3233 viram

208 3259 290 3314 haere
306 3260 420 3329 professi
431 3266 502 3326 sunt,
511 3260 605 3331 quales
615 3261 690 3315 fuere
702 3260 826 3332 Gorgias,
835 3260 1006 3332 Protagoras,
1046 3259 1228 3326 Aristotelem,
1253 3259 1300 3331 qui
1322 3267 1469 3331 utmmque
1489 3265 1598 3329 tempns
1612 3258 1649 3313 ad
1669 3274 1702 3313 se
1720 3257 1846 3313 traxerit:

209 3340 344 3410 Hippiam
374 3356 442 3411 quos
465 3340 545 3394 Plato
571 3340 671 3412 abique
694 3341 822 3413 exagitat,
848 3348 875 3396 et
898 3341 955 3396 iere
978 3343 1007 3397 in
1046 3348 1127 3412 atque
1138 3339 1288 3396 verisimile
1302 3355 1362 3394 esse
1382 3339 1591 3411 philosophiam
1611 3338 1643 3393 in
1657 3354 1693 3393 eo
1711 3338 1777 3410 ipso
1794 3344 1847 3390 tau·

207 3420 347 3474 comoedim
361 3436 465 3475 morem
479 3421 639 3475 deridendos
653 3421 790 3492 propinat.
819 3421 918 3493 Neque
933 3421 1008 3476 enim
1047 3438 1128 3492 quam
1149 3421 1229 3476 sedes
1249 3421 1319 3474 fixas
1340 3420 1473 3490 posuisse,
1492 3426 1523 3474 ut
1542 3417 1614 3473 nihii
1636 3424 1724 3473 restet
1746 3417 1800 3472 nid
1818 3426 1847 3470 ut

207 3498 238 3554 hi
261 3499 383 3556 rhetores
402 3507 508 3555 tantum
528 3507 676 3565 monhaut
698 3501 850 3556 orationum
869 3502 1007 3573 conscrip·
1046 3508 1219 3556 conservetur
1246 3508 1273 3554 et
1300 3508 1417 3555 ornetur.
1466 3499 1537 3570 ligo,
1566 3498 1626 3563 lilii,
1654 3498 1847 3570 cogitationem

207 3588 287 3645 tores,
303 3579 351 3634 sed
366 3578 549 3634 universalem
562 3597 652 3635 rerum
674 3579 802 3635 notitiam
822 3580 874 3635 sibi
895 3598 1007 3653 arroga-
1046 3579 1117 3634 hanc
1131 3597 1191 3636 esse
1202 3580 1330 3636 existimo
1343 3578 1516 3635 hominisvel
1529 3578 1717 3650 imperitis-el
1730 3578 1848 3649 paruisse

206 3660 283 3713 hant.
327 3660 481 3714 Secundum
502 3668 561 3714 erat
581 3676 682 3723 eorum,
699 3660 747 3731 qui
765 3660 868 3730 majore
889 3660 961 3727 tastu
981 3668 1008 3716 et
1046 3658 1148 3725 iniecti,
1162 3661 1208 3716 vel
1228 3660 1337 3715 desidis.
1378 3660 1429 3714 Est
1447 3659 1522 3714 enim
1545 3661 1591 3728 (ut
1609 3658 1677 3713 dicit
1698 3657 1848 3729 Scriptura)

208 3739 427 3810 opinione‚locis
441 3742 523 3795 certis
537 3739 687 3795 etsedibus
700 3739 771 3804 fixis,
786 3740 1008 3811 scholasaperie·
1047 3740 1152 3794 desidia
1173 3739 1306 3812 quadam,
1321 3756 1383 3811 quae
1403 3738 1457 3794 sibi
1476 3737 1598 3810 prudens
1611 3739 1725 3793 videtur
1743 3746 1772 3792 et
1794 3753 1849 3808 sep

207 3820 280 3883 bant,
297 3828 378 3891 atque
393 3820 496 3890 piacita
515 3828 543 3875 et
562 3826 664 3875 sectam
678 3820 826 3874 condentes
840 3829 887 3875 aut
900 3820 1007 3892 excipi·
1047 3819 1170 3889 templici
1185 3819 1320 3875 rationum
1335 3820 1455 3891 pondere
1470 3819 1590 3891 gravim.
1633 3819 1729 3890 Atque
1749 3816 1850 3890 procui

207 3908 291 3965 entes,
301 3900 445 3968 auditores,
457 3907 611 3966 sectatores,
623 3916 793 3954 successores
802 3900 916 3971 insuper
926 3900 1008 3956 habe·
1047 3899 1129 3954 dubio
1144 3900 1180 3970 (si
1194 3917 1289 3955 vemm
1309 3900 1422 3955 omnino
1441 3898 1588 3953 dicendum
1601 3901 1660 3967 est)
1681 3899 1737 3954 ista
1750 3897 1850 3953 offitia

207 3979 280 4035 bant.
312 3980 357 4034 Er
369 3997 424 4051 quo
437 3997 538 4052 genere
549 3987 626 4034 erant
639 3978 727 4045 Plato,
744 3978 912 4045 Aristoteles,
923 3980 1007 4047 Zeno,
1047 3978 1130 4048 hujus
1144 3980 1281 4051 opinionis
1302 3979 1457 4034 invenietur
1475 3996 1540 4050 pars
1558 3977 1605 4033 vel
1623 3979 1769 4043 maximae
1789 3978 1849 4032 dum

208 4059 351 4128 Epicurus.
393 4062 469 4116 Nam
482 4059 749 4132 Pythagorasetiam
763 4060 901 4115 auditores
916 4061 1007 4127 traxit,
1047 4058 1175 4114 humanae
1196 4067 1300 4115 natura
1323 4059 1448 4131 ingenite
1469 4058 1607 4130 superbia,
1629 4060 1710 4114 vitiis
1735 4057 1849 4131 propriis

207 4149 234 4192 et
250 4147 353 4194 sectam
374 4141 522 4203 constituit,
546 4141 596 4195 sed
616 4139 789 4195 traditionum
811 4141 901 4210 potius
925 4156 1008 4211 quam
1046 4155 1101 4194 non
1116 4138 1204 4195 solum
1217 4140 1370 4211 ignoscens,
1383 4156 1479 4194 verum
1493 4140 1577 4194 etism
1592 4138 1700 4194 cultum
1720 4139 1849 4212 quendam

207 4218 422 4288 disputationum
433 4221 551 4291 plenam,
561 4227 589 4275 et
598 4218 782 4289 superstitioni
793 4236 876 4292 quam
888 4219 1009 4292 philoso
1047 4218 1220 4291 prophanam
1248 4219 1412 4286 attribuens;
1436 4218 1563 4274 laborum
1592 4225 1621 4274 et
1642 4219 1801 4291 inquirendi
1824 4226 1849 4271 et

208 4297 282 4367 phire
296 4300 460 4369 propiorem.
489 4300 613 4356 Tertium
621 4306 712 4354 autem
723 4316 810 4372 genas
818 4308 896 4355 erant
905 4316 1007 4367 eorum,
1047 4300 1207 4369 experiendi
1224 4299 1319 4371 iugem
1336 4315 1387 4370 pro
1405 4316 1445 4364 ea,
1461 4316 1523 4370 quta
1536 4297 1694 4369 prudentia
1708 4297 1847 4357 comersii.

208 4378 262 4448 qui,
283 4387 389 4433 remoto
408 4382 523 4450 strepitu
551 4388 578 4436 at
606 4396 707 4450 pompe
733 4379 908 4450 professoria,
937 4380 1009 4435 serio
1047 4379 1196 4433 diffidentia
1209 4387 1372 4435 veneretur:
1393 4394 1483 4451 neque
1496 4377 1640 4434 itamulto
1653 4388 1722 4451 post
1735 4377 1849 4435 socordia

207 4458 332 4513 veritatis
345 4458 525 4531 inquisitioni,
541 4469 567 4515 et
586 4477 676 4515 rerum
689 4459 913 4531 contemplationi
924 4459 1008 4516 dediti
1047 4459 1219 4530 singulorum
1239 4459 1375 4528 judicium
1396 4467 1425 4513 et
1445 4458 1639 4514 auctoritatem
1668 4460 1848 4515 universorum

209 4539 249 4607 (et
279 4545 409 4610 tanquam
433 4539 601 4610 Endymion)
626 4538 749 4605 solitarii,
770 4546 798 4594 et
819 4539 896 4611 quasi
918 4541 1008 4610 sopiti,
1048 4547 1226 4610 representet
1239 4547 1266 4593 et
1280 4539 1401 4610 effingat.

208 4617 261 4673 sibi
276 4618 554 4691 philosophabantur,
577 4628 623 4675 aut
641 4618 772 4689 adhibitis
786 4619 882 4690 paucis
897 4619 1009 4691 (quibus
1087 4619 1149 4673 Nos
1162 4635 1227 4674 vero
1241 4619 1330 4690 primo
1344 4618 1412 4673 illud
1425 4619 1638 4691 interrogamus.
1681 4617 1727 4673 An
1742 4619 1779 4675 oh
1791 4616 1848 4672 illud

208 4698 281 4752 idem
303 4715 380 4753 amor
400 4699 471 4767 erat)
491 4700 520 4753 in
540 4698 735 4771 colloquiorum
751 4700 913 4754 suavitatem
927 4700 1009 4755 desti·
1049 4699 1091 4753 vir
1104 4715 1221 4769 magnus
1229 4697 1398 4765 Aristoteles,
1414 4699 1486 4772 quod
1499 4706 1646 4770 utrumque
1663 4708 1776 4771 tempus
1787 4707 1848 4753 trax·

206 4785 272 4833 nata
287 4779 482 4849 perficiebant:
504 4796 592 4853 neque
606 4778 727 4836 Galatea
739 4795 823 4845 more,
841 4781 920 4849 cujus
934 4780 1010 4836 lusus
1049 4779 1123 4834 criti
1145 4779 1227 4834 Certe
1249 4795 1374 4872 magnus.
1410 4779 1511 4834 itane?
1533 4777 1570 4832 At
1591 4794 1648 4833 non
1668 4783 1761 4850 major
1778 4795 1847 4852 quam

207 4859 236 4912 in
259 4858 347 4925 undis,
373 4860 587 4929 disputationum
611 4858 740 4930 procellis
767 4875 797 4913 se
825 4860 1008 4916 oblectabant.
1048 4860 1226 4930 impostorum
1240 4859 1386 4914 maximus.
1428 4859 1583 4929 impostura
1591 4875 1676 4924 emm
1691 4870 1777 4932 atque
1791 4858 1848 4913 adea

207 4939 298 5011 Atque
314 4940 466 4996 talesiuere
478 4938 667 5011 Empedocles
683 4938 850 5005 Heraclitus,
864 4940 1008 4995 Democri·
1049 4939 1181 5011 principis
1204 4939 1369 5010 imposturae,
1391 4938 1564 5004 Antichriati,
1587 4938 1649 4993 hac
1674 4940 1847 5012 praerogativa

207 5028 259 5084 tus,
280 5018 467 5091 Anaxagoras,
490 5019 676 5074 Parmenides.
716 5020 816 5091 Neque
838 5020 912 5075 enim
933 5038 1010 5092 repe·
1049 5018 1198 5114 singularis
1217 5026 1265 5074 eat.
1307 5019 1435 5085 ''Veni''
1458 5019 1546 5089 inquit
1570 5018 1716 5073 Veritas
1706 5037 1778 5112 apsa,
1800 5016 1848 5071 “in

208 5098 344 5154 rietishos
353 5099 461 5155 scholas
472 5100 620 5170 apernisse,
631 5099 680 5153 sed
690 5100 800 5153 tandem
809 5101 1010 5171 speculationes
1048 5101 1159 5154 nomine
1173 5098 1264 5154 Patris
1277 5099 1340 5163 mei,
1355 5116 1406 5153 nec
1420 5098 1546 5169 recipitis
1555 5115 1619 5153 me
1634 5099 1659 5153 si
1676 5100 1740 5171 quis
1754 5095 1848 5154 venerii

208 5186 235 5231 et
249 5177 363 5234 inventa
377 5197 426 5235 sua
440 5180 470 5234 in
484 5179 586 5249 scnpta
595 5178 742 5249 redegisse,
754 5186 782 5234 et
795 5181 911 5251 posteris
926 5188 1010 5236 trans-
1048 5179 1159 5234 nomine
1191 5194 1248 5243 suo,
1277 5195 1340 5233 enm
1368 5178 1534 5249 recipietis”
1583 5178 1757 5243 Audistisne,
1786 5174 1847 5233 nait

208 5257 324 5314 misisse.
1050 5258 1138 5314 Sanan
1159 5275 1214 5313 non
1238 5259 1349 5329 proprio
1372 5254 1455 5325 certe,
1477 5258 1526 5314 sed
1549 5257 1597 5330 pio
1616 5265 1644 5313 et
1663 5276 1738 5322 vero,
1760 5257 1849 5332 quiin

248 5338 330 5392 Nunc
352 5347 442 5393 autem
461 5338 559 5393 videtis
577 5345 657 5402 certe,
674 5336 733 5402 filii,
754 5354 816 5408 qum
837 5356 882 5395 res
902 5347 1009 5413 agatur.
1048 5339 1159 5394 nomine
1187 5339 1358 5409 paternitatis
1385 5346 1432 5395 aut
1456 5338 1631 5410 antiquitatis
1657 5338 1773 5404 venerit,
1801 5350 1850 5391 non

208 5414 271 5484 ligo
290 5416 362 5470 enim
377 5417 431 5471 duo
451 5419 540 5487 prima
560 5433 662 5489 genera
684 5417 832 5487 (utcunque
847 5420 1012 5476 seinvicem
1050 5426 1190 5488 receptum
1209 5419 1262 5484 iri;
1284 5419 1332 5490 qui
1354 5426 1446 5474 antem
1467 5419 1560 5491 priora
1578 5419 1786 5491 prosternendo,
1804 5416 1849 5471 de·

210 5493 345 5566 abnegent
371 5503 398 5550 et
419 5497 606 5567 proscindant)
628 5503 720 5552 tamen
741 5502 839 5553 natura
859 5500 899 5553 rei
923 5499 1012 5571 ipsius
1050 5499 1188 5564 armando,
1204 5498 1393 5555 auctoritatem
1408 5499 1461 5556 sibi
1469 5498 1649 5571 usurpaverit,
1657 5507 1685 5554 et
1700 5499 1728 5553 iu
1742 5497 1848 5554 nemim
