3800 5875
723 286 774 342 DE
795 285 1021 342 adunamus
1042 283 1317 342 semiermium.
1673 284 1735 338 Lus.
1755 283 1834 338 vm.

866 753 1188 828 FRANCISCI

473 984 639 1042 BARONIS
660 984 711 1040 DE
731 983 970 1051 VERULAMIQ
990 979 1252 1038 vles-comus
1274 978 1413 1036 SANCTI
1433 976 1587 1043 ALBANI,

1010 1137 1042 1171 D!

373 1274 714 1360 DIGNITATE
743 1274 817 1357 ΕΤ
845 1264 1211 1358 AUGMENTIS
1243 1268 1684 1355 SCIENTIARUM.

902 1496 994 1539 num
1006 1494 1144 1539 ocrem

852 1845 903 1901 AD
923 1844 1058 1901 REGEM
1080 1841 1195 1899 SUUM.

1038 2021 1154 2093 ideoque
1178 2019 1336 2075 difficillime
1361 2021 1396 2075 ad
1419 2018 1558 2075 :noman
1580 2019 1729 2077 reducitur.
1769 2020 1842 2077 Sunt

454 2104 578 2161 CAPUT
598 2104 766 2159 PRIMUM.
1039 2109 1131 2156 tamen
1157 2098 1295 2165 nonnulla,
1323 2118 1383 2172 qum
1410 2100 1481 2154 hanc
1514 2099 1705 2154 difficultatem
1737 2099 1839 2157 levant

1025 2180 1133 2239 ¹Primo
1144 2180 1224 2243 enim,
1238 2179 1465 2251 quemadmodum
1480 2178 1550 2234 Cato
1570 2178 1620 2234 ille
1639 2180 1784 2235 censorius
1803 2180 1839 2235 de

212 2264 337 2319 Partitis
350 2265 482 2321 doctrinae
500 2264 599 2328 civilis,
614 2264 644 2316 in
661 2262 808 2316 doctm'nom
822 2261 854 2314 dc
869 2277 1005 2315 conoma-
1040 2259 1172 2315 Romanis
1186 2258 1242 2313 suis
1255 2259 1345 2313 dicere
1360 2258 1456 2314 solitus
1469 2265 1528 2314 est:
1550 2263 1567 2289 “
1581 2257 1688 2314 Oribus
1701 2276 1750 2315 eoa
1763 2260 1840 2315 simi·

252 2347 324 2397 tionc
334 2366 346 2410 ,-
375 2344 522 2397 doctrinam
541 2343 573 2396 dc
591 2344 729 2415 negarim
756 2350 782 2395 ct
803 2338 950 2396 doctrinam
972 2341 1004 2394 de
1039 2338 1080 2394 lea
1093 2356 1162 2404 esse,
1177 2355 1289 2409 quarum
1304 2354 1416 2410 gregem
1429 2338 1565 2410 integmm
1583 2337 1692 2394 minure
1705 2340 1768 2411 qnia
1782 2357 1841 2395 mo·

252 2425 372 2495 imperio,
385 2424 441 2478 sinc
455 2422 603 2495 republica.
1038 2418 1116 2474 lestia
1128 2424 1230 2490 ageret,
1243 2434 1324 2489 quam
1334 2434 1417 2473 unam
1430 2417 1569 2489 aliquam:
1590 2418 1721 2488 quoniam
1735 2419 1759 2473 si
1772 2436 1841 2490 pau-

1039 2515 1086 2553 cas
1112 2514 1149 2553 ex
1170 2514 1262 2568 grege,
1286 2504 1316 2552 ut
1335 2505 1438 2552 rectam
1459 2497 1553 2552 ineant
1576 2497 1658 2562 viam,
1682 2499 1841 2570 propellere

252 2581 352 2637 Verus
360 2580 534 2645 estnsrratio‚
542 2596 591 2635 rex
601 2580 711 2651 optime,
720 2577 877 2632 convenisse
885 2576 1004 2648 complu·
1038 2578 1135 2647 possis,
1162 2583 1267 2632 caetere
1296 2576 1369 2631 ultro
1396 2577 1568 2649 sequentur.”
1610 2575 1753 2641 Similiter.
1784 2577 1841 2634 huc

212 2676 256 2715 res
268 2660 447 2732 philosophos
461 2659 615 2725 solenniter,
626 2676 718 2715 coram
726 2658 817 2729 legato
827 2658 901 2728 regis
909 2659 1003 2722 exteri,
1039 2657 1148 2728 quidem
1171 2663 1303 2727 respectu,
1326 2656 1424 2711 ethicae
1447 2673 1547 2711 munus
1569 2663 1612 2710 est
1635 2657 1842 2728 quodammodo

212 2749 292 2811 atque
307 2740 429 2812 singulos
443 2756 493 2808 pro
504 2739 577 2793 virili
595 2747 672 2810 parte
692 2737 854 2809 sapientiam
872 2753 950 2791 suam
964 2753 1004 2792 os-
1038 2735 1088 2791 illo
1100 2736 1218 2808 politice
1232 2735 1375 2791 difficilius.
1417 2734 1544 2791 Secundo
1553 2737 1684 2806 proponit
1697 2736 1753 2791 sibi
1766 2738 1841 2793 ethi·

211 2828 347 2884 tentasse:
369 2828 398 2875 ut
410 2819 524 2874 haberet
536 2818 651 2890 legatus,
666 2836 726 2889 qua:
745 2817 859 2872 referret
878 2816 912 2870 de
925 2817 1005 2870 mira-
1038 2832 1080 2882 ca,
1092 2823 1124 2869 ut
1142 2816 1248 2871 animus
1267 2816 1388 2871 bonitate
1408 2815 1516 2871 interna
1531 2815 1677 2880 imbuatur,
1696 2824 1726 2870 et
1745 2833 1841 2872 cumu-

210 2899 260 2954 bili
285 2899 419 2971 sapientia
441 2898 605 2954 Grmcorum.
646 2898 724 2954 Unus
743 2904 834 2952 tamen
855 2912 890 2951 ex
911 2913 1005 2952 eorum
1038 2894 1124 2952 letur:
1145 2902 1173 2951 at
1186 2894 1276 2951 civilis
1289 2895 1486 2953 scientiauihil
1499 2893 1841 2969 ampliuspostulatpre·

211 2996 325 3035 numero
338 2979 443 3044 silebat,
458 2986 487 3033 et
498 2978 570 3033 nihil
579 2978 731 3034 adducebat
740 2976 770 3032 iu
779 2976 915 3031 medium:
935 2978 1004 3031 adeo
1039 2983 1080 3030 ter
1100 2976 1249 3031 bonitatem
1267 2983 1423 3032 externam:
1449 2976 1509 3031 hec
1528 2975 1601 3030 enim
1623 2975 1660 3029 ad
1677 2977 1841 3032 societatem
1885 2981 1886 2996 ³

212 3065 242 3112 ut
266 3057 374 3129 legatus
397 3058 431 3112 sd
455 3074 519 3112 eum
540 3074 683 3113 conversus
707 3057 825 3121 diceret:
847 3060 862 3088 ‘⁴
877 3054 919 3111 Tu
940 3074 1005 3112 vero
1039 3055 1144 3112 sufficit.
1186 3056 1281 3127 Itaque
1304 3065 1359 3118 nutu
1383 3071 1445 3111 raro
1467 3055 1572 3120 accidit,
1593 3061 1625 3109 ut
1649 3055 1777 3127 regn'meu
1803 3057 1842 3112 sit

211 3138 276 3209 quid
292 3138 385 3203 habes,
401 3139 473 3210 quod
486 3136 643 3192 reiernmi”
665 3137 717 3192 Cui
730 3136 794 3203 ille;
817 3141 833 3168 “
847 3134 953 3190 Referu
965 3135 1005 3190 in·
1038 3135 1148 3201 bonum,
1168 3143 1292 3206 tempore
1309 3135 1399 3190 mala:
1420 3134 1554 3207 siquidem
1574 3134 1604 3189 in
1621 3150 1702 3188 sacra
1718 3133 1842 3191 historic

211 3218 271 3287 quit
285 3223 301 3248 ‘⁴
315 3218 373 3289 regi
386 3225 441 3283 tuo,
455 3223 482 3271 te
500 3217 636 3271 invenisse
656 3216 728 3288 apud
748 3216 857 3271 Grecos
876 3214 1004 3286 aliquem,
1039 3207 1107 3270 illud
1125 3231 1181 3270 non
1199 3214 1285 3270 semel
1304 3214 1421 3270 occurrit
1439 3215 1515 3287 (cum
1533 3214 1567 3268 de
1586 3213 1700 3285 reginus
1713 3213 1797 3270 bonis
1811 3227 1842 3270 et

212 3296 260 3367 qui
273 3303 363 3352 tacere
382 3297 493 3351 sciret.'’
535 3295 669 3367 Equidem
685 3294 785 3351 oblitus
802 3312 885 3358 eram,
904 3294 934 3348 in
952 3294 1004 3349 hnc
1038 3294 1094 3365 piis
1105 3297 1240 3362 narretur)
1256 3299 1272 3326 ‘¹
1282 3295 1330 3349 sed
1343 3294 1432 3349 adhuc
1445 3292 1562 3366 populus
1573 3308 1629 3347 nun
1641 3293 1842 3351 direxeratoor

211 3375 310 3431 artium
330 3376 452 3446 synopsi,
470 3381 557 3430 artem
577 3376 685 3430 tacendi
709 3376 890 3430 interserere:
922 3391 1004 3447 quam
1039 3391 1117 3430 suum
1131 3374 1164 3429 sd
1179 3373 1327 3429 Dominum
1337 3372 1546 3444 Deumpatrum
1556 3374 1696 3428 suurum.”
1729 3373 1841 3446 Itaque,
1885 3393 1886 3402 ¹

211 3462 303 3510 tamen
331 3455 472 3528 (qnoniam
497 3454 647 3526 plerunque
671 3453 849 3522 desideretur)
878 3452 1005 3524 exemplo
1039 3462 1066 3509 et
1077 3453 1130 3509 hoc
1145 3469 1251 3526 quoque
1265 3461 1397 3524 respectu,
1409 3452 1530 3508 duriores
1543 3459 1635 3523 partes
1646 3460 1711 3507 sunt
1725 3452 1840 3511 ethice.

208 3534 268 3602 jam
281 3535 392 3606 proprio
405 3534 515 3589 docebo.
556 3534 673 3600 Etenim,
683 3552 745 3590 cum
759 3552 802 3589 me
816 3533 925 3588 undem
939 3533 1005 3588 ordo
1038 3531 1138 3598 Tertio,
1151 3533 1204 3588 hoc
1217 3532 1319 3588 habent
1332 3531 1499 3604 respublicae,
1514 3539 1544 3585 ut
1558 3541 1689 3603 tanquam
1700 3532 1842 3590 muchium

211 3631 301 3669 rerum
315 3615 350 3670 ed
364 3613 433 3669 illud
447 3612 596 3679 deduxerit,
610 3622 642 3670 ut
655 3614 736 3685 paulo
754 3621 817 3684 post
835 3613 867 3669 de
885 3620 941 3667 arte
956 3613 1005 3667 im·
1039 3612 1195 3683 grandiores
1210 3613 1311 3667 tardius
1325 3620 1492 3677 moveantur,
1511 3628 1561 3665 nec
1579 3610 1640 3665 aine
1660 3628 1766 3684 magno
1783 3631 1844 3668 rno-

211 3694 281 3764 perii
295 3692 464 3749 tractandum
478 3694 522 3759 sit,
536 3711 650 3765 eramque
664 3693 699 3748 ad
713 3701 817 3748 tautum
833 3709 925 3763 regen:
941 3692 1004 3746 scri·
1038 3691 1153 3758 limine3
1180 3692 1252 3746 unde
1270 3691 1345 3747 haud
1364 3701 1420 3747 tam
1442 3691 1496 3746 cito
1518 3690 1738 3747 labefactantur:
1767 3691 1844 3748 sicut

211 3771 283 3839 bam,
306 3773 353 3845 qui
373 3772 509 3844 perfectus
530 3774 599 3827 adeo
619 3774 649 3828 in
670 3789 704 3828 es
724 3782 782 3827 arte
806 3772 842 3826 ait
865 3771 1004 3843 magister,
1039 3772 1112 3826 enim
1125 3771 1155 3826 in
1167 3769 1288 3842 AEgypto
1301 3778 1405 3843 septem
1424 3767 1488 3826 nuni
1508 3769 1621 3835 fertiles,
1643 3770 1755 3827 steriles
1773 3788 1842 3843 scp-

210 3850 353 3923 ipsamque
369 3852 404 3907 ab
417 3852 585 3908 incunabulis
598 3853 656 3908 suis
669 3852 808 3908 hauserit:
828 3868 880 3906 nec
894 3849 1006 3906 omnino
1039 3860 1092 3906 tem
1106 3858 1304 3915 sustentarunt;
1326 3853 1365 3906 its
1377 3850 1406 3904 in
1419 3849 1618 3921 rebuspublicis
1632 3850 1758 3920 priorum
1772 3858 1844 3907 tem-

210 3931 353 3987 immemcr
381 3948 440 3988 esse
463 3931 575 4004 possim,
603 3933 711 4005 qualem
735 3931 808 4003 apud
834 3930 1005 4000 majestatem
1039 3947 1136 4002 porum
1150 3931 1222 3985 bons
1235 3930 1369 3985 institutio
1386 3930 1476 3995 eflicit,
1490 3938 1521 3985 ut
1538 3930 1712 4001 sequentium
1732 3948 1844 3988 errores

211 4016 286 4065 tuam
299 4009 389 4066 locum
402 4010 594 4067 sustinuerim:
615 4019 824 4066 consentaneum
835 4010 923 4081 magis
935 4010 1005 4065 exis
1039 4027 1092 4065 non
1106 4010 1199 4065 statim
1212 4010 1361 4080 perniciem
1373 4010 1508 4065 inierant:
1529 4018 1558 4063 at
1566 4009 1741 4080 singulorum
1751 4010 1844 4066 bomi-

212 4090 317 4155 timavi,
331 4108 375 4145 me
390 4091 482 4162 ipsum
497 4092 610 4146 tacendo
622 4092 656 4147 dc
670 4090 723 4145 hac
742 4107 781 4155 re,
795 4090 866 4160 apud
880 4089 1005 4158 majesta
1039 4107 1104 4144 num
1117 4089 1232 4155 decreta,
1247 4097 1275 4143 et
1288 4105 1385 4154 mores,
1399 4089 1489 4161 magis
1504 4089 1593 4145 subito
1603 4088 1726 4144 subverti
1741 4089 1842 4146 solent

212 4174 268 4222 tem
282 4177 365 4234 nram,
379 4187 460 4241 quam
481 4170 630 4236 scribendo,
649 4170 773 4240 probare.
814 4168 913 4224 (liceto
932 4186 1003 4233 vero,
1040 4169 1101 4223 Hoc
1114 4167 1231 4240 denique
1246 4168 1367 4224 ethicam
1380 4177 1484 4240 gruum,
1498 4167 1617 4239 politicae
1632 4170 1779 4224 succurrit

210 4262 265 4300 non
279 4247 365 4303 solum
380 4249 453 4314 artis,
465 4267 559 4304 serum
574 4250 657 4305 etiam
676 4248 839 4321 eloquentiae
856 4248 1003 4317 cujusdam,
1079 4247 1200 4303 Scientia
1210 4246 1299 4303 civilis
1313 4255 1367 4304 tres
1381 4248 1465 4303 habet
1477 4256 1575 4318 partes,
1586 4247 1672 4316 juxta
1683 4255 1742 4304 tres
1756 4251 1845 4306 socie-

211 4343 273 4397 quae
295 4327 325 4381 in
346 4328 460 4383 tacendo
481 4329 638 4400 reperiatur,
661 4329 795 4383 meminit.
837 4327 908 4383 Cum
930 4328 1003 4382 enim
1040 4327 1103 4382 tatis
1122 4327 1242 4382 senones
1261 4328 1439 4392 summarias:
1470 4327 1622 4383 doctrinam
1639 4327 1674 4381 de
1697 4346 1845 4386 conversa·

212 4421 352 4460 sermones
372 4406 516 4462 nonnullos
536 4426 608 4473 suos,
629 4426 691 4463 cum
714 4407 769 4462 alic
790 4406 913 4479 quodam,
934 4404 1005 4461 ultro
1040 4407 1130 4473 tione3
1152 4406 1302 4461 doctrinam
1315 4407 1349 4462 de
1363 4406 1496 4479 negotiis3
1517 4414 1545 4461 et
1562 4406 1719 4463 doctrinam
1737 4409 1773 4464 de
1786 4410 1844 4465 im-

210 4484 333 4556 citroque
355 4485 472 4552 habitos,
495 4488 524 4542 in
548 4487 664 4560 epistola
690 4485 806 4558 quadam
830 4486 865 4540 sd
885 4486 1005 4541 Atticam
1039 4487 1115 4556 peric
1129 4486 1186 4542 sive
1201 4484 1355 4556 republica;
1377 4487 1431 4542 tria
1444 4486 1579 4558 siquidem
1592 4495 1657 4541 sunt
1678 4488 1845 4562 bonaque.

210 4572 457 4629 commemorasset,
469 4566 508 4620 sic
522 4567 630 4623 scribit:
653 4569 671 4598 “
684 4563 745 4621 Hoc
759 4564 826 4628 loco,
838 4565 942 4637 sumpsi
956 4565 1005 4620 uli-
1039 4583 1075 4620 ex
1099 4567 1227 4622 societate
1246 4565 1321 4619 civili
1338 4565 1465 4622 homines
1487 4565 1540 4621 cibi
1561 4582 1659 4636 parare
1684 4577 1844 4639 expetunt:

210 4642 276 4712 quid
301 4644 334 4699 de
362 4651 410 4698 tura
437 4643 604 4717 eloquentia:
638 4662 703 4701 nam
731 4645 829 4700 tacui.'’
871 4645 1004 4700 Pindarus
1039 4644 1159 4700 solamen
1173 4652 1266 4701 contra
1275 4646 1457 4712 solitudinem,
1468 4645 1656 4714 adjumentum
1667 4645 1698 4701 in
1709 4650 1843 4721 negotiis,

209 4738 275 4777 vero
294 4723 351 4794 (cui
370 4722 438 4778 illud
456 4724 592 4794 peculiare
611 4732 661 4792 est,
681 4725 786 4781 animos
804 4724 946 4780 hominum
964 4726 1004 4779 in·
1039 4731 1066 4779 et
1078 4725 1211 4796 protectio
1223 4732 1317 4780 contra
1329 4725 1451 4795 injurias.
1493 4724 1614 4796 Suntque
1628 4726 1693 4780 istm
1707 4733 1766 4783 tres
1779 4746 1845 4799 pru·

210 4801 330 4871 opinnto,
352 4802 513 4857 sententiola
534 4804 628 4876 aliqua
647 4804 774 4869 mirabili,
792 4805 876 4860 veluti
898 4802 1005 4876 virgula
1039 4805 1139 4860 dentiae
1150 4804 1231 4876 plane
1249 4803 1320 4859 inter
1335 4821 1364 4860 se
1383 4805 1506 4869 diverse,
1525 4811 1553 4858 et
1571 4821 1767 4875 sepenumero
1788 4809 1844 4864 dis-

209 4879 310 4949 diviua,
328 4881 483 4954 percutere)
503 4883 659 4952 hujusmodi
677 4884 816 4955 quidpiam
836 4885 1003 4953 eiaculatur:
1036 4885 1152 4952 junctae3
1186 4885 1328 4955 pmdentia
1354 4884 1384 4939 in
1410 4884 1603 4950 conversando,
1631 4885 1786 4956 prudentia
1812 4889 1843 4943 in

210 4961 382 5017 “Interdum
395 4962 484 5033 magis
498 4962 619 5017 afficiunt
636 4979 690 5017 non
709 4963 789 5027 dicta,
804 4981 886 5036 quam
904 4962 1003 5018 dicta’'
1037 4964 1209 5035 negotiando,
1224 4970 1252 5018 et
1264 4963 1408 5035 prudentia
1420 4964 1449 5019 in
1463 4962 1647 5034 gubernando.

210 5038 244 5092 ln
258 5040 310 5096 hac
324 5048 401 5113 parte
415 5041 507 5114 igitur,
522 5048 620 5108 tacere,
638 5051 692 5108 aut,
709 5042 781 5112 quod
796 5042 905 5097 silentio
925 5059 1004 5114 prox·
1078 5043 1232 5108 Enimvero,
1260 5045 1331 5115 quod
1351 5042 1639 5098 adconversationem
1662 5045 1775 5114 attinet,
1791 5046 1844 5102 illa

209 5116 296 5175 inrum
317 5129 366 5185 est,
385 5121 476 5175 brevis
493 5120 638 5177 admodum
657 5137 716 5176 esse
734 5122 851 5178 decrevi.
894 5123 1003 5187 Vemm‚
1039 5131 1110 5179 certe
1125 5123 1251 5178 affectata
1265 5140 1324 5178 ease
1338 5141 1393 5178 non
1412 5123 1499 5189 debet,
1513 5128 1542 5176 st
1555 5121 1644 5177 multo
1664 5126 1761 5182 minus
1773 5143 1843 5199 neg·

209 5205 355 5271 antequem
370 5200 405 5254 ed
425 5208 497 5255 artes
516 5200 625 5271 imperii
644 5201 810 5272 perveniam,
824 5200 898 5257 hand
917 5219 1005 5274 pauca
1038 5202 1127 5266 lecta:
1148 5220 1211 5258 cum
1231 5203 1374 5273 prudentia
1385 5204 1413 5257 in
1427 5203 1486 5271 ejus
1500 5201 1700 5271 moderamine,
1715 5213 1745 5261 et
1758 5206 1843 5261 decus

209 5276 243 5329 de
255 5278 316 5333 aliia
324 5280 451 5335 doctrinas
460 5279 548 5334 civilis
556 5279 725 5351 portionibus
735 5290 797 5335 sunt
805 5282 1003 5352 praemittenda.
1028 5282 1174 5354 ¹quoddam
1187 5298 1293 5337 morum
1305 5281 1335 5337 in
1349 5298 1378 5337 se
1387 5282 1450 5354 ipsa
1459 5298 1517 5352 prae
1530 5279 1649 5348 scierat,
1665 5293 1696 5337 et
1710 5285 1748 5338 ad
1757 5303 1844 5357 nego-

250 5357 370 5413 Scientie
393 5359 482 5414 civilis
505 5368 627 5413 versatur
653 5359 725 5413 circa
752 5362 910 5429 subjectum,
932 5361 1005 5434 quod
1027 5351 1085 5427 tia,
1100 5368 1157 5416 tam
1171 5362 1288 5432 publicu,
1303 5380 1384 5434 quam
1405 5362 1519 5434 privata,
1539 5361 1685 5417 commode
1706 5364 1842 5420 adminis-

210 5442 369 5492 caeterorum
383 5439 505 5494 omnium
514 5439 634 5496 maxime
648 5446 689 5494 est
702 5439 1003 5495 materiaeimmersum:
1040 5441 1142 5507 nanda,
1157 5440 1304 5512 plurimum
1315 5442 1398 5510 juvet.
1438 5440 1547 5495 Etenim
1561 5440 1632 5496 sicut
1648 5443 1841 5502 ectioumtori
