3800 5875
230 295 289 353 394
746 289 796 345 DE
817 284 1042 345 AUGMEN'I'IS
1062 283 1336 343 SClENTldRUM.
1713 285 1781 342 Lis.
1795 286 1855 343 vlt.

230 457 360 511 uncum
374 452 568 523 relinquamus,
583 449 649 522 quin
663 447 754 519 potius
771 464 834 502 eum
850 445 900 500 illo
918 445 1025 515 Hippo
1060 461 1184 511 emmo,
1204 453 1233 501 et
1252 451 1351 517 prater
1371 445 1480 501 modum
1492 445 1623 500 veritatis.
1666 444 1742 505 Quia
1762 454 1791 497 et
1807 444 1856 500 boc

231 535 314 591 cratis
334 533 491 605 aphorismo
509 530 709 592 concludimuss
732 532 748 559 ‘⁴
761 526 814 587 Qui
833 526 910 597 gravi
929 525 1025 579 morbo
1060 525 1149 594 ipsum
1163 533 1360 596 argumentum,
1375 524 1409 579 de
1427 524 1543 580 dirersis
1560 523 1768 578 characteribus
1782 523 1855 595 iuge·

232 614 357 684 correpti,
379 611 486 667 dolores
506 626 560 663 non
576 607 704 670 sentiunt,
727 605 762 660 iis
781 621 860 660 urens
881 605 1022 675 egrotat”
1060 604 1175 670 uiorum,
1189 613 1281 659 estex
1294 604 1329 659 iis
1342 603 1432 669 rebus,
1446 605 1476 657 iu
1494 603 1593 674 quibus
1612 618 1758 657 sermoum
1771 602 1855 658 honri·

232 692 373 750 Medicina
391 690 446 746 illis
469 688 625 744 hominibus
649 701 717 757 opus
737 693 787 750 est,
803 700 859 739 non
882 683 972 738 solum
989 683 1024 736 ad
1060 699 1126 739 num
1145 699 1302 738 communes
1322 682 1499 754 (quodralde
1517 699 1587 747 raro,
1601 681 1742 737 interdum
1765 690 1856 737 tamen

232 772 379 828 curandum
399 769 530 833 morbum,
549 767 598 821 sed
614 766 649 819 ad
669 781 780 819 sensum
802 762 1024 833 expergefacien-
1060 762 1205 833 contingit)
1227 761 1305 817 libris
1326 762 1393 833 ipsis
1407 771 1470 817 sunt
1481 761 1679 833 prudentiores
1721 760 1855 833 Atlmrge

232 854 306 907 dum.
348 849 462 912 Quodsi
476 849 537 919 quis
550 845 668 915 objiciat,
683 845 835 899 animorum
847 842 1022 906 mmdouem,
1060 843 1165 912 optima
1177 842 1259 911 hrrjus
1273 848 1404 896 tractatus
1413 839 1558 912 suppellex
1569 848 1598 895 et
1611 840 1690 910 sylva
1703 840 1763 911 peti
1775 840 1855 896 debet

233 928 378 1001 theologius
398 945 482 985 sacrm
501 942 599 981 munus
618 940 687 987 esse,
704 922 877 978 verissimum
894 931 935 975 est
951 921 1024 991 quod
1060 921 1096 975 ab
1109 921 1246 976 historicis
1256 921 1489 991 prudentioribus:
1508 937 1597 991 neque
1606 928 1701 974 tamen
1710 919 1748 973 ab
1757 918 1855 992 elogi'u

232 1011 345 1073 asserit;
366 1016 485 1063 attamen
499 1003 702 1076 philosophiam
722 1001 853 1057 moralem
870 1000 900 1054 iu
913 999 1023 1058 nunuli-
1060 1006 1170 1066 tautum,
1190 1018 1252 1072 quse
1270 1001 1320 1054 sub
1338 1000 1441 1054 obitum
1461 1016 1586 1070 personis
1601 998 1720 1068 alicujus
1739 997 1854 1055 illustris

232 1091 300 1145 tium
322 1088 468 1158 theologie
485 1085 579 1156 recipi,
598 1084 684 1138 instar
700 1079 806 1137 ancille
827 1079 975 1151 prudentis,
996 1086 1023 1134 et
1060 1079 1217 1135 subnectere
1231 1079 1327 1144 solent,
1342 1079 1391 1134 sed
1403 1077 1488 1134 multo
1500 1078 1590 1149 magis
1604 1096 1641 1133 ex
1654 1094 1771 1147 corpore
1786 1079 1853 1134 inte·

232 1169 403 1240 pedissequae
413 1165 510 1229 tidelis,
524 1181 586 1236 quer
600 1163 634 1217 ad
648 1178 743 1217 omnes
756 1161 815 1229 ejus
827 1167 910 1214 nutus
923 1166 1024 1230 presto
1060 1176 1111 1230 gro
1122 1158 1253 1222 historin,
1269 1159 1373 1229 quoties
1386 1157 1542 1227 hujusmodi
1562 1174 1681 1228 persons
1693 1155 1780 1213 veluti
1793 1174 1852 1212 see-

232 1250 276 1312 sit,
298 1257 327 1303 et
345 1247 487 1307 ministret,
505 1243 571 1314 quid
588 1241 754 1314 prohibeat?
775 1240 877 1294 etenim
896 1238 1022 1311 quemad·
1059 1254 1123 1293 nam
1136 1238 1307 1293 conscendat
1348 1237 1482 1292 lllsenim
1493 1237 1642 1292 intertexta
1651 1237 1755 1308 imago,
1766 1237 1853 1307 potior

232 1328 342 1383 modum
361 1328 391 1380 in
410 1324 522 1380 Psalmo
542 1323 666 1386 habetur,
688 1318 760 1392 qnod
784 1325 800 1351 ‘⁴
814 1318 895 1375 Oculi
915 1317 1023 1372 ancillas
1059 1318 1164 1373 ridetur
1191 1316 1346 1385 descriptio,
1374 1333 1455 1388 quarn
1482 1315 1566 1389 elogii
1592 1333 1725 1373 censura:
1765 1316 1853 1387 qualis

231 1415 365 1478 perpetuo
375 1405 409 1460 ad
420 1420 515 1460 manns
525 1401 641 1457 dominre
652 1400 800 1470 respiciunt
809 1398 840 1463 ;”
861 1415 924 1452 cum
931 1406 1022 1452 tamen
1060 1396 1174 1452 habetur
1187 1396 1260 1467 apud
1273 1396 1305 1451 T.
1320 1395 1436 1460 Livium,
1450 1395 1572 1451 Airiomi
1587 1402 1614 1450 et
1631 1395 1747 1451 Catonis
1760 1397 1848 1465 mejo-

231 1487 343 1542 minime
356 1485 468 1540 dubium
481 1483 524 1547 sit,
533 1482 600 1553 quin
613 1479 687 1534 haud
699 1495 787 1550 pauca
800 1477 907 1532 ancille
916 1476 1023 1545 jndicio
1059 1476 1113 1541 ris;
1139 1476 1212 1547 apud
1233 1475 1364 1539 Tacitum,
1387 1475 1499 1541 Tiberii,
1522 1474 1640 1539 Claudii,
1664 1483 1693 1530 et
1714 1476 1850 1540 Neronis;

231 1574 260 1621 st
272 1583 344 1621 curm
359 1565 560 1635 relinquanturr
581 1559 677 1615 eodem
697 1558 778 1614 modo
794 1565 823 1611 et
841 1556 933 1611 ethica
946 1556 1022 1612 obse·
1059 1555 1131 1626 apud
1139 1556 1334 1619 Herodianum,
1344 1554 1470 1625 Septimii
1479 1554 1590 1620 Sereri;
1604 1555 1678 1625 apud
1689 1553 1851 1624 Philippum

232 1647 326 1717 φιίωιι
348 1642 495 1714 theologiae
515 1640 625 1695 omnino
646 1645 775 1708 prestare
795 1636 883 1700 debet,
908 1637 1021 1706 ejusque
1060 1634 1229 1700 Comineum,
1256 1633 1386 1689 Lodorici
1415 1634 1553 1690 undecimi
1587 1633 1730 1689 Gallomm
1763 1634 1849 1705 regim

231 1725 376 1796 preceptis
389 1722 524 1792 morigera
537 1736 613 1783 esse3
634 1719 674 1772 its
687 1724 777 1772 tsmen
790 1724 819 1770 nt
828 1722 855 1770 et
868 1716 936 1786 ipsa,
950 1715 1022 1770 intra
1058 1715 1131 1785 apud
1150 1715 1326 1769 Franciscum
1347 1713 1577 1779 Guicciardinum,
1601 1713 1769 1769 Ferdinandi
1788 1713 1850 1767 His

231 1821 295 1860 suos
308 1804 419 1868 limites,
434 1800 507 1855 baud
525 1814 613 1869 pauca
632 1813 700 1852 sana
716 1804 745 1852 et
763 1795 842 1851 utilis
861 1795 1022 1850 documenta
1059 1794 1130 1864 pani,
1145 1792 1329 1849 Maximilisoi
1344 1793 1469 1858 Ceratis,
1482 1802 1510 1848 et
1523 1792 1633 1858 Leonis,
1647 1803 1677 1849 et
1691 1792 1849 1857 Clementis,

231 1884 369 1939 continere
383 1881 475 1953 μω.
1059 1874 1222 1942 pontibcnm.
1251 1874 1300 1927 Isti
1310 1873 1383 1929 enim
1391 1873 1543 1944 scriptores,
1554 1872 1651 1927 harum
1661 1888 1849 1943 personarum,

272 1964 352 2018 lianc
363 1961 447 2032 igitur
460 1965 566 2030 partem
581 1955 703 2027 (quando
720 1953 905 2026 prostantium
919 1952 979 2020 ejus
991 1953 1020 2008 in
1059 1969 1126 2024 quas
1139 1953 1192 2007 sibi
1203 1952 1388 2024 depingendus
1402 1951 1568 2024 delegerunt,
1579 1953 1686 2026 effigies
1700 1952 1781 2023 qnasi
1791 1968 1850 2022 per·

231 2042 325 2096 animo
337 2039 441 2108 recolo)
454 2038 484 2092 iu
497 2053 595 2106 corpus
608 2034 736 2090 doctrinas
747 2034 865 2087 nondum
874 2032 1020 2097 redactam,
1058 2040 1140 2103 petuo
1159 2033 1300 2096 intuentes,
1315 2048 1453 2103 nunquam
1471 2032 1528 2087 iere
1548 2049 1639 2087 rerum
1657 2041 1798 2103 gestarum
1816 2031 1850 2085 ab

230 2137 286 2175 nou
304 2136 414 2191 possum
435 2134 490 2172 nou
510 2116 685 2170 vehementer
702 2113 804 2167 mirari.
844 2111 915 2167 Eam
930 2112 1021 2183 igitur,
1058 2111 1126 2181 ipsis
1145 2111 1309 2167 mentionem
1324 2112 1433 2176 iaciunt,
1448 2113 1515 2182 quin
1527 2120 1557 2165 et
1569 2109 1674 2183 aliquid
1690 2111 1804 2180 iusuper
1816 2110 1850 2164 de

231 2217 267 2254 ex
288 2216 363 2254 more
382 2206 484 2261 nostro,
504 2213 566 2249 oum
586 2195 657 2249 inter
676 2192 829 2248 desiderata
849 2190 1020 2258 collocemus,
1058 2199 1154 2246 natura
1175 2191 1297 2261 ipsomm
1324 2190 1490 2263 inspergunt
1530 2191 1622 2246 Etiam
1648 2190 1796 2255 nonnulle,
1822 2191 1850 2244 in

231 2279 325 2350 aliqua
337 2295 374 2333 ex
388 2284 465 2348 parte
479 2274 707 2329 adumbrabimus.
1059 2287 1127 2341 quas
1134 2270 1284 2335 incidimus,
1294 2270 1440 2325 relationes
1453 2271 1487 2325 de
1497 2269 1672 2325 conclavibus
1681 2270 1848 2341 pontificma,

271 2358 342 2412 Ante
356 2357 448 2411 omnis
459 2356 544 2425 igitur
556 2354 586 2408 in
596 2352 648 2407 bac
663 2369 692 2406 re
704 2350 786 2421 (sicut
796 2357 823 2404 et
836 2350 865 2404 in
878 2350 1021 2417 universis,
1058 2349 1227 2405 characteres
1248 2351 1281 2404 de
1297 2350 1418 2405 moribus
1436 2349 1612 2405 cardinalium
1628 2352 1720 2405 bonos
1733 2349 1848 2405 exhibu-

232 2454 293 2508 quse
306 2442 431 2508 spectant
447 2435 483 2487 ad
503 2431 662 2503 practicam)
676 2431 745 2486 ratio
759 2429 838 2485 nobis
859 2438 901 2484 est
919 2431 1020 2486 subdu·
1058 2436 1151 2484 emnt:
1184 2429 1254 2485 sicut
1280 2437 1308 2484 et
1334 2428 1420 2485 litera
1443 2428 1604 2501 legatorum,
1628 2430 1662 2484 de
1685 2429 1849 2484 consiliariis

231 2516 325 2581 cenda,
339 2516 405 2588 quid
425 2515 455 2567 in
474 2521 569 2568 nostra
586 2512 623 2566 sit
643 2517 783 2583 potestate,
798 2508 864 2582 qnid
882 2527 947 2566 non.
988 2509 1021 2565 lu
1058 2508 1219 2579 principum.
1259 2509 1321 2564 Fiat
1339 2508 1431 2581 itaque
1451 2527 1488 2565 ex
1500 2526 1541 2576 ea,
1557 2527 1639 2582 qnam
1652 2509 1781 2574 diximm
1795 2525 1850 2563 ms·

230 2594 318 2650 altero
327 2596 401 2650 euim
411 2594 490 2648 datur
504 2591 639 2657 alteratio,
654 2591 682 2645 in
696 2590 783 2644 altero
796 2606 861 2644 vero
874 2589 1022 2661 applicatio
1058 2588 1128 2643 teris
1151 2586 1228 2663 (quar
1248 2597 1320 2643 certe
1342 2588 1441 2643 fertilis
1463 2596 1504 2644 est
1525 2597 1554 2644 et
1573 2584 1703 2663 copiosa)
1723 2596 1850 2643 macutus

231 2662 345 2729 tantum.
387 2671 523 2745 Agricoloe
535 2670 639 2726 nullum
653 2679 694 2725 est
707 2669 859 2740 imperium,
873 2679 921 2722 aut
934 2671 962 2723 in
975 2686 1021 2724 na·
1058 2667 1176 2739 diligens
1194 2677 1223 2723 et
1243 2668 1350 2739 plenus.
1390 2669 1490 2740 Neque
1507 2686 1573 2724 vero
1592 2668 1726 2733 volumus,
1741 2676 1772 2722 ut
1787 2666 1849 2721 cha

231 2760 319 2808 turam
333 2753 392 2818 soli,
407 2751 582 2808 retinueris
602 2749 761 2820 temperiem
786 2748 879 2803 itidem
897 2765 948 2803 nec
962 2766 1020 2803 me·
1058 2757 1176 2803 raoteres
1195 2748 1242 2802 isti
1261 2747 1290 2802 iu
1314 2747 1412 2803 ethicis
1434 2745 1481 2823 (ut
1498 2748 1529 2803 fit
1552 2748 1625 2819 apud
1649 2747 1802 2811 historicos,
1823 2756 1849 2801 et

231 2833 300 2897 dico,
315 2833 403 2887 autin
417 2832 506 2886 cresin
521 2837 548 2885 et
558 2830 776 2884 constitutionem
785 2827 935 2884 naturalem
945 2829 1020 2899 regri,
1058 2825 1161 2897 politas,
1175 2827 1245 2882 etin
1259 2827 1428 2882 sermonibus
1446 2822 1651 2901 communibus)
1669 2828 1848 2896 excipiantur,

231 2921 279 2968 sut
291 2913 321 2967 iu
335 2912 513 2967 accidentium
528 2910 695 2965 varietatem.
730 2907 767 2962 lt
776 2907 917 2963 incultum
926 2908 1020 2976 animi,
1059 2914 1189 2978 tanquam
1211 2906 1347 2978 imagines
1370 2905 1464 2963 civiles
1485 2908 1614 2979 integrurr
1636 2906 1687 2962 sed
1708 2907 1801 2978 potius
1819 2915 1849 2962 ut

231 3000 260 3047 et
273 2993 375 3048 morbis
388 2993 448 3061 ejus
462 2990 646 3062 persanaudia,
660 2989 714 3044 tria
729 2988 758 3042 in
778 2987 1021 3043 considerationem
1058 2986 1209 3058 imaginum
1222 2988 1344 3057 ipsarum
1357 2986 1437 3041 linere
1451 2993 1478 3042 et
1492 2989 1587 3043 ductus
1596 2987 1846 3058 magissimplicesr

231 3072 357 3135 veniunt,
372 3072 544 3127 characteres
553 3069 652 3124 diversi
661 3067 884 3139 dispositionumr
899 3068 1020 3134 affectus,
1059 3082 1120 3136 qna
1141 3067 1212 3121 inter
1230 3082 1260 3121 se
1276 3066 1434 3137 composite
1451 3075 1479 3120 et
1499 3066 1655 3123 commixtas
1676 3083 1847 3138 quascunque

232 3159 259 3206 et
278 3151 417 3207 remedia:
439 3149 665 3222 quemadmodum
681 3156 709 3203 et
724 3147 754 3201 in
767 3146 925 3216 corporibus
937 3147 1021 3202 medi-
1059 3145 1163 3216 effigies
1176 3145 1359 3201 constituunt:
1381 3153 1445 3217 quot
1455 3154 1484 3200 et
1492 3145 1588 3218 quales
1601 3163 1643 3201 ere
1657 3154 1731 3210 sunt,
1744 3153 1774 3199 et
1786 3162 1847 3215 quo·

231 3231 325 3285 candia
339 3237 525 3301 proponuntur
537 3229 585 3283 illa
597 3228 664 3294 tria;
685 3225 846 3296 complexio,
857 3226 915 3281 sive
924 3227 1021 3280 consti·
1059 3225 1140 3279 modo
1152 3225 1222 3280 inter
1236 3241 1265 3279 se
1278 3241 1410 3280 connexa
1421 3231 1449 3280 et
1462 3226 1664 3292 subordinatm3
1687 3233 1720 3280 ut
1733 3226 1780 3279 liat
1792 3235 1846 3278 tan·

231 3310 302 3364 tutio
315 3309 389 3382 regri,
404 3309 521 3372 morbus,
535 3317 564 3363 et
581 3307 693 3362 curatio.
733 3306 778 3360 Ex
791 3304 848 3359 illis
868 3315 958 3359 autem
973 3306 1021 3360 tri·
1059 3321 1141 3374 quam
1153 3304 1297 3360 artificiosa
1311 3313 1339 3359 et
1347 3312 1472 3359 accurata
1481 3306 1845 3377 ingeuiommetanimorum

232 3389 292 3454 bus,
314 3398 478 3460 postremum
498 3396 603 3442 tanturn
624 3388 653 3441 iu
672 3392 763 3440 nostra
784 3391 919 3455 potestate
939 3386 1022 3440 situm
1059 3383 1192 3448 dissectio,
1207 3391 1287 3455 atque
1299 3392 1332 3438 ut
1345 3384 1561 3454 dispositionum,
1571 3385 1600 3438 in
1611 3384 1772 3440 bominibus
1784 3383 1847 3437 iudi·

233 3476 290 3534 est;
312 3469 405 3540 priora
418 3468 538 3523 duonou
552 3466 626 3522 item.
667 3466 769 3520 Verum
783 3464 852 3518 etin
870 3464 926 3518 illis
943 3465 1020 3534 ipsis,
1059 3462 1155 3528 viduis,
1170 3471 1274 3517 secreta
1292 3464 1450 3535 prodantur,
1469 3471 1551 3535 atque
1575 3480 1728 3518 excomm
1748 3462 1846 3526 nonna

232 3566 293 3620 quia
306 3549 335 3602 in
348 3554 482 3619 potestate
496 3555 591 3601 nostra
612 3563 668 3600 uon
687 3550 757 3608 snut,
778 3560 833 3598 non
853 3544 943 3598 minus
963 3543 1022 3598 dili-
1059 3543 1226 3597 curationum
1239 3543 1324 3597 animi
1338 3551 1474 3613 precepta
1486 3544 1586 3598 rectius
1599 3543 1786 3598 instituantur.

231 3644 301 3698 gens
314 3627 440 3682 iacienda
453 3635 495 3682 est
508 3625 656 3698 inquisitio,
673 3641 755 3695 qnam
768 3623 798 3676 in
820 3622 958 3694 illisque
975 3640 1022 3694 po
1099 3622 1198 3694 Neque
1219 3639 1285 3677 vero
1305 3622 1477 3677 characteres
1496 3622 1679 3693 ingeniorum,
1701 3640 1738 3677 err
1758 3629 1846 3676 ustura

231 3707 323 3761 testati
337 3714 436 3762 nosnre
449 3705 637 3774 snbjiciuntur.
673 3701 782 3758 Etenim
797 3700 905 3757 illomm
917 3703 1022 3773 perspi·
1059 3702 1192 3771 impressi,
1207 3702 1292 3772 recipi
1306 3709 1410 3756 tantum
1428 3702 1458 3755 in
1477 3700 1550 3756 hunc
1570 3709 1719 3756 tractatum
1738 3701 1845 3764 debent3

232 3803 286 3840 carr
299 3796 327 3840 et
339 3794 467 3841 secumta
483 3786 602 3855 cognitio
620 3781 815 3839 substernenda
832 3790 875 3836 est
893 3782 1022 3837 ductuum
1060 3781 1108 3835 sed
1130 3789 1158 3835 et
1179 3780 1226 3845 illi,
1248 3781 1295 3852 qui
1314 3780 1384 3835 alias
1405 3780 1498 3835 auimo
1517 3781 1705 3852 imponuntur,
1726 3793 1757 3836 et
1775 3797 1845 3842 seru,

232 3866 267 3920 de
281 3867 416 3929 remediis,
432 3871 463 3920 ut
476 3864 571 3919 eadem
584 3862 750 3917 commodius
770 3868 797 3915 et
809 3859 917 3915 felicius
931 3861 1021 3931 appli-
1060 3866 1150 3926 aetate,
1162 3860 1259 3931 patria,
1268 3859 1429 3924 valetudine,
1440 3860 1535 3925 iorms,
1548 3867 1578 3915 et
1591 3859 1751 3915 similibus:
1771 3869 1846 3930 atque

232 3951 335 4001 centur.
376 3946 475 4016 Neque
496 3944 568 3997 enim
587 3943 670 3996 restis
690 3939 796 4010 corpori
816 3940 905 4010 aptari
924 3941 1020 4011 possit,
1059 3940 1171 4009 insuper
1184 3939 1234 4006 illi,
1249 3940 1296 4010 qni
1310 3957 1346 3994 ex
1359 3940 1473 4004 fortuna,
1491 3939 1578 3995 veluti
1599 3939 1764 4010 principum,
1777 3939 1848 3992 nohi-

232 4023 287 4077 nisi
301 4040 428 4078 mensura
440 4022 562 4093 corporis
576 4030 639 4076 ante
653 4021 815 4091 excipiatur.
1059 4017 1135 4084 lium,
1148 4018 1318 4090 ignobilium,
1331 4019 1451 4082 divitum,
1462 4036 1620 4090 paupemm,
1634 4021 1847 4090 magistratuum,

273 4102 381 4157 Primus
394 4103 478 4174 igitur
491 4101 619 4156 articulus
632 4100 761 4156 doctrina
773 4096 924 4152 decultura
937 4098 1022 4154 animi
1060 4097 1212 4163 idiotarum,
1237 4098 1364 4163 felicium,
1388 4115 1609 4163 remmnosorum,
1631 4106 1660 4154 et
1685 4098 1846 4168 hujusmodi.

232 4182 385 4236 versabitur
411 4182 485 4236 eirca
511 4181 631 4236 diversos
656 4179 827 4234 characteres
853 4177 1023 4248 ingeniorum
1062 4173 1193 4232 Videmus
1206 4177 1287 4242 enim,
1300 4177 1429 4233 Plautum
1441 4178 1565 4234 miraculi
1580 4178 1641 4232 loco
1654 4178 1767 4243 babere,
1781 4177 1848 4248 qnod

232 4261 291 4316 sire
305 4260 521 4331 dispositionum.
556 4260 655 4331 Neque
669 4256 906 4328 tamenloqnimur
918 4257 1023 4312 derul·
1061 4273 1147 4312 senex
1173 4256 1234 4328 quis
1260 4258 1295 4312 sit
1320 4257 1474 4324 beneficum
1505 4258 1691 4328 “benignitas
1712 4258 1800 4327 huius,
1820 4266 1848 4310 ut

231 4340 304 4411 gatis
323 4339 380 4396 illis
399 4340 625 4412 propensionibus
644 4339 675 4394 in
692 4340 803 4392 virtutes
824 4336 954 4402 ervilia,
977 4346 1024 4391 aut
1062 4335 1255 4392 adolescentuli
1274 4338 1341 4392 est.”
1383 4336 1419 4392 D.
1441 4344 1533 4391 autem
1554 4336 1665 4402 Paulus,
1680 4339 1848 4393 severitatem

233 4420 319 4476 etiam
339 4420 369 4473 in
388 4420 603 4491 perturbationes
617 4427 643 4474 et
663 4419 794 4472 affectus:
815 4416 863 4471 sed
882 4416 915 4470 de
935 4417 1024 4488 magis
1062 4415 1214 4485 disciplinas
1227 4433 1293 4487 crga
1307 4417 1451 4472 Cretenses
1461 4417 1624 4486 precipiens
1638 4419 1668 4485 (⁶¹
1679 4418 1793 4487 increpa
1804 4432 1848 4468 eos

234 4499 390 4554 intrinsecis
417 4507 444 4554 et
473 4498 644 4554 radicalibus.
687 4498 758 4553 Sane
785 4496 869 4550 subiit
895 4497 1023 4562 animum,
1062 4495 1165 4564 dure’')
1186 4495 1327 4567 ingenium
1349 4496 1438 4567 gentis
1459 4513 1496 4551 ex
1516 4498 1597 4565 po'c‘ts
1615 4505 1736 4562 aconem,
1758 4495 1848 4550 “Cre-

232 4578 318 4633 etism
331 4579 361 4633 in
375 4578 428 4632 hac
442 4587 529 4649 parte,
542 4593 738 4648 nonnunquam
755 4576 906 4639 admiratio,
921 4577 1024 4649 quoda
1063 4583 1153 4630 tenses
1168 4592 1276 4644 semper
1295 4575 1448 4638 mendaces,
1466 4573 1546 4630 melre
1568 4576 1672 4639 lestioe,
1687 4585 1795 4630 ventres
1812 4574 1849 4644 pi

232 4657 417 4729 scriptoribus,
428 4665 483 4713 tam
494 4658 601 4722 ethicis,
612 4674 694 4729 quam
703 4654 828 4727 politicis,
838 4654 1025 4725 utplurimum
1062 4655 1131 4726 gri.”
1173 4653 1316 4709 Sallustius
1334 4655 1362 4707 id
1381 4655 1410 4708 in
1423 4672 1518 4725 regum
1536 4654 1656 4726 ingeniis
1678 4663 1763 4718 notat,
1782 4653 1849 4725 quod

231 4736 359 4808 neglecta
371 4744 419 4792 sut
431 4738 616 4809 pretermissa
632 4737 682 4802 sit,
703 4753 766 4790 cum
779 4735 888 4804 utrique
902 4735 1024 4790 scientim
1062 4734 1134 4804 apud
1148 4750 1195 4788 eos
1204 4733 1330 4804 frequens
1341 4734 1376 4788 sit
1385 4734 1593 4788 embadictoria
1602 4741 1748 4804 appetere:
1771 4733 1848 4788 “Ple-

232 4816 413 4872 clarissimum
439 4816 551 4872 luminis
581 4817 663 4886 jubar
689 4814 828 4869 effundere
855 4814 949 4884 possit.
991 4814 1025 4868 ln
1062 4831 1167 4884 runque
1189 4813 1274 4885 regiae
1294 4813 1454 4878 voluntates,
1473 4820 1503 4868 ut
1523 4813 1700 4868 vehementes
1724 4821 1793 4877 srrnt,
1813 4813 1848 4866 sic

231 4897 422 4952 traditionibus
435 4896 589 4968 astrologia
603 4912 657 4950 non
670 4894 766 4949 inscite
777 4894 887 4947 omnino
897 4893 1025 4947 distincta
1062 4892 1184 4955 mobiles,
1198 4909 1324 4964 sepeque
1338 4893 1408 4964 ipsse
1421 4893 1474 4947 sibi
1495 4893 1640 4947 adverse?
1683 4893 1795 4948 Tacitus
1808 4891 1850 4945 ob·

233 4984 297 5030 sunt
314 4977 434 5048 ingenis,
449 4984 476 5030 et
495 4975 687 5046 dispositiones
704 4973 852 5036 bominmn,
867 4990 903 5026 ex
922 4972 1025 5043 predo-
1063 4979 1160 5036 servat,
1173 4972 1291 5026 bonores
1308 4979 1336 5027 et
1357 4972 1503 5043 dignitates
1526 4972 1637 5042 ingenia
1658 4972 1801 5027 hominurn
1821 4971 1848 5024 in

232 5055 373 5109 minantiis
386 5055 572 5125 planetarum
595 5054 667 5125 quod
688 5053 736 5106 alii
750 5060 876 5106 enatura
889 5051 955 5106 lacti
972 5054 1027 5107 sint
1064 5052 1181 5107 deterius
1204 5052 1304 5122 sepius
1324 5052 1440 5116 flectere,
1462 5067 1543 5122 quam
1562 5052 1591 5104 in
1611 5051 1730 5117 melium
1752 5059 1769 5084 ‘⁸
1782 5049 1849 5105 solus

232 5133 268 5188 ad
294 5133 556 5204 contemplationes:
585 5132 633 5185 alii
659 5132 695 5186 ad
714 5149 759 5186 res
782 5130 895 5194 civilem
921 5130 969 5186 alii
991 5131 1026 5186 ad
1064 5131 1250 5202 Vespasianus
1277 5138 1397 5185 mutatus
1423 5138 1466 5183 est
1492 5130 1522 5183 in
1547 5129 1674 5185 melius.”
1724 5131 1850 5186 Pindarus

231 5212 376 5274 militiamr
398 5211 446 5265 alii
458 5211 493 5265 ad
507 5211 653 5275 ambitum
674 5211 722 5265 alii
734 5210 769 5264 ad
786 5226 907 5275 amoresr
929 5211 978 5264 alii
991 5211 1027 5266 ad
1064 5210 1131 5265 illud
1144 5210 1340 5274 animadvertit,
1354 5210 1489 5264 ionunam
1497 5209 1614 5264 subitam
1624 5219 1652 5263 et
1660 5210 1850 5282 indulgentem

232 5299 321 5354 artesr
342 5290 391 5345 alii
405 5291 440 5344 ad
453 5306 540 5361 genus
552 5290 617 5344 vitro
630 5290 743 5345 varium.
786 5290 855 5345 ltem
872 5291 946 5361 apud
959 5295 1027 5362 po'e·
1064 5291 1170 5344 animos
1183 5288 1334 5360 plerunque
1347 5304 1476 5343 enervare
1495 5296 1524 5342 et
1544 5288 1665 5354 solverer
1687 5296 1704 5322 ‘⁸
1718 5296 1788 5354 sunt,
1807 5287 1850 5359 qui

232 5376 275 5423 tas
290 5367 440 5445 (heroicos,
454 5369 585 5432 satiricos,
600 5370 727 5440 tragicos,
745 5370 876 5437 comicos)
891 5387 1026 5441 spargun-
1063 5385 1191 5439 magnam
1229 5367 1389 5423 felicitatem
1424 5384 1591 5439 concoquere
1626 5385 1682 5423 nou
1717 5366 1849 5440 possunt”

234 5453 280 5503 tur
301 5449 403 5519 ubique
427 5448 574 5504 simulacra
594 5448 775 5520 ingeniorum,
796 5447 861 5504 licet
884 5449 941 5505 iere
964 5465 1027 5508 cum
1068 5447 1194 5503 Psalmus
1217 5447 1313 5513 innuit,
1334 5446 1443 5503 facilins
1464 5463 1524 5503 esse
1544 5449 1655 5504 modum
1678 5448 1809 5503 adhibere
1826 5453 1852 5498 et
