3800 5875
649 307 816 365 IMPETUS
836 305 1125 368 Pntnosorntct,
1641 302 1699 367 675

70 465 185 536 proprio
198 463 312 528 venerit,
323 480 386 519 eum
399 463 525 520 homiues
538 465 624 536 sequi.
665 467 754 540 Atque
768 470 791 524 si
805 468 867 541 quis
905 468 1069 534 mortalium,
1083 468 1132 540 qui
1146 475 1217 533 sunt,
1233 466 1280 539 qui
1292 463 1381 529 ἐιιιιιι,
1398 465 1426 518 in
1441 471 1602 534 perpetuum
1615 481 1701 536 nega-

69 562 194 617 unqusm
206 545 236 599 in
256 543 432 615 philosophis
445 546 475 600 in
495 546 605 601 nomine
625 549 736 617 proprio
748 549 829 614 venit,
843 550 868 604 is
905 548 989 612 bitias
1010 556 1092 619 atque
1113 547 1239 602 homines
1257 548 1287 600 in
1307 552 1381 600 recte
1399 545 1517 597 inventia
1530 545 1700 615 sequemini3

70 634 116 679 est
128 624 298 687 Aristoteles,
313 640 362 694 per
381 625 474 680 omnia
492 626 546 680 sibi
568 632 668 690 auctor,
683 627 784 699 quique
798 629 868 683 anti·
905 633 937 682 nt
958 626 1081 682 ridentes
1100 627 1197 691 lucem,
1215 643 1271 682 non
1293 626 1322 680 in
1346 624 1472 680 omnibus
1492 625 1654 693 promiscue,
1673 631 1704 679 ut

70 705 205 776 quitatem
225 704 264 758 ita
276 704 408 774 despexit,
427 712 458 759 ut
477 705 615 760 nemiuem
634 722 671 760 ex
689 708 810 779 antiquis
823 708 868 762 vel
905 706 972 760 caeci
993 707 1099 760 ducem.
1153 707 1253 777 Neque
1277 713 1350 759 certe
1371 720 1419 758 vos
1442 702 1541 757 virium
1562 704 1702 773 paeniteat,

69 783 215 840 numium
237 783 294 838 fere
318 784 451 855 dignetur,
474 784 527 839 nisi
549 785 584 839 ad
607 786 817 842 confutationem
840 796 869 842 et
906 785 931 840 si
944 784 1142 855 experiamini:
1163 802 1252 856 neque
1274 785 1348 838 enim
1366 781 1511 837 Aristotele
1529 783 1559 836 in
1577 783 1701 854 singulis,

70 864 261 934 approbrium.
311 861 382 924 Quin
403 872 430 917 et
454 864 564 920 disertis
585 865 676 920 verbis
699 866 790 921 dicere
813 884 868 922 nou
907 864 971 918 licet
984 866 1052 919 forte
1066 865 1095 919 in
1108 865 1240 928 omnibus,
1254 863 1396 918 inferiores
1410 862 1486 917 estis.
1528 861 1617 933 Atque
1631 863 1704 933 quod

70 942 211 998 erubescit
226 943 308 1012 (bene
321 943 456 999 ominatos
473 952 546 1000 certe
563 944 648 999 etism
665 946 696 999 in
710 945 868 1016 maledicto)
907 951 988 1014 ceput
1011 944 1051 997 rei
1071 952 1120 1009 est,
1142 961 1196 998 una
1215 951 1288 998 certe
1313 960 1342 997 re
1364 942 1441 996 illum
1461 940 1542 1013 louge
1561 942 1704 1012 superatis,

71 1020 223 1078 verisimile
236 1039 297 1078 esse
310 1023 428 1092 majores
440 1031 546 1079 nosnos
565 1041 602 1080 ex
618 1030 693 1078 terra
711 1024 804 1097 aliqua
823 1035 871 1081 aut
899 1021 1042 1093 exemplis
1057 1022 1191 1087 uidelicet,
1205 1030 1235 1078 et
1254 1022 1447 1093 experimentis
1459 1027 1488 1075 et
1506 1022 1618 1076 monitis
1639 1028 1705 1075 tem-

71 1102 142 1158 limo
153 1109 310 1174 procreatos
320 1102 413 1168 fuisse,
421 1111 453 1158 ut
463 1120 499 1160 ex
512 1103 685 1175 opinionibus
699 1113 727 1159 et
740 1105 870 1161 institutis
909 1103 991 1173 poris
1012 1103 1087 1157 Nam
1099 1111 1132 1157 ut
1145 1102 1191 1158 ille
1206 1103 1292 1174 (quod
1306 1099 1430 1169 narrant)
1440 1099 1538 1154 librum
1548 1102 1703 1167 confecerit,

72 1199 169 1238 eorum
182 1183 305 1253 stupidis,
320 1190 349 1236 et
361 1199 424 1237 rere
438 1183 534 1239 terreis
548 1184 684 1253 conjicere
696 1184 771 1241 licet.
908 1182 937 1235 in
952 1199 1007 1252 quo
1023 1181 1199 1237 ducentarum
1212 1182 1410 1253 quinquaginta
1429 1181 1548 1251 quinque
1563 1181 1705 1236 civitatum

114 1263 215 1333 Neque
233 1270 324 1317 tamen
343 1261 412 1317 illud
425 1280 518 1318 verum
532 1269 582 1329 est,
597 1264 770 1334 antiquorum
784 1264 870 1335 philo
908 1261 986 1333 leges
1000 1270 1027 1315 et
1040 1262 1164 1317 instituta
1176 1262 1333 1333 collegerit,
1354 1269 1444 1314 tamen
1462 1276 1518 1314 non
1532 1260 1625 1314 dubito
1639 1262 1704 1331 quin

73 1342 226 1412 sophorum
245 1358 336 1412 opera,
360 1349 503 1413 postquam
527 1343 688 1398 Aristoteles
713 1344 747 1399 de
775 1345 812 1399 iis
834 1361 871 1399 ex
909 1341 990 1395 unius
1003 1341 1161 1411 reipublice
1174 1342 1306 1397 Romanu
1316 1347 1443 1395 moreset
1456 1339 1583 1410 exempla
1594 1337 1657 1409 plna
1670 1341 1706 1394 ad

73 1423 239 1478 auctoritate
261 1422 374 1492 propria
399 1422 603 1493 triumphasset,
630 1424 723 1478 statim
750 1424 872 1480 extincta
909 1420 1081 1489 prudentiam
1111 1429 1140 1476 et
1166 1421 1316 1476 militarem
1343 1429 1372 1474 et
1398 1418 1506 1473 civilem
1533 1420 1704 1484 contulerint,

74 1502 170 1556 fuisse.
212 1502 344 1557 Videmus
358 1502 432 1557 euim
446 1502 536 1574 qualis
550 1502 632 1558 fucrit
645 1503 740 1574 opinio
752 1504 786 1559 de
807 1520 872 1576 pru·
911 1515 993 1569 quam
1006 1500 1099 1556 omnia
1112 1501 1169 1555 illa.
1210 1500 1320 1555 Similia
1333 1500 1417 1555 etiam
1431 1507 1459 1553 et
1471 1499 1500 1553 in
1514 1498 1631 1553 naturali
1645 1499 1706 1569 phi·

73 1581 171 1637 dentis
185 1581 334 1637 Democriti
348 1590 410 1651 post
424 1581 563 1639 Caesarum
579 1589 711 1654 tempora,
910 1578 1037 1650 losophia
1057 1586 1212 1635 evenerunt.
1263 1581 1341 1634 Itane
1358 1595 1424 1634 vero
1444 1578 1558 1633 animati
1579 1579 1653 1644 estis,
1678 1587 1707 1632 ut

910 1674 966 1712 non
979 1666 1084 1714 tantum
1106 1659 1183 1714 dotes
1197 1667 1302 1714 vestras
1322 1658 1453 1730 proprias,
1468 1658 1516 1712 sed
1535 1657 1617 1712 etiam
1638 1667 1707 1712 tem·

165 1773 268 1836 Magnos
277 1790 344 1837 pm
355 1716 785 1843 vissogfflugffiffffiffiss
911 1739 987 1809 poris
1000 1739 1071 1794 dona
1081 1739 1252 1809 projiciatis?
1275 1740 1371 1810 ltaque
1382 1738 1517 1792 vindicate
1526 1754 1575 1792 vos
1590 1739 1706 1803 tandem,

165 1833 335 1882 Venami„
346 1839 430 1895 pm,
438 1833 780 1894 manumulierum?
911 1825 940 1873 et
953 1834 1002 1873 vos
1023 1819 1104 1873 rebus
1125 1819 1223 1885 addite,
1241 1834 1330 1890 neque
1351 1816 1474 1872 accessio
1488 1817 1569 1872 nulus
1587 1816 1707 1873 hominis

911 1903 1008 1953 estote.

76 1969 168 2042 Atque
183 1971 250 2026 satis
263 1979 369 2036 constat
387 1971 439 2027 sub
453 1979 577 2041 tempora
595 1970 747 2026 excultiors
764 1971 873 2043 imperii
953 1976 996 2031 De
1009 1975 1124 2032 Platone
1137 1994 1203 2032 vero
1216 1993 1250 2032 ea
1268 1984 1363 2032 nostra
1382 1976 1518 2031 sententis
1539 1983 1599 2040 est3
1620 1975 1706 2040 illum,

77 2050 204 2117 Romani,
219 2050 351 2121 plurimos
364 2052 537 2124 antiquorum
553 2051 708 2106 Graecorum
728 2051 813 2106 libros
831 2051 873 2106 iu·
911 2056 977 2110 licet
997 2057 1031 2110 ad
1052 2056 1248 2128 rempublicam
1268 2073 1323 2111 non
1345 2055 1511 2120 accessisset,
1532 2056 1580 2110 sed
1596 2073 1614 2109 a
1627 2056 1708 2110 rebus

76 2131 199 2186 columes
220 2131 361 2187 mansisse
401 2133 500 2203 Neque
523 2131 595 2186 euim
617 2137 721 2186 tantum
742 2132 875 2201 potuisset
912 2135 1040 2192 civilibus
1072 2136 1293 2191 administrandis
1327 2135 1528 2207 quodammodo
1563 2135 1709 2206 refugisset

76 2209 240 2265 Aristoteles
265 2212 343 2280 (licet
364 2211 489 2267 voluntas
508 2212 535 2266 ei
562 2226 617 2266 nou
636 2211 765 2280 defuerit)
789 2218 819 2267 ut
840 2229 874 2266 ea
912 2223 1024 2286 propter
1044 2225 1196 2286 temporum
1217 2216 1441 2287 perturbationes,
1456 2223 1547 2269 tamea
1567 2223 1663 2270 natura
1681 2223 1709 2269 et

76 2290 187 2353 deleret,
202 2291 256 2345 uisi
271 2290 363 2358 Attils,
378 2299 405 2346 et
421 2291 593 2356 Gensericus,
604 2291 633 2345 et
647 2290 730 2346 Gothi
737 2291 764 2345 ei
778 2292 807 2346 in
821 2290 873 2346 hac
912 2294 1089 2350 inclinatione
1102 2296 1213 2351 omnino
1228 2297 1263 2350 ad
1277 2313 1320 2350 res
1334 2295 1429 2350 civiles
1445 2311 1621 2365 propensum,
1636 2295 1709 2348 vires

76 2388 105 2425 re
118 2371 260 2439 adjutores
270 2370 391 2427 fuissent.
432 2370 585 2426 Tumcnim
598 2377 742 2442 postquam
751 2371 875 2427 doctrina
913 2391 947 2428 eo
960 2377 1096 2445 praecipue
1109 2375 1275 2441 intendisae;
1289 2392 1378 2447 neque
1392 2375 1426 2429 de
1440 2374 1617 2446 philosophia
1630 2382 1707 2429 natu·

76 2450 200 2506 humana
213 2451 385 2523 naufragium
399 2458 614 2522 perpessaesset,
628 2450 722 2504 tabula
735 2452 788 2506 ista
801 2451 875 2506 Aris·
913 2454 964 2509 ruli
986 2455 1131 2509 admodum
1154 2456 1291 2510 solicitum
1317 2455 1415 2518 faisses
1442 2454 1496 2510 nisi
1519 2463 1652 2526 quatenus
1676 2453 1711 2507 ad

75 2531 197 2586 totelicoe
224 2529 415 2602 philosophie,
444 2539 573 2604 tanquam
603 2530 726 2586 materiae
759 2530 875 2602 alicujus
912 2533 1070 2605 philosophi
1091 2551 1191 2590 nomen
1212 2544 1240 2590 et
1261 2534 1447 2590 celebritatem
1470 2536 1605 2599 tuendam,
1626 2544 1655 2588 et
1675 2535 1710 2588 ad

74 2610 190 2666 leuioris
213 2618 241 2664 et
263 2611 354 2667 miuus
376 2610 478 2679 solidae,
498 2618 605 2667 servata
626 2617 675 2676 eet,
697 2619 725 2664 et
747 2610 874 2667 extinctis
913 2614 1084 2683 majestatem
1098 2615 1234 2685 quandam
1247 2613 1395 2669 moralibus
1409 2622 1436 2668 et
1446 2614 1572 2668 civilibus
1581 2614 1711 2668 doctrinis

74 2690 184 2745 emulis
197 2696 316 2761 recepta.
914 2694 1065 2749 addendam
1078 2701 1105 2749 et
1118 2696 1316 2766 aspergendam
1327 2695 1470 2749 sufficeret
1510 2694 1555 2748 Ex
1570 2694 1711 2764 quotit,nt

116 2770 154 2824 At
168 2770 244 2841 quod
263 2771 297 2825 de
311 2786 444 2826 consensu
461 2770 588 2826 homines
605 2771 658 2827 sibi
678 2772 792 2842 tinguant,
805 2770 834 2825 id
848 2779 875 2825 et
914 2788 977 2844 quaa
1003 2773 1153 2829 denatura
1177 2774 1293 2844 scripsit,
1316 2773 1356 2827 nil
1381 2773 1556 2828 firmitudinis
1583 2774 1709 2826 habeant.

74 2848 192 2905 infidum
220 2857 248 2905 et
270 2850 408 2906 infirmum
430 2858 480 2906 est.
503 2851 565 2906 ·An
587 2867 645 2918 vos,
665 2851 724 2915 filii,
745 2851 876 2921 temporis
915 2852 1071 2914 Quinetiam
1080 2858 1207 2908 natutaru
1217 2853 1357 2924 theologia
1370 2869 1423 2907 non
1438 2853 1535 2917 minus,
1545 2868 1627 2923 quarn
1638 2853 1711 2906 Aris·

75 2938 174 3000 partus
188 2928 295 2986 habetis
309 2938 465 2987 numeratos
477 2938 506 2987 et
518 2931 670 3002 descriptos
683 2931 711 2987 iu
723 2930 808 2997 fastis,
819 2948 874 2997 eos,
915 2932 1011 2988 toteles
1023 2933 1174 2999 dialectica,
1188 2934 1282 2989 infecit
1296 2944 1323 2989 et
1336 2933 1463 3004 corrupit
1499 2933 1610 3004 Optima
1621 2943 1710 2987 autern

74 3012 199 3082 iuquam,
212 3011 260 3082 qui
274 3012 419 3082 perierunt,
433 3011 578 3078 latuerunt,
592 3019 640 3067 sut
652 3011 715 3068 aliis
729 3011 802 3066 orbis
815 3028 876 3083 par·
915 3014 944 3068 in
957 3030 992 3067 eo
1004 3015 1083 3085 sigua
1095 3014 1131 3082 (si
1144 3022 1244 3069 cetere
1257 3014 1468 3081 consensissent)
1485 3012 1556 3085 quod
1572 3021 1600 3066 et
1613 3013 1712 3067 forma·

75 3090 151 3147 tibus
172 3091 367 3148 innotuerunt?
390 3091 434 3147 An
455 3100 484 3148 et
502 3093 612 3148 abortus
626 3093 674 3164 qui
687 3108 826 3162 nunquam
847 3092 877 3146 in
915 3111 976 3148 rum
991 3094 1173 3165 cognitionem
1187 3094 1310 3159 ambiret,
1325 3106 1351 3148 et
1372 3093 1527 3148 inductione
1547 3110 1596 3163 per
1611 3093 1711 3155 omnia,

74 3170 168 3226 lucem
176 3170 244 3225 editi
255 3172 337 3227 sunt?
359 3172 456 3244 ltaque
467 3171 726 3229 desinanthomiues
736 3172 877 3243 augustias
915 3190 971 3228 non
986 3180 1090 3228 tantum
1102 3174 1137 3226 ad
1157 3175 1300 3245 principia,
1313 3175 1362 3228 sed
1375 3174 1457 3228 etiarn
1476 3172 1510 3227 ad
1529 3172 1634 3227 medias
1652 3189 1713 3242 pro

74 3267 140 3305 suas
155 3250 261 3305 mundo
273 3259 301 3305 et
314 3252 413 3308 seculis
427 3252 574 3308 attribuere
588 3259 616 3307 et
624 3252 775 3322 imponere.
806 3251 877 3313 Quid
916 3253 1066 3323 positiones
1092 3261 1227 3308 uteretur:
1253 3254 1317 3308 licet
1346 3263 1374 3307 et
1400 3254 1459 3308 haec
1487 3253 1548 3322 ipse
1574 3254 1628 3307 duo
1649 3269 1712 3306 vere

75 3330 155 3385 side
175 3329 316 3402 suffragiis
336 3332 405 3403 ipsis
423 3331 500 3388 litem
520 3349 685 3397 moveamus,
700 3340 727 3386 et
746 3348 878 3403 negemus
916 3332 1015 3396 divina,
1031 3343 1059 3387 et
1074 3333 1109 3388 ob
1123 3351 1183 3405 quse
1203 3351 1300 3388 nomen
1320 3333 1406 3388 divini
1426 3349 1481 3387 non
1501 3332 1562 3386 dico
1583 3331 1644 3386 tulit
1664 3332 1713 3386 sed

74 3428 173 3465 rerum
193 3419 225 3464 et
243 3409 397 3481 legitimum
416 3429 579 3468 consensum
594 3430 662 3476 esse,
676 3430 738 3467 cam
751 3411 878 3467 homiues
917 3413 1024 3478 meruit,
1039 3414 1190 3483 corruperit
1203 3421 1231 3469 et
1246 3414 1353 3468 inutilia
1370 3412 1523 3478 reddiderit,
1537 3412 1602 3466 dum
1617 3419 1645 3465 et
1658 3412 1713 3465 for·

74 3490 181 3545 addicti
192 3491 313 3557 credunt,
327 3508 381 3547 non
396 3493 518 3562 persuasi
529 3493 671 3562 judicant?
692 3492 877 3556 Transierunt,
917 3509 976 3546 mas
999 3494 1149 3548 abstractas
1172 3500 1319 3565 prensaret,
1338 3502 1366 3550 et
1389 3492 1551 3548 inductionis
1572 3492 1713 3546 materiam

74 3570 184 3636 filii,ab
198 3571 355 3642 ignorantia
366 3572 395 3626 in
415 3570 618 3642 praeiudicium:
639 3571 699 3626 haec
713 3572 823 3628 demum
836 3578 880 3626 est
917 3579 1021 3626 tanturn
1044 3591 1080 3627 ex
1103 3573 1184 3627 rebus
1207 3574 1295 3629 obviis
1315 3580 1344 3628 et
1363 3573 1521 3645 vulgaribus
1542 3571 1712 3626 desumeret:

74 3650 124 3705 ills
138 3651 225 3705 coitio
238 3650 329 3721 potius
343 3668 425 3723 quam
438 3669 593 3707 consensus.
635 3651 785 3716 Postremo,
800 3652 823 3706 si
844 3652 878 3706 de
917 3653 989 3723 quod
1004 3652 1158 3722 hujusmodl
1173 3653 1277 3708 scilicet
1295 3651 1422 3724 exempla
1435 3652 1513 3725 (quia
1526 3650 1644 3720 sobora)
1658 3651 1713 3705 dis-

74 3731 131 3787 isto
144 3747 351 3786 consensunon
364 3731 533 3799 diffiteamur,
542 3733 591 3787 sed
604 3749 666 3787 eum
679 3733 770 3802 ipsum
781 3739 880 3786 utsus-
917 3732 1102 3804 putationibus
1115 3733 1396 3802 potiusconrenirent
1438 3733 1534 3803 ltaque
1546 3748 1607 3785 cum
1617 3732 1641 3784 ei
1653 3730 1713 3785 dili·

75 3820 187 3881 pectam
215 3810 381 3880 rejiciamus,
410 3828 445 3866 an
470 3829 521 3868 nos
547 3813 618 3867 inter
644 3812 769 3867 morbum
796 3811 880 3866 iatum
919 3829 986 3883 gens
1004 3812 1169 3867 naturalium
1189 3830 1279 3868 rerum
1298 3812 1493 3883 contemplatio
1512 3820 1540 3865 et
1562 3811 1714 3865 observatio

74 3892 235 3947 animorum
244 3899 414 3961 gmmntem
425 3900 453 3946 et
463 3892 643 3964 epidemicum
657 3892 782 3947 sanitatis
795 3892 881 3962 poeni·
919 3893 1031 3955 deesset,
1056 3909 1117 3963 quse
1145 3893 1226 3947 unica
1253 3892 1437 3963 philosophie
1462 3891 1578 3945 materia
1604 3897 1652 3954 est,
1674 3889 1715 3944 nil

76 3970 170 4026 tebit?
191 3970 346 4026 Pessimum
367 3979 449 4037 certe,
463 3972 523 4038 filii,
537 3972 658 4027 omnium
677 3972 822 4044 augurium
838 3978 882 4027 est
920 3973 1015 4025 mirum
1038 3972 1131 4026 sinec
1151 3973 1293 4044 ingenium
1313 3972 1406 4036 ultum,
1421 3988 1471 4025 nec
1488 3970 1585 4024 modus
1598 3970 1714 4041 inquisi-

75 4050 110 4106 de
117 4065 256 4105 consensu
266 4051 295 4105 in
307 4051 387 4107 rebus
395 4052 630 4116 intellectualibus,
639 4053 764 4122 exceptis
772 4051 880 4117 divinis,
920 4050 1001 4105 tionis
1015 4050 1082 4106 felix
1097 4069 1262 4123 magnopere
1277 4051 1447 4121 profecerint
1488 4050 1591 4105 Verum
1607 4067 1658 4104 nos
1679 4066 1714 4104 ex

75 4148 138 4186 cum
157 4131 261 4186 veritos
274 4130 413 4186 descendit
432 4131 550 4187 coelitus.
590 4130 672 4186 Nihil
693 4132 766 4186 enim
787 4131 881 4186 multis
919 4130 1060 4200 signorum
1081 4131 1303 4195 consideratione,
1331 4131 1425 4185 nescio
1450 4130 1593 4203 quomodo,
1620 4130 1650 4183 iu
1670 4147 1714 4184 res

76 4211 178 4281 placet,
194 4210 249 4265 nisi
263 4219 310 4265 sut
324 4212 549 4283 imaginationem
562 4211 649 4275 feriat,
663 4219 694 4267 ut
707 4211 879 4281 superstitio;
919 4210 993 4279 ipsas
1007 4211 1192 4280 prolabimur:
1207 4227 1262 4265 nou
1275 4211 1349 4265 enim
1362 4210 1443 4266 facile
1457 4211 1578 4281 separari
1593 4218 1713 4280 possunt,

76 4300 123 4346 sut
136 4290 269 4345 notiones
282 4290 416 4362 vulgares,
426 4299 455 4347 ut
469 4292 593 4346 doctrina
605 4292 807 4361 sophistarum:
823 4299 881 4346 tan·
919 4306 1008 4361 neque
1022 4306 1055 4344 ea
1068 4291 1178 4361 ingrata
1187 4291 1264 4345 vobis
1277 4284 1371 4345 auditu
1386 4291 1470 4345 fuisse
1484 4290 1655 4344 arbitramur.

77 4380 190 4442 tumque
212 4386 361 4425 consensus
380 4372 433 4427 iste
450 4389 467 4425 a
484 4389 548 4426 vera
569 4378 596 4426 et
613 4371 701 4425 solida
721 4371 880 4427 auctoritate
960 4369 1130 4430 Quinetiam
1151 4371 1264 4425 fortasse
1285 4379 1312 4425 et
1331 4369 1399 4426 illud
1419 4371 1531 4440 insuper
1550 4370 1620 4424 scire
1634 4368 1717 4424 sultis

76 4451 164 4515 abest,
180 4458 211 4505 ut
225 4449 308 4504 etiam
319 4450 467 4506 violentam
480 4451 719 4522 presumptionem
733 4451 842 4505 inducat
852 4450 880 4504 in
920 4449 985 4520 quid
1000 4450 1034 4504 de
1048 4450 1161 4520 reliquis
1175 4450 1231 4504 illis
1245 4451 1402 4514 sentiamus,
1414 4449 1462 4521 qui
1476 4449 1581 4514 alienis,
1592 4465 1645 4503 non
1657 4466 1716 4519 pro

75 4530 257 4585 conharium.
299 4530 410 4601 Optime
430 4531 504 4586 enirn
524 4532 635 4586 Graecus
653 4530 707 4597 ille,
725 4528 802 4592 Quid
817 4547 880 4603 pec·
920 4530 989 4598 priis
1002 4531 1113 4600 scriptis
1127 4530 1206 4585 nobis
1221 4528 1715 4600 uotisunt,Pythagors,Empedocle,

76 4614 170 4667 cacis
185 4627 249 4664 cum
263 4610 493 4680 complaudereut.
922 4609 1070 4674 Heraclito,
1086 4609 1258 4681 Anaxagora,
1273 4609 1437 4674 Democrito,
1458 4609 1631 4673 Parmenide,
1645 4607 1715 4662 aliis.

116 4689 237 4752 Quodsi
253 4691 279 4743 is
293 4700 365 4745 esset
380 4691 429 4756 vir,
444 4690 492 4762 qui
505 4696 616 4762 putatur
629 4706 698 4755 esse,
713 4688 880 4755 Aristoteles,
921 4688 1010 4759 Atque
1033 4689 1085 4743 buc
1106 4690 1140 4743 de
1161 4707 1199 4753 rs,
1220 4688 1280 4755 filii,
1298 4688 1338 4744 nil
1362 4690 1544 4754 reticebimus,
1564 4689 1611 4743 sed
1631 4688 1716 4740 animi

77 4778 172 4825 tamen
186 4768 264 4824 nullo
278 4771 361 4824 modo
373 4771 451 4825 robis
464 4780 558 4825 auctor
571 4771 632 4834 sirn,
646 4777 678 4824 ιιι
694 4769 776 4824 unius
789 4768 881 4823 horni-
920 4770 1005 4823 nostri
1016 4785 1126 4823 sensum
1140 4769 1276 4841 integrum
1285 4779 1312 4824 et
1322 4769 1544 4824 sincerumvobis
1553 4767 1716 4839 aperiemus.
1813 4828 1826 4849 l

75 4849 505 4921 uiscogitataetplacitainstar
518 4848 621 4905 oraculi
636 4849 784 4921 recipistis.
816 4849 882 4910 Quae
921 4848 1022 4902 Scitote
1041 4848 1142 4921 itaque,
1163 4865 1214 4902 nos
1235 4865 1342 4904 surnma
1356 4867 1418 4904 cum
1437 4849 1580 4921 diligentia
1602 4856 1631 4901 et
1652 4864 1718 4900 eura

75 4930 162 4993 enim,
186 4928 246 4993 filii,
275 4938 317 4984 est
340 4930 393 4984 ista
419 4929 574 4985 noluntaria
600 4929 744 4984 servitus?
771 4935 882 4983 tantone
921 4944 1015 4983 ornnes
1033 4926 1076 4981 vel
1097 4929 1269 4984 tenuissimas
1289 4945 1370 4984 auras
1388 4929 1461 4983 circa
1480 4930 1577 4983 horum
1597 4927 1718 4980 virorum

75 5009 251 5064 auditoribus
265 5010 392 5064 monachi
407 5010 481 5064 illius
495 5009 599 5064 ethuici
610 5009 758 5063 deteriores
772 5008 883 5072 estiaut
921 5008 1063 5078 opiniones
1081 5015 1109 5062 et
1128 5006 1230 5078 placita
1247 5017 1387 5079 captasse:
1408 5016 1439 5064 ιιι
1455 5007 1585 5079 quicquid
1606 5006 1640 5060 de
1661 5005 1718 5060 illis

74 5088 117 5144 illi
131 5106 214 5143 suum
229 5089 288 5160 s'pss
303 5090 374 5143 dr'ss't
388 5096 450 5160 post
463 5090 635 5161 septennium
650 5090 823 5160 deponerent,
835 5105 883 5143 vos
921 5088 964 5140 vel
973 5088 1038 5141 dum
1048 5088 1083 5141 ab
1094 5086 1239 5143 Aristotele
1249 5089 1429 5153 confutantur,
1438 5088 1481 5143 rel
1496 5088 1559 5141 dum
1570 5105 1588 5140 a
1601 5086 1717 5140 Platone

74 5169 315 5240 ffludpossaonor
326 5166 370 5224 bis
379 5169 455 5224 mille
464 5169 626 5224 retineatis?
648 5169 882 5239 Atquenecistum
921 5176 950 5221 et
964 5165 1098 5221 Cicerone
1111 5168 1236 5233 citantur,
1252 5168 1297 5222 vel
1315 5169 1344 5222 in
1363 5167 1503 5222 Plutarchi
1522 5165 1660 5230 fasciculo,
1675 5166 1719 5219 vel

73 5249 171 5321 ipsum
179 5247 882 5319 prseclaromauctoremhabuissedesiantiquitstis
921 5247 949 5300 in
974 5246 1078 5301 Laertii
1100 5248 1171 5312 vitis,
1194 5248 1239 5302 vel
1268 5248 1298 5302 in
1323 5247 1444 5302 Lucretii
1467 5249 1601 5316 poemate,
1624 5245 1667 5299 vol
1689 5247 1718 5299 in

75 5329 202 5385 studium
217 5327 362 5393 saluisset;
384 5339 412 5383 et
430 5337 521 5384 tamen
535 5329 630 5384 eadem
643 5329 671 5382 in
685 5327 764 5383 illum
778 5328 840 5399 lege
854 5335 883 5381 et
921 5325 1058 5396 aliquibus
1072 5326 1239 5398 fragmentis,
1254 5329 1297 5383 vel
1318 5328 1345 5380 iu
1367 5327 1463 5398 quavis
1483 5325 1538 5380 alin
1556 5342 1650 5397 sparsa
1665 5343 1719 5380 me-

74 5408 239 5463 conditione
255 5409 294 5462 nti
307 5409 447 5463 veremini.
489 5408 560 5468 Quin
582 5411 605 5464 ai
625 5426 670 5463 me
691 5407 814 5472 audietis,
828 5407 882 5462 dic·
921 5407 1007 5460 moria
1034 5413 1062 5461 et
1092 5408 1237 5473 mentione,
1265 5407 1379 5461 inveniri
1408 5406 1502 5476 possit,
1531 5407 1718 5471 evolverinrus,

75 5498 198 5545 tatursm
214 5487 296 5543 istam
308 5505 362 5544 non
376 5491 457 5545 modo
471 5488 536 5542 huic
552 5487 664 5554 homini,
680 5488 728 5543 sed
748 5495 776 5543 et
796 5487 883 5543 cuivis
920 5502 1010 5558 neque
1024 5487 1124 5542 cursim
1138 5495 1185 5542 aut
1198 5486 1385 5558 contemptim,
1404 5486 1452 5542 sed
1466 5504 1528 5547 curn
1542 5488 1595 5543 fide
1609 5493 1638 5542 et
1651 5486 1719 5541 deli-

439 5568 524 5623 2x2
