3800 5875
244 330 303 385 324
764 329 814 383 DE
835 328 1062 385 AUGMENTIS
1083 328 1360 385 scissurarum.
1749 331 1803 385 Lau.
1816 334 1845 387 ll.

245 487 388 542 materiam
401 488 513 543 omnino
527 488 670 558 spoliatam
685 496 712 542 et
725 489 879 553 informem,
893 488 970 542 etad
984 487 1039 541 for·
1117 488 1228 543 Cornua
1241 497 1335 543 autem
1345 488 1641 552 mundoattribnuntnr,
1652 488 1686 541 ab
1696 489 1750 542 imo
1759 489 1846 554 latiora,

244 583 303 621 ruas
316 567 516 622 indifferentem
530 568 738 624 introduxerunt
752 571 795 633 (ut
814 567 894 622 Plato
913 575 942 620 et
962 566 1039 622 hria-
1077 568 1248 623 adverticem
1261 575 1349 622 acuta.
1381 567 1561 622 Omnisenim
1575 585 1664 622 renam
1676 576 1767 622 nutura
1777 569 1848 623 instar

244 646 354 714 toteles)
369 646 455 701 multo
468 646 550 701 etiarn
564 647 676 717 propius
691 657 720 701 et
733 647 894 717 propensius
908 647 943 700 ud
957 663 1038 715 para·
1077 649 1226 716 pyramidis
1244 655 1324 702 acuta
1343 654 1392 701 eat.
1434 646 1541 717 Quippe
1560 646 1706 712 individua,
1719 648 1747 701 in
1764 649 1845 719 quibas

243 725 627 797 bolaefiguramaccesserunt.
649 726 885 781 Posueruntenim
895 727 1039 780 materiam
1077 726 1150 780 basis
1174 735 1278 781 naharu
1302 727 1495 797 exporrigitur,
1516 726 1621 781 infinita
1643 734 1718 790 sante
1737 744 1768 780 ea
1788 727 1847 781 colli·

244 813 374 875 tanquam
387 806 524 874 publicam
535 805 713 870 meretricem,
724 806 825 858 formas
835 822 899 859 vero
909 813 1039 876 tanquam
1076 813 1177 876 guntin
1187 808 1217 860 in
1223 807 1337 876 species,
1348 813 1376 859 et
1384 806 1461 876 ipsas
1470 805 1650 876 multiplicem
1666 806 1846 876 speciesrursns

243 901 359 954 procoss
375 884 483 938 adeout
492 901 586 938 omnes
596 884 630 938 de
640 902 731 939 rerum
742 884 885 954 principiis
895 885 1039 954 opiniones
1076 885 1220 956 insurgunt
1240 886 1270 940 in
1284 901 1394 956 genera,
1410 893 1492 955 atque
1506 885 1567 939 haec
1580 902 1687 955 qaoque
1700 886 1846 941 emendenda

243 964 297 1017 huc
311 963 430 1028 redeant,
445 964 519 1018 etad
532 963 609 1017 illam
629 963 845 1018 distributionem
866 964 1037 1028 reducantur,
1075 964 1106 1017 in
1120 966 1210 1035 magis
1223 963 1364 1035 generalia
1376 964 1590 1028 contrahuntur;
1605 973 1637 1018 ιιι
1650 964 1753 1018 tandem
1766 974 1846 1018 namra

243 1049 273 1096 ut
295 1043 410 1096 muudus
433 1043 476 1106 sit,
489 1041 531 1096 vel
554 1058 571 1096 a
592 1043 738 1106 Mercurio,
752 1042 797 1096 vel
816 1059 834 1096 a
852 1042 991 1113 Penelope
1011 1051 1039 1097 et
1077 1049 1207 1115 tanquam
1227 1046 1256 1099 in
1278 1061 1363 1099 unum
1383 1043 1457 1097 coire
1471 1044 1609 1106 rideaturr
1630 1044 1701 1113 quod
1718 1044 1846 1114 tigurailla

243 1121 334 1191 procia
362 1123 496 1176 omnibus.
548 1122 642 1176 Tertia
668 1131 759 1177 autem
784 1121 928 1193 generatio
955 1121 1038 1177 Panis
1076 1124 1239 1192 pyramiduli
1266 1140 1398 1178 cornuam
1427 1122 1511 1176 Panis
1536 1122 1712 1194 significatur.
1762 1121 1846 1177 Mirum

243 1201 377 1268 ejusmodi
390 1209 432 1256 est
443 1213 474 1256 ιιι
486 1202 628 1256 videantur
643 1202 732 1256 Groeci
746 1200 851 1273 aliquid
863 1202 897 1254 de
912 1202 1038 1256 Hebroeiu
1076 1218 1140 1256 vero
1153 1203 1266 1258 minime
1280 1212 1323 1258 est
1342 1202 1426 1257 Pania
1444 1219 1547 1256 corana
1560 1203 1644 1256 etium
1657 1201 1751 1256 coelnm
1764 1201 1843 1267 terim

243 1282 389 1349 mysteriis,
402 1279 447 1335 vel
460 1298 509 1351 per
521 1282 666 1351 AEgyptios
679 1281 870 1346 intemnncios,
882 1279 926 1334 vel
939 1288 1037 1335 utcun-
1075 1298 1137 1335 carn
1151 1282 1261 1336 excelsa
1273 1291 1384 1347 nanum,
1393 1282 1452 1336 sive
1465 1282 1534 1335 ideae
1544 1281 1720 1345 universales,
1728 1280 1759 1334 ad
1770 1280 1844 1334 divina

243 1377 303 1430 que,
317 1359 492 1415 inaudivisse.
535 1360 658 1416 Pertinet
671 1361 745 1415 enim
763 1360 798 1413 ad
819 1366 918 1414 statum
935 1360 1037 1426 mundi,
1076 1361 1275 1431 quodammodo
1302 1362 1465 1431 pertingant.
1522 1361 1618 1431 ltaque
1643 1369 1670 1414 et
1696 1369 1786 1414 catena
1806 1361 1843 1414 illa

241 1455 297 1493 non
309 1439 339 1493 in
352 1439 435 1494 meria
447 1439 584 1494 natalibus
598 1440 721 1504 suissed
734 1446 798 1510 post
809 1439 917 1509 lapsum
929 1439 1036 1504 adami,
1076 1440 1191 1495 Homeri
1206 1442 1352 1495 decantata
1359 1441 1516 1510 (causarum
1529 1440 1636 1494 scilicet
1648 1439 1842 1507 naturalinmlsd

242 1519 320 1573 morti
334 1526 361 1573 et
373 1519 539 1590 corruptioni
554 1520 708 1589 expositum
722 1528 748 1572 et
762 1519 911 1573 obnoxium
925 1517 1035 1573 factum
1075 1519 1172 1588 pedem
1192 1520 1255 1574 solii
1274 1519 1352 1574 Jovis
1373 1521 1430 1573 fixa
1452 1519 1672 1583 memorabatur;
1692 1535 1773 1589 neque
1788 1519 1842 1589 quis

243 1597 295 1652 llle
315 1600 389 1653 enim
407 1607 501 1663 status,
516 1599 577 1663 Dei,
591 1607 618 1652 et
635 1599 741 1669 peccati
761 1599 831 1666 (sive
853 1598 1036 1666 contumeliae)
1075 1615 1157 1668 quam
1170 1599 1215 1670 (ut
1223 1598 1314 1653 videre
1328 1597 1381 1667 est)
1388 1598 1615 1669 metaphysicam,
1626 1605 1654 1652 et
1667 1616 1725 1669 que
1733 1599 1759 1651 in
1768 1607 1842 1650 natura

241 1677 331 1747 proles
345 1678 403 1743 fuit,
418 1695 450 1731 ac
468 1685 567 1732 manet.
607 1678 672 1732 Fuit
689 1679 763 1731 enim
783 1687 923 1748 peccatum
937 1677 1037 1732 Adurni
1074 1686 1175 1732 aterna
1189 1687 1217 1732 et
1230 1679 1383 1733 immobilia
1397 1685 1467 1740 sunt,
1481 1678 1841 1748 tractavitatqueanirauus

241 1774 277 1826 aa
296 1774 397 1828 genere
420 1757 598 1820 contumelia,
613 1774 675 1812 cum
686 1757 747 1812 Deo
760 1757 859 1812 similis
873 1757 931 1811 fieri
944 1756 1035 1813 vellet.
1073 1755 1151 1812 fluxu
1169 1776 1260 1812 rerum
1287 1758 1426 1828 paulisper
1448 1757 1568 1824 abduxit,
1592 1757 1640 1828 qui
1661 1773 1715 1810 non
1734 1755 1840 1809 simulia

242 1836 1036 1908 ltaqnetriplexistanurratiodegenemtionePanis,etiarn
1074 1834 1241 1908 theologiam
1251 1837 1402 1891 naturalem
1414 1836 1554 1901 inciderit;
1570 1838 1641 1891 adeo
1654 1843 1758 1906 paratus
1764 1845 1787 1888 et
1796 1851 1840 1905 pro

240 1933 306 1970 vera
319 1916 404 1971 rideri
418 1917 511 1986 possit,
526 1917 549 1970 si
563 1917 615 1970 rite
628 1924 656 1970 et
669 1917 751 1971 rebus
765 1925 793 1970 et
806 1915 973 1985 temporibus
983 1917 1035 1970 dis
1073 1915 1192 1987 pinquus
1215 1923 1259 1970 est
1280 1918 1409 1972 transitus
1430 1932 1448 1969 a
1471 1918 1573 1972 vertice
1595 1914 1645 1970 illa
1665 1914 1800 1986 pyramidis
1815 1913 1841 1966 ad

242 1996 388 2067 tinguatur.
408 1995 1036 2066 NumistePan(qualemeumnunciatuemnr
1073 1994 1173 2050 divina

240 2081 268 2128 et
281 2074 498 2144 complectimur)
514 2090 550 2128 ex
562 2076 645 2129 verbo
662 2075 762 2139 divino,
775 2074 910 2128 mediante
924 2074 1036 2129 confusa
1113 2074 1218 2146 Corpus
1232 2083 1322 2130 autem
1342 2080 1445 2128 naturae
1465 2072 1670 2144 elegantissime
1687 2081 1714 2127 et
1725 2072 1840 2127 verissime

240 2153 355 2209 muteris
365 2157 539 2225 (quaetamen
547 2153 668 2223 ipsaDei
677 2171 745 2224 opus
753 2152 823 2221 erat)
831 2161 857 2207 et
865 2153 1034 2210 subintrante
1073 2152 1229 2225 depingitur
1246 2154 1389 2217 hirsutum,
1404 2160 1514 2223 propter
1532 2170 1626 2208 rerum
1646 2153 1741 2207 radios.
1776 2150 1839 2205 lisdii

240 2233 469 2301 praevaricatione,
479 2239 508 2286 et
518 2249 568 2302 per
578 2250 639 2287 eam
652 2233 830 2303 corruptione,
842 2242 929 2287 ortum
942 2233 1034 2291 habet
1073 2234 1146 2288 enim
1160 2242 1224 2290 sunt
1237 2241 1366 2306 tanquam
1383 2240 1487 2287 naturae
1504 2233 1604 2298 ennea,
1618 2233 1675 2288 sive
1688 2232 1758 2286 villi:
1775 2237 1839 2300 atque

280 2313 394 2367 Naturae
407 2329 505 2378 rerum,
517 2312 573 2365 fata
586 2330 684 2377 rerum,
694 2329 800 2367 sorores
814 2328 876 2367 vere
887 2312 1034 2382 perhiben·
1073 2313 1166 2367 omnia
1179 2314 1235 2368 fere
1249 2313 1293 2367 vel
1307 2312 1396 2383 magis
1410 2311 1455 2365 vel
1472 2312 1563 2366 minus
1577 2313 1685 2367 radiosa
1697 2319 1768 2373 sunt;
1785 2308 1840 2380 quod

240 2399 284 2446 tar
304 2397 333 2445 et
352 2399 496 2461 ponuntur.
537 2391 606 2446 Pata
619 2393 692 2447 enim
705 2399 834 2447 vocantur
848 2399 922 2446 ortus
936 2408 1034 2459 rerum,
1072 2392 1101 2446 in
1116 2393 1244 2448 facultate
1257 2394 1332 2448 visus
1352 2391 1607 2446 manifestissimum
1627 2400 1687 2456 est;
1706 2407 1752 2445 nec
1770 2390 1840 2443 muns

240 2479 268 2524 et
281 2471 442 2535 durationes,
453 2478 480 2525 et
488 2470 629 2536 interitnsr
650 2479 731 2542 atque
742 2472 930 2541 depressiones
941 2471 1034 2539 etium,
1072 2471 1100 2525 in
1116 2472 1190 2526 omni
1203 2473 1301 2528 virtute
1314 2471 1476 2542 magnetica,
1491 2476 1519 2524 et
1532 2472 1690 2541 operatione
1704 2470 1736 2524 ad
1748 2470 1837 2523 dictam

240 2559 267 2605 et
280 2550 443 2614 eminentiae,
454 2556 482 2604 et
500 2549 614 2615 labores,
630 2558 658 2605 et
677 2552 828 2615 felicitates,
839 2551 956 2621 deniqne
969 2568 1035 2606 con·
1073 2550 1206 2622 Quicquid
1219 2553 1293 2606 enim
1310 2558 1436 2621 operatur
1449 2551 1485 2603 ad
1502 2550 1616 2616 dutans,
1631 2551 1659 2604 id
1678 2551 1754 2604 etiam
1770 2547 1839 2601 radios

240 2629 356 2684 ditiones
375 2647 542 2701 quacunque
563 2630 713 2685 individui:
734 2649 795 2701 quoe
815 2639 906 2685 tamen
927 2631 982 2685 nisi
1005 2632 1034 2686 in
1073 2631 1196 2686 emittere
1219 2638 1292 2686 recte
1317 2631 1372 2685 dici
1392 2637 1490 2699 potest.
1531 2629 1588 2685 Sed
1609 2632 1726 2685 maxime
1742 2628 1839 2681 omniun

239 2708 378 2764 individuo
388 2709 473 2764 nobili
485 2714 591 2780 (utpote
605 2710 724 2774 homine,
737 2718 784 2764 aut
795 2710 868 2774 urbe,
880 2717 927 2763 aut
938 2713 1032 2780 gente)
1072 2711 1208 2779 prominet
1228 2712 1314 2765 barba
1333 2709 1426 2774 Panis,
1442 2709 1508 2780 quia
1526 2709 1598 2764 radii
1618 2725 1755 2780 corporum
1767 2705 1839 2759 ecles

240 2787 297 2843 fere
320 2805 375 2842 nun
398 2796 589 2859 agnoscuntur.
631 2790 716 2861 Atqui
735 2790 770 2843 ad
788 2791 854 2844 istas
866 2789 1034 2845 conditiones
1072 2789 1147 2853 tiuua
1162 2792 1337 2861 etpraecipue
1350 2789 1424 2852 solia,
1439 2789 1558 2843 maxime
1579 2807 1617 2844 ex
1638 2789 1775 2859 longinquo
1790 2801 1838 2854 ope·

239 2875 295 2922 tam
309 2868 400 2923 varias
408 2868 517 2923 deducit
529 2868 668 2923 individua
682 2868 730 2923 illa
743 2868 852 2940 singula
864 2867 931 2933 Pan,
943 2887 1033 2924 rerum
1072 2877 1163 2923 rantur
1177 2877 1204 2923 et
1217 2876 1376 2941 penetrant3
1398 2869 1466 2923 adeo
1479 2876 1511 2922 ut
1530 2870 1673 2939 superiora
1685 2876 1763 2930 terra,
1775 2873 1838 2933 utque

239 2949 345 3003 scilicet
358 2957 472 3013 natura;
494 2957 524 3002 ut
537 2956 666 3020 tanquam
676 2950 771 3003 eadem
785 2950 821 3003 sit
833 2966 876 3004 res
887 2950 1034 3019 (quatenus
1072 2949 1155 3003 etiam
1170 2950 1308 3015 interiora,
1323 2950 1360 3004 ad
1372 2949 1529 3003 distantiam
1543 2948 1702 3004 nonnullam
1714 2946 1784 3018 plane
1795 2961 1838 2995 rer·

239 3028 273 3081 ud
286 3028 439 3096 individua)
453 3035 550 3081 catena
563 3037 667 3083 natnrae
680 3028 795 3083 etfilum
809 3029 964 3083 Parcarum.
990 3028 1034 3083 Ad
1072 3029 1154 3083 terint
1165 3036 1192 3082 et
1205 3030 1370 3101 subegerint,
1385 3036 1414 3083 et
1426 3028 1523 3098 spiritu
1534 3028 1714 3098 impleverint.
1746 3025 1837 3093 Elegan-

238 3107 298 3162 haec
312 3108 424 3178 insuper
445 3109 581 3162 finxerunt
603 3108 709 3179 antiqui
727 3108 832 3162 Panem
854 3124 963 3177 semper
983 3109 1034 3162 sub
1073 3109 1126 3162 tior
1149 3117 1239 3163 autem
1256 3118 1300 3163 est
1321 3110 1409 3179 figura
1423 3107 1458 3161 de
1478 3108 1563 3162 barba
1584 3108 1675 3171 Panis,
1689 3105 1754 3178 quod
1772 3113 1794 3157 et
1806 3100 1837 3154 sol

239 3186 286 3239 dio
299 3187 407 3252 morari,
417 3187 466 3242 sed
475 3186 576 3241 Parcas
587 3187 638 3242 sub
647 3205 731 3258 specu
741 3188 847 3258 ingenti
858 3187 1034 3242 subterraneo
1071 3186 1138 3256 ipse,
1162 3189 1277 3259 quando,
1298 3196 1375 3258 parte
1395 3188 1534 3257 superiore
1554 3188 1616 3257 ejus
1637 3187 1706 3242 nube
1728 3181 1836 3243 obvoluta,

238 3265 373 3330 habiture,
388 3274 469 3338 atque
479 3266 543 3320 inde
557 3267 677 3321 maxima
688 3268 847 3336 pernicitate
859 3266 892 3320 ad
906 3266 1033 3322 homiues
1071 3266 1140 3321 radii
1174 3269 1287 3323 inferius
1322 3275 1475 3337 erumpant,
1503 3266 1539 3321 ad
1572 3275 1712 3338 aspectum
1736 3262 1837 3317 aarum

238 3345 329 3398 subito
342 3345 487 3400 advolaret
508 3346 573 3417 quia
590 3356 695 3410 natura,
710 3354 790 3417 atquc
806 3346 923 3401 universi
939 3346 1032 3411 facies,
1071 3347 1200 3401 cernitur.

239 3425 396 3494 spectabilis
424 3432 466 3480 est
492 3432 520 3479 et
546 3434 659 3496 aperta3
695 3432 723 3480 at
751 3425 807 3479 fata
833 3425 1032 3480 individuorum
1111 3426 1203 3480 Etiam
1224 3442 1322 3495 corpus
1343 3433 1448 3481 naturae
1471 3426 1623 3481 rectissime
1645 3423 1790 3480 describitur
1807 3418 1837 3470 bi·

127 3515 138 3535 ·
238 3503 343 3558 occulta
357 3511 385 3558 et
398 3504 502 3575 rapida.
531 3504 610 3565 Quod
622 3505 646 3560 si
661 3504 744 3558 fatum
758 3505 908 3575 accipiatur
920 3505 1032 3576 largius,
1072 3505 1166 3570 forme,
1193 3504 1229 3559 ob
1255 3505 1436 3560 differentiam
1463 3522 1607 3576 corporum
1638 3504 1791 3575 superiorum
1815 3504 1837 3548 et

238 3593 268 3637 nt
282 3600 389 3638 omnem
408 3601 519 3654 prorsus
538 3593 672 3649 eventum,
685 3601 739 3638 non
753 3584 913 3639 illustriores
928 3592 1033 3640 tantum
1071 3585 1238 3640 inferiorum.
1279 3583 1332 3638 llls
1345 3585 1419 3640 enim
1433 3585 1468 3638 ob
1481 3584 1716 3654 pulchritudinem,
1729 3590 1753 3635 et
1767 3586 1837 3633 muas

238 3662 353 3727 denotet,
365 3672 456 3718 tamen
469 3664 563 3734 utique
582 3672 610 3718 et
628 3680 662 3718 eo
681 3681 762 3718 sensu
784 3665 885 3734 optime
906 3666 1034 3719 convenit
1071 3665 1264 3736 aequalitatem,
1285 3671 1314 3718 et
1337 3665 1525 3730 constantiam,
1546 3681 1653 3718 necnon
1674 3655 1836 3732 impenuniss

238 3759 300 3798 cum
312 3743 488 3797 universitate
502 3761 611 3807 rerum,
632 3761 694 3797 cum
710 3760 745 3798 ea
760 3744 854 3797 ordine
866 3750 978 3808 natura,
992 3745 1032 3799 nil
1072 3751 1171 3799 terram
1194 3751 1221 3798 et
1241 3743 1387 3808 terrestria,
1401 3744 1498 3798 merito
1513 3744 1564 3798 sub
1584 3744 1704 3798 humana
1722 3741 1795 3811 figura
1806 3750 1836 3787 rc

238 3830 294 3875 tam
309 3822 437 3893 exignum
451 3822 494 3887 sit,
509 3823 580 3893 quod
594 3823 652 3877 sine
666 3839 748 3876 causa
761 3825 824 3886 tiat3
846 3831 873 3876 ct
887 3840 979 3877 rursus
992 3825 1033 3878 nil
1072 3832 1279 3893 presentantur:
1301 3840 1363 3877 curn
1375 3831 1474 3877 natura
1486 3822 1609 3878 humanu
1622 3822 1720 3877 ordinis
1732 3827 1757 3872 et
1770 3814 1835 3868 doni·

238 3910 294 3953 tam
304 3909 539 3971 magnum,utnon
550 3901 659 3957 aliunde
670 3902 799 3972 pendeat,
814 3903 882 3956 adeo
890 3909 920 3957 nt
930 3902 1033 3957 fabrica
1071 3903 1191 3957 audonis
1200 3902 1337 3973 particeps
1347 3903 1400 3957 uit:
1418 3903 1477 3957 hoec
1485 3911 1578 3957 autem
1590 3903 1625 3957 ob
1636 3896 1835 3973 perturbationem

237 3979 298 4048 ipsa
311 3990 414 4035 natans
428 3997 478 4036 sno
490 3981 551 4036 sinu
571 3988 600 4036 et
621 3983 727 4052 gremio
741 3999 850 4036 omnem
864 3989 991 4036 eventum
1005 3988 1034 4036 et
1071 3989 1098 4035 et
1123 3993 1213 4037 motus
1239 3982 1443 4052 incompositos,
1466 3989 1495 4036 et
1521 3983 1595 4053 qnod
1618 4000 1635 4036 a
1658 3977 1795 4035 coelestibus
1812 3973 1835 4023 in

237 4058 379 4113 minimum
391 4068 418 4113 et
427 4061 578 4115 maximum
589 4060 799 4130 complectatur;
813 4071 841 4116 et
852 4079 901 4116 suo
909 4070 1032 4132 tempore
1071 4060 1195 4131 plurimis
1208 4068 1343 4131 regantur,
1352 4061 1424 4115 bruti
1434 4061 1561 4116 animalis
1575 4062 1662 4132 figam
1669 4063 1834 4113 contentaesse

237 4146 312 4190 certa
325 4137 386 4208 lege
401 4139 504 4208 prodat.
547 4140 644 4210 ltaque
665 4141 705 4194 nil
725 4141 823 4194 mirum
842 4142 866 4194 si
888 4140 982 4193 Parca
1003 4149 1033 4195 ut
1071 4149 1193 4209 possum
1233 4140 1320 4195 Porro
1334 4141 1429 4194 eadem
1450 4141 1571 4211 corporis
1585 4140 1705 4195 biformis
1716 4130 1835 4200 descriptio

238 4216 322 4271 Panis
346 4233 452 4272 sorores
474 4218 637 4273 introductae
660 4221 722 4281 sint,
746 4227 774 4273 et
794 4228 866 4274 certe
891 4219 1030 4290 legitimae.
1071 4221 1187 4289 pertinet
1202 4220 1237 4273 ad
1252 4220 1489 4291 participationem
1509 4222 1678 4290 specierum:
1697 4215 1766 4271 nulla
1778 4210 1835 4265 enim

238 4296 312 4350 Num
327 4296 448 4351 Fortuna
468 4297 544 4369 vulgi
565 4298 622 4352 lilia
644 4307 693 4364 est,
708 4307 736 4353 et
756 4298 904 4354 levioribus
926 4306 1032 4352 tantum
1069 4307 1174 4355 naturus
1194 4301 1308 4370 species,
1323 4299 1441 4369 simplex
1454 4299 1538 4354 videri
1559 4308 1656 4369 potest,
1671 4297 1715 4351 sed
1730 4302 1835 4362 tanquam

237 4374 412 4445 philosophis
439 4376 550 4445 placuit.
603 4378 674 4432 Sane
697 4378 839 4448 Epicurus,
864 4394 917 4432 non
944 4377 1033 4432 solum
1071 4395 1107 4431 ex
1127 4378 1231 4432 duobus
1254 4379 1428 4448 participans,
1451 4387 1479 4432 et
1501 4389 1635 4433 concreta.
1677 4375 1760 4430 Habet
1778 4368 1834 4423 enim

238 4455 382 4523 profanum
403 4455 544 4511 instituere
559 4473 719 4522 sermonem,
734 4458 782 4512 sed
804 4458 885 4512 etiarn
907 4457 1031 4526 desipere
1070 4457 1153 4512 homo
1166 4457 1289 4512 nonnihil
1303 4475 1340 4510 ex
1352 4458 1439 4522 bmto,
1453 4457 1562 4512 brutum
1576 4455 1699 4512 nonnihil
1710 4470 1742 4508 ex
1754 4448 1834 4521 plant&

238 4533 350 4597 videtur,
365 4551 426 4588 cum
440 4534 516 4599 dixit,
532 4535 691 4592 “Praestare
704 4538 814 4591 credere
829 4536 948 4591 fabulam
962 4537 1033 4591 Deo-
1070 4535 1164 4607 planta
1191 4536 1318 4591 nonnihil
1344 4555 1380 4591 ex
1403 4553 1515 4607 corpore
1540 4538 1695 4599 inanimato,
1715 4530 1834 4596 emmaque

238 4629 307 4678 rum,
322 4630 403 4683 qnam
417 4613 502 4668 fatum
523 4618 671 4681 asserere,”
686 4633 718 4670 ac
732 4617 755 4670 si
769 4617 915 4686 quicquam
929 4616 958 4669 in
970 4617 1028 4669 nni·
1071 4633 1166 4670 revera
1185 4617 1314 4671 biformia
1328 4623 1397 4681 sunt,
1419 4626 1446 4670 et
1459 4634 1495 4671 ex
1508 4618 1598 4687 specie
1613 4614 1751 4687 superiore.
1764 4615 1787 4661 ²1
1804 4605 1834 4692 il

238 4708 317 4746 verso
330 4710 390 4748 esse
405 4694 492 4763 possit
504 4695 592 4749 instar
604 4695 707 4760 insnloe,
723 4697 795 4765 quod
816 4711 834 4748 a
855 4712 944 4749 rerum
958 4712 1033 4749 nexu
1071 4695 1170 4749 feriore
1191 4704 1338 4766 compacta.
1380 4697 1547 4750 acutissima
1565 4704 1656 4750 autem
1674 4700 1713 4748 est
1727 4688 1834 4756 allegvffl

238 4780 385 4842 separetur.
433 4772 536 4827 Verum
562 4774 697 4843 Epicurus
721 4774 926 4844 philosophiam
954 4790 1032 4829 suum
1071 4775 1104 4828 de
1118 4774 1233 4845 pedibus
1256 4792 1355 4845 capras,
1377 4784 1488 4845 propter
1511 4776 1694 4829 ascensionem
1715 4777 1832 4837 corporum

238 4851 389 4905 naturalem
406 4854 449 4919 (ut
472 4868 509 4907 ex
531 4853 618 4922 ipsius
641 4855 731 4908 verbis
753 4853 840 4924 putet)
855 4853 953 4908 morali
977 4870 1033 4908 uuae
1071 4855 1239 4909 terrestrium
1253 4871 1346 4909 versus
1359 4855 1486 4925 regiones
1500 4855 1571 4909 u‘e'ris
1585 4864 1612 4909 et
1630 4852 1697 4915 coeli,
1710 4848 1752 4904 ubi
1767 4843 1832 4898 εὕδω

237 4933 444 4985 accommodans
464 4938 494 4985 et
514 4932 670 4999 subjiciens,
684 4932 787 4988 nullam
805 4934 961 5003 opinionem
983 4933 1032 4986 ud·
1071 4934 1189 5003 pensilia
1209 4934 1283 4998 fiunt,
1298 4940 1326 4988 et
1345 4934 1410 4987 inde
1429 4932 1594 5009 dejiciuntur
1614 4932 1701 5003 magis
1720 4918 1832 4998 quamde·

237 5010 345 5064 mittere
354 5011 448 5074 voluit,
463 5027 525 5080 quar
543 5011 664 5065 animum
685 5020 821 5082 premeret
843 5021 870 5066 et
890 5012 1032 5077 morderet,
1071 5013 1211 5067 scendunt
1243 5012 1334 5084 Capra
1356 5014 1431 5067 enim
1447 5012 1549 5067 animal
1569 5012 1729 5067 scansorium
1741 5010 1782 5065 etl
1796 5013 1831 5051 θ’·

238 5098 318 5160 atque
332 5089 501 5158 euthymium
514 5088 591 5143 illam
605 5091 700 5161 (qnam
715 5107 733 5144 a
746 5092 904 5146 Democrito
918 5108 1032 5162 accepe-
1071 5110 1124 5163 que
1140 5109 1154 5146 e
1168 5092 1280 5162 rupibus
1300 5092 1426 5162 pendere,
1441 5100 1522 5163 atque
1541 5092 1570 5146 in
1590 5088 1739 5162 precipitiis
1750 5083 1831 5164 betete

238 5169 294 5235 rat)
308 5168 454 5223 lacesseret
467 5177 513 5221 aut
527 5167 655 5225 turbaret
697 5169 794 5240 ltaque
809 5172 936 5225 suavitati
956 5171 1032 5242 cogi·
1071 5180 1158 5237 amatr
1174 5171 1299 5227 similiter
1312 5172 1394 5226 etiam
1408 5189 1460 5234 res,
1474 5171 1540 5225 licet
1551 5172 1670 5225 inferiori
1688 5164 1759 5239 globo
1769 5159 1831 5212 delli

238 5250 371 5301 tationum
393 5247 547 5316 indulgens,
560 5247 650 5317 potius
672 5264 754 5319 quarn
775 5251 897 5304 veritatis
919 5252 1032 5320 patiens,
1071 5259 1150 5316 natoe,
1164 5252 1276 5315 faciunt,
1297 5251 1378 5322 idque
1398 5251 1477 5307 miris
1498 5251 1594 5316 modis,
1609 5260 1638 5304 ut
1655 5250 1684 5303 in
1702 5239 1831 5299 nubibnet

239 5325 319 5394 plane
331 5326 428 5397 jugum
437 5326 557 5394 jactavit,
568 5333 596 5379 et
610 5333 665 5381 tum
680 5327 729 5380 fati
742 5330 938 5392 necessitatem,
952 5347 1033 5401 quarn
1070 5331 1198 5384 metentis
1213 5331 1465 5385 manifestissimum
1479 5338 1529 5385 eat
1571 5331 1629 5385 Imo
1641 5344 1692 5382 non
1705 5324 1756 5378 sine
1767 5325 1830 5370 musa

238 5404 348 5458 deorum
371 5412 482 5466 metum,
503 5404 665 5474 repudiavit.
706 5405 807 5461 Vemm
831 5409 864 5461 de
887 5408 1034 5464 Parcarum
1073 5408 1220 5473 Gilbertna,
1236 5409 1281 5480 qui
1303 5410 1336 5463 de
1356 5418 1484 5479 magnete
1499 5407 1710 5464 laboriosissime.
1723 5410 1746 5455 01
1758 5406 1830 5449 W

239 5483 418 5552 germanitate
432 5500 494 5537 cum
508 5483 583 5538 Pane
598 5485 664 5541 satis
678 5486 780 5540 dictum
795 5494 845 5542 est.
1072 5488 1136 5543 dum
1147 5490 1218 5543 viam
1234 5488 1475 5559 experimentalem
1489 5488 1655 5559 conscripsit,
1668 5477 1829 5539 dubitationem
