3800 5875
233 314 291 370 334
752 317 803 374 DE
825 318 1054 374 AUGMENTIS
1075 316 1352 374 SClENTlARUM.
1725 316 1780 372 Lan
1793 318 1834 372 lll.

232 474 383 529 monadum
408 475 511 530 mobile
539 477 692 532 renitentia
719 478 749 532 in
776 479 921 533 adversum
948 478 1032 549 primi
1068 477 1150 531 inane
1165 476 1441 540 illudcommentum;
1463 474 1536 545 quod
1549 472 1766 546 singuliplancta
1775 475 1837 529 vicis

231 554 343 608 mobilis
364 563 476 625 raptum
499 557 572 627 quod
592 558 684 612 omnia
705 558 734 611 in
750 557 821 612 coslo
839 558 960 612 ferantur
981 574 1032 628 per
1069 558 1123 611 sim
1144 573 1195 627 per
1216 555 1299 610 boras
1320 563 1444 628 regnent,
1466 565 1498 608 ut
1521 555 1609 626 spatio
1629 556 1721 626 viginti
1744 563 1838 625 quatuor

231 633 347 688 circulos
361 634 513 705 periectos3
536 636 608 706 quod
626 638 681 692 sint
701 638 846 692 eccentrici
859 646 886 692 et
905 636 1030 708 epicycli,
1068 635 1197 691 horarum
1212 652 1359 707 regnasua
1381 642 1423 689 ter
1445 642 1575 704 repetant,
1590 643 1686 704 praeter
1704 633 1779 689 horas
1794 641 1837 689 tres

232 714 330 783 quibus
343 723 464 768 motuum
475 716 504 769 in
518 715 626 771 circulis
639 717 768 787 perfectis
777 718 929 772 constantia
942 734 1031 772 serve-
1068 716 1341 787 supernumerarius?
1375 713 1503 769 Attamen
1521 713 1573 768 hoc
1591 723 1763 768 commentum
1774 714 1837 768 nobis

231 799 294 856 turs
316 793 387 864 quod
401 811 419 847 a
432 794 496 848 luna
515 795 545 849 in
559 797 685 865 superins
700 797 777 852 nulla
794 798 831 852 ait
843 797 969 862 mutatio,
984 806 1031 851 aut
1068 795 1230 850 divisionem
1244 794 1423 849 hebdomada.
1438 797 1509 863 (rem
1526 801 1582 849 tam
1603 795 1744 864 antiquam,
1757 800 1836 848 ettam

231 872 380 938 violentia;
409 881 436 928 et
463 873 627 943 hujusmodi.
669 877 758 948 Atque
785 877 883 931 harum
907 877 1030 947 supposi·
1068 874 1123 929 late
1147 869 1301 947 receptam)
1318 875 1433 944 peperit,
1454 882 1485 929 ut
1505 891 1541 929 ex
1561 873 1732 928 alternatione
1751 873 1836 928 dierum

232 952 336 1007 tionum
357 953 511 1008 absurditas
532 955 560 1008 in
583 964 686 1012 motum
701 965 780 1011 tarra
799 957 925 1011 diurnum
945 956 1030 1027 (quod
1068 954 1289 1010 manifestissime
1301 962 1391 1025 pstet3
1407 953 1651 1024 cuminprincipio
1660 954 1712 1007 diei
1721 954 1836 1023 sequentis

231 1032 311 1086 nobis
334 1041 441 1087 constat
464 1034 640 1091 susannam
662 1036 735 1106 esse)
758 1037 885 1091 homines
905 1036 1029 1107 impegit.
1068 1043 1279 1105 regnetsemper
1289 1033 1554 1104 planetaaplaneta
1565 1034 1662 1104 prioris
1671 1034 1722 1088 diei
1732 1043 1835 1104 quorun

231 1110 326 1166 Atvix
341 1113 485 1182 quisquam
498 1107 611 1184 est'qui
625 1116 766 1187 inquisivit
779 1133 876 1171 causas
891 1115 1028 1186 physicas.
1068 1123 1180 1186 propter
1195 1123 1251 1168 tres
1269 1113 1331 1168 illas
1354 1113 1443 1177 horas,
1459 1130 1526 1185 quas
1547 1114 1676 1180 diximus,
1689 1129 1836 1182 supernone-

232 1197 289 1245 tnm
316 1191 350 1245 de
377 1193 530 1248 substantia
552 1195 704 1250 coelestium
728 1205 786 1251 tam
810 1195 922 1261 stellari,
946 1213 1029 1267 quam
1068 1196 1161 1250 rariaa
1203 1193 1336 1257 Secundo,
1351 1210 1401 1263 pro
1421 1202 1577 1248 commento
1590 1210 1662 1246 vano
1680 1193 1782 1261 rejicere
1793 1209 1834 1247 non

232 1270 414 1337 interstellari,
429 1279 485 1326 tum
499 1273 533 1327 de
551 1275 690 1330 celeritate
705 1283 733 1330 et
746 1276 870 1330 tarditate
885 1292 1029 1345 corporum
1067 1275 1224 1329 dubitamus
1238 1274 1389 1328 doctrinam
1406 1273 1439 1327 de
1454 1273 1620 1327 thematibus
1631 1272 1699 1337 coeli,
1712 1273 1744 1325 ad
1755 1283 1834 1342 puncta

231 1350 384 1405 coelestium
408 1352 443 1406 ad
466 1353 592 1417 invicem,
615 1360 673 1410 tum
701 1355 735 1409 de
759 1355 917 1410 incitatione
940 1363 1029 1410 motus
1068 1353 1198 1424 temporis
1216 1360 1298 1419 certa,
1321 1369 1383 1408 cum
1403 1352 1591 1408 distributione
1611 1352 1759 1414 domorum
1776 1352 1834 1421 ipsas

231 1430 341 1485 diversa
353 1431 382 1486 in
397 1432 493 1487 eodem
507 1432 626 1504 planeta,
646 1445 705 1490 tum
718 1436 753 1490 de
766 1442 888 1491 motuum
902 1452 1029 1490 consecu-
1068 1434 1172 1489 scilicet
1189 1433 1344 1503 astrologia
1362 1432 1492 1496 delicians
1514 1450 1576 1504 quta
1593 1431 1768 1487 Bacchanalia
1779 1448 1833 1501 qua

231 1512 307 1564 tione
321 1511 356 1564 ab
370 1512 473 1566 oriente
487 1513 516 1567 in
530 1514 706 1580 occidentem,
725 1523 774 1570 aut
794 1522 926 1580 econtra,
941 1515 1029 1585 deque
1068 1515 1131 1568 dam
1153 1514 1184 1567 in
1204 1513 1360 1568 coelastibus
1381 1520 1579 1567 exercuerunt=
1605 1530 1656 1567 nec
1679 1513 1740 1566 satis
1760 1513 1833 1565 mirari

231 1591 475 1661 progressionibus,
497 1593 666 1660 stationibus,
688 1603 716 1649 et
743 1594 1028 1667 retrogradationibus,
1067 1609 1219 1665 possumus,
1235 1594 1307 1647 viros
1325 1593 1456 1663 quosdam
1478 1592 1613 1663 egregios,
1627 1602 1654 1646 et
1672 1593 1700 1646 in
1713 1590 1833 1662 cacologia

231 1676 289 1722 tum
309 1670 343 1724 dc
360 1678 482 1725 motuum
502 1672 661 1737 sublatione,
677 1683 703 1728 et
721 1693 794 1739 casu,
808 1693 858 1746 per
870 1691 986 1745 apogaaa
1002 1684 1030 1729 et
1067 1674 1214 1744 principes,
1229 1679 1285 1727 tam
1298 1671 1352 1726 levi
1368 1672 1402 1727 sd
1420 1673 1474 1727 ista
1488 1672 1634 1726 annuenda
1647 1673 1832 1743 argumentoiu

231 1749 369 1820 perigaeas
383 1759 440 1804 tum
455 1752 619 1807 demotuum
629 1753 820 1825 obliquatione,
827 1754 872 1809 vel
881 1772 931 1826 per
940 1756 1029 1825 spiras
1067 1753 1147 1808 nixos
1160 1769 1229 1808 esse.
1270 1752 1356 1807 Aiunt
1370 1753 1452 1818 enim,
1467 1752 1577 1823 quando
1596 1751 1662 1806 illud
1675 1751 1757 1822 prodit
1768 1766 1832 1820 erpe-

230 1844 262 1881 ae
282 1846 376 1883 versus
404 1831 523 1900 tropicos
547 1835 666 1888 texendo
687 1843 715 1888 et
734 1836 889 1900 retexendo,
911 1834 957 1889 vel
979 1852 1030 1905 per
1068 1833 1168 1888 rientia
1182 1833 1249 1902 ipsa,
1264 1832 1389 1897 solstitia,
1401 1832 1572 1903 aequinoctia,
1587 1830 1728 1896 novilunia,
1741 1828 1832 1901 plenilo

232 1908 407 1971 sinuationes,
433 1928 502 1980 quas
525 1911 656 1968 dracones
679 1923 793 1977 vocant,
821 1921 880 1968 tum
899 1914 934 1968 de
958 1915 1029 1984 polis
1067 1914 1122 1977 nia,
1144 1919 1174 1967 et
1193 1910 1349 1981 hujusmodi
1371 1912 1511 1966 stellarum
1532 1910 1713 1966 revolutiones
1730 1911 1830 1978 majores

231 1988 404 2051 rotationum,
426 2007 475 2044 cur
498 1991 586 2061 magis
608 1992 638 2046 in
654 1992 702 2046 tali
719 2003 797 2065 parte
817 1992 880 2047 coeli
900 1994 946 2048 siti
966 1995 1028 2059 sint,
1067 1993 1212 2047 manifesto
1232 1999 1260 2046 et
1272 1991 1416 2063 insigniter
1435 1992 1543 2062 operari
1564 2008 1647 2061 super
1659 1999 1832 2060 corporanatu

232 2083 315 2137 quam
328 2067 357 2121 in
371 2067 446 2133 alia;
460 2079 518 2124 tnm
531 2070 565 2125 de
580 2070 737 2142 alligatione
751 2073 920 2145 quorundam
935 2073 1027 2143 plane·
1067 2072 1154 2138 ralia;
1173 2087 1285 2126 necesse
1299 2088 1368 2136 ease,
1379 2080 1409 2125 ut
1419 2072 1547 2141 posimrae
1558 2070 1698 2125 stellamm
1710 2070 1786 2141 magis
1797 2086 1832 2122 er·

231 2153 321 2200 tarum
336 2148 372 2200 ad
385 2147 543 2203 distantiam
557 2159 658 2205 certam
672 2168 689 2205 a
702 2152 777 2207 sole:
798 2153 888 2220 hujus,
906 2154 1027 2224 inquam,
1068 2161 1135 2207 actae
1148 2160 1178 2206 et
1190 2151 1354 2215 subtiliores,
1369 2151 1483 2205 effectus
1493 2168 1603 2221 quoque
1613 2151 1698 2221 magis
1708 2149 1832 2220 exquisitos

231 2226 342 2295 generis
366 2226 508 2299 inquisitio
530 2228 578 2285 vix
601 2239 708 2285 tentata
730 2240 778 2297 est,
800 2233 850 2286 aed
872 2233 901 2286 in
923 2232 1030 2287 mathe-
1068 2241 1095 2287 et
1110 2231 1270 2286 occultiores
1285 2231 1442 2301 producant
1484 2229 1530 2284 llli
1547 2247 1615 2284 vero
1629 2247 1752 2300 seponere
1763 2228 1832 2299 prino

231 2305 340 2358 maticia
350 2313 455 2360 tannim
469 2308 700 2366 observationibus
714 2319 741 2366 et
754 2311 1029 2368 demonstrationibus
1067 2312 1223 2375 debuerant,
1236 2311 1406 2380 operationes
1416 2308 1482 2365 solis
1492 2327 1541 2380 per
1547 2310 1665 2364 calorem
1676 2308 1831 2369 nniteom

229 2383 380 2440 insudatur.
433 2386 483 2441 Eae
509 2394 603 2443 autem
629 2390 782 2455 ostendunt,
809 2393 944 2462 quomodo
969 2391 1029 2446 haec
1068 2399 1096 2447 et
1117 2391 1245 2446 similiter
1261 2390 1332 2444 lunsa
1346 2391 1401 2444 vim
1415 2391 1550 2460 quandam
1572 2390 1753 2461 magneticam,
1769 2403 1832 2457 super

232 2465 324 2517 omnia
337 2463 479 2536 ingeniose
493 2469 650 2524 concinnari
664 2477 692 2524 et
705 2470 832 2526 extricari
847 2472 960 2542 possint,
973 2488 1028 2527 non
1067 2473 1235 2525 incrementa
1251 2478 1366 2524 aestuum
1385 2471 1611 2524 semimenstrua:
1632 2469 1707 2544 (nam
1725 2470 1800 2523 fluxus
1810 2471 1832 2518 et

232 2543 367 2613 quomodo
376 2561 438 2599 vere
452 2546 481 2602 in
495 2556 592 2602 natura
603 2549 765 2604 subsistere:
781 2557 808 2604 et
819 2557 909 2605 motus
922 2558 1028 2606 tanturn
1067 2551 1189 2605 refluxus
1202 2551 1286 2604 maria
1306 2549 1481 2621 quotidianus
1501 2549 1557 2603 alia
1579 2566 1624 2604 res
1644 2555 1685 2604 est
1695 2551 1715 2616 ε)
1733 2548 1772 2602 his
1782 2562 1831 2598 vero

232 2631 404 2692 apparentes,
424 2632 451 2679 et
472 2626 627 2684 machinam
650 2629 772 2700 ipsorum
791 2631 923 2696 fictitiam,
945 2639 974 2685 et
994 2633 1029 2686 ad
1067 2631 1203 2701 sepositis,
1218 2629 1339 2701 reliquas
1358 2629 1529 2702 planetarum
1543 2629 1618 2683 vires
1635 2624 1832 2699 supernaturalia

231 2701 362 2771 placitum
384 2704 553 2775 dispositam,
568 2724 623 2762 non
636 2726 732 2764 causas
752 2711 826 2780 ipsas
846 2717 874 2764 et
886 2711 1028 2766 veritatem
1068 2712 1215 2781 (quatenus
1230 2710 1400 2779 experientia
1419 2709 1642 2778 comprobantur)
1657 2719 1743 2762 tenues
1761 2705 1832 2759 aduro

232 2784 464 2839 rerumindicaut.
505 2786 638 2847 Quocirca
659 2789 730 2843 male
748 2790 922 2856 astronomia,
937 2790 1027 2861 qualis
1067 2791 1132 2845 dum
1146 2796 1174 2844 ct
1187 2788 1317 2855 infirmas,
1332 2796 1359 2843 et
1373 2789 1451 2859 quasi
1469 2789 1610 2843 latitantes
1624 2788 1756 2859 reperient,
1768 2785 1830 2839 etian

232 2878 304 2915 nunc
326 2861 453 2929 habetur,
475 2865 546 2921 inter
566 2877 638 2922 artes
656 2869 870 2935 mathematicas,
891 2886 946 2924 non
968 2871 1028 2926 sine
1067 2870 1095 2924 in
1111 2868 1323 2924 revolutionibus
1337 2868 1496 2940 majoribus.
1532 2868 1622 2929 Quare
1638 2867 1830 2934 contrariopror·

231 2941 376 3013 dignitatis
399 2961 456 2999 suae
479 2945 629 3018 dispendio,
651 2958 825 3015 numeratum
847 2968 908 3005 curn
931 2951 1029 3007 debeat
1067 2968 1113 3004 sus
1126 2951 1207 3005 modo
1220 2948 1381 3004 concludere
1392 2949 1554 3005 debuerant:
1576 2950 1718 3012 nimirum
1738 2960 1831 3001 cumre-

232 3022 330 3091 potius,
345 3023 369 3077 si
384 3025 510 3095 proprias
530 3035 623 3098 partes
643 3030 713 3084 tueri
726 3029 798 3095 velit,
813 3030 941 3085 constitui
956 3031 1028 3101 phy·
1067 3031 1220 3085 volutionea
1229 3028 1285 3084 illae
1296 3029 1414 3098 majores
1429 3036 1484 3084 tam
1498 3046 1598 3100 parum
1609 3030 1725 3100 possiuts
1744 3032 1830 3080 encas

232 3101 296 3154 siem
310 3118 375 3171 pars
389 3104 468 3174 quasi
486 3106 664 3163 nobilissima.
706 3109 867 3181 Quicunque
887 3110 961 3164 enirn
982 3128 1028 3164 su·
1066 3109 1130 3164 illas
1144 3117 1172 3163 et
1190 3109 1310 3164 minutas
1331 3109 1513 3180 positurarum
1530 3108 1700 3164 differentias
1714 3105 1775 3160 nihil
1790 3121 1831 3155 on·

231 3180 417 3251 perlunarium
441 3190 470 3238 et
493 3186 679 3242 sublunarium
699 3190 813 3244 conficta
833 3189 948 3244 divortia
967 3207 1028 3244 cou-
1067 3189 1132 3243 uino
1145 3188 1385 3244 viriumobtinere.
1426 3189 1526 3252 Tertio,
1539 3188 1634 3242 fatalia
1644 3187 1698 3251 illa,
1708 3186 1770 3257 quod
1779 3183 1830 3237 hora

232 3262 381 3330 tempserit,
392 3272 420 3316 et
429 3266 550 3320 materias
561 3269 707 3338 appetitus,
717 3277 744 3322 et
753 3269 894 3339 passiones
906 3270 1028 3324 maxime
1066 3269 1217 3323 nativitatis
1240 3278 1288 3323 aut
1311 3268 1496 3339 conceptionis
1518 3267 1653 3323 fortunam
1674 3267 1748 3321 foetus
1765 3270 1830 3332 regal,

230 3338 380 3395 catholicas
403 3346 478 3413 (quae
497 3345 526 3398 in
548 3354 661 3418 utroque
685 3347 767 3418 globo
790 3349 887 3404 validae
908 3357 977 3415 suut,
1000 3356 1028 3404 et
1067 3348 1136 3403 hora
1154 3348 1316 3418 inceptionis
1337 3347 1474 3402 fortunam
1494 3348 1606 3417 incepti,
1621 3347 1687 3402 bora
1701 3341 1830 3417 questionis

231 3418 435 3476 universitatem
455 3440 545 3479 rerum
564 3426 795 3496 transverberant)
814 3429 884 3483 bene
899 3446 1029 3500 perspex·
1067 3428 1202 3483 fortunam
1212 3429 1252 3482 rei
1264 3425 1405 3500 inquisita,
1416 3434 1497 3499 atque
1514 3423 1831 3494 (utverbodicamus)d⁰c·

232 3499 299 3564 erit;
321 3501 345 3554 is
356 3519 392 3556 ex
402 3502 466 3567 illis,
478 3521 539 3574 quas
550 3506 621 3575 apud
632 3524 682 3560 nos
697 3514 851 3572 comuntur,
862 3507 1028 3564 luculentam
1067 3509 1151 3563 trinas
1166 3509 1199 3562 de
1211 3507 1405 3573 nativitatibus,
1419 3507 1607 3574 electionibus,
1621 3516 1649 3561 et
1662 3501 1830 3578 questionibus

232 3578 322 3648 capiet
334 3580 368 3634 de
383 3583 462 3636 rebus
476 3582 633 3640 coelestibus
646 3586 884 3652 informationem,
906 3596 933 3642 et
946 3588 1028 3643 abiis
1067 3596 1095 3643 et
1107 3588 1258 3643 istiusmodi
1272 3586 1403 3651 levitates,
1417 3589 1540 3642 maxima
1558 3604 1596 3642 ex
1614 3576 1696 3658 pcr'te,
1709 3583 1770 3640 nihil
1780 3578 1830 3635 certi

231 3675 247 3711 e
261 3667 364 3722 contra,
379 3679 441 3732 quar
454 3663 483 3715 in
497 3662 567 3718 coslo
580 3666 657 3730 liunt,
671 3665 745 3720 haud
758 3667 893 3737 pausada
908 3668 1027 3724 motibus
1067 3675 1113 3722 aut
1121 3668 1201 3722 solidi
1209 3666 1319 3730 habere,
1330 3668 1512 3722 etrationibus
1517 3667 1641 3737 physicis
1646 3666 1723 3737 plano
1730 3657 1831 3731 redargui

231 3737 413 3806 inferioribus,
428 3742 476 3813 qui
489 3759 561 3797 nunc
575 3744 669 3811 latent,
684 3746 833 3817 perdiscet3
854 3764 909 3801 non
923 3754 1028 3802 tantum
1067 3754 1094 3802 et
1102 3749 1198 3812 ennci,
1205 3747 1368 3817 judicamus.
1392 3747 1463 3802 lllud
1473 3747 1652 3820 igitnrmagis
1661 3742 1830 3801 connectione.

232 3826 367 3888 quatenus
381 3819 412 3874 hi
425 3821 529 3877 abillis
543 3833 679 3896 regantur,
694 3827 742 3880 sed
758 3834 891 3897 quatenus
908 3827 1029 3881 habeant
1067 3828 1132 3898 quid
1147 3828 1257 3882 tandem
1272 3827 1300 3881 in
1323 3826 1494 3898 astrologicis
1511 3828 1683 3892 retineamus,
1698 3832 1740 3879 aut
1756 3820 1831 3893 probe

231 3898 375 3966 passiones
402 3916 565 3957 communes.
616 3904 799 3966 Quamobrem
823 3906 896 3961 lianc
922 3915 1027 3977 partem
1067 3908 1146 3961 mus?
1166 3916 1248 3979 atque
1261 3907 1289 3961 in
1297 3907 1339 3971 iis,
1351 3925 1411 3979 quae
1419 3908 1574 3978 probamus,
1586 3896 1830 3978 quiddasiderenus?

231 3979 412 4044 astronomia,
427 3998 488 4050 quas
508 3982 623 4052 physica
640 3992 690 4050 est,
703 3985 850 4040 desiderari
873 3987 1027 4041 statuimus.
1066 4004 1131 4041 nam
1152 3987 1234 4056 hujus
1254 3995 1399 4058 postremae
1417 3987 1457 4041 rei
1473 3988 1562 4058 gratia
1578 3990 1687 4056 (nempe
1704 3985 1763 4053 ejus,
1775 3974 1831 4051 quod

230 4054 301 4109 Eam
315 4061 507 4114 astronomiam
520 4063 609 4117 vivam
629 4065 838 4130 nominabimus,
853 4067 888 4120 ad
904 4067 1044 4121 diffessa-¹
1068 4067 1246 4135 desideratur)
1261 4082 1413 4121 sermonem
1433 4066 1506 4121 hunc
1526 4066 1695 4130 instituimus,
1708 4079 1762 4118 cum
1778 4057 1831 4111 alit!

231 4134 299 4188 tiam
318 4136 395 4191 bovis
415 4138 490 4194 illius
511 4140 666 4199 Promethei
687 4145 862 4211 suffarcinati,
881 4153 909 4200 et
930 4146 1029 4201 solum·
1067 4147 1188 4201 censuris
1210 4149 1254 4216 (ut
1275 4162 1348 4216 scope
1368 4145 1501 4214 diximus)
1521 4163 1577 4201 non
1596 4161 1725 4201 vacemus.
1762 4139 1831 4208 Atque

230 4213 311 4268 modo
326 4216 413 4286 figura
426 4225 506 4275 tenus
519 4220 606 4278 bovis.
1067 4228 1137 4280 inter
1163 4234 1273 4297 recepta
1299 4232 1381 4291 certe,
1410 4227 1560 4281 doctrinam
1588 4227 1621 4281 de
1648 4218 1832 4279 revolutionibus

270 4293 307 4346 At
324 4295 472 4367 astrologia
494 4300 581 4355 multa
602 4303 793 4372 superstitione
814 4304 913 4360 referta
934 4313 982 4367 est,
998 4313 1030 4359 nt
1068 4305 1130 4377 plus
1144 4306 1276 4370 sanitatis,
1292 4323 1374 4377 qnam
1389 4306 1502 4378 reliqua,
1517 4305 1619 4361 habere
1634 4318 1770 4360 censemus
1792 4296 1832 4349 Vs

229 4373 278 4427 vix
291 4372 396 4444 aliquid
409 4391 506 4433 sanum
520 4379 548 4433 iu
570 4398 604 4435 ea
622 4384 781 4453 reperiatur.
824 4385 953 4438 Attamen
968 4401 1030 4440 eam
1068 4403 1128 4440 rum
1153 4386 1181 4440 id
1205 4386 1338 4455 optimum
1362 4385 1436 4441 iactu
1457 4386 1535 4451 soret,
1559 4386 1584 4440 si
1607 4384 1711 4457 regulas
1726 4378 1831 4454 quasdam

229 4451 321 4522 potius
335 4458 548 4526 expurgandam,
561 4478 643 4531 quarn
655 4479 765 4532 prorsus
776 4463 958 4531 abjiciendam
969 4481 1028 4519 esse
1068 4466 1285 4536 praescribamus,
1296 4465 1331 4519 ad
1342 4483 1457 4536 quarum
1470 4466 1600 4520 trutinam
1611 4473 1638 4520 et
1648 4479 1759 4519 normam
1767 4465 1832 4511 astri>

229 4548 382 4588 censemus.
424 4534 539 4595 Quodsi
554 4541 615 4610 qnia
629 4540 701 4596 hanc
716 4543 859 4597 scientiam
872 4544 971 4598 nonin
987 4562 1029 4598 ra·
1068 4544 1158 4616 logica
1173 4545 1381 4612 examinentur,
1403 4554 1434 4601 ut
1449 4544 1528 4600 utilia
1548 4546 1719 4606 retineantur,
1732 4538 1832 4607 rejicitssb

230 4611 312 4675 tione,
326 4619 374 4666 aut
395 4616 671 4686 contemplationibus
690 4622 822 4692 physicis,
837 4623 885 4677 aed
905 4624 935 4677 in
957 4640 1030 4677 casca
1068 4632 1111 4680 tur
1125 4626 1225 4679 inania.
1246 4624 1340 4678 Prima
1350 4641 1383 4679 ea
1394 4626 1438 4690 sit,
1449 4626 1482 4680 cle
1493 4642 1548 4698 qua
1557 4627 1616 4694 jam
1626 4631 1686 4678 ante
1696 4618 1831 4677 nonanus,

229 4691 409 4760 experientia,
424 4700 452 4748 tt
468 4697 650 4766 complurium
665 4701 819 4756 seculorum
841 4703 1029 4757 observatione
1070 4710 1086 4735 ‘⁴
1099 4703 1293 4759 Revolutiones
1306 4701 1426 4779 majores
1437 4705 1610 4769 retineantur,
1622 4703 1725 4757 valeant
1736 4699 1831 4754 minores

230 4769 370 4826 fundatam
384 4788 444 4827 esse
459 4777 611 4841 contendat,
622 4778 739 4851 ideoque
752 4782 887 4836 rationum
901 4782 1031 4852 physica·
1068 4783 1489 4854 horoscoporumetdomorum.”
1512 4784 1572 4840 Illae
1579 4786 1663 4839 instar
1669 4786 1831 4837 tormentorum

228 4866 288 4904 rurn
294 4868 410 4906 examen
416 4853 529 4922 rejiciat,
536 4857 607 4927 quod
610 4859 751 4926 jactabant
757 4860 895 4916 Chaldaei:
904 4862 1031 4916 iseadem
1069 4863 1215 4933 grandium
1227 4865 1298 4918 ictus
1312 4880 1376 4919 suos
1391 4881 1408 4918 a
1420 4863 1571 4936 longinquo
1586 4865 1677 4932 jacere
1690 4866 1787 4933 queunt,
1798 4853 1831 4906 h&

229 4946 312 4998 opera
327 4939 355 4985 et
369 4933 484 5002 auguria
497 4944 612 5001 revocet,
626 4945 653 4990 et
667 4940 858 5011 aruspicinam,
873 4949 902 4996 et
916 4948 989 5007 exta,
1003 4950 1031 4995 et
1069 4952 1199 5015 tanquam
1213 4960 1292 4998 arcus
1314 4943 1434 4999 minores
1455 4945 1543 5015 spatia
1557 4945 1676 5006 evadere,
1690 4952 1715 4997 et
1728 4939 1788 4993 sires
1798 4932 1831 4986 dt·

229 5011 391 5080 omnigenas
405 5011 513 5067 fabulas
526 5014 673 5086 deglutiat;
694 5034 758 5072 narn
774 5027 801 5074 et
814 5020 874 5075 hnc
889 5020 1031 5085 omuiaut
1069 5023 1140 5077 serre
1154 5040 1209 5077 non
1222 5031 1343 5093 possunt.
1386 5023 1512 5079 Secunda
1525 5034 1580 5088 est;
1601 5030 1618 5055 “
1628 5021 1748 5093 Operatio
1758 5012 1831 5070 colet

229 5087 342 5146 diutinas
353 5092 541 5163 experientias,
553 5103 582 5148 et
593 5100 1030 5170 permanustraditaedisciplinae,
1069 5103 1137 5157 tium
1151 5103 1180 5157 in
1195 5119 1309 5174 corpora
1322 5104 1472 5175 omnigena
1492 5120 1547 5158 non
1559 5103 1638 5165 valet,
1652 5101 1697 5157 sed
1711 5106 1798 5153 tantum
1809 5090 1830 5141 5¹¹

229 5169 378 5224 dictamina
391 5171 476 5226 luisse
488 5175 685 5230 asserebantur.
720 5178 780 5232 Nos
794 5196 858 5234 vero
872 5187 905 5244 et,
917 5188 949 5234 ut
962 5179 1032 5250 phy·
1071 5183 1233 5248 teneriora,”
1254 5182 1347 5254 qualia
1366 5193 1430 5238 sunt
1449 5183 1585 5248 humores,
1607 5180 1660 5245 a‘e‘r‚
1682 5187 1707 5235 et
1726 5174 1829 5257 spiritus:

229 5248 294 5303 sicae
307 5250 470 5319 portionem,
488 5253 665 5324 astrologiam
683 5257 839 5327 recipimus,
853 5267 882 5312 et
896 5276 950 5313 nou
969 5259 1030 5329 plus
1071 5268 1152 5332 atque
1166 5261 1212 5315 hic
1228 5270 1318 5316 tamen
1332 5263 1486 5333 excipimus
1497 5263 1665 5333 operationes
1675 5258 1768 5319 odona,
1779 5248 1830 5305 ⁸⁰¹¹⁵

230 5328 264 5389 ei,
273 5346 355 5398 quam
364 5331 435 5385 ratio
444 5339 472 5385 et
484 5350 575 5387 rerum
586 5335 722 5388 evidentia
730 5337 861 5403 concedit,
872 5338 1029 5403 tribuimus,
1071 5350 1098 5394 et
1113 5340 1272 5405 coelestium,
1289 5342 1334 5411 qui
1350 5349 1378 5395 et
1400 5343 1434 5396 ad
1448 5342 1568 5407 metalla,
1582 5349 1608 5396 et
1622 5341 1656 5395 ad
1670 5338 1773 5412 plurima
1784 5326 1829 5383 aab

230 5407 349 5478 demptis
369 5411 608 5480 superstitionibus
632 5422 659 5468 et
681 5417 851 5470 commentis.
904 5417 942 5470 Ut
967 5436 1031 5472 vero
1055 5427 1194 5477 terranea
1208 5419 1385 5492 proculdubio
1398 5429 1530 5491 penetrat
1551 5421 1641 5477 Tertia
1654 5427 1706 5475 est:
1727 5422 1741 5447 “
1753 5406 1829 5468 Omnis

229 5502 288 5541 rem
309 5487 393 5558 paulo
413 5492 545 5547 attentius
566 5493 805 5565 introspiciamus;
828 5495 925 5567 primo,
948 5513 1031 5567 quam
1071 5500 1195 5570 operatio
1214 5500 1372 5567 coelestium,
1387 5502 1478 5572 potius
1496 5501 1531 5556 ad
1551 5518 1653 5557 massas
1665 5496 1829 5555 rerumexielt
