3800 5875
220 329 278 385 540
780 323 963 382 HISTORIA
982 324 1098 380 DENSI
1120 324 1168 380 et
1190 322 1290 379 atet.

220 504 285 544 vero
305 487 414 542 nullius.
456 484 746 540 Atiormamateriam
760 500 815 538 non
834 492 924 555 auget
966 483 1015 537 Vi·
1052 483 1171 538 metallis
1189 483 1274 551 (ferro
1290 490 1318 538 et
1338 484 1415 550 aire)
1430 490 1493 537 sunt
1513 483 1635 538 densiora
1656 490 1684 537 et
1702 484 1823 554 gravium
1860 544 1861 549 ἵ

220 567 337 622 (lendum
349 567 440 637 igitur,
456 566 590 637 quomodo
603 581 639 620 ex
657 581 770 635 corpore
784 564 803 617 2
824 564 893 618 Dea
915 570 943 617 et
956 579 1014 616 cor·
1052 561 1189 633 lapidibus
1202 581 1266 618 vero
1279 562 1367 617 adhuc
1380 561 1466 617 multo
1479 563 1575 633 magia
1860 566 1861 617 Ϊ

220 647 331 718 poribus
344 646 425 718 longe
442 645 617 709 tenuioribus,
632 644 761 698 educatur
780 659 829 714 per
849 644 971 707 formam,
985 643 1015 696 iu
1094 644 1120 698 6.
1143 641 1176 695 In
1202 641 1295 697 tabula
1319 642 1404 696 multa
1427 640 1527 696 cadunt
1552 649 1652 713 praeter
1673 642 1824 712 opinionem:

220 726 280 798 pari
294 726 423 789 dimenso,
448 740 545 795 corpus
563 723 602 777 20
622 722 693 778 Dan.
732 721 796 778 Duo
813 732 877 777 sunt
895 722 1013 793 eillsgia:
1053 721 1137 777 veluti
1152 722 1224 792 quod
1237 721 1348 776 metalla
1362 720 1503 791 lapidibus
1517 727 1593 774 tanto
1612 721 1748 790 graviora3
1767 723 1825 793 quod

220 822 312 869 uniam,
332 805 403 875 quod
421 803 554 859 elementa
573 803 696 857 tenuiora
713 801 890 871 compingant
909 801 1014 855 densio·
1051 801 1150 855 vitrum
1164 804 1274 870 (corpus
1287 799 1391 855 scilicet
1407 800 1561 867 excoctum)
1580 799 1707 868 crystallo
1719 804 1825 871 (corpore
1861 836 1862 839 =

220 902 278 939 rem
288 884 317 937 in
327 885 457 952 majorem
468 882 629 936 densitatem
637 899 718 953 quam
728 880 861 950 simplicis
872 880 1013 943 elementi;
1052 879 1234 951 conglaciato)
1258 881 1386 950 gravius3
1421 879 1495 950 quod
1517 887 1590 934 terra
1615 880 1760 933 communis
1781 890 1825 934 tam

220 963 343 1027 alterum,
364 963 435 1034 quod
454 979 509 1016 non
532 961 689 1031 intelligant
710 960 884 1031 Peripatetici
906 961 958 1013 hoc
980 959 1013 1014 de
1051 975 1147 1029 parum
1162 959 1330 1029 ponderosa3
1352 958 1423 1030 quod
1437 958 1505 1021 olea,
1520 975 1592 1030 aqua
1605 957 1734 1012 dutillata
1742 960 1824 1013 tibiali

221 1051 294 1097 terre
306 1042 450 1108 communi,
464 1041 513 1096 sed
525 1041 559 1096 de
578 1048 650 1095 terra
669 1039 837 1104 elementari,
856 1039 929 1093 omni
951 1050 1013 1092 ente
1052 1046 1078 1091 et
1093 1038 1239 1109 sulphuris,
1254 1039 1289 1092 ad
1308 1038 1414 1109 pondus
1431 1038 1573 1093 crudorum
1593 1045 1650 1091 tam
1668 1055 1747 1108 prope
1766 1055 1826 1093 aece-

220 1121 370 1192 componito
391 1121 526 1191 graviore.
567 1118 605 1174 At
625 1120 698 1191 ignis
716 1126 743 1173 et
762 1120 810 1172 adr
826 1135 882 1172 non
899 1119 1014 1172 conden·
1052 1117 1132 1183 dant3
1154 1119 1226 1189 quod
1239 1125 1295 1171 tam
1315 1135 1412 1189 parum
1429 1117 1535 1171 intersit
1555 1118 1630 1171 inter
1650 1118 1825 1188 pondusaqua
1861 1150 1862 1159 ι

220 1206 288 1265 sant,
303 1200 356 1254 nisi
370 1216 420 1269 per
433 1200 565 1264 accidens,
579 1205 611 1253 ut
628 1215 678 1253 suo
696 1197 758 1252 loco
777 1198 888 1252 dicetur.
929 1197 1014 1253 'I'erra
1051 1205 1078 1251 et
1087 1197 1158 1261 sini3
1173 1197 1246 1268 quod
1255 1198 1317 1251 olea
1326 1196 1449 1252 chemica
1460 1197 1533 1268 (quae
1543 1195 1826 1266 subtilioravideripos
1861 1200 1862 1209 ’

220 1288 311 1334 autem
325 1278 380 1343 illa,
395 1297 456 1351 qum
469 1280 539 1333 foret
558 1295 625 1332 auro
645 1285 672 1332 et
693 1277 818 1332 omnibus
837 1276 953 1347 gravior,
975 1276 1014 1331 ita
1051 1276 1117 1345 sint)
1133 1275 1199 1331 oleis
1212 1278 1348 1347 expressis
1362 1275 1569 1347 ponderosiora;
1591 1277 1664 1346 quod
1677 1277 1748 1329 ossit
1759 1276 1824 1328 dente

220 1358 275 1414 sita
291 1365 339 1424 est,
359 1366 387 1412 ut
404 1359 452 1414 rix
465 1358 535 1413 adsit
553 1358 588 1410 ed
607 1357 768 1412 mistionem.
808 1355 910 1410 Melius
930 1355 1014 1425 igitur
1051 1361 1174 1411 etcomu
1187 1362 1262 1410 tanto
1274 1357 1400 1426 gravium
1421 1355 1514 1410 etalie
1527 1355 1655 1409 similiter
1668 1355 1823 1425 haudpanca

220 1438 296 1504 soret,
310 1446 341 1493 ut
353 1437 434 1508 plane
448 1436 544 1508 nugari
555 1437 688 1501 desinant,
703 1443 732 1490 et
744 1442 831 1490 cesset
844 1435 985 1490 dictatura
1091 1434 1118 1490 3.
1138 1435 1245 1489 Natura
1262 1434 1339 1489 densi
1356 1442 1384 1489 et
1402 1435 1464 1500 rari,
1485 1434 1550 1488 licet
1570 1441 1651 1489 caete·
1694 1476 1813 1519 mmm

259 1518 287 1572 3.
309 1517 461 1589 Diligenter
473 1516 592 1570 notanda
605 1525 648 1570 est
659 1516 743 1570 series
754 1515 810 1568 sive
820 1513 894 1569 scala
907 1530 1013 1569 coacer-
1052 1528 1096 1567 ras
1109 1524 1218 1569 naturas
1227 1514 1283 1569 fere
1298 1522 1444 1585 percurret,
1453 1530 1542 1585 neque
1553 1530 1653 1569 secun-

219 1596 336 1651 rationis
350 1596 486 1661 materiaec
509 1603 536 1650 et
549 1594 686 1666 quomodo
700 1593 829 1649 ascendat
842 1609 859 1646 a
871 1609 1012 1647 coacerva·
1051 1592 1115 1648 dum
1128 1610 1337 1648 eernmnormas
1351 1603 1467 1664 regatur,
1474 1594 1580 1649 videtur
1591 1592 1757 1647 solummodo
1765 1606 1823 1659 mag·

220 1676 293 1731 tione
307 1676 409 1744 majore
423 1676 458 1729 ad
472 1676 623 1729 minorem:
643 1674 724 1745 idque
738 1673 872 1727 interdum
888 1689 938 1742 per
950 1690 1013 1743 gra·
1051 1689 1115 1726 num
1128 1672 1230 1727 habere
1244 1689 1405 1728 consensum
1418 1690 1480 1727 cum
1499 1674 1576 1743 gravi
1591 1681 1620 1726 et
1633 1672 1698 1726 levi.
1737 1670 1821 1723 Atsus·

220 1755 277 1819 dus,
291 1755 425 1810 interdum
438 1771 487 1825 per
500 1754 606 1808 saltum
647 1752 678 1807 si
693 1752 801 1824 quidem
814 1751 1013 1808 utiliaeathoec
1051 1751 1174 1823 picamur
1193 1751 1277 1807 etiam
1297 1769 1358 1807 eam
1379 1768 1459 1822 posse
1479 1750 1581 1806 hebere
1602 1767 1757 1806 consensum
1775 1767 1822 1802 eun

219 1834 420 1904 contemplatio,
435 1842 462 1887 et
472 1832 506 1886 ad
517 1832 649 1901 judicium
659 1839 687 1886 et
696 1832 730 1885 ad
739 1831 894 1901 practicam.
926 1830 1013 1901 Coeg-
1053 1831 1128 1884 tarda
1146 1839 1174 1885 et
1196 1830 1278 1885 celeri
1297 1832 1456 1901 exceptione
1478 1839 1505 1884 et
1525 1831 1697 1902 depositione
1716 1828 1787 1882 calidi
1804 1838 1822 1879 et

219 1915 349 1968 mentatio
365 1912 502 1967 metallica
520 1919 547 1966 et
564 1911 740 1966 subterranea
759 1910 880 1965 maxima
897 1917 954 1974 est;
974 1910 1013 1964 ita
1052 1909 1153 1981 frigidi.
1194 1910 1257 1965 Fiat
1270 1910 1354 1982 igitur
1367 1911 1594 1981 experimentum,
1608 1911 1633 1964 si
1648 1910 1823 1978 rariuscorpns

219 2000 250 2048 ut
268 2010 304 2048 ex
325 1992 363 2046 32
382 1992 438 2046 illis
458 1991 581 2062 pertibus
601 1997 712 2060 occupet
730 1988 888 2043 duodecim:
909 1996 1012 2043 tantum
1051 2005 1105 2043 non
1118 1988 1243 2043 admittet
1256 1999 1285 2044 et
1302 1991 1407 2044 amittat
1420 1989 1537 2044 calorem
1550 2001 1600 2048 aut
1618 1990 1706 2060 frigus
1722 1989 1822 2048 celerius

220 2071 294 2127 cuim
307 2072 391 2126 distat
408 2088 503 2124 aurum
523 2086 541 2124 a
560 2076 666 2124 stanno.
707 2070 740 2123 ln
758 2067 808 2121 illo
828 2067 959 2122 descensu
978 2068 1013 2122 ab
1051 2069 1160 2123 densius
1187 2085 1251 2122 varo
1282 2069 1393 2124 tardius.
1434 2069 1518 2139 ldque
1548 2069 1679 2139 probetur
1709 2068 1736 2121 in
1764 2083 1822 2127 auro,

220 2168 286 2206 auro
307 2158 336 2204 et
357 2157 470 2221 argento
487 2148 550 2203 vivo
570 2164 685 2219 magnus
704 2146 790 2202 saltus
810 2147 845 2201 ad
862 2146 1012 2218 plumbum.
1051 2146 1170 2217 plumbo,
1191 2146 1290 2218 lapide,
1314 2147 1397 2219 ligno,
1421 2157 1471 2203 etc.
1512 2148 1575 2203 Fiat
1598 2157 1691 2202 autem
1711 2148 1738 2200 in
1758 2146 1822 2199 simili

220 2230 245 2284 Α
266 2229 378 2301 plumbo
396 2229 431 2282 ad
454 2236 579 2283 amanum
602 2227 733 2298 gradatio.
774 2226 878 2280 Rursus
898 2243 1013 2297 magnus
1051 2226 1137 2298 gradu
1150 2226 1254 2291 caloris,
1269 2228 1353 2282 simili
1366 2236 1468 2299 quanto
1480 2236 1509 2282 et
1522 2228 1614 2299 figura
1627 2227 1751 2297 corporis.

220 2307 307 2363 saltus
320 2325 337 2363 a
351 2307 468 2363 metallis
479 2308 514 2362 ad
523 2306 643 2377 lapides:
665 2306 719 2361 nisi
732 2305 804 2378 quod
817 2322 846 2360 se
860 2305 1014 2374 interponat
1092 2304 1118 2361 1.
1138 2306 1263 2361 Mixtura
1276 2308 1365 2362 omnis
1379 2323 1521 2378 corporum
1540 2315 1652 2377 perta·
1771 2369 1775 2375 ,

220 2403 341 2459 magnes,
356 2389 402 2459 qui
415 2387 478 2441 inde
496 2386 662 2440 convincitur
680 2402 740 2441 ease
759 2384 830 2456 lapis
851 2384 1011 2440 metallicus
1051 2385 1143 2440 balam
1153 2392 1181 2440 et
1191 2387 1309 2456 pondera
1320 2385 1434 2440 revelari
1443 2395 1471 2439 et
1481 2386 1652 2457 deprehendi
1683 2369 1819 2470 fflssffi

219 2465 246 2521 A
263 2465 398 2536 lapidibus
414 2483 478 2520 sero
496 2467 531 2520 ed
551 2464 656 2538 reliqua
675 2482 761 2538 usqne
781 2464 816 2517 ad
836 2464 1012 2529 lenissimum,
1050 2472 1148 2535 potest.
1201 2465 1232 2519 si
1258 2466 1331 2520 enim
1358 2472 1493 2537 quaeratur
1518 2474 1653 2537 quantum
1864 2478 1865 2481 ’

220 2546 343 2603 continui
357 2553 385 2601 et
398 2544 491 2617 pusilli
504 2545 612 2616 gradus
1051 2560 1129 2615 aqua
1142 2544 1179 2598 sit
1191 2545 1343 2601 admixtum
1356 2545 1427 2609 eino,
1440 2544 1485 2599 vel
1499 2554 1634 2616 quantum
1652 2544 1751 2616 plumbi
1765 2559 1822 2601 antu,

250 2668 364 2712 mm
455 2625 481 2679 1.
502 2624 572 2679 Cum
587 2624 647 2678 fons
661 2621 803 2677 densitatis
816 2622 939 2677 rideatur
952 2639 1012 2678 esse
1051 2623 1131 2677 etsie
1143 2624 1314 2695 dereliquis3
1335 2624 1484 2695 ponderato
1495 2626 1687 2696 compositum,
1697 2632 1724 2678 et
1734 2620 1822 2677 consde

414 2703 444 2758 in
456 2703 590 2774 profundo
601 2710 688 2767 terne,
701 2701 769 2756 adeo
779 2710 911 2757 utversus
921 2718 1013 2772 auper-
1050 2701 1171 2758 tabulam
1183 2703 1216 2758 de
1229 2704 1348 2773 pondere
1362 2702 1546 2774 simplicium
1567 2711 1598 2758 et
1613 2705 1710 2759 medita
1727 2702 1822 2758 ιιιὶιιιι

220 2781 310 2837 ficiem
323 2781 382 2849 ejus
395 2798 508 2852 corpore
516 2781 617 2838 eximie
627 2788 821 2846 extenuantem
842 2780 910 2836 illud
920 2788 1013 2836 notatu
1051 2782 1203 2852 compositi,
1217 2790 1380 2853 comparatae
1393 2783 1429 2836 ad
1442 2782 1585 2854 simplicia,
1602 2784 1705 2837 dabunt
1717 2790 1822 2854 quantun

221 2861 332 2933 dignum
346 2868 395 2927 est,
410 2863 482 2933 quod
495 2879 590 2917 aurum
605 2860 743 2932 (quodest
761 2877 797 2915 ex
817 2860 932 2915 metallis
953 2876 1013 2932 gra·
1051 2861 1179 2916 misturae.
1219 2860 1344 2917 Arbitror
1356 2862 1409 2916 hoe
1423 2879 1483 2917 esse
1496 2859 1597 2938 εὕρηκα
1617 2863 1686 2919 illud
1703 2861 1821 2916 Archime-

220 2939 373 3010 risaimum)
387 2941 563 2997 nihilominus
574 2942 722 3012 reperiatur
736 2941 895 3012 quandoque
908 2941 938 2995 in
951 2958 1012 2995 are·
1050 2941 1108 3006 dis;
1129 2942 1177 2996 sed
1190 2950 1325 3014 auumque
1338 2943 1378 2997 ita
1392 2958 1435 2997 res
1448 2951 1496 2997 est.

220 3020 292 3076 nulia
315 3029 343 3076 et
369 3023 498 3077 ramentis
523 3021 681 3085 fluviorum
715 3020 797 3075 etiam
823 3019 879 3074 fere
905 3036 1011 3091 purum.
1091 3019 1119 3075 2.
1140 3021 1284 3076 Confectio
1304 3023 1372 3087 auri,
1394 3030 1442 3076 aut
1465 3024 1660 3078 transmutatio
1678 3021 1822 3078 metallorum

222 3100 317 3172 Itaque
330 3100 520 3170 inquirendum
534 3100 680 3171 diligentur
693 3100 726 3154 de
737 3100 789 3154 situ
801 3099 932 3168 ejusmodi
942 3098 1012 3153 loco
1051 3098 1081 3153 in
1093 3099 1169 3164 illud,
1184 3102 1295 3156 omnino
1308 3118 1359 3173 pro
1372 3110 1499 3172 suspecta
1511 3102 1704 3158 babendeest.
1741 3102 1823 3156 Aurum

220 3197 296 3245 rum;
317 3187 407 3234 utrum
426 3198 481 3235 non
501 3179 556 3235 sint
576 3181 611 3233 ad
631 3178 715 3250 pedes
735 3178 878 3241 montium,
899 3196 1013 3250 quorum
1052 3179 1125 3233 enim
1138 3180 1259 3234 omnium
1271 3198 1415 3252 corporum
1428 3181 1690 3250 ponderosissimum
1702 3190 1728 3236 et
1738 3179 1824 3234 densis

221 3258 297 3313 fundi
311 3267 338 3313 et
350 3260 455 3314 radices
473 3258 637 3330 equiperari
650 3258 754 3329 possint
773 3258 885 3312 mineris
903 3259 1013 3328 profun-
1052 3259 1160 3314 simunt.
1203 3259 1297 3329 Igitur,
1315 3268 1346 3314 ut
1364 3260 1438 3314 aliud
1456 3261 1600 3331 quippiam
1614 3260 1772 3317 senatuis
1789 3275 1824 3310 au·

221 3337 346 3399 dissimis,
367 3345 394 3393 et
410 3355 505 3394 aurum
526 3338 591 3393 inde
612 3336 730 3402 eluatur3
751 3345 799 3391 aut
819 3336 884 3407 quid
904 3337 1013 3392 tandem
1052 3355 1119 3402 rum,
1132 3354 1244 3408 prorsus
1261 3340 1468 3394 condensatione
1486 3356 1555 3409 opus
1571 3349 1625 3395 est
1667 3338 1824 3396 Condenretio

221 3417 263 3477 sit.
279 3417 350 3488 quod
363 3418 566 3487 pariattantam
583 3416 818 3472 condennationem
831 3432 924 3472 versus
943 3434 1014 3471 sum-
1052 3424 1141 3472 autern
1164 3418 1325 3488 (presertim
1351 3420 1380 3473 in
1407 3419 1565 3490 corporibus
1589 3420 1671 3474 valde
1691 3417 1824 3476 materiatis

220 3496 331 3551 mitates
344 3503 428 3552 terra.
1052 3496 1144 3567 qualia
1157 3505 1218 3552 sunt
1233 3497 1355 3565 metalla)
1370 3498 1443 3568 apud
1455 3515 1506 3553 nos
1519 3498 1649 3555 homines
1666 3500 1693 3554 in
1706 3497 1824 3569 superficie

261 3576 287 3632 Ἄ.
308 3575 351 3630 De
365 3576 476 3631 mineris
493 3575 523 3630 in
542 3591 642 3647 genere
660 3574 840 3644 quarendum,
855 3592 916 3647 quse
929 3591 965 3630 ex
978 3574 1014 3630 iis
1052 3582 1131 3631 terrae
1143 3577 1273 3648 degentes
1292 3578 1339 3632 vix
1359 3577 1592 3648 superinducitur:
1620 3579 1751 3651 pleraque
1767 3577 1824 3631 enin

221 3655 327 3710 soleant
340 3672 399 3710 esse
420 3654 611 3726 depressiores,
625 3660 653 3707 et
672 3671 733 3725 quae
746 3654 857 3725 propius
875 3656 910 3709 ad
922 3671 1014 3725 super·
1051 3655 1125 3726 ignis
1144 3657 1314 3712 densationes
1328 3656 1615 3727 pseudodensationes
1634 3659 1739 3724 suntsi
1756 3663 1824 3711 totam

221 3734 310 3790 liciam
324 3743 418 3801 terrm
439 3734 509 3790 etin
523 3733 597 3806 quali
618 3732 673 3787 situ
692 3733 842 3805 regionum,
865 3743 892 3788 et
909 3734 939 3788 in
960 3749 1014 3804 qua
1051 3735 1181 3805 respicias
1197 3737 1240 3802 (ut
1258 3744 1353 3806 postea
1365 3735 1530 3807 videbimus)
1550 3737 1605 3792 hoc
1624 3745 1673 3804 est,
1687 3753 1787 3807 corpora
1802 3735 1825 3787 in

221 3813 303 3885 gleba
313 3823 473 3880 nascantur,
494 3820 522 3868 et
535 3812 670 3886 quomodo
683 3829 712 3867 se
732 3812 853 3867 habeant
865 3814 901 3867 ad
913 3829 1012 3885 aquam
1052 3815 1174 3883 partibus
1188 3814 1324 3886 aliquibus
1337 3816 1395 3870 suis
1408 3816 1583 3881 condenseat,
1599 3824 1690 3873 totum
1703 3817 1808 3871 minime.

221 3902 248 3947 et
267 3894 393 3960 maxime,
418 3894 447 3949 in
469 3893 567 3965 quibus
588 3891 722 3947 cubilibus
744 3891 906 3947 decumbant
925 3901 954 3946 et
974 3892 1014 3962 ja-
1092 3893 1119 3948 3.
1140 3893 1243 3949 Verum
1261 3895 1350 3950 versio
1368 3895 1475 3967 argenti
1490 3895 1545 3950 vivi
1563 3905 1613 3951 aut
1632 3897 1734 3969 plumbi
1750 3897 1774 3949 iu
1789 3911 1823 3946 ar·

221 3981 314 4036 ceant;
348 3982 377 4027 et
403 3973 537 4045 quomodo
557 3971 763 4036 circumdentur,
784 3979 831 4026 aut
850 3972 1014 4026 misceantur
1052 3980 1163 4043 gentum
1178 3975 1251 4044 (cum
1265 3983 1406 4045 argentum
1421 3975 1457 4030 sit
1474 3974 1530 4029 illis
1547 3976 1650 4044 rarius)
1664 3974 1780 4031 habenda
1793 3981 1824 4027 ert

220 4051 321 4122 lapide,
339 4061 386 4107 aut
402 4052 495 4124 aliquo
517 4052 572 4106 elio
592 4050 694 4105 fossili:
715 4050 832 4122 denique
852 4065 946 4105 omnes
964 4050 1014 4104 cir·
1052 4068 1102 4121 pro
1114 4052 1258 4122 sperabili;
1279 4069 1342 4108 cum
1356 4061 1463 4109 tantum
1483 4054 1650 4122 dationem,
1664 4063 1691 4111 et
1706 4054 1756 4108 alia
1768 4071 1825 4125 que

220 4133 388 4186 cumstantiae
401 4131 597 4197 examinandae,
612 4137 642 4184 ut
655 4146 703 4200 per
716 4129 784 4184 istas
803 4129 939 4200 explorari
952 4146 1014 4202 pos-
1051 4131 1114 4185 dam
1128 4131 1230 4197 innuat,
1241 4150 1296 4187 non
1309 4132 1504 4188 densationem.

221 4209 264 4273 sit,
280 4226 334 4280 qua
347 4211 449 4265 ratione
463 4212 536 4266 succi
550 4218 578 4266 et
596 4210 707 4281 spiritua
726 4215 804 4264 terrm
821 4210 851 4263 iu
868 4209 1015 4265 condense·
1091 4211 1118 4265 4.
1139 4211 1265 4265 Attamen
1279 4211 1302 4267 si
1316 4220 1460 4283 argentum
1473 4214 1572 4278 vivum,
1584 4221 1633 4267 aut
1644 4212 1780 4285 plumbum,
1788 4219 1824 4263 aut

220 4288 324 4342 tionem
338 4288 420 4344 istam
434 4289 599 4345 metallicam
612 4289 687 4360 (quaa
705 4286 823 4360 reliquas
840 4288 923 4361 longe
936 4305 1014 4360 sups-
1052 4289 1126 4344 aliud
1140 4291 1287 4354 metallum,
1301 4292 1371 4346 verti
1386 4301 1479 4362 posset
1496 4292 1526 4347 in
1545 4309 1642 4347 aurum
1663 4303 1784 4364 quatenus
1797 4289 1824 4343 ad

220 4368 277 4436 rat)
292 4369 388 4422 coeant
400 4375 448 4423 aut
461 4370 676 4440 compingantur.
1052 4378 1163 4424 caeteras
1177 4371 1235 4424 auri
1248 4371 1438 4442 proprietates,
1456 4372 1566 4442 dempto
1584 4371 1718 4441 pondere;
1737 4381 1770 4433 ut,
1786 4371 1824 4422 sci

221 4487 403 4532 omnum
455 4448 482 4503 4.
503 4447 624 4503 Dubium
646 4445 759 4502 minime
782 4451 831 4512 est,
849 4447 915 4518 quin
935 4454 963 4501 et
985 4447 1014 4501 in
1051 4447 1123 4514 licet,
1137 4448 1233 4504 fierent
1252 4451 1349 4521 magis,
1363 4467 1445 4522 quam
1466 4460 1535 4515 sunt,
1553 4451 1616 4515 fixa,
1632 4452 1719 4523 magis
1734 4449 1824 4505 mallee

414 4526 620 4598 vegetabilibus,
641 4535 721 4597 atque
742 4525 826 4580 etiam
844 4526 874 4580 in
893 4526 1015 4596 partibus
1052 4527 1127 4593 bilis,
1141 4529 1229 4599 magis
1243 4529 1378 4600 sequacia,
1392 4531 1480 4601 magis
1498 4530 1640 4596 durabilia,
1655 4541 1683 4585 et
1695 4532 1824 4586 minusca·

221 4599 387 4668 animalium,
412 4622 441 4660 se
468 4606 611 4661 ostendant
635 4622 749 4675 corpore
772 4605 914 4676 complure
938 4605 1015 4676 ligno
1052 4608 1142 4677 posita
1168 4608 1295 4680 rubigini,
1322 4610 1412 4681 magis
1436 4609 1585 4681 splendida,
1610 4612 1692 4665 etiam
1717 4612 1787 4673 dass,
1804 4615 1825 4660 et

221 4681 318 4737 abietis
326 4681 406 4753 longe
413 4683 524 4740 leviora.
554 4686 629 4740 Nam
638 4693 667 4739 et
674 4684 818 4755 lanugines
826 4684 1014 4740 nonnullarum
1052 4686 1221 4757 hujusmodi3
1242 4695 1316 4743 esset
1327 4688 1505 4757 proculdubio
1520 4707 1564 4744 res
1577 4690 1654 4744 utilis
1668 4697 1696 4745 et
1707 4689 1824 4746 luenda

220 4760 381 4832 plantarum,
408 4763 460 4818 alte
486 4780 647 4828 muscarum,
675 4772 704 4819 et
729 4763 817 4835 spolia
843 4771 1013 4836 serpentum
1052 4766 1115 4821 licet
1128 4767 1231 4838 pondes
1245 4768 1304 4822 auri
1317 4785 1372 4822 non
1386 4769 1538 4839 explerent.

221 4848 303 4912 atque
317 4841 470 4897 artificialia
488 4859 595 4914 quoque
615 4843 731 4908 diverse,
751 4852 782 4898 ut
800 4844 889 4899 lineam
909 4860 1015 4914 pennus
1093 4843 1119 4906 7.
1140 4847 1239 4918 Neque
1252 4864 1319 4902 auro
1332 4855 1375 4902 est
1387 4849 1563 4918 ponderosius
1577 4848 1650 4920 quic-

221 4921 359 4975 extinctus
378 4921 466 4994 (quali
485 4923 587 4976 utimur
606 4922 641 4977 ad
658 4923 766 4979 fomites
786 4924 969 4992 flammarum)
989 4929 1016 4977 et
1053 4941 1151 4995 quam,
1172 4943 1260 4997 neque
1277 4927 1367 4997 ipsum
1381 4944 1477 4984 summ
1491 4946 1587 5001 purum
1601 4945 1650 4998 per

220 4999 289 5054 lolia
314 5016 443 5065 rosarum,
471 5018 533 5073 quaa
559 5010 705 5072 supersunt
732 5019 749 5056 a
776 5002 961 5068 distillatione,
988 5009 1016 5056 et
1053 5013 1139 5060 artem
1151 5009 1298 5078 (quatenus
1306 5007 1395 5062 adhuc
1403 5007 1532 5079 innotuit)
1544 5007 1665 5063 redditur
1675 5022 1732 5061 sese
1744 4998 1825 5073 ponde·

220 5076 386 5148 hsq'usmodi,
410 5087 539 5152 superant
564 5078 674 5136 levitate
703 5083 746 5152 (ut
771 5084 911 5153 putamus)
939 5081 1016 5154 ligna
1053 5084 1148 5140 rosius.

221 5156 366 5215 levissima.
1097 5165 1121 5219 l.
1142 5164 1287 5221 Plumbnm
1308 5173 1400 5221 tamen
1421 5173 1542 5220 notatum
1563 5174 1604 5220 est
1624 5172 1651 5221 et
1706 5205 1799 5248 mm

261 5238 290 5292 5.
310 5238 471 5295 cohibenda
484 5246 511 5295 et
531 5238 690 5310 corrigenda
711 5247 754 5294 est
771 5240 820 5295 ills
836 5241 973 5313 cogitatio,
987 5240 1016 5295 iu
1054 5243 1165 5299 molest
1183 5245 1302 5315 pondere
1321 5245 1435 5315 augeri3
1455 5246 1608 5315 prasertim
1626 5243 1650 5298 si

222 5331 304 5384 quam
316 5317 471 5374 intellectus
490 5319 626 5375 humanus
645 5318 803 5389 propendet,
822 5337 929 5391 nempe,
948 5322 1018 5376 dura
1054 5325 1183 5378 condetur
1195 5324 1224 5377 in
1238 5323 1315 5378 cellis
1328 5324 1518 5388 subterraneis,
1532 5323 1580 5378 ubi
1598 5339 1640 5379 res
1660 5320 1739 5375 sitnm
1757 5312 1823 5369 facile

222 5409 282 5448 esse
301 5397 421 5452 maxime
444 5398 536 5454 dense.
577 5398 651 5452 Nam
671 5405 814 5470 argentum
834 5400 926 5453 vivum
948 5399 1016 5462 fluit,
1055 5401 1196 5472 colligunt.
1239 5403 1272 5457 ld
1298 5404 1370 5474 quod
1395 5405 1512 5459 maxime
1534 5403 1726 5475 deprehensum
1746 5391 1823 5450 talin

222 5486 318 5528 eurum
331 5474 413 5532 molle
426 5485 468 5533 est
481 5485 509 5534 et
527 5477 675 5549 plumbum.
717 5476 769 5532 Illa
782 5494 847 5531 vero
864 5477 1018 5535 durissimis
1055 5483 1150 5537 statuis
1173 5481 1297 5552 lapideis,
1317 5499 1434 5554 quarum
1459 5483 1543 5554 pedes
1570 5480 1701 5554 plumbeis
1725 5470 1822 5532 mentis

1687 4891 1810 4935 observem
