3800 5875
212 328 269 384 634
816 333 938 390 SCALA
959 334 1231 391 INTELLECTUS.

211 487 295 543 ardua
308 486 486 559 pervenimus,
500 505 536 543 ex
549 489 633 560 sylvis
644 489 747 545 scilicet
760 490 795 544 ad
809 491 914 548 radices
929 508 1005 545 mon·
1041 500 1143 547 naturrc
1151 500 1255 548 mature
1269 493 1417 563 perveniet,
1428 492 1476 547 ubi
1489 498 1518 546 et
1532 476 1614 547 sistio
1625 508 1733 555 serens,
1745 501 1773 547 et
1783 494 1843 562 put

211 568 288 622 tium.
328 569 402 621 Nam
416 568 451 620 ab
472 568 585 623 historia
598 571 633 624 ad
646 570 811 624 universalia
831 580 906 625 certo
924 579 1006 641 atque
1040 571 1191 626 cherrimus
1205 589 1296 626 rerum
1308 571 1665 642 prospectus‚etdescensus
1679 572 1843 625 molliclivo

211 646 346 701 constanti
362 646 469 700 tramite
484 646 561 716 (licet
575 650 619 703 via
637 665 707 702 nova
726 656 754 702 et
766 650 912 716 intentata)
926 651 1006 704 duce·
1040 649 1141 704 ducens
1154 650 1189 702 ad
1203 667 1296 704 omnes
1315 651 1457 721 practicus.
1499 650 1596 722 ltaque
1617 650 1765 704 consilium
1780 669 1843 704 nos

210 742 280 780 mua.
320 726 409 796 Atque
417 735 490 780 certe
501 743 555 780 non
563 727 633 781 maie
644 727 673 781 in
683 728 741 782 vias
748 727 1005 799 contemplationum
1040 738 1110 782 trum
1126 735 1177 794 est,
1191 746 1262 784 verre
1276 738 1304 783 et
1316 728 1448 800 legitimae
1457 729 1491 782 de
1504 730 1586 783 rebus
1596 730 1787 800 inquisitionis
1798 733 1843 799 (ut

211 806 366 859 conveniret
379 803 447 859 iliud
460 805 566 860 celebre
577 816 604 861 et
615 808 786 862 decantatum
798 808 870 877 apud
879 807 1005 878 antiquos
1039 809 1068 861 in
1079 808 1197 863 secundo
1207 808 1277 862 libro
1286 808 1435 883 praecepta)
1444 808 1486 861 ita
1496 808 1541 861 nic
1551 808 1725 877 exemplaria
1738 825 1842 879 propo-

210 883 314 938 bivium
325 883 387 937 ritae
400 884 503 948 activa,
514 902 550 940 ex
559 903 613 956 quo
622 886 667 939 via
677 885 770 949 altera,
779 887 867 956 primo
880 888 1006 956 ingressu
1040 903 1104 941 nere
1119 896 1146 941 et
1159 886 1311 941 describere
1325 903 1374 957 pro
1387 887 1517 940 varietate
1530 887 1733 955 subjectorum
1756 888 1841 958 idque

212 962 295 1032 plana
308 971 336 1017 et
356 961 451 1025 facilis,
466 963 582 1018 ducebat
600 965 635 1019 ad
658 975 794 1035 praerupta
807 974 834 1019 et
854 965 1003 1040 imperuim
1040 982 1073 1019 ea
1094 966 1188 1030 forms,
1204 983 1284 1036 quam
1305 983 1367 1019 cum
1380 967 1492 1019 veritate
1514 982 1652 1020 mmmum
1674 983 1840 1020 consensum

212 1041 331 1107 alterna
341 1041 475 1111 principio
484 1043 568 1099 ardua
578 1052 604 1099 et
618 1060 757 1115 suspensa,
767 1044 796 1097 in
810 1044 892 1115 plana
901 1045 1006 1098 desine·
1040 1043 1140 1099 habere
1158 1053 1291 1115 putamus,
1306 1053 1387 1115 atque
1400 1054 1431 1098 ut
1451 1044 1595 1115 probatam
1612 1052 1641 1098 et
1655 1045 1773 1098 electam
1789 1055 1841 1099 tm·

210 1120 266 1174 bat.
307 1122 380 1175 Nam
405 1120 500 1175 eodem
521 1139 632 1192 prorsus
649 1124 737 1189 modo,
764 1124 810 1193 qui
830 1124 889 1191 jam
907 1124 1005 1177 iudea
1039 1125 1135 1178 dinam
1176 1124 1274 1196 Neque
1290 1130 1389 1188 tamen,
1402 1140 1477 1179 more
1491 1124 1563 1193 apud
1577 1123 1706 1178 homines
1720 1135 1839 1194 recepto,

211 1200 302 1269 prima
320 1199 494 1270 inquisitione
518 1202 668 1256 immobilia
687 1202 811 1273 qurcdam
831 1202 860 1255 in
883 1203 1005 1257 scientiis
1039 1203 1164 1256 omnibus
1179 1202 1260 1271 hujus
1274 1202 1396 1257 formulae
1410 1202 1533 1273 partibus
1545 1204 1739 1256 necessitatem
1756 1220 1841 1273 quan·

211 1279 347 1350 principia
361 1279 614 1352 prensabit,quibus
628 1283 802 1352 acquiescens
813 1281 1003 1336 caeterarcluti
1039 1282 1102 1335 darn
1122 1282 1303 1346 attribuimus,
1319 1290 1448 1352 tauquam
1466 1281 1553 1335 unicae
1566 1291 1661 1335 essent
1678 1292 1706 1334 et
1725 1281 1839 1335 inviola-

166 1358 169 1361 ’
211 1358 516 1428 perotiumexpediat3
537 1359 755 1424 illuminando
773 1359 931 1428 perrexerit,
944 1377 1003 1425 nec,
1039 1360 1117 1414 biles.
1158 1362 1258 1431 Neque
1267 1361 1339 1413 enim
1349 1360 1491 1415 hominum
1504 1361 1707 1414 industriamet
1720 1360 1837 1414 felicita-

210 1436 324 1491 nimium
342 1436 394 1490 sibi
409 1435 519 1507 placens
537 1448 586 1494 aut
601 1438 755 1511 displicens,
775 1438 810 1492 ab
830 1439 1004 1509 inquisitione
1039 1450 1094 1494 tem
1118 1438 1201 1493 veluti
1222 1439 1257 1492 ad
1280 1439 1434 1494 columnam
1456 1439 1609 1509 alligandas
1634 1440 1835 1495 existimamus

211 1515 353 1580 destiterit,
382 1516 479 1587 prioris
500 1518 553 1573 vim
572 1519 680 1573 fortuna
701 1526 801 1572 manet.
841 1518 893 1578 Qui
914 1527 1005 1573 autem
1039 1518 1128 1590 Atque
1143 1518 1212 1572 nihil
1223 1518 1314 1583 officit,
1323 1535 1378 1590 quo
1391 1519 1480 1573 minus
1491 1518 1520 1583 ii,
1530 1518 1576 1589 qui
1588 1520 1645 1572 otio
1653 1519 1745 1589 magis
1756 1520 1837 1571 airun-

208 1592 340 1663 judicium
357 1595 492 1661 cohibere,
506 1605 534 1651 et
548 1598 681 1668 gradatim
699 1597 852 1662 ascendere,
865 1603 892 1651 et
905 1614 1003 1662 rernm,
1038 1598 1110 1662 dsnt,
1126 1606 1173 1651 ant
1186 1614 1202 1650 a
1216 1597 1429 1663 difficultatibus,
1450 1613 1518 1668 quaa
1536 1596 1628 1668 primo
1649 1598 1834 1668 experientem

210 1673 295 1727 veluti
310 1673 440 1728 montium
457 1674 532 1746 juga,
548 1694 631 1731 unum
651 1676 747 1748 primo,
762 1676 858 1730 deinde
877 1675 1002 1740 alterum,
1039 1676 1116 1748 sequi
1130 1694 1243 1731 necesse
1257 1685 1305 1739 est,
1320 1676 1399 1732 liberi
1414 1678 1473 1744 jam
1486 1685 1573 1741 erunt,
1585 1694 1644 1731 rem
1659 1686 1834 1731 monstratam

211 1768 243 1806 nc
267 1770 359 1808 rursus
377 1751 492 1807 alterum
512 1772 640 1826 superare
662 1773 725 1810 cum
748 1755 878 1824 patientia
891 1772 956 1810 sera
976 1763 1004 1809 et
1038 1756 1067 1809 in
1090 1756 1181 1827 potius
1204 1755 1363 1826 perducant.
1412 1756 1607 1822 Quinctiana,
1630 1764 1720 1811 artem
1746 1773 1834 1811 veram

211 1831 347 1888 indefessa
366 1832 531 1901 sustinuerit,
545 1836 593 1891 ille
607 1836 643 1891 ad
661 1835 831 1891 summitates
848 1842 876 1891 et
889 1834 1004 1891 vertices
1039 1834 1192 1890 adolescere
1207 1834 1359 1890 statuimus.
