3800 5875
230 291 288 345 432
940 287 1146 343 PRAEFATIO.

231 449 366 506 delectum
387 448 522 521 quendam
544 447 673 503 adhibere
687 446 795 511 vellent,
813 452 893 520 atque
915 446 1109 502 imbecilliores
1122 461 1256 516 separare,
1271 452 1298 501 et
1316 444 1431 500 robustis
1453 451 1559 500 tantum
1581 451 1609 499 et
1628 446 1779 517 rigentibus
1799 450 1841 513 uti,

231 536 312 599 atque
327 530 392 583 hinc
414 529 512 583 saltem
525 545 555 582 se
570 528 625 582 voti
642 533 781 597 compotes
800 526 857 581 fore
879 533 1029 595 sperarent,
1044 543 1134 580 annon
1154 524 1242 579 adhuc
1257 542 1304 580 eos
1324 524 1475 595 impensius
1491 524 1609 579 delirare
1625 524 1745 581 diceret?
1780 528 1844 587 Quin

231 610 312 662 etiam
334 609 367 674 si,
389 608 442 662 hoc
469 609 530 678 ipso
552 623 606 661 non
629 606 756 671 contenti,
780 613 866 660 artem
892 604 1001 659 tandem
1028 606 1185 659 athleticam
1208 604 1350 660 consulere
1377 611 1532 669 statuerent,
1555 622 1587 658 ac
1607 619 1701 659 omnes
1723 606 1843 677 deinceps

231 688 365 751 manibus,
380 695 408 742 et
420 686 528 741 lacertis
546 694 574 739 et
586 686 685 749 nervis,
701 702 737 739 ex
757 695 813 740 arte
834 685 904 740 bene
927 685 1017 739 unctis
1031 694 1058 739 et
1071 684 1211 739 medicatis
1224 684 1319 738 adesse
1336 683 1469 752 juberent,
1488 700 1578 737 annon
1592 699 1705 753 prorsus
1720 701 1766 740 eos
1785 685 1842 740 darc

232 784 351 838 operam,
366 776 394 822 ut
414 784 476 823 cum
495 765 598 820 radone
620 766 736 836 quadam
757 773 785 819 et
806 765 950 835 prudentia
968 764 1124 828 insanirent,
1140 762 1293 818 clamaretll
1314 762 1404 834 Atque
1418 762 1543 817 homines
1560 769 1651 816 tamen
1667 764 1747 818 simili
1764 765 1842 819 male·

232 863 300 901 sano
322 847 433 917 impetu,
452 856 479 900 et
492 847 693 916 conspiratione
714 844 815 911 inutili,
830 845 953 899 feruntur
977 845 1007 898 in
1026 842 1271 906 intellectualibuse
1298 842 1363 895 dum
1385 841 1420 895 ab
1432 842 1604 912 ingeniorum
1619 843 1662 896 rel
1680 843 1841 898 multitudine

233 934 262 981 et
275 943 417 990 consensu,
431 925 475 980 rel
488 925 652 980 excellentia
665 936 693 980 et
707 924 839 989 acumine,
853 939 955 993 magna
973 930 1101 993 sperant3
1117 921 1253 977 autetiam
1267 921 1411 975 dialectica
1424 918 1502 992 (quse
1513 920 1638 992 quiedam
1651 921 1777 976 athletica
1789 940 1842 977 cru

233 1006 287 1059 seri
301 1005 399 1076 possit)
413 1005 513 1060 mentis
536 1021 633 1060 nervos
654 1005 795 1067 roborant3
820 1004 868 1058 sed
890 1003 1007 1066 interim,
1021 1002 1088 1057 licet
1105 1009 1181 1056 tanto
1201 1000 1289 1055 studio
1302 1007 1329 1054 et
1348 1008 1448 1055 conatu
1467 1000 1503 1068 (si
1525 1000 1663 1070 quiscere
1679 1001 1839 1069 judicaverit]

232 1084 400 1140 intellectum
421 1084 522 1139 nudum
544 1084 683 1155 applicare
702 1100 756 1137 non
778 1084 910 1138 desinunt.
953 1081 1208 1136 Manifestissimum
1232 1088 1323 1135 autem
1343 1088 1392 1141 est,
1407 1080 1436 1133 in
1456 1080 1529 1133 omni
1552 1096 1635 1150 opere
1656 1097 1762 1151 magno,
1777 1083 1840 1151 quod

232 1181 329 1220 manus
342 1165 462 1220 hominis
484 1172 603 1234 praestat,
618 1165 676 1219 sine
691 1161 877 1218 instrumentis
890 1166 919 1216 et
939 1161 1082 1227 machinis,
1097 1161 1168 1216 vires
1188 1158 1425 1232 uec-singulorum
1444 1159 1556 1224 intendi,
1569 1176 1621 1213 nec
1641 1160 1758 1215 omnium
1777 1162 1840 1215 coire

231 1260 321 1314 posse.

274 1324 369 1395 ltaque
384 1339 420 1378 ex
434 1322 479 1378 his
493 1341 555 1395 quae
569 1324 689 1378 diximus
704 1321 858 1392 premissis,
873 1321 1014 1376 statuimus
1028 1320 1095 1375 duas
1109 1336 1169 1374 esse
1184 1335 1235 1382 res,
1250 1318 1283 1373 de
1298 1318 1395 1389 quibus
1408 1316 1533 1372 homines
1552 1317 1634 1388 plane
1652 1319 1764 1374 monitos
1776 1319 1840 1374 solu·

231 1420 300 1467 mus,
316 1420 351 1458 ne
366 1402 435 1457 forte
449 1402 504 1456 illac
518 1420 565 1458 eos
581 1402 686 1473 fugiant
699 1411 746 1456 aut
763 1409 934 1472 praetereant.
976 1400 1094 1461 Quanam
1110 1400 1197 1468 prima
1211 1397 1367 1467 hujusmodi
1381 1405 1436 1461 est,
1452 1397 1512 1451 fieri
1526 1396 1583 1451 fcto
1596 1398 1713 1469 quodam
1727 1399 1840 1467 (uteris

231 1482 373 1552 timemus)
388 1483 467 1546 bono,
482 1483 516 1537 ad
527 1482 725 1553 extinguendas
739 1489 767 1535 et
780 1480 955 1551 depellendas
965 1480 1190 1534 contradictiones
1201 1487 1228 1531 et
1242 1486 1360 1532 tummes
1374 1477 1532 1540 animorum,
1540 1485 1570 1531 ut
1581 1487 1608 1531 et
1616 1478 1751 1533 veteribus
1764 1479 1841 1533 huam

231 1570 260 1616 et
274 1563 424 1618 reverentia
437 1562 539 1616 intacta
553 1570 582 1617 et
595 1562 738 1616 imminuta
752 1567 888 1624 maneant,
903 1568 931 1615 et
949 1575 999 1613 nos
1020 1559 1153 1613 destinata
1170 1558 1307 1628 perlicere,
1323 1564 1350 1611 et
1366 1563 1457 1611 mareu
1470 1557 1611 1611 modestior
1625 1565 1724 1612 nostra
1736 1558 1839 1613 tronum

231 1642 372 1713 percipere
386 1643 531 1713 possimus.
572 1641 647 1696 Nam
663 1658 723 1705 nos,
738 1640 760 1694 si
776 1641 950 1711 profiteamur
963 1655 1013 1693 uos
1027 1638 1140 1693 meliore
1154 1639 1258 1702 afferre,
1273 1653 1355 1707 quam
1374 1635 1487 1705 antiqui,
1502 1637 1616 1691 eandem
1631 1654 1712 1707 quam
1726 1637 1838 1692 illirium

232 1721 364 1792 ingressi;
387 1720 463 1777 nulla
482 1722 625 1775 verborum
646 1728 703 1774 arte
724 1721 830 1775 efficere
851 1720 995 1790 possimus,
1012 1719 1078 1790 quin
1101 1716 1243 1772 inducatur
1264 1717 1387 1786 quaedam
1408 1715 1521 1785 ingenii,
1541 1716 1586 1770 rel
1608 1716 1782 1783 excellentia,
1801 1719 1839 1771 rel

232 1800 370 1856 facultatis
385 1801 552 1871 comparatio
567 1800 624 1854 sive
638 1799 789 1863 coutentio;
810 1815 864 1853 non
879 1816 912 1853 se
931 1798 1042 1870 quidem
1061 1796 1157 1851 illicita
1170 1802 1217 1850 aut
1236 1812 1322 1860 novs;
1346 1794 1453 1866 (quidni
1474 1794 1547 1849 enim
1566 1796 1710 1865 possimus,
1724 1813 1771 1865 pro
1786 1798 1839 1865 jure

231 1889 331 1946 nostro,
345 1898 433 1951 neque
448 1896 481 1933 co
494 1880 556 1951 ipso
569 1879 633 1944 alio,
648 1896 730 1951 quam
744 1879 872 1943 omnium,
887 1879 910 1934 si
925 1878 989 1948 quid
1004 1877 1075 1948 apud
1086 1893 1133 1931 eos
1147 1893 1201 1931 non
1216 1883 1288 1929 recte
1302 1875 1442 1929 inventum
1457 1882 1503 1928 aut
1517 1875 1636 1945 positum
1651 1876 1696 1941 sit,
1710 1875 1840 1947 reprehen-

231 1960 295 2014 dere
310 1968 357 2014 aut
370 1961 500 2027 notaret)
523 1959 571 2013 sed
590 1966 680 2013 tamen
695 1967 830 2029 utcunque
849 1958 925 2027 jaste
946 1956 1161 2028 arepennem,
1181 1954 1360 2010 nihilominus
1380 1955 1470 2025 impar
1492 1955 1605 2009 fortasse
1625 1954 1722 2010 fuisset
1738 1973 1771 2009 ea
1789 1956 1840 2025 ipsa

231 2040 376 2105 contentio,
395 2040 430 2092 ob
443 2038 541 2094 virium
563 2047 715 2093 nostrarum
738 2038 856 2092 modum.
897 2037 1000 2092 Verum
1014 2053 1075 2091 cum
1088 2053 1138 2106 per
1150 2052 1200 2090 nos
1213 2034 1281 2089 illud
1294 2042 1399 2106 agatur,
1413 2041 1443 2089 ut
1456 2032 1510 2088 alia
1525 2034 1634 2089 omuino
1647 2035 1693 2089 via
1705 2034 1840 2089 intellectui

232 2121 376 2189 aperiatur,
391 2118 446 2173 illis
459 2118 592 2173 intentata
606 2125 634 2171 et
647 2118 794 2188 incognita,
808 2126 973 2171 commutata
984 2118 1041 2185 jam
1055 2116 1125 2169 ratio
1139 2122 1195 2179 est;
1216 2124 1323 2169 cessant
1338 2113 1456 2168 studium
1471 2122 1498 2167 et
1511 2122 1620 2183 partem
1641 2131 1745 2185 nosque
1755 2115 1841 2169 indicis

232 2198 419 2253 tantummodo
432 2215 576 2268 personam
590 2198 769 2260 sustinemus;
785 2197 857 2268 quod
870 2196 1015 2252 mediocris
1028 2204 1101 2250 certe
1116 2204 1158 2249 est
1172 2191 1346 2258 auctoritatis,
1353 2204 1380 2247 et
1388 2193 1502 2248 fortunae
1511 2193 1651 2262 cujusdam
1664 2195 1839 2266 potiusquam

233 2277 368 2331 facultatis
383 2285 411 2331 et
424 2277 602 2332 excellentia.
644 2276 733 2348 Atque
746 2277 805 2331 haec
820 2277 915 2331 moniti
929 2276 1035 2345 species
1046 2276 1080 2329 ad
1094 2290 1224 2345 personas
1237 2274 1361 2344 pertinet,
1376 2272 1462 2327 altera
1474 2272 1509 2326 ad
1523 2290 1566 2327 res
1579 2272 1663 2344 ipsas.

272 2358 332 2412 Nos
346 2357 480 2428 siquidem
491 2358 525 2411 de
538 2356 706 2411 deturbanda
719 2372 762 2421 es,
778 2373 838 2427 quae
852 2373 923 2411 nunc
936 2356 1022 2419 floret,
1036 2353 1221 2425 philosophia,
1235 2359 1282 2409 aut
1296 2353 1319 2407 si
1334 2370 1395 2423 quae
1409 2352 1464 2406 alia
1477 2353 1520 2417 sit,
1532 2360 1580 2407 aut
1593 2353 1653 2417 erit,
1668 2353 1720 2408 hac
1731 2352 1841 2408 emenda

232 2435 286 2490 tior
300 2443 346 2490 aut
360 2438 471 2501 auctior,
485 2436 598 2490 minime
612 2436 776 2490 laboramus.
808 2436 907 2507 Neque
918 2436 992 2490 euim
1001 2435 1142 2499 edicimus,
1153 2433 1219 2504 quin
1232 2431 1408 2503 philosophia
1422 2434 1475 2486 ista
1484 2439 1594 2502 recepta
1605 2441 1633 2487 et
1643 2432 1706 2488 aliae
1720 2433 1748 2487 id
1760 2448 1840 2504 genus.

233 2515 429 2585 disputationes
449 2516 533 2581 alant,
557 2532 694 2570 sermones
716 2522 821 2580 ornent,
835 2516 870 2569 ad
891 2515 1056 2586 professoris
1077 2530 1190 2569 munera
1207 2520 1235 2568 et
1254 2513 1317 2567 vitas
1338 2512 1426 2566 civilis
1444 2511 1605 2583 compendia
1628 2511 1804 2567 adhibeantur
1821 2520 1843 2565 et

231 2594 346 2649 valeam.
388 2595 458 2656 Quin
472 2596 555 2651 etiam
570 2604 663 2666 aperte
678 2594 862 2665 significamus
876 2604 903 2649 et
923 2593 1101 2659 declaramus,
1116 2611 1177 2648 eam
1191 2608 1273 2664 quam
1286 2608 1337 2646 nos
1350 2590 1507 2645 adducimus
1520 2590 1733 2662 philosophiam,
1743 2592 1776 2645 ad
1786 2593 1841 2645 istas

232 2692 277 2730 res
292 2674 434 2729 admodum
449 2675 541 2730 utilem
555 2691 610 2729 non
625 2676 753 2729 futuram.
793 2673 859 2728 Non
874 2683 973 2744 praesto
989 2682 1047 2735 este
1068 2672 1199 2744 usquein
1214 2671 1330 2726 transitu
1344 2671 1463 2741 capitum
1478 2688 1568 2742 neque
1588 2688 1626 2725 ex
1642 2672 1842 2743 praenotiouibus

231 2753 380 2809 intellectui
393 2754 545 2818 blanditum
566 2771 655 2825 neque
668 2753 703 2808 ad
716 2751 789 2823 vulgi
805 2762 923 2824 captum,
938 2754 991 2807 nisi
1004 2770 1053 2824 per
1067 2752 1210 2808 utilitatem
1225 2757 1253 2806 et
1266 2750 1370 2815 effecta,
1384 2750 1537 2804 descendet.

272 2833 332 2888 Sint
352 2834 442 2906 itaque
462 2834 548 2906 (quod
567 2834 634 2889 felix
653 2835 825 2904 faustumque
840 2834 876 2887 sit
891 2833 998 2903 utrique
1014 2833 1098 2903 parti)
1112 2833 1172 2887 duee
1188 2830 1372 2885 doctrinarum
1390 2830 1583 2894 emanationes,
1597 2846 1630 2884 ac
1645 2831 1706 2887 duae
1719 2831 1842 2902 dispensa⁴

232 2914 337 2980 tiones;
359 2914 419 2970 duae
433 2914 557 2970 similiter
570 2914 813 2984 contemplantium
825 2913 882 2968 sive
896 2912 1149 2985 philosophantium
1162 2912 1248 2966 tribus
1262 2927 1295 2965 ac
1307 2910 1391 2967 veluti
1405 2911 1595 2983 cognationesr
1610 2917 1694 2982 atque
1705 2910 1760 2967 illa
1771 2910 1841 2965 nenti

233 3012 315 3065 quam
330 2994 401 3049 inter
422 3013 451 3050 se
465 2994 584 3049 inimicae
597 3002 644 3048 aut
656 2994 761 3058 alienoe,
775 2994 824 3049 sed
845 2994 982 3048 t'oederstse
1000 3001 1028 3047 et
1046 2993 1148 3048 mutuis
1169 2991 1280 3047 auxiliis
1299 2991 1447 3046 devinctae:
1468 2990 1505 3044 sit
1525 2990 1643 3060 denique
1657 2990 1715 3045 alia
1729 2990 1841 3046 κίεεῐὶιι

232 3073 348 3138 colendi,
362 3073 418 3127 alia
435 3074 591 3129 inveniendi
613 3075 691 3129 ratio.
730 3071 820 3144 Atque
844 3073 942 3144 quibus
965 3073 1053 3143 prima
1073 3073 1162 3142 potior
1183 3080 1210 3125 et
1231 3070 1368 3141 acceptior
1386 3077 1437 3136 est,
1451 3069 1487 3125 ob
1510 3069 1721 3134 festinationem,
1734 3070 1778 3125 vel
1789 3071 1842 3122 rita

233 3153 322 3208 civilis
335 3153 462 3218 rationes,
476 3153 521 3209 sel
541 3153 613 3224 quod
631 3153 708 3208 illam
721 3151 833 3207 alteram
848 3153 885 3207 ob
898 3153 998 3207 mentis
1012 3152 1196 3206 infimitatem
1211 3167 1307 3220 capere
1321 3158 1349 3204 et
1367 3149 1509 3220 complecti
1530 3165 1584 3204 non
1604 3151 1712 3220 possint
1725 3151 1766 3220 (id
1783 3147 1842 3220 quod
1876 3155 1877 3166 ¹

231 3231 314 3303 longe
329 3232 453 3304 plurimis
464 3233 587 3287 accidere
601 3250 711 3288 neeesse
725 3231 779 3302 est)
794 3241 966 3303 optineant
978 3233 1014 3286 iis
1027 3230 1143 3286 feliciter
1154 3238 1182 3285 et
1196 3248 1230 3285 ex
1239 3237 1301 3284 voto
1313 3230 1439 3284 succedat
1451 3228 1522 3300 quod
1536 3237 1621 3299 agunt
1632 3250 1640 3294 ;
1653 3237 1737 3300 atque
1747 3227 1841 3300 utquol

233 3319 383 3384 sequuntur
394 3320 511 3368 teneant
552 3311 716 3374 Quodsicui
731 3312 885 3366 mortalium
899 3312 973 3366 cordi
988 3320 1015 3366 et
1028 3329 1100 3366 curae
1114 3311 1156 3374 sit,
1170 3327 1224 3364 nou
1240 3307 1685 3378 tantuminssntishaerere,atque
1699 3310 1735 3363 iia
1747 3310 1791 3373 uti,
1802 3307 1842 3361 sel
1876 3299 1877 3314 ¹

232 3392 268 3445 ad
282 3391 411 3446 ulteriora
424 3402 583 3462 penetrare3
605 3400 685 3463 atque
698 3408 754 3446 nou
767 3392 930 3461 disputando
943 3391 1135 3454 adversarium,
1150 3390 1197 3443 sed
1211 3406 1293 3459 opere
1303 3394 1428 3443 naturam
1441 3389 1568 3453 vincerc3
1583 3388 1702 3459 denique
1714 3405 1770 3443 nou
1782 3385 1841 3440 belle

233 3479 260 3525 et
274 3471 451 3541 probabiliter
464 3472 578 3541 opinari,
593 3472 642 3526 sed
656 3478 729 3526 certo
740 3478 767 3525 et
777 3472 913 3525 ostensive
928 3472 1015 3533 scire;
1037 3471 1112 3532 tales,
1128 3478 1256 3539 tanquam
1271 3468 1327 3522 seri
1343 3468 1516 3523 scientiarum
1537 3467 1596 3532 filii,
1609 3468 1691 3523 nobis
1705 3468 1742 3539 (si
1755 3467 1842 3523 videbi

233 3549 290 3620 tur)
304 3568 334 3606 se
347 3551 511 3621 adjungente
526 3559 555 3606 ut
568 3551 677 3607 omissis
690 3550 962 3621 coruscanteque
975 3550 1074 3605 infiniti
1086 3549 1275 3612 contriverunt,
1287 3548 1377 3601 aditus
1386 3546 1533 3617 aliquando
1542 3547 1577 3600 sd
1590 3547 1725 3602 interiora
1737 3547 1841 3617 patefiat.

226 3629 322 3702 ‚Atque
334 3637 366 3685 ut
379 3630 477 3685 melius
490 3630 684 3701 intelligamur,
696 3638 778 3700 utque
792 3630 860 3684 illud
874 3631 973 3700 ipsum,
989 3629 1060 3700 quod
1072 3628 1204 3693 volumus,
1219 3645 1254 3682 err
1264 3627 1419 3681 nominibus
1435 3627 1569 3696 impositis
1582 3627 1674 3698 magis
1688 3626 1842 3681 familiariter

232 3718 373 3775 occurrat3
395 3709 482 3765 altera
502 3710 580 3774 ratio,
595 3710 652 3764 sive
666 3710 718 3772 via,
734 3715 750 3741 ⁸‘
764 3709 930 3779 Anticipatio
946 3709 1044 3763 mentis
1054 3710 1080 3772 ;’'
1094 3708 1180 3762 altera
1201 3714 1217 3739 “
1232 3706 1425 3777 Interpretatio
1445 3706 1574 3770 namre,”
1588 3723 1606 3759 a
1626 3706 1706 3761 nobis
1724 3704 1842 3777 appellari

232 3790 380 3844 consuevit.

273 3868 323 3923 Est
336 3869 420 3923 etiam
434 3868 508 3940 quod
521 3869 669 3939 petendum
683 3868 796 3922 videtur.
837 3868 899 3923 Nos
912 3876 984 3922 certe
1004 3866 1195 3934 cogitationem
1209 3865 1385 3935 suscepimus,
1400 3874 1427 3920 et
1441 3881 1533 3918 curam
1547 3864 1730 3926 adhibuimus,
1745 3873 1772 3919 ut
1790 3881 1842 3935 que

233 3964 250 4001 a
264 3948 342 4001 nobis
356 3957 548 4019 proponentur,
563 3965 617 4002 non
631 3956 737 4003 tantum
750 3964 815 4002 vers
829 3956 927 4010 esseut,
941 3947 989 4001 scd
1004 3947 1086 4001 ettam
1101 3946 1135 3999 ad
1147 3947 1252 4000 animos
1266 3945 1409 3999 hominum
1422 3943 1499 4015 (licet
1515 3944 1593 3999 miris
1608 3944 1697 3997 modis
1711 3952 1842 4014 occupatos

233 4034 261 4080 st
273 4026 449 4096 interclusos)
463 4045 517 4082 nou
531 4029 700 4082 incommode
714 4035 760 4081 aut
778 4043 874 4098 aspere
889 4027 1054 4082 accederent.
1097 4026 1281 4079 Veruntamen
1301 4041 1409 4094 aequum
1426 4033 1476 4087 est,
1494 4031 1525 4079 ut
1544 4022 1580 4076 ab
1596 4023 1754 4078 hominibus
1769 4024 1843 4091 impe

233 4111 336 4161 tremus
350 4108 391 4177 (in
408 4115 484 4162 tauta
497 4107 648 4178 prasertim
662 4107 842 4162 doctrinarum
856 4114 884 4160 st
897 4107 1071 4160 scientiarum
1086 4102 1306 4173 restauratione)
1320 4111 1350 4159 ut
1364 4103 1409 4174 qui
1424 4102 1457 4157 de
1471 4103 1548 4158 hisce
1558 4103 1659 4157 nostris
1674 4102 1781 4174 aliquid,
1794 4102 1842 4156 siae

233 4202 269 4240 ex
283 4202 365 4241 sensu
381 4188 498 4257 proprio,
517 4187 573 4242 sive
588 4204 624 4242 ex
646 4186 834 4241 auctoritatum
848 4187 934 4250 turha,
950 4187 1006 4240 sive
1021 4203 1057 4240 ex
1070 4184 1329 4239 demonstrationum
1342 4182 1437 4237 formis
1456 4184 1530 4253 (quas
1544 4199 1615 4236 nunc
1636 4188 1764 4252 tanquam
1776 4182 1842 4252 teges

233 4265 357 4333 quaedam
374 4264 518 4332 judiciales
536 4266 720 4332 invaluerunt)
736 4273 854 4319 statuere
873 4273 920 4319 aut
941 4266 1099 4320 existimare
1113 4264 1194 4325 velit3
1215 4281 1250 4317 ne
1272 4263 1300 4317 id
1318 4263 1346 4316 in
1364 4262 1486 4324 transitu,
1506 4269 1534 4315 et
1548 4261 1623 4316 velut
1645 4261 1721 4317 aliud
1739 4260 1842 4331 agendo,

234 4344 323 4398 facere
338 4361 367 4397 se
379 4361 460 4413 posse
475 4353 580 4414 speret3
595 4344 644 4402 ssd
655 4354 684 4399 ut
699 4362 756 4399 rem
769 4354 926 4414 pernoscat,
942 4354 1069 4407 nostram,
1082 4360 1164 4415 quam
1178 4342 1355 4396 describimus
1365 4348 1393 4395 ct
1405 4341 1549 4406 munimus,
1561 4340 1633 4395 siam
1646 4340 1707 4411 ipse
1722 4340 1841 4411 paulatim

233 4430 332 4486 tentem
355 4421 501 4477 subtilitati
516 4441 613 4487 rerum,
629 4442 689 4496 quae
708 4425 737 4478 in
751 4424 920 4492 experientia
936 4424 1045 4495 signata
1063 4432 1111 4487 est,
1126 4429 1279 4487 assuescat;
1300 4437 1399 4492 pravos
1418 4420 1542 4492 denique,
1556 4427 1638 4490 atque
1652 4419 1709 4474 alte
1722 4421 1842 4475 hamutes

232 4502 332 4555 mentis
352 4501 470 4567 habitus,
488 4505 648 4574 tempestiva
661 4512 688 4558 et
709 4503 788 4574 qussi
805 4503 929 4574 legitima
949 4521 1033 4570 mora,
1048 4502 1179 4574 corrigam
1198 4511 1279 4573 atquc
1298 4507 1356 4557 tum
1370 4500 1478 4557 demum
1499 4501 1536 4573 (si
1550 4500 1698 4571 placuerit)
1712 4509 1842 4572 postquam

232 4582 261 4635 in
277 4588 411 4653 potestate
426 4598 475 4636 sua
489 4599 548 4639 esse
562 4583 673 4656 ceperit,
685 4582 789 4653 judicio
803 4600 852 4638 suo
865 4591 964 4638 utatur.
