3800 5875
516 317 745 376 Dascnlsrlo
766 317 880 375 GLOBl
903 318 1244 376 INTELLECTUALIS.
1636 320 1692 379 651

62 486 147 551 atque
174 478 246 534 inter
272 477 374 534 omissa
399 477 466 550 poni
492 481 625 548 oportere
672 479 772 548 Neque
800 493 864 532 sero
899 477 958 533 sire
977 486 1081 534 natura
1103 477 1206 542 solnta,
1229 477 1348 550 quiaque
1372 486 1466 551 partes
1492 479 1695 547 constituimuse

61 560 153 614 adem
166 558 266 615 mentis
279 557 396 627 alicujus
408 557 595 629 perstringant
612 566 658 614 aut
674 573 775 628 magna
791 557 862 612 anti-
899 574 940 613 ese
962 567 1027 614 sunt
1053 559 1167 614 historia
1187 558 1304 622 athene,
1323 559 1441 614 historia
1463 566 1644 616 meteororum
1666 569 1696 617 et

61 656 181 709 quornm
199 638 317 703 nomina,
335 646 383 693 aut
401 654 501 709 magua
518 654 649 694 novorum
666 636 813 701 volumina,
832 646 863 692 ut
898 638 1042 709 regionum
1060 655 1128 709 quas
1142 646 1239 692 vocant
1257 637 1338 694 airis.
1379 638 1489 695 Etenim
1506 646 1621 694 tractum
1633 641 1696 696 sub-

60 718 206 790 querelam
237 719 318 772 istam
344 726 465 772 nosnam
493 717 584 772 minus
615 718 717 787 iustam
750 717 860 787 cogitet.
899 715 1023 772 lunarem
1036 719 1072 772 ad
1087 718 1259 788 superficiem
1271 734 1357 790 usque
1378 727 1467 782 terrm,
1489 727 1516 772 et
1533 735 1647 789 corpora
1666 721 1695 775 in

60 799 140 853 Satis
154 798 228 852 enim
242 797 342 853 scimus
356 797 452 852 haben*
465 795 610 852 historiam
619 795 779 860 naturalem,
789 795 860 850 mole
900 814 934 851 eo
947 798 1045 863 locata,
1060 797 1182 853 historia
1195 805 1377 854 meteororum
1391 798 1574 853 attribuimus.
1603 799 1695 855 Etiam

59 877 193 948 amplam,
211 877 341 932 ranetate
360 884 474 949 gratam,
491 876 635 947 diligentia
651 878 752 948 sapius
770 876 859 930 curio·
899 879 1013 932 cometis
1023 878 1206 949 cujuscunque
1220 876 1329 948 generis
1344 880 1492 950 (utcunque
1503 895 1533 932 se
1545 877 1645 933 habeat
1655 879 1695 934 rei

59 973 131 1012 sam.
173 957 302 1011 Attamen
313 957 338 1011 si
352 958 413 1027 quis
432 974 470 1011 ex
487 973 522 1011 ea
538 955 653 1021 fabulas,
668 964 697 1010 et
717 954 861 1026 antiquita·
898 958 1011 1025 veritas)
1032 966 1122 1012 tamen
1144 957 1247 1011 ordinis
1266 974 1355 1023 causa,
1377 958 1467 1013 locum
1485 958 1555 1012 inter
1574 964 1695 1014 meteora

58 1046 127 1102 tem,
155 1044 238 1108 atque
264 1044 406 1091 auctorum
427 1036 569 1090 citationes
589 1042 617 1090 et
643 1035 859 1106 suffragatioues,
899 1038 1078 1108 assignamus.
1119 1036 1211 1091 Tertio
1230 1036 1305 1092 subit
1323 1038 1440 1093 historia
1458 1044 1582 1092 terreret
1602 1038 1693 1104 maris,

57 1115 127 1171 lites
140 1116 209 1171 item
222 1117 319 1171 inanes
332 1123 361 1171 et
373 1116 579 1180 controversias,
590 1114 771 1187 philologiam
785 1114 860 1168 deni·
899 1134 961 1188 quae
972 1114 1120 1192 conjuncta
1137 1116 1251 1187 globum
1264 1119 1431 1172 constituunt
1444 1117 1562 1172 unicum.
1602 1117 1693 1190 Atque

58 1212 124 1266 que,
139 1202 168 1250 et
189 1204 347 1250 ornamenta
363 1197 467 1251 eximat
487 1195 562 1267 (qum
582 1195 618 1249 ad
635 1195 789 1250 conrivales
804 1210 860 1248 ser·
899 1195 1039 1268 hucusque
1052 1213 1144 1251 rerum
1163 1206 1260 1252 natura
1272 1196 1441 1252 distribuitur
1454 1214 1491 1252 ex
1503 1196 1571 1252 locis
1582 1205 1610 1251 et
1622 1196 1694 1251 loca

57 1290 158 1329 mones
175 1274 371 1345 hominumque
389 1275 530 1330 doctorum
551 1283 643 1329 noctes
664 1275 859 1345 potiusquam
898 1276 950 1332 tia:
971 1277 1085 1349 reliquae
1106 1275 1166 1331 duae
1190 1287 1282 1347 partes
1302 1276 1467 1332 substantias
1487 1292 1577 1331 renum
1598 1276 1694 1331 diatim

57 1355 97 1409 sd
116 1354 311 1409 instituendam
333 1354 545 1426 philosophiam,
562 1363 627 1409 saut
643 1353 858 1425 accommodata)
897 1363 993 1428 guum,
1007 1356 1052 1412 vel
1065 1372 1170 1411 massas
1183 1356 1283 1427 potius.
1323 1356 1532 1426 Congregantur
1546 1355 1620 1409 enim
1633 1373 1692 1411 cor·

56 1433 184 1505 proioeto
197 1433 232 1488 ad
245 1434 316 1489 nihil
328 1434 423 1505 magni
432 1451 477 1489 res
487 1434 599 1490 recidat.
640 1433 736 1506 ltaque
751 1434 858 1489 thesau-
897 1452 965 1507 pora
985 1436 1172 1491 connaturalia
1192 1435 1227 1489 sd
1247 1436 1367 1506 maJ'ores
1385 1442 1413 1489 et
1432 1435 1551 1490 minoren
1567 1452 1691 1492 musas:

56 1530 105 1568 ras
119 1513 234 1583 qnidam
247 1513 338 1585 potius
351 1513 387 1569 sd
400 1512 582 1585 eloquentiam
594 1532 612 1567 a
621 1513 765 1577 nonnullis,
776 1530 858 1586 mam
896 1533 958 1588 qna
971 1516 1089 1588 collegia
1098 1533 1188 1571 rerum
1200 1516 1306 1584 majora
1317 1521 1345 1571 et
1356 1515 1462 1569 minora
1474 1513 1613 1585 appellare
1627 1531 1692 1570 con·

56 1593 148 1647 solida
162 1601 191 1647 et
202 1592 258 1648 fida
270 1610 361 1648 reram
374 1595 493 1649 amatio
503 1595 588 1664 quari
602 1603 630 1647 et
641 1593 732 1664 parari
742 1593 857 1650 videtur.
896 1596 1049 1653 saevimus:
1070 1595 1225 1667 habentque
1247 1595 1278 1651 in
1300 1593 1398 1666 politia
1416 1596 1553 1653 mundana
1572 1594 1691 1651 rationes

56 1671 207 1737 Proterea,
221 1689 276 1726 nou
296 1673 409 1728 multum
423 1673 459 1728 ad
475 1690 534 1729 rem
547 1673 632 1727 faciat
644 1688 797 1728 memorare
810 1681 858 1729 aut
895 1675 1008 1733 interae
1022 1685 1152 1749 tanquam
1165 1675 1250 1731 tribum
1268 1684 1298 1731 et
1318 1673 1439 1730 familia.
1470 1675 1576 1746 vltaque
1595 1683 1692 1746 quarto

56 1767 139 1806 nosse
147 1753 256 1817 florum,
265 1752 352 1817 iridis,
362 1761 409 1808 aut
421 1752 523 1823 tulipa,
535 1760 583 1807 aut
592 1752 676 1808 etiam
682 1753 857 1821 concharum,
896 1756 1106 1828 ordineponitur
1116 1755 1231 1811 historia
1240 1754 1437 1811 elementorum
1446 1755 1504 1809 sive
1513 1753 1691 1825 collegiorum

55 1842 105 1886 aut
115 1848 226 1896 canum
241 1838 289 1887 aut
302 1833 459 1902 accipitrum
472 1833 589 1889 eximias
603 1833 756 1889 varietates.
788 1834 857 1889 Haec
896 1837 1046 1904 maiorume
1067 1835 1163 1907 quinto
1181 1843 1210 1890 et
1229 1834 1326 1889 ultimo
1340 1833 1455 1888 historia
1467 1833 1619 1903 specierum
1632 1833 1691 1889 sive

55 1913 132 1967 enirn
147 1911 306 1982 hujusmodi
326 1911 367 1966 nil
386 1912 461 1968 aliud
480 1920 549 1977 sunt,
564 1912 856 1985 quamnaturaslusus
895 1914 1071 1986 collegiorum
1094 1914 1239 1970 minorum.
1279 1912 1425 1968 Elementa
1450 1913 1525 1968 enim
1550 1930 1584 1967 eo
1610 1929 1691 1969 seusu

55 1992 171 2063 quidem
186 1998 217 2045 et
229 1990 358 2046 lascivia:
379 2000 406 2046 et
419 2008 503 2063 prope
517 1991 553 2047 ed
566 1992 765 2048 individuorum
777 2001 856 2047 natu·
895 1995 983 2065 accipi
997 1994 1128 2057 volumus,
1142 2002 1172 2049 nt
1185 1994 1373 2064 intelligantur
1385 2009 1441 2047 non
1461 1992 1575 2047 exordia
1587 2010 1686 2059 rarum,

55 2088 117 2127 ma
126 2071 272 2126 accedunt.
315 2071 411 2143 Itaque
425 2071 528 2127 habent
537 2072 721 2144 cognitionem
733 2072 763 2127 iu
776 2072 857 2128 rebus
895 2075 943 2129 sed
958 2081 1062 2129 tantam
1074 2090 1220 2144 corporum
1230 2071 1554 2128 connaturalinmmasaa
1564 2073 1690 2142 majores.

55 2150 128 2220 ipsis
147 2151 335 2221 exquisitam
358 2151 578 2207 informationem
591 2168 657 2207 vero
673 2151 708 2206 ad
729 2152 856 2208 scientm
894 2154 1039 2223 Majoritas
1053 2163 1145 2209 autern
1160 2152 1210 2207 illa
1222 2152 1323 2208 accidit
1336 2160 1446 2222 propter
1459 2161 1595 2208 texturam
1608 2160 1692 2207 mate·

55 2231 490 2302 tenuemetieresupervacuam.
518 2233 609 2304 Atque
622 2231 682 2286 hac
694 2239 855 2288 suuttameu
894 2234 943 2290 ries
967 2231 1084 2298 facilem,
1105 2232 1266 2304 simplicem,
1288 2231 1399 2287 obviam
1420 2240 1447 2287 et
1464 2241 1607 2303 paratam
1628 2248 1691 2287 cum

54 2308 114 2374 ills,
130 2310 161 2364 iu
183 2310 283 2382 quibus
296 2310 427 2366 nataralia
446 2310 562 2366 historia
573 2311 696 2383 vulgaris
716 2328 746 2366 se
762 2312 855 2381 jactat.
895 2313 1002 2384 species
1014 2330 1032 2367 a
1049 2319 1147 2368 natura
1167 2330 1249 2384 perce
1271 2310 1485 2382 suppeditentur,
1499 2318 1611 2383 propter
1631 2319 1691 2366 tex·

55 2388 131 2444 (lum
157 2400 250 2444 autem
277 2390 483 2461 degeneraverit
513 2391 628 2447 historia
661 2390 791 2447 naturalis
818 2392 854 2446 ad
893 2399 982 2448 turam
1004 2392 1202 2458 dissimilem,
1222 2398 1304 2462 atque
1327 2390 1358 2445 in
1378 2389 1504 2461 plurimis
1524 2391 1690 2464 organicam,

54 2468 157 2534 aliena,
169 2479 198 2524 et
211 2486 303 2525 rursus
316 2469 453 2525 luxuriata
466 2470 503 2525 slt
515 2470 545 2525 ia
558 2471 719 2542 superfluis,
734 2479 826 2527 nmen
839 2489 855 2527 e
895 2472 1034 2529 Virtutum
1047 2472 1311 2543 sarcinarumque
1324 2470 1352 2523 in
1362 2479 1459 2525 natura
1473 2471 1578 2526 censeri
1586 2471 1693 2542 possint

53 2556 153 2603 conns
167 2564 278 2620 magna
294 2549 389 2621 utique
407 2557 436 2605 et
455 2550 550 2606 solida
563 2550 685 2620 ejusdem
705 2557 797 2622 partes
810 2560 857 2607 ant
894 2560 1024 2626 tanquam
1041 2553 1193 2607 cardinales
1214 2558 1243 2606 et
1263 2549 1412 2614 catholica,
1431 2550 1517 2614 densi,
1536 2552 1599 2613 rari,
1613 2548 1690 2614 levis,
1809 2616 1816 2633 ἱ

52 2644 170 2698 prorsus
187 2630 377 2700 praetermissa
390 2636 460 2695 snut,
473 2636 521 2686 aut
539 2629 708 2702 negligenter
720 2638 748 2685 et
760 2629 857 2686 leviter
894 2633 994 2703 gravis,
1014 2632 1103 2697 calidi,
1124 2631 1226 2703 frigidi,
1247 2629 1426 2695 consistentis,
1447 2628 1532 2694 fluidi,
1553 2629 1691 2696 similaris,

53 2716 195 2763 mactatae:
216 2709 342 2764 uuirmaa
350 2726 416 2765 vero
427 2709 603 2781 inquisitione
616 2727 667 2766 sna
678 2717 708 2765 et
720 2711 855 2782 congerie,
894 2712 1072 2778 dissimilaris,
1093 2708 1250 2783 specificati,
1273 2708 1404 2778 organici,
1425 2716 1454 2764 et
1476 2709 1616 2773 similium,
1636 2725 1692 2763 aaa

52 2786 134 2842 nullo
147 2788 230 2843 mmo
243 2788 277 2843 ad
287 2804 357 2853 eum,
365 2807 448 2861 quem
461 2790 588 2855 diximus,
598 2792 681 2845 tinem
696 2791 856 2860 (condenda
894 2809 957 2847 cum
970 2791 1131 2847 motibusad
1140 2789 1190 2845 illa
1199 2789 1369 2853 iacientibus,
1381 2788 1419 2843 uti
1433 2789 1582 2859 mtitypits,
1594 2805 1690 2854 nexus,

54 2866 165 2922 scilicet
187 2868 383 2941 philosophia)
407 2877 472 2941 apta
491 2876 519 2924 et
539 2870 696 2943 qualificata
714 2871 855 2942 reperitur.
894 2873 1027 2938 coitionis,
1049 2869 1233 2943 expansionis,
1254 2876 1284 2923 et
1302 2867 1468 2941 reliquorum
1488 2871 1616 2941 (quorum
1636 2867 1692 2923 hia·

55 2949 89 3002 ld
109 2948 141 3002 iu
163 2949 293 3004 membris
314 2950 401 3020 ipsius
421 2950 523 3021 optime
544 2951 695 3022 apparebit,
717 2957 801 3024 atque
818 2969 855 3006 ex
894 2953 992 3008 toriam
1020 2953 1131 3007 omnino
1151 2950 1263 3022 congeri
1287 2958 1315 3004 et
1334 2950 1432 3004 cantici
1454 2948 1585 3011 volumus,
1607 2949 1691 3004 etiam

53 3028 266 3099 comparatione
298 3029 358 3098 ejus
391 3029 521 3095 historia,
548 3031 627 3099 cujus
660 3030 855 3102 descriptiones
895 3032 1054 3103 prinsquam
1067 3032 1102 3087 ad
1119 3048 1189 3102 opus
1207 3030 1361 3085 intellectus
1375 3030 1545 3097 deveniatur)
1560 3029 1691 3084 virtutum

53 3107 217 3165 hominibus
230 3108 282 3165 sab
290 3108 384 3165 oculos
393 3110 453 3179 jam
466 3111 702 3183 proponemns,ad
715 3127 857 3184 eamque
894 3118 923 3167 et
941 3121 1065 3167 motuum
1085 3111 1237 3175 historiam,
1252 3110 1364 3180 ejusque
1385 3108 1560 3164 conficiendae
1580 3108 1690 3164 modum

53 3187 186 3244 habetur.
895 3198 953 3246 tum
975 3192 1159 3258 tractabimus,
1180 3198 1324 3262 postquam
1343 3187 1553 3260 explicationem
1575 3187 1691 3258 triplicis

893 3271 968 3327 illins
979 3272 1140 3342 partitionis,
1148 3269 1362 3341 generationum,
1372 3269 1688 3341 praetergenerationnm,

895 3359 923 3406 et
936 3352 1036 3407 artium
1049 3351 1253 3405 absolverimus.
1294 3350 1394 3420 Neque
1408 3347 1483 3403 enim
1502 3364 1564 3402 eam
1584 3346 1690 3404 scilicet

365 3428 489 3484 CAPUT
510 3429 559 3485 IV.
894 3433 966 3486 iutra
975 3430 1110 3502 triplicem
1118 3430 1194 3485 illam
1207 3437 1328 3485 nostram
1339 3428 1513 3500 partitionem
1523 3425 1689 3494 inclusimus,

894 3528 956 3565 cum
969 3527 1025 3565 non
1037 3511 1147 3582 proprie
1160 3511 1197 3564 sit
1209 3509 1332 3572 historia,
1347 3509 1394 3564 sad
1416 3508 1487 3564 inter
1507 3507 1647 3561 historiam
1661 3515 1691 3562 et

52 3584 170 3659 Incipit
183 3595 317 3644 nasama
330 3588 420 3660 qnatb
434 3606 490 3644 esse
509 3590 601 3644 debeat
619 3589 735 3644 littorio
749 3589 856 3645 decido
896 3590 1098 3662 philosophiam
1112 3589 1194 3645 veluti
1209 3589 1466 3645 termiunsmediua.
1501 3588 1566 3643 Jam
1579 3587 1689 3644 verode

95 3675 183 3726 ma,-
207 3685 299 3740 nempe
324 3668 440 3724 historia
466 3670 606 3725 naturales
632 3671 669 3723 ad
695 3670 857 3725 cmdsadam
894 3670 1011 3725 historia
1023 3671 1182 3733 caelestium,
1196 3677 1224 3724 et
1236 3670 1366 3741 deinceps
1386 3669 1421 3724 de
1441 3668 1555 3741 reliquis
1568 3668 1691 3724 dicemus

89 3745 305 3819 philosophiam.
346 3746 386 3801 Id
406 3756 438 3801 ut
459 3749 562 3805 clarius
583 3751 743 3822 eapticetar,
766 3748 856 3823 primo
894 3758 978 3822 atque
992 3751 1191 3823 praecipiemus.

94 3826 533 3900 ssdjsngitnrpartitioltistoria
541 3832 754 3902 generationum.
780 3828 857 3900 Ejus

95 3908 304 3961 constituuntur
319 3916 417 3980 portes
430 3910 565 3980 quinques
581 3911 681 3982 primo,
703 3910 855 3965 coelastinsn.

95 3982 235 4052 Secunda,
261 3995 438 4042 meteororum.
482 3986 586 4055 Tertia,
611 3998 693 4044 terre
713 3999 739 4043 ct
761 3990 854 4044 marie.
1202 3986 1328 4043 CAPUT
1349 3986 1383 4041 V.

98 4062 219 4132 Quarta,
244 4068 415 4140 collegiorum
434 4071 571 4139 majoram,
593 4071 650 4124 eivs
674 4069 857 4123 elementorum

96 4154 149 4200 ant
174 4164 329 4203 mearum.
380 4144 493 4213 Quinta,
522 4150 692 4220 collegiorum
722 4150 856 4203 minorum
895 4144 1054 4202 Rcssmitnr
1067 4147 1210 4201 tractoria
1231 4144 1345 4202 historio
1366 4145 1530 4205 celestium,-
1552 4145 1642 4216 qualis
1663 4153 1690 4198 et

95 4227 158 4281 sice
167 4229 326 4297 specierum.
357 4225 486 4283 Historia
494 4245 557 4282 nero
566 4230 697 4282 uirtutum
705 4230 857 4300 primarum
935 4245 992 4284 esee
1012 4228 1104 4282 debeat
1126 4229 1156 4280 in
1174 4243 1283 4300 genere,
1297 4235 1323 4280 et
1345 4225 1415 4297 qnod
1431 4225 1555 4297 legitima
1573 4224 1690 4296 tajeree

96 4306 232 4376 rejicitur
245 4308 328 4361 donec
341 4308 489 4378 replicatio
496 4308 598 4379 prime
606 4308 684 4363 illisa
693 4310 857 4380 partitionis
934 4307 1057 4363 historie
1071 4308 1207 4362 ordinatio
1215 4315 1337 4360 caestor
1351 4307 1381 4359 in
1390 4304 1499 4377 triplici
1509 4322 1609 4377 genere
1615 4323 1691 4378 pres·

95 4388 313 4457 generationum,
324 4389 637 4460 protogeneroticncrn,
652 4396 679 4441 et
693 4389 802 4455 artium,
816 4391 855 4443 sit
936 4397 1071 4459 ceptorum
1081 4410 1095 4456 ‚0
1117 4387 1252 4449 uidelicet,
1272 4386 1304 4440 ds
1319 4388 1388 4457 stne,
1410 4385 1444 4438 de
1462 4387 1584 4451 matario,
1603 4402 1636 4441 ac
1656 4385 1689 4439 ds

97 4465 234 4520 obsolute.
934 4467 1008 4521 nodo
1019 4466 1191 4539 conjiciendas
1205 4466 1362 4536 hujusmodi
1374 4464 1498 4520 historic.

96 4621 270 4685 Quarum
282 4624 534 4681 reroetldenostra
543 4641 603 4681 esse
613 4642 763 4691 censemus,
774 4625 857 4695 hujus
935 4626 1104 4682 Hrsroarssr
1125 4623 1279 4680 coelestium
1301 4621 1455 4694 simplicem
1475 4637 1536 4679 esse
1557 4622 1690 4690 rolamm,

53 4703 146 4774 ipsias
158 4702 287 4770 historia,
299 4721 381 4776 quam
391 4705 581 4771 desideramus,
593 4706 791 4761 coniectionem
801 4723 857 4761 non
894 4722 944 4760 ncc
959 4706 1128 4782 dogmatibus
1146 4704 1296 4768 imbutamr
1317 4704 1366 4758 sed
1379 4702 1462 4758 veluti
1475 4719 1608 4775 suspensa
1621 4704 1648 4757 ri
1662 4710 1692 4758 et

53 4782 122 4839 aliis
136 4782 299 4855 relinquere,
313 4785 362 4839 sed
375 4784 536 4856 nobisipsis
550 4786 699 4851 desumere,
713 4792 858 4857 propterea
895 4786 1020 4840 doctrina
1049 4785 1229 4849 theoriammr
1264 4800 1378 4855 qumque
1413 4783 1582 4839 solummodo
1616 4783 1692 4854 pha·

54 4862 133 4935 quod
156 4880 210 4935 quo
223 4863 312 4936 magis
331 4864 391 4919 heac
404 4881 449 4920 res
468 4866 591 4921 omnium
610 4864 750 4921 industrias
765 4872 856 4936 patere
894 4881 1012 4921 nomena
1031 4865 1093 4936 ipsa
1106 4865 1213 4919 sincera
1226 4862 1427 4933 complectatur,
1441 4871 1469 4918 et
1482 4870 1615 4934 separata,
1629 4880 1692 4933 quaa

54 4942 190 5007 videatur,
205 4960 239 4997 eo
253 4944 341 5012 major
354 4944 446 5000 subest
459 4952 600 5010 metusne
613 4944 784 5000 abinstituto
797 4961 857 5000 nos
893 4945 949 5013 jam
977 4944 1149 5016 dogmatibus
1176 4944 1232 4998 iere
1256 4949 1467 5007 concreverunt,
1488 4942 1605 5014 deniqne
1629 4958 1692 5012 quta

54 5029 102 5077 tro
115 5022 259 5088 aberrante
286 5023 401 5095 ideoque
416 5040 477 5078 eam
489 5032 521 5079 ut
533 5026 643 5081 tertiam
655 5023 858 5080 instaurationis
895 5025 1064 5079 namationes
1086 5031 1220 5094 proponat
1240 5039 1274 5078 eo
1295 5038 1406 5093 prorsus
1425 5022 1514 5086 modo,
1529 5021 1599 5076 acsi
1619 5020 1691 5075 nihil

53 5108 160 5157 nostrae
173 5109 279 5174 partem
296 5103 519 5174 designavimuss
550 5111 642 5160 tamen
661 5104 857 5159 utinstitutum
895 5120 932 5158 ex
946 5103 1049 5159 artibus
1064 5103 1236 5159 asnonomia
1249 5110 1278 5158 et
1290 5102 1446 5174 astrologia
1459 5102 1597 5156 decretum
1611 5107 1691 5166 esset,

53 5187 185 5237 nostrum
199 5181 233 5237 de
247 5182 476 5254 explicationibus
496 5184 554 5239 sire
573 5183 857 5255 repraesentationibus
896 5184 943 5238 sed
958 5183 1145 5254 experimenta
1157 5190 1262 5238 tantum
1276 5190 1304 5237 et
1317 5180 1518 5238 observationes
1527 5188 1624 5236 exacte
1637 5179 1693 5235 col·

53 5261 232 5326 omissorum,
246 5271 378 5334 perpetuo
391 5279 542 5327 serremuae
557 5272 639 5336 atque
653 5263 778 5329 etiamsi
792 5263 858 5335 quid
895 5263 967 5317 lecta
980 5271 1007 5317 et
1020 5264 1163 5335 perspicue
1177 5262 1314 5333 descripta
1332 5262 1430 5317 lorent.
1472 5261 1505 5316 ln
1518 5278 1573 5331 quo
1592 5277 1693 5332 genere

53 5341 138 5397 nobis
152 5340 311 5396 humanitem
322 5342 457 5408 acciderit,
468 5349 498 5397 at
508 5342 612 5414 aliquid
624 5343 654 5399 iu
667 5350 726 5399 tuto
740 5342 858 5413 positum
896 5342 1018 5398 historia
1030 5342 1102 5398 nihil
1115 5343 1204 5397 adhuc
1224 5342 1370 5406 invenitur,
1385 5340 1457 5413 quod
1476 5349 1570 5395 nostro
1583 5357 1693 5411 respon·

54 5422 107 5486 sit;
119 5422 286 5476 sententiam
297 5429 418 5477 nostram
429 5430 457 5478 et
465 5422 580 5478 consilia
590 5423 623 5478 de
633 5423 686 5477 hnc
696 5440 726 5478 re
737 5424 796 5493 jam
804 5421 857 5478 hoc
896 5422 959 5477 dest
969 5429 1040 5477 voto.
1070 5421 1235 5492 Hnjnsmodi
1249 5420 1377 5493 quiddam
1387 5420 1577 5475 tantummodo
1590 5420 1693 5476 cursim

54 5500 119 5557 loco
132 5499 300 5573 subjungere
314 5502 405 5558 nsum
419 5508 469 5559 est
499 5502 630 5559 Historia
642 5501 857 5575 generationum,
895 5509 924 5559 et
936 5502 1050 5559 hcennr
1063 5503 1155 5575 attigit
1165 5501 1250 5558 Caius
1262 5500 1388 5557 Pliniusr
1402 5501 1451 5556 sed
1464 5501 1568 5573 optim
1581 5501 1650 5557 ieret
1659 5518 1693 5557 en
