3800 5875
63 298 131 353 Car.
150 298 190 352 ll.
440 360 447 381 ο
588 297 639 353 DE
660 298 886 354 AUGMENTIS
908 298 1183 355 SCIENTIAEUM.
1637 297 1694 353 359

63 456 192 517 Qemvis
202 457 278 510 euim
292 457 338 511 vio
351 457 490 511 rationalis
504 473 554 525 per
567 474 699 528 organum
714 458 795 528 longe
806 475 860 511 ma·
900 458 1046 526 probentur
1059 457 1157 520 oleum,
1170 457 1283 529 gummi,
1298 455 1381 510 carbo
1391 455 1500 525 ignitus,
1515 463 1544 510 et
1556 456 1618 521 alia,
1633 475 1694 529 quas

61 537 119 604 jora
138 536 287 606 spondeam
309 545 431 591 attamen
450 536 510 591 brec
525 538 668 606 sagacitas,
682 554 732 606 per
752 537 860 606 experi-
900 536 1112 606 adhucprobata
1126 553 1179 590 non
1195 546 1266 591 suut.
1309 536 1386 598 item,
1400 536 1553 590 introducta
1566 543 1630 591 sunt
1644 554 1693 592 uu·

64 615 160 670 entiam
185 615 332 679 literatum,
352 614 470 686 plurima
494 616 604 670 interim
627 633 663 670 ex
685 617 729 678 iis,
750 634 810 686 quai
831 616 861 669 in
899 632 949 684 per
969 615 1132 686 perspicilla,
1155 633 1216 686 quae
1238 614 1359 670 visibilia
1379 614 1484 668 minuta
1507 614 1584 669 miris
1604 617 1693 671 modis

64 696 185 765 proximo
198 696 317 757 suntin
331 712 419 766 genus
432 695 589 760 humanum,
602 704 732 766 tanquam
745 695 860 750 missilis
899 694 1086 764 multiplicent.
1113 696 1189 764 Urge
1204 711 1283 750 usum
1296 711 1397 758 eorum,
1412 693 1456 747 vel
1470 694 1624 764 adspecies
1638 702 1693 752 tam

64 775 130 844 apud
142 773 273 845 antiquos
286 774 422 838 donativa,
434 775 559 845 projiciet
571 783 598 828 et
607 782 726 844 sparget
762 775 860 844 Super·
899 773 1022 844 pusillas,
1038 783 1068 828 ut
1088 773 1206 844 amplius
1224 791 1279 830 nou
1292 773 1414 827 valeant:
1436 772 1479 827 rel
1500 774 1540 827 ita
1553 775 1692 846 grandius·

64 864 102 907 est
114 854 162 907 illa
175 853 369 908 translationis
383 862 460 924 parte
471 855 538 908 artis
548 855 576 907 in
590 864 696 923 partem
710 854 858 917 diversam
898 854 983 918 cules,
996 861 1028 909 ut
1046 854 1249 908 confundantur.
1291 853 1408 916 Scilicet,
1422 870 1489 907 num
1508 854 1627 923 poterint
1643 854 1693 909 illa

64 950 119 1003 qm
137 950 237 1003 parum
251 933 344 987 differt
364 933 570 988 auanslatione
584 934 618 987 de
633 942 691 988 arte
711 934 741 987 in
756 944 857 988 artemz
897 934 926 985 in
940 934 1019 987 urina
1038 933 1111 987 elure
1133 934 1259 1002 detegere
1273 950 1313 997 ea,
1328 950 1389 1003 qum
1406 931 1542 986 aliusnon
1555 934 1690 1003 perspice·

63 1030 149 1067 verum
163 1013 231 1084 quia
250 1021 325 1066 artes
339 1013 478 1069 nonnullae
491 1014 583 1082 spatia
604 1029 703 1084 magna
716 1021 858 1083 occupant,
898 1012 1011 1067 renturi
1038 1012 1113 1067 Num
1132 1011 1251 1082 poterint
1269 1013 1299 1066 in
1322 1012 1446 1082 gemmis,
1465 1029 1500 1066 ex
1521 1013 1595 1066 omui
1613 1021 1690 1083 parte

64 1100 90 1146 ut
107 1094 189 1146 etiam
211 1092 418 1146 tramlatiouem
439 1091 686 1163 experimentorum
705 1092 774 1146 ferre
787 1093 859 1146 intra
897 1092 973 1160 puris
987 1099 1015 1146 et
1033 1092 1135 1155 nitidis,
1152 1106 1239 1162 grana
1260 1098 1308 1147 aut
1328 1089 1476 1145 nubeculas
1497 1091 1691 1161 conspicienda

64 1190 89 1226 se
115 1172 192 1243 ipns
229 1172 345 1243 possint,
372 1171 443 1226 hauc
471 1173 555 1226 etiam
589 1172 709 1242 speciem
744 1170 857 1226 transla-
896 1170 983 1226 darei
1018 1172 1094 1226 Num
1107 1177 1134 1225 et
1155 1169 1308 1239 pulvisculo
1324 1171 1355 1223 iu
1372 1170 1429 1224 sole
1445 1172 1519 1241 (qum
1532 1171 1690 1227 Democrito

63 1252 137 1305 tonis
151 1252 322 1321 subjungere
338 1252 427 1305 visum
448 1258 504 1306 est:
526 1253 671 1321 precipue,
686 1251 751 1323 quia
763 1250 857 1321 magni
896 1266 946 1320 pro
959 1250 1057 1304 atomis
1071 1250 1135 1314 suis,
1149 1257 1176 1304 et
1188 1250 1332 1320 principiis
1351 1266 1448 1315 rerum,
1462 1249 1607 1306 salsissime
1622 1252 1690 1321 obji-

62 1347 164 1401 prorrus
186 1331 279 1385 estin
301 1331 433 1385 nonnulla
453 1338 511 1386 arte
526 1331 666 1386 momenti.
707 1329 857 1385 Plurimum
896 1329 1049 1396 ciebantur)
1060 1337 1188 1399 tanquam
1197 1344 1312 1400 corpora
1320 1328 1511 1399 grandiuscula
1521 1335 1688 1387 monstrare?

61 1410 178 1465 euimad
193 1418 283 1464 artem
297 1410 441 1465 medicina
452 1410 671 1480 amplificandam
681 1410 820 1481 profuerit,
832 1410 856 1463 si
896 1409 972 1464 Num
998 1408 1139 1479 pulverem
1171 1409 1388 1472 crassiuscnlum,
1415 1425 1452 1464 ex
1484 1410 1632 1475 cinnabari,
1660 1419 1689 1468 et

61 1490 247 1560 muniente
259 1490 348 1559 partis
365 1488 440 1544 illius
460 1490 601 1544 medicinae
619 1490 652 1544 de
672 1489 857 1544 curationibus
895 1505 1013 1552 cerussa,
1027 1488 1067 1543 ita
1080 1489 1222 1543 ostendere
1236 1488 1417 1554 distributum,
1432 1496 1462 1543 ut
1479 1497 1629 1561 appareant
1641 1490 1687 1545 hic

62 1570 214 1623 morborum
227 1569 263 1623 ad
278 1576 372 1640 partes
382 1568 445 1623 illas
455 1570 488 1624 de
504 1570 604 1625 tuenda
617 1569 743 1633 sanitate,
754 1578 782 1623 et
796 1585 856 1639 pro-
895 1568 1012 1638 mauult
1027 1568 1117 1634 rubra,
1136 1567 1194 1622 illic
1215 1567 1299 1623 albai
1332 1569 1409 1624 Num
1430 1585 1531 1634 rursus,
1552 1570 1688 1641 imagines

61 1647 215 1721 longatioue
236 1649 312 1714 vitm,
334 1648 537 1704 haurierantur.
586 1649 616 1703 Si
638 1649 712 1703 enim
735 1649 857 1719 opiatum
895 1648 1012 1715 majores
1026 1650 1107 1718 (puta
1127 1647 1234 1712 taciem,
1247 1647 1363 1712 oculum,
1379 1650 1444 1716 etc.)
1459 1649 1488 1702 in
1501 1655 1606 1704 mutum
1619 1651 1688 1705 mul·

63 1726 168 1800 aliquod
190 1728 302 1799 insigne
319 1728 355 1782 ad
374 1728 525 1801 spirituum,
547 1727 576 1782 in
596 1728 691 1783 morbo
709 1728 855 1798 pestilenti,
897 1726 1034 1796 tiplicatas
1054 1727 1205 1793 ostendere,
1220 1727 1393 1798 inquantum
1413 1726 1541 1798 pulicem,
1562 1736 1610 1784 aut
1629 1747 1687 1785 ver·

62 1807 232 1863 furibundam
242 1807 430 1862 incensionem
440 1808 638 1878 reprimendam
650 1807 856 1872 suffecerituon
895 1806 1048 1861 miculam?
1078 1807 1155 1862 Num
1168 1807 1286 1877 byssum,
1301 1814 1348 1861 aut
1357 1807 1513 1875 hujusmodi
1526 1809 1622 1865 textile
1636 1810 1687 1865 lin-

60 1887 160 1942 dnbitet
172 1888 321 1959 quispim
332 1886 398 1958 quin
409 1886 499 1941 simile
512 1886 629 1958 aliquod,
642 1887 735 1941 debita
745 1887 804 1941 dosi
817 1888 856 1941 ia·
894 1893 969 1940 teum
982 1885 1132 1952 delicatius,
1147 1893 1175 1941 et
1193 1885 1275 1957 paulo
1295 1887 1422 1955 apertius,
1436 1886 1477 1940 ita
1496 1887 1686 1944 foraminatum

60 1967 162 2022 miliare
172 1967 321 2032 redditum,
332 1968 415 2022 etiam
423 1967 607 2022 incensionem
614 1982 675 2021 eam
686 1966 854 2037 gliscentem,
894 1965 1045 2032 ostendere,
1054 1983 1086 2019 ac
1095 1966 1119 2021 si
1126 1972 1199 2021 esset
1206 1973 1262 2020 rete
1274 1967 1286 2019 i
1307 1966 1409 2020 Verum
1417 1966 1446 2021 in
1455 1966 1686 2038 compulsionibus

60 2056 86 2099 et
103 2048 291 2117 obrepentem,
306 2063 368 2117 qum
381 2063 431 2115 per
449 2054 557 2101 atatem
571 2047 607 2110 fit,
622 2045 715 2117 aliqua
728 2063 764 2100 ex
778 2054 855 2116 parte
894 2047 1144 2115 experimentorum
1164 2046 1255 2100 minus
1276 2062 1421 2109 moramur,
1444 2047 1510 2117 quia
1530 2047 1586 2101 iere
1608 2058 1686 2104 extra

61 2126 170 2181 temere
191 2134 220 2180 et
242 2126 381 2180 retardare
395 2127 487 2196 possit
528 2124 617 2198 Atque
631 2126 665 2181 de
680 2126 854 2181 translatione
894 2124 995 2180 limites
1008 2125 1186 2196 experientiae
1199 2120 1315 2179 literato
1328 2125 1435 2188 cadunt,
1450 2135 1477 2181 et
1490 2127 1643 2193 adcausas,
1658 2136 1686 2183 et

61 2205 241 2276 experimenti
255 2205 399 2260 hactenus.
894 2205 1040 2270 axiomata,
1054 2213 1082 2260 et
1094 2221 1196 2261 novum
1206 2221 1338 2275 organum
1353 2206 1442 2276 potius
1456 2214 1588 2276 spectant.
1621 2208 1686 2262 Ubi·

96 2286 218 2340 lnrersio
238 2284 421 2356 experimenti
443 2286 481 2348 tit,
506 2300 569 2339 cnm
591 2285 758 2340 contrarium
786 2286 854 2353 ejus,
894 2285 1684 2356 cunqueeuimhtnegahvasutprivativa,antexclusiva;

60 2366 128 2434 qnod
142 2365 336 2436 experimento
349 2372 461 2428 conant,
473 2364 610 2435 probatur.
651 2363 780 2435 Exempli
794 2381 854 2435 gra·
893 2366 976 2434 ooepit
986 2365 1044 2435 jam
1058 2364 1174 2435 praberi
1184 2364 1233 2419 lux
1245 2363 1378 2419 nonnulla
1391 2364 1426 2418 ad
1439 2365 1622 2421 inventionem
1633 2368 1686 2422 ior·

61 2446 113 2499 tia:
138 2444 259 2499 calidum
281 2460 334 2515 per
357 2444 470 2515 specula
491 2443 654 2498 intenditurz
681 2461 747 2498 num
771 2445 854 2499 etiam
893 2459 1006 2499 marum.
1028 2446 1117 2515 Atque
1125 2444 1349 2514 decompnlsione
1357 2445 1536 2514 experimenti
1545 2445 1684 2502 hactenus.

60 2524 209 2594 trigidum?
232 2524 312 2589 Item,
325 2523 445 2578 calidum
467 2540 497 2578 se
515 2523 698 2587 diffundendo,
713 2523 798 2578 fertur
812 2530 853 2577 ta·
933 2523 1091 2594 Applicatio
1104 2524 1287 2594 experimenti
1306 2523 1378 2577 nihil
1391 2523 1465 2578 aliud
1486 2533 1536 2587 est,
1552 2542 1632 2596 quam
1646 2529 1686 2580 in-

60 2619 119 2657 men
133 2604 226 2674 potius
238 2604 269 2657 in
288 2620 415 2658 mesum:
436 2620 501 2657 num
519 2604 603 2657 etiam
616 2603 746 2675 frigidum
760 2619 790 2657 se
804 2603 854 2657 dii·
892 2603 1005 2674 geniosa
1012 2603 1143 2658 traductio
1150 2603 1216 2670 eJua,
1225 2602 1260 2656 ad
1268 2603 1484 2673 experimentum
1492 2605 1565 2659 alind
1575 2604 1685 2677 aliquod

60 2683 201 2748 fundendo,
212 2684 301 2737 fertur
308 2684 398 2754 magis
406 2683 436 2737 in
444 2683 587 2737 deorsum?
607 2683 734 2752 Exempli
749 2683 852 2754 gratim
892 2682 967 2737 utile.
1006 2681 1171 2753 Exemplum
1191 2682 1245 2737 tale
1265 2684 1308 2737 sit.
1350 2682 1472 2752 Corpora
1486 2700 1600 2755 qumque
1622 2698 1685 2740 suas

60 2762 177 2834 weipiar
189 2762 325 2817 bacillum
338 2762 462 2827 ferreum,
473 2761 595 2833 illudque
609 2762 638 2816 in
651 2779 706 2817 uno
718 2763 772 2817 tine
782 2762 854 2816 cale·
892 2761 996 2816 habent
1009 2762 1198 2826 dimensiones,
1213 2779 1263 2816 sua
1275 2762 1413 2833 pondera:
1434 2778 1529 2818 aurum
1543 2765 1606 2834 plus
1619 2782 1685 2835 pon·

60 2842 155 2908 iscium
175 2842 319 2897 etdeinde
333 2842 424 2913 erigas
437 2841 852 2911 ferrum,partecaleiactasnb
891 2842 972 2907 deris,
995 2843 1085 2898 minus
1105 2841 1289 2906 dimensionis,
1311 2859 1393 2912 quam
1417 2851 1577 2913 argentim,
1604 2861 1683 2916 aqua,

61 2921 216 2987 tuslocata3
238 2922 270 2977 in
283 2921 422 2992 superiore
443 2928 519 2992 parte
533 2938 616 2976 manu
629 2921 764 2993 apposita,
778 2930 853 2977 actu·
891 2939 974 2994 quarn
997 2922 1099 2978 vinum
1148 2922 1191 2976 Ab
1214 2920 1268 2976 hoc
1293 2921 1440 2977 traducitur
1467 2922 1683 2993 experimentum

59 3011 116 3057 tum
133 3019 247 3057 mum
269 3002 384 3066 aduret3
406 3009 482 3072 parte
502 3010 593 3056 antem
616 3002 749 3056 calefacta
769 3018 853 3073 supra
890 3001 964 3066 utile,
979 3010 1009 3056 ut
1027 3019 1063 3057 ex
1083 3018 1211 3057 mensura
1231 3002 1351 3073 impleta,
1371 3010 1400 3057 et
1419 3003 1538 3072 pondere
1559 3013 1683 3075 excepto,

59 3081 148 3147 locam,
162 3090 192 3137 et
205 3097 292 3136 mann
306 3081 408 3144 subtus,
423 3080 509 3136 mutto
523 3081 626 3135 tardius
638 3082 741 3137 aduret.
776 3082 851 3136 Num
891 3082 980 3151 possis
994 3082 1152 3153 dignoscere
1166 3090 1296 3153 quantum
1310 3082 1415 3153 argenti
1436 3082 1518 3137 fuerit
1532 3084 1684 3139 admixtum

60 3162 144 3226 etiam
157 3163 181 3216 si
196 3169 286 3216 totum
298 3159 429 3215 bacillum
444 3160 559 3224 calefiat,
575 3167 603 3214 et
620 3162 683 3215 finis
697 3160 767 3217 alter
780 3161 851 3225 nive,
890 3177 965 3224 auro,
979 3161 1111 3232 velaque
1121 3162 1192 3216 vino.
1234 3162 1311 3223 Quod
1324 3161 1375 3217 fuit
1389 3157 1574 3236 Eipqenillud
1587 3164 1684 3218 Archi·

59 3240 97 3294 vei
108 3241 233 3312 spongia,
249 3241 280 3294 in
293 3255 368 3311 aqna
380 3239 480 3311 frigida
493 3239 584 3304 tincta,
598 3240 743 3295 madefiatz
764 3241 789 3295 si
801 3240 852 3295 nix
890 3240 986 3296 medis.
1022 3242 1100 3305 Item,
1115 3258 1211 3296 carnes
1224 3241 1253 3295 in
1266 3241 1404 3296 nonnullis
1412 3240 1489 3296 cellis
1502 3242 1582 3298 citius
1596 3251 1684 3313 putre·

58 3329 101 3374 sut
113 3322 233 3393 spongia
253 3319 381 3390 superius
400 3318 511 3384 locetur,
524 3335 591 3374 num
612 3319 750 3391 (inquam)
764 3319 851 3389 in'gus
891 3322 966 3384 finnt,
982 3321 1106 3391 quanin
1120 3321 1199 3376 aliis:
1220 3321 1286 3376 utile
1299 3320 1389 3385 inerit,
1400 3322 1620 3391 experimentum
1630 3323 1683 3379 hoc

57 3400 176 3455 &casnm
191 3401 283 3455 mittet
297 3399 386 3463 citius,
398 3397 709 3470 quaminieriuslocats,
723 3400 851 3455 sumum?
890 3400 1029 3455 traducere
1050 3401 1085 3455 ad
1104 3401 1301 3473 dignoscendos
1320 3399 1405 3464 aeres,
1419 3401 1507 3472 magis
1526 3403 1683 3458 autminus

58 3479 128 3545 Item,
139 3480 212 3534 radii
220 3477 289 3534 soba
299 3494 382 3549 supra
391 3478 484 3534 album
494 3478 640 3543 dissilium,
650 3495 733 3550 supra
742 3480 851 3551 nigrum
890 3480 1012 3535 salubres
1023 3481 1058 3535 ad
1068 3480 1264 3535 habitationem
1276 3502 1283 3546 t
1304 3481 1351 3534 ubi
1363 3479 1468 3534 scilicet
1477 3498 1572 3537 cemes
1582 3482 1682 3537 diuhns

56 3567 273 3631 congregantur:
295 3574 361 3612 num
370 3558 454 3614 etiam
465 3559 569 3613 umbra
582 3575 663 3629 super
676 3559 785 3630 nigrum
799 3558 851 3613 dis-
890 3560 1059 3615 vindicentur
1068 3576 1085 3613 a
1094 3559 1249 3631 putredine:
1270 3561 1357 3630 possit
1364 3559 1437 3615 idem
1448 3560 1580 3631 applicari
1594 3561 1629 3616 sd
1642 3579 1683 3617 re-

56 3640 208 3707 periuntur,
222 3654 310 3709 super
327 3637 419 3692 album
437 3639 657 3709 congregantur?
684 3638 716 3693 ld
729 3638 801 3709 qnod
821 3638 851 3692 in
890 3638 1020 3695 velandas
1034 3640 1198 3694 salubriores
1219 3647 1267 3694 aut
1286 3639 1487 3709 pestilentiores
1506 3647 1683 3712 tempestates

56 3716 277 3783 locotenebroso,
288 3716 350 3772 lnce
361 3735 410 3788 per
419 3718 541 3772 foramen
549 3718 678 3788 exiguum
687 3726 793 3773 tantum
802 3717 851 3771 im·
889 3719 962 3774 anni.
1003 3720 1105 3774 Verum
1119 3719 1261 3773 innumera
1281 3725 1345 3773 sunt
1363 3719 1503 3787 ejusmodi.
1543 3721 1683 3793 Evigilent

56 3798 140 3864 nina,
154 3800 217 3854 fieri
231 3797 366 3863 videmus,
380 3797 427 3852 nbi
441 3797 576 3869 imagines
589 3814 688 3862 rerum,
703 3814 763 3869 qua
778 3798 851 3852 foras
889 3799 971 3852 modo
980 3797 1121 3853 homines:
1142 3805 1171 3853 et
1183 3798 1275 3853 oculos
1286 3806 1424 3869 perpetuo,
1435 3798 1504 3854 alias
1513 3801 1548 3854 ad
1557 3810 1683 3857 naturam

57 3877 851 3950 manperpapyrum,qumalbaestexcipinntur,super
889 3895 987 3942 rerum,
1005 3878 1074 3932 alias
1095 3879 1129 3931 ad
1151 3896 1216 3933 usus
1237 3878 1372 3933 humanos
1385 3888 1498 3933 vertant.
1540 3881 1629 3953 Atque
1648 3883 1682 3938 de

57 3956 156 4027 nigram
178 3957 306 4012 minime.
355 3956 432 4022 Item,
455 3973 525 4011 vena
545 3956 641 4011 frontis
668 3956 703 4010 sd
728 3955 850 4011 dolorem
889 3957 1071 4028 applicatione
1085 3959 1264 4028 experimenti
1277 3958 1417 4013 hacteuus.

57 4032 268 4091 hemicranicum
291 4036 435 4091 inciditur:
459 4054 526 4091 num
549 4037 631 4090 enam
652 4035 850 4091 hemicranium
928 4035 1072 4106 Copulatio
1083 4037 1262 4107 experimenti
1277 4044 1319 4091 est
1332 4037 1543 4107 applicatiounm
1554 4056 1641 4096 nexus
1655 4049 1683 4096 et

57 4116 217 4170 urifioatnr
236 4115 273 4169 od
295 4114 410 4170 wdsrn?
439 4116 530 4187 Atque
548 4116 582 4171 de
597 4116 751 4170 inversione
765 4132 849 4186 expe·
889 4128 1000 4180 catena,
1021 4133 1090 4181 cuni,
1105 4134 1166 4187 qum
1179 4116 1439 4186 siugulaprofutura
1452 4135 1506 4172 non
1518 4120 1632 4175 inissent
1646 4122 1681 4175 sd

57 4193 157 4249 umenti
173 4196 319 4250 Mnus
888 4213 968 4249 usum
986 4194 1113 4266 aliquem,
1128 4213 1252 4250 connexa
1266 4196 1382 4251 valeant.
1423 4197 1551 4269 Exempli
1574 4201 1680 4270 gratia3

91 4273 255 4345 compulsio
268 4274 450 4345 experimenti
464 4275 503 4339 tit,
518 4273 564 4328 ubi
582 4281 694 4345 urgetur
707 4280 736 4327 et
753 4273 849 4344 produ·
888 4291 964 4329 rosas
985 4282 1032 4329 aut
1051 4275 1155 4332 inactus
1176 4275 1309 4331 serotinos
1329 4276 1431 4332 habere
1445 4279 1538 4349 cupis,
1559 4279 1612 4333 hoc
1625 4281 1681 4346 fiet,

55 4353 118 4408 citur
137 4355 368 4425 experimentum,
390 4353 425 4407 ad
446 4352 672 4407 annihilationem
694 4352 738 4407 vel
762 4353 850 4423 priva·
888 4354 1360 4425 sigemmaaprmcocioresarellas3
1382 4356 1454 4411 idern
1467 4359 1522 4424 fiet,
1533 4360 1556 4413 si
1567 4360 1680 4426 radices,

55 4432 151 4489 tionem
164 4434 294 4488 snmus:
314 4431 345 4487 iu
358 4432 471 4504 reliquis
491 4432 565 4488 euim
578 4433 775 4496 venationibus,
790 4433 849 4488 sera
887 4449 973 4505 usquo
987 4435 1022 4488 ad
1035 4451 1083 4489 ver
1096 4435 1225 4499 adultum,
1239 4435 1368 4501 denudes,
1382 4443 1409 4490 et
1423 4437 1480 4491 adri
1494 4455 1631 4508 exponas,
1653 4448 1682 4495 at

55 4513 155 4582 eapitur
175 4520 304 4577 tantnm3
324 4519 353 4565 at
374 4512 403 4566 in
424 4513 484 4576 ista,
504 4512 642 4566 occiditur.
683 4511 848 4582 Exemplum
887 4514 1076 4585 multomagis
1097 4515 1120 4568 si
1140 4514 1281 4586 copuletur
1301 4523 1453 4586 utrumqne.
1496 4517 1573 4583 Item,
1588 4519 1624 4573 ad
1637 4538 1680 4574 re·

54 4593 247 4662 compulsionis
261 4590 316 4646 tale
331 4599 379 4646 est.
419 4591 536 4662 Magnes
549 4591 648 4646 ferrum
660 4589 759 4645 trahite
781 4608 848 4661 urge
887 4591 1071 4663 frigerandum
1095 4595 1215 4649 maxime
1240 4595 1344 4649 iscium
1371 4594 1482 4667 glacies,
1506 4606 1534 4651 et
1562 4600 1679 4663 nitrum;

55 4685 117 4740 ergo
130 4672 241 4737 ierrnm,
256 4677 304 4726 ant
317 4687 384 4742 urge
394 4678 556 4742 magnetem,
566 4677 596 4725 nt
605 4671 725 4742 amplius
734 4688 790 4726 nou
801 4672 848 4725 fist
888 4679 1030 4744 utrumqne
1044 4676 1221 4728 commixtum
1233 4674 1424 4745 multomagis.
1466 4676 1569 4732 Verum
1580 4687 1607 4733 et
1621 4679 1680 4734 hmo

55 4752 190 4806 omerio:
211 4750 308 4815 veluti,
322 4767 389 4805 unm
402 4749 472 4805 forte
492 4751 515 4804 si
535 4767 648 4822 magnes
666 4758 740 4805 ustus
759 4750 846 4815 fuerit,
887 4768 931 4805 res
944 4769 994 4822 per
1007 4769 1037 4807 se
1051 4755 1195 4824 perspicua
1209 4764 1257 4808 est.
1299 4754 1425 4809 Attamen
1445 4755 1554 4810 fallacia
1568 4757 1594 4811 ei
1608 4775 1680 4827 saepe

55 4837 98 4882 aot
109 4830 138 4883 in
151 4831 232 4902 aquis
254 4829 370 4884 fortibus
390 4838 549 4894 maceratns,
563 4830 691 4885 virtutem
709 4847 787 4884 suam
802 4830 848 4885 de·
887 4832 998 4886 subesse
1012 4833 1099 4903 possit
1114 4837 1156 4900 (nt
1170 4841 1197 4887 et
1210 4834 1343 4899 omuibus,
1357 4835 1404 4889 ubi
1418 4836 1516 4891 desunt
1530 4837 1679 4905 axiomata)

55 4918 139 4975 pauet,
153 4920 202 4964 ant
222 4908 323 4964 saltem
340 4910 483 4964 remittet?
512 4908 621 4975 Contra,
636 4910 659 4964 si
673 4909 787 4978 chalybs
801 4918 849 4964 ant
887 4911 910 4964 si
924 4911 1024 4981 copula
1037 4911 1082 4965 tiet
1102 4928 1138 4966 ex
1151 4913 1239 4977 rebus,
1254 4932 1315 4985 quar
1336 4914 1458 4980 diversis,
1472 4922 1500 4970 et
1516 4916 1594 4988 quasi
1614 4933 1681 4988 pug-

55 4985 417 5044 tamnominati
427 4989 592 5060 redigantur,
599 4989 642 5043 vel
652 4990 680 5044 in
692 4988 846 5060 chalybem,
886 4991 1014 5045 nantibus
1034 4992 1122 5045 modis
1145 5001 1298 5062 operantur.
1339 4994 1430 5066 Atque
1452 4996 1485 5050 de
1508 4994 1680 5066 copulatione

54 5081 131 5134 quern
148 5075 250 5123 roeaut
270 5078 461 5139 praeparatum,
476 5068 520 5122 vel
542 5070 624 5124 etiam
645 5069 675 5123 iu
692 5086 765 5139 aqua
784 5069 847 5123 forti
887 5071 1065 5140 experimenti
1080 5070 1220 5127 hacteuus.

54 5144 194 5211 solvantur,
208 5163 278 5201 nuni
298 5147 386 5201 adhuc
398 5163 432 5202 ea
450 5147 553 5202 alliciat
568 5149 707 5220 magnes?
729 5148 845 5204 Rursus.
927 5149 1044 5204 Restant
1054 5160 1140 5205 sortes
1154 5152 1343 5221 experimenti.
1366 5153 1420 5208 Hic
1433 5170 1498 5207 vero
1511 5154 1681 5224 experimen·

55 5221 167 5295 Magnes
187 5227 294 5282 ferrum
314 5226 398 5280 trabit
418 5244 467 5296 per
488 5228 698 5298 universaquae
712 5228 846 5292 novimus,
886 5228 961 5283 tandi
975 5230 1070 5284 modus
1084 5230 1165 5300 plane
1178 5232 1343 5287 irrationalis
1357 5241 1405 5297 est,
1420 5240 1448 5286 et
1458 5234 1535 5304 quasi
1549 5233 1679 5297 furiosus:

54 5305 159 5370 nenia,
188 5322 292 5377 nempe
314 5305 337 5360 si
361 5307 546 5376 interponatur
569 5324 670 5369 aurum,
696 5312 846 5377 argentum,
886 5326 948 5361 cnm
961 5309 1064 5380 aliquid
1079 5310 1200 5379 experiri
1211 5311 1280 5366 velle
1295 5314 1415 5368 animum
1429 5312 1532 5375 subeat,
1546 5329 1600 5367 non
1616 5315 1681 5384 qnia

54 5383 156 5440 munuc
187 5386 267 5457 Urge
281 5385 366 5456 igitur
379 5386 487 5456 aliquod
500 5385 628 5449 medium,
642 5387 666 5440 si
680 5386 738 5440 fieri
752 5387 846 5456 possit,
886 5395 933 5440 aut
946 5388 1025 5453 ratio,
1036 5397 1084 5444 aut
1094 5390 1205 5462 aliquod
1218 5392 1292 5447 uliud
1302 5392 1519 5461 experimentum
1529 5400 1555 5446 te
1565 5393 1599 5447 ad
1613 5394 1681 5449 illud

52 5464 122 5533 qaod
130 5467 266 5522 virtutum
273 5465 441 5537 intercipiat:
454 5466 583 5537 probetur
589 5473 731 5538 argeutum
740 5467 846 5522 rivum:
885 5466 1008 5534 deducat,
1020 5469 1068 5524 sed
1079 5487 1197 5542 prorsus,
1209 5473 1274 5542 qnia
1283 5471 1380 5527 similis
1389 5486 1433 5525 res
1443 5470 1532 5527 adhuc
1543 5490 1681 5546 nunqnam
