3800 5875
619 295 669 352 DE
690 294 892 352 sarianum
914 296 1108 352 VETERUM.
1619 293 1683 356 7⁰9l

55 452 108 512 nel,
127 448 200 519 quod
222 450 328 521 prolem
348 466 402 506 non
420 450 496 507 edat:
524 451 572 507 ille
592 452 665 508 enim
686 471 737 524 per
757 461 848 525 partes
884 461 974 508 autem
984 454 1049 509 belli
1063 471 1144 509 causa
1157 454 1247 524 magis
1261 454 1308 524 pia
1322 455 1366 519 sit,
1381 471 1462 525 quarn
1477 454 1624 509 debellatio
1636 460 1675 523 ty-

55 535 184 597 generat;
204 544 254 599 per
267 537 353 585 totum
366 538 457 585 autem
468 532 601 601 quomodo
611 549 743 602 generare
754 534 846 602 possit,
885 534 1012 598 rannidis,
1023 534 1073 588 sub
1087 550 1141 604 qun
1155 532 1270 603 populus
1283 534 1440 597 succumbit,
1455 541 1484 586 et
1496 533 1675 604 prosternitur

55 622 226 676 eamcmpns
239 616 318 663 extra
331 609 421 680 ipsum
430 625 485 662 non
495 611 554 664 siti
593 611 847 680 Namdetiliaejua
885 610 943 665 sine
958 613 1055 666 animis
1069 621 1095 666 et
1110 613 1210 683 vigore,
1220 618 1347 682 tanquam
1358 613 1409 666 sub
1423 621 1534 681 aspectu
1544 611 1675 665 Medusae.

55 684 187 755 putativa,
201 687 358 742 muliercula
377 688 433 751 illa,
448 696 490 743 est
506 705 571 744 sane
592 705 626 743 ea
644 691 760 759 adjectio
773 707 847 761 quae·
884 689 985 754 Tertio,
1000 691 1144 760 prudenter
1157 690 1269 753 additur,
1284 690 1356 761 quod
1377 708 1438 744 cum
1461 701 1514 743 tres
1535 691 1677 761 Gorgones

56 763 117 818 dam
128 764 163 818 ad
183 764 303 822 fabulam
322 766 535 837 sapientissima,
556 784 606 837 per
624 767 701 823 illam
717 770 789 823 enim
808 786 848 823 re·
886 769 993 833 luerint,
1008 774 1070 838 (per
1084 787 1152 840 quas
1165 769 1238 823 bella
1251 769 1495 838 repraesentamus)
1509 768 1625 823 Perseus
1642 768 1675 821 il-

55 853 249 912 prresentantnr
263 863 310 911 ere,
325 862 386 916 quse
404 847 540 916 perpetuis
560 847 726 917 temporibus
745 849 847 918 passim
885 845 940 901 lam
954 847 1092 917 delegerit,
1107 866 1169 919 quae
1189 847 1272 901 fuerit
1291 847 1427 912 mortalis;
1448 847 1501 902 hoc
1514 855 1562 913 est,
1577 846 1677 901 bellum

56 931 196 993 vagantur,
209 932 290 996 atque
304 926 396 979 omnia
407 924 529 995 implent,
543 925 697 996 vaniloquas
710 927 743 981 de
757 944 848 981 rerum
885 926 945 993 ejus
959 927 1128 992 conditionis,
1143 926 1215 997 quod
1227 927 1323 980 confici
1343 934 1372 981 et
1391 927 1426 980 ad
1447 928 1549 981 exitum
1566 925 1677 997 perduci

55 1009 149 1056 natura
170 1002 305 1067 idemne,
325 1020 355 1057 re
375 1004 435 1074 ipsa
454 1004 633 1068 infructuosae,
648 1021 746 1075 genere
770 1006 847 1077 quasi
886 1013 986 1074 posset,
1000 1022 1050 1059 nec
1062 1013 1152 1059 vastas
1165 1013 1212 1060 aut
1232 1005 1351 1059 infinitas
1370 1022 1433 1076 spes
1453 1014 1610 1074 persecutus
1628 1012 1676 1059 est.

58 1079 213 1146 subdititiae,
227 1081 384 1153 garrulitate
397 1100 462 1138 vero
473 1082 609 1138 interdurn
620 1084 756 1153 jucundae,
767 1084 848 1139 inter·
887 1083 1031 1139 instructio
1043 1094 1134 1138 autem
1149 1084 1243 1139 Persei
1254 1101 1288 1138 ea
1301 1092 1349 1147 est,
1366 1102 1427 1156 quai
1440 1085 1475 1138 ad
1487 1082 1589 1138 bellum
1599 1083 1677 1139 unice

56 1158 119 1214 dum
132 1159 255 1216 moleste
268 1169 296 1216 et
308 1161 478 1232 importunae.
886 1162 991 1216 confert
1003 1172 1032 1217 et
1051 1163 1187 1218 fortunam
1207 1163 1264 1217 sere
1282 1163 1374 1217 trahit.
1415 1162 1528 1233 Accepit
1542 1163 1614 1217 enim
1633 1179 1678 1216 ce·

886 1240 1020 1296 leritatem
1033 1259 1050 1295 a
1064 1242 1209 1307 Mercurio,
1228 1240 1435 1297 occultationem
1454 1240 1626 1295 consiliomm
1642 1242 1678 1295 ab

218 1301 274 1343 ³¹¹¹·
315 1303 450 1354 mm&
470 1304 538 1345 ”VB
558 1304 686 1345 mm
887 1320 965 1385 Oreo,
980 1328 1009 1375 et
1023 1321 1218 1391 providentiam
1232 1338 1250 1374 a
1263 1320 1383 1374 Pallade.
1422 1323 1520 1391 Neque
1530 1329 1603 1374 caret
1613 1320 1678 1375 alle·

94 1392 249 1450 Pantanusl
261 1396 376 1452 traditur
388 1398 472 1453 fuisse
485 1414 503 1452 a
515 1397 627 1454 Pallade
641 1400 740 1454 missus
754 1399 789 1453 ed
803 1399 849 1454 ob·
887 1400 972 1469 geria,
987 1416 1073 1470 eaque
1087 1399 1304 1471 pmdentissima,
1314 1401 1386 1470 quod
1399 1400 1450 1454 alae
1462 1400 1518 1453 illae
1531 1399 1678 1454 celeritatis

57 1474 236 1529 truncandum
248 1475 400 1541 Medusam,
415 1494 475 1548 quse
493 1479 601 1548 populis
614 1476 738 1548 plurimis
756 1477 791 1533 ad
804 1495 849 1533 oc·
887 1477 993 1542 talares,
1011 1496 1067 1533 non
1090 1478 1218 1533 axillares
1240 1477 1349 1542 luerint,
1373 1485 1453 1551 atque
1476 1478 1599 1549 pedibus,
1622 1495 1678 1532 non

57 1552 232 1607 ridentemin
246 1556 374 1610 extremis
389 1556 512 1611 Hiberiae
529 1558 650 1627 partibus
663 1557 791 1613 maximae
803 1575 849 1612 oa·
886 1557 1008 1611 humeris
1021 1558 1137 1613 additae:
1158 1557 1289 1628 quianon
1302 1565 1358 1611 tam
1378 1558 1408 1611 in
1428 1557 1523 1628 primia
1542 1557 1608 1611 belli
1626 1574 1678 1628 eg·

56 1630 172 1686 lamitati
189 1629 247 1687 fuit
287 1633 439 1689 Monstrum
453 1635 527 1689 enim
541 1634 592 1691 boc
602 1644 658 1692 tam
668 1636 757 1690 dimus
766 1643 849 1708 atque
887 1636 1033 1707 gressibus,
1045 1654 1126 1708 qnam
1134 1637 1165 1690 in
1178 1638 1218 1692 eis
1231 1654 1292 1707 quie
1305 1644 1459 1708 sequuntur,
1468 1644 1496 1691 et
1504 1636 1600 1707 primis
1613 1637 1677 1692 sub·

58 1710 221 1766 horrendum
244 1711 302 1778 tuit,
323 1722 353 1768 ut
372 1722 485 1784 aspectu
505 1715 564 1769 solo
584 1716 710 1771 homines
730 1716 760 1769 in
783 1733 850 1770 saxa
887 1714 958 1769 sidio
971 1723 1040 1781 sunt,
1054 1716 1178 1770 celeritas
1192 1716 1354 1787 requiritur:
1374 1716 1464 1770 nullus
1478 1716 1550 1770 enim
1564 1732 1638 1769 error
1648 1715 1678 1767 in

57 1796 182 1845 verteret.
231 1790 299 1846 Erat
319 1797 410 1847 autem
432 1808 448 1846 e
473 1793 645 1865 Gorgonibus
665 1811 720 1849 unu
738 1811 770 1848 ac
791 1795 850 1849 sola
887 1792 967 1848 bellis
980 1796 1069 1863 magis
1081 1794 1207 1865 frequens
1225 1803 1275 1859 est,
1295 1810 1376 1865 quam
1394 1794 1465 1864 quod
1478 1796 1679 1863 prosecutiones

56 1869 180 1924 mormffl
193 1869 323 1926 Medusa:
343 1889 406 1926 cum
418 1874 534 1942 passivae
554 1872 665 1944 reliquae
680 1889 736 1927 non
748 1882 848 1930 essent.
888 1879 916 1926 et
934 1872 1090 1927 subsidiarii
1110 1874 1226 1942 impetus
1244 1873 1384 1927 initiomm
1405 1872 1537 1927 meritati
1560 1889 1614 1926 non
1636 1890 1677 1927 re·

59 1948 157 2019 ltaque
172 1948 295 2014 Perseus,
306 1949 341 2003 ad
354 1959 409 2005 tam
423 1951 513 2005 nobile
527 1951 632 2006 facinus
643 1968 672 2006 se
682 1968 849 2021 comparans,
888 1952 1028 2021 spondent
1068 1951 1158 2005 Etiam
1172 1949 1221 2005 illa
1239 1951 1414 2021 providentiae
1431 1952 1528 2005 divisio
1546 1954 1622 2021 (nam
1643 1953 1677 2005 de

57 2044 134 2081 arma
147 2044 180 2081 ac
199 2028 271 2082 dona
290 2045 308 2083 a
327 2030 412 2085 tribus
427 2030 480 2084 diis
498 2031 617 2100 accepit:
638 2029 737 2085 talares
756 2030 814 2085 alas
833 2048 850 2085 a
888 2030 968 2100 galea
981 2028 1113 2095 Plutonis,
1127 2048 1187 2101 quin
1200 2030 1325 2083 homines
1338 2030 1489 2085 invisibiles
1506 2031 1617 2084 reddere
1637 2047 1678 2085 so-

57 2105 205 2171 Mereurio,
219 2123 237 2160 a
256 2107 371 2163 Plutone
392 2108 507 2180 galeam,
521 2118 627 2164 scutum
650 2126 668 2162 a
688 2108 799 2164 Pallade
822 2119 851 2164 et
887 2109 970 2173 lebat,
984 2109 1113 2179 parabola
1126 2108 1270 2163 manifesta
1282 2108 1336 2179 est)
1350 2109 1493 2180 ingeniosa
1512 2111 1623 2173 videtur,
1644 2110 1677 2163 de

58 2184 206 2255 speculum
247 2187 346 2258 Neque
363 2195 462 2252 tamen,
481 2187 545 2242 licet
563 2195 638 2242 tanto
658 2195 791 2258 apparatu
811 2189 851 2243 in·
888 2195 965 2242 scuto
977 2195 1004 2243 et
1017 2188 1142 2258 speculo;
1162 2188 1337 2257 nequeenim
1357 2205 1389 2242 ea
1410 2188 1578 2259 providentia
1591 2188 1678 2242 solum

58 2273 183 2328 abactus,
197 2264 233 2319 sd
251 2264 396 2321 Medusam
416 2275 489 2322 recta
503 2267 640 2337 perrexit:
665 2268 714 2321 sed
732 2268 851 2338 primum
889 2266 1043 2320 adhibenda
1056 2275 1104 2332 est,
1116 2285 1176 2337 quae
1189 2273 1267 2321 cavet
1279 2267 1366 2321 instar
1379 2268 1456 2332 senti,
1467 2267 1515 2321 sed
1527 2267 1576 2321 illa
1585 2267 1679 2332 altera,

59 2342 95 2396 ad
117 2343 213 2398 Graeas
234 2344 358 2410 divertit;
378 2362 420 2401 eae
439 2362 544 2401 sorores
564 2362 600 2400 ex
623 2345 717 2410 altera,
739 2353 850 2417 parente
889 2362 938 2414 per
959 2361 1040 2416 quam
1061 2345 1180 2400 bostium
1199 2346 1279 2409 vires,
1298 2353 1325 2400 et
1337 2354 1433 2410 motus,
1447 2355 1474 2400 et
1488 2345 1601 2400 consilia
1619 2363 1678 2400 ecr-

59 2422 235 2494 Gorgonibns
256 2432 341 2480 erant.
381 2423 469 2496 Atque
487 2426 574 2480 Graere
590 2425 650 2479 istae
669 2441 744 2480 canae
757 2425 817 2494 jam
834 2442 852 2479 a
888 2431 994 2487 nuntur,
1008 2425 1092 2478 instar
1105 2424 1208 2494 speculi
1224 2424 1353 2479 Palladis.
1393 2426 1493 2479 Verum
1515 2425 1624 2490 Perseo,
1639 2432 1679 2479 ut·

58 2501 204 2556 nativitate
218 2511 296 2568 erant
309 2510 337 2557 et
354 2511 483 2575 tanquam
495 2503 602 2559 rendre.
644 2503 744 2558 Oculus
761 2511 852 2559 autern
889 2519 996 2573 cunque
1010 2504 1097 2573 copiis
1109 2513 1156 2558 aut
1166 2504 1264 2557 animis
1273 2504 1412 2567 instructo,
1426 2511 1508 2558 restat
1520 2505 1594 2558 aliud
1604 2505 1680 2575 quid·

58 2580 96 2635 iis
115 2582 302 2636 tantummodo
324 2590 353 2637 et
366 2582 432 2637 dens
445 2589 504 2638 erat
520 2582 646 2637 omnibus
659 2583 764 2646 unicus,
783 2600 851 2655 quos
889 2581 951 2636 dam
964 2581 1079 2637 maximi
1093 2599 1142 2652 per
1155 2582 1246 2636 omnia
1265 2583 1396 2636 momenti
1409 2591 1553 2653 antequam
1567 2584 1679 2654 incipia-

58 2666 140 2729 prout
153 2660 230 2714 exire
244 2661 316 2715 foras
326 2679 461 2733 quamque
481 2662 639 2733 contigerat,
652 2662 771 2717 vicissim
790 2679 852 2733 ges·
889 2660 1056 2726 turbellam,
1070 2661 1197 2716 nimimm
1215 2667 1247 2715 ut
1264 2659 1380 2714 divertat
1397 2660 1432 2715 ad
1451 2661 1553 2716 Grreas.
1593 2662 1680 2718 Groeae

60 2746 127 2803 tare,
137 2756 253 2794 reverere
266 2749 357 2795 autem
366 2741 464 2796 iterum
473 2740 607 2812 deponere
618 2740 759 2797 solebant:
779 2741 851 2796 hunc
889 2748 980 2795 autern
1003 2740 1167 2810 proditiones
1189 2747 1259 2802 sunt,
1283 2739 1416 2794 bellomm
1439 2739 1543 2795 scilicet
1565 2756 1679 2807 sorores,

57 2818 153 2889 itaque
168 2818 283 2883 oculum,
296 2826 376 2890 etque
390 2820 463 2875 hune
477 2820 585 2874 dentem
597 2820 653 2875 ille
666 2820 767 2874 Perseo
778 2837 851 2874 com·
888 2836 943 2874 non
967 2835 1104 2890 germanie
1128 2818 1183 2873 illae
1203 2818 1320 2888 quidem,
1341 2819 1389 2873 sed
1412 2820 1519 2889 generis
1540 2818 1680 2874 nobilitate

58 2896 212 2954 modamnt.
239 2898 309 2953 Tum
322 2899 545 2955 demnmcumse
559 2899 852 2955 abundesddestinata
889 2898 967 2969 quasi
989 2898 1116 2969 impares.
1162 2897 1241 2952 Rella
1261 2897 1334 2952 enim
1355 2914 1494 2970 generosa,
1515 2898 1681 2970 proditiones

57 2977 226 3051 perficienda
243 2977 404 3034 instructum
420 2979 563 3048 judiearet,
577 2979 611 3032 ed
632 2979 776 3034 Medusam
789 2996 851 3049 pro·
889 2979 1040 3050 degeneres
1053 2985 1081 3032 et
1090 2985 1190 3049 turpes.
1230 2977 1331 3031 Eamm
1342 2978 1486 3047 descriptio
1500 2977 1610 3050 elegans
1624 2987 1680 3044 est,

57 3057 167 3126 peravit
180 3057 297 3128 impiger
311 3065 338 3112 et
350 3057 460 3113 volans:
480 3058 556 3114 illam
570 3066 660 3113 autem
674 3058 852 3113 dormientem
889 3065 920 3115 ut
932 3074 1008 3112 canoa
1022 3058 1190 3113 anetivitate
1204 3056 1259 3111 sint
1272 3065 1300 3112 et
1312 3064 1441 3128 tanquam
1453 3057 1557 3121 vetulae,
1571 3065 1682 3129 propter

57 3135 190 3193 offendit:
210 3153 298 3208 neque
317 3144 407 3190 tamen
428 3138 549 3207 aspectui
571 3138 630 3207 ejus
645 3138 681 3206 (si
697 3137 852 3208 evigilaret)
889 3145 1034 3207 perpetuas
1047 3137 1212 3207 proditomm
1225 3153 1304 3192 curas
1317 3145 1345 3190 et
1358 3137 1567 3207 trepidationem
1588 3153 1681 3191 earum

56 3232 89 3269 se
103 3215 272 3270 committere
287 3216 410 3280 audebat,
421 3217 470 3272 sed
479 3217 583 3273 cervice
597 3216 707 3280 reflexa,
717 3217 746 3270 in
760 3233 853 3286 specu·
889 3225 980 3270 autem
1004 3218 1045 3270 vis
1072 3219 1230 3286 (antequem
1252 3218 1282 3270 in
1305 3216 1480 3270 manifestam
1503 3216 1682 3271 deiectionem

55 3292 118 3348 lum
131 3293 254 3349 Palladis
266 3295 421 3365 inspiciens,
435 3302 516 3366 atque
530 3295 583 3350 hoe
601 3295 682 3350 modo
700 3295 769 3349 ictus
787 3295 852 3349 diri·
890 3298 1043 3365 emmpant)
1066 3304 1113 3349 aut
1136 3295 1165 3349 in
1188 3294 1273 3360 oculo,
1295 3303 1343 3349 aut
1360 3295 1389 3348 in
1412 3295 1493 3349 dente
1516 3302 1573 3351 este
1593 3295 1682 3351 omnis

57 3389 139 3443 gens,
160 3382 242 3442 ceput
260 3374 286 3427 ei
306 3374 429 3429 abscidit
469 3374 514 3429 Ex
533 3374 666 3446 sanguine
686 3381 777 3430 autem
791 3373 853 3427 Me·
890 3374 964 3428 enim
977 3374 1066 3440 laedo,
1080 3391 1098 3427 a
1111 3382 1182 3429 statu
1195 3374 1323 3446 quopiam
1338 3374 1462 3439 alienata,
1477 3382 1504 3429 et
1522 3373 1681 3444 speculatur,

55 3451 136 3509 dure
156 3452 217 3506 suso
236 3453 327 3507 statim
349 3453 471 3525 Pegasus
492 3452 580 3507 alaim
600 3453 719 3509 emicuit.
763 3452 853 3523 Caput
890 3461 917 3506 et
930 3453 1052 3507 mordet:
1072 3462 1153 3526 atque
1167 3453 1321 3523 hujusmodi
1332 3453 1427 3508 oculus
1441 3461 1469 3507 et
1479 3454 1545 3508 dens
1555 3460 1682 3525 tanquam

55 3539 155 3585 autem
164 3530 313 3586 abscissum
324 3532 438 3587 Perseus
446 3533 476 3586 in
486 3540 591 3588 scutum
602 3532 723 3588 Palladis
732 3533 852 3596 insemit,
890 3533 1040 3586 eommunis
1060 3540 1109 3587 est.
1157 3533 1231 3587 Nam
1252 3550 1312 3603 quas
1332 3533 1482 3588 didicerunt
1501 3541 1529 3588 et
1543 3542 1681 3598 novemnt,

55 3609 105 3663 cui
129 3610 279 3665 etiamnum
298 3627 348 3665 sua
367 3612 470 3666 mansit
490 3612 540 3678 vis,
555 3618 586 3666 ut
606 3612 642 3667 ad
654 3613 713 3681 ejus
727 3612 853 3667 intuitum
891 3611 946 3666 fere
958 3629 1007 3682 per
1015 3627 1111 3666 manus
1120 3611 1245 3667 laedonis
1255 3614 1290 3666 ab
1300 3629 1354 3666 uno
1367 3612 1401 3667 ad
1415 3612 1530 3667 alterum
1544 3619 1683 3666 transeunt

55 3704 159 3744 omnes
172 3705 223 3744 ceu
238 3690 343 3744 attoniti
354 3698 401 3745 aut
414 3691 524 3745 siderali
538 3691 701 3763 obrigerent.
890 3698 918 3744 et
933 3698 1098 3762 pereurmnt.
1138 3692 1175 3745 Et
1189 3692 1260 3762 quod
1274 3691 1432 3746 addentem
1444 3692 1548 3756 attinet,
1562 3708 1615 3746 uno
1626 3692 1682 3745 lere

99 3766 208 3822 Pabula
220 3768 253 3823 de
266 3768 443 3841 belligerandi
457 3771 560 3825 ratione
582 3777 610 3824 et
631 3770 773 3842 prudentia
792 3786 854 3824 con·
891 3786 937 3824 ore
959 3770 1089 3835 mordent,
1111 3779 1139 3825 et
1160 3771 1277 3824 similem
1298 3770 1458 3826 cantilenam
1478 3778 1584 3835 canunt,
1607 3778 1638 3824 ut
1658 3772 1683 3824 si

54 3848 125 3901 sacta
138 3846 251 3902 videtur.
292 3848 380 3919 Atque
394 3848 495 3920 inipsa
512 3850 545 3904 de
558 3849 632 3904 bello
643 3849 815 3919 suscipiendo
827 3857 855 3903 et
891 3866 973 3903 unum
987 3850 1193 3914 andiasomnes
1206 3851 1309 3904 audias
1350 3851 1445 3921 ltaque
1458 3849 1558 3904 Perseo
1572 3848 1682 3903 eoncili-

54 3926 93 3980 de
108 3942 212 3997 genere
225 3925 291 3981 belli
302 3927 428 3999 eligendo
444 3927 648 3992 deliberatione,
662 3930 715 3983 tris
727 3929 854 3999 proponit
892 3929 970 3984 ande
983 3936 1046 3984 sunt
1058 3929 1120 3983 istoe
1134 3929 1227 3990 (irase,
1242 3937 1272 3982 ut
1284 3928 1390 3983 oculum
1410 3937 1439 3984 et
1450 3929 1556 3982 dentem
1572 3928 1597 3981 ei
1611 3945 1683 3983 com·

54 4013 201 4076 praecepta
215 4022 283 4060 sana
295 4013 323 4061 et
336 4007 439 4078 gravia,
450 4014 576 4078 tanquam
588 4025 623 4062 ex
636 4007 751 4062 consilio
763 4007 854 4062 Palla·
892 4008 1020 4063 madent:
1041 4009 1149 4062 oculum
1161 4008 1195 4061 ad
1210 4008 1318 4072 indicia,
1332 4008 1441 4062 dentem
1454 4008 1490 4062 ad
1502 4023 1623 4062 mmores
1639 4023 1682 4062 se·

55 4084 113 4140 dis.
156 4083 250 4139 Primo
270 4092 299 4139 ut
318 4085 351 4139 de
374 4086 562 4157 subjugatione
576 4087 715 4141 nafionum
729 4087 854 4155 finitima·
892 4088 997 4151 rendos,
1010 4095 1037 4141 et
1049 4087 1179 4141 invidiam
1190 4087 1367 4152 conflandam,
1381 4095 1408 4141 et
1421 4086 1526 4141 animos
1540 4084 1682 4141 bominum

54 4164 196 4235 rumquis
208 4179 262 4217 non
271 4164 415 4219 admodum
423 4165 535 4219 laboret
565 4166 663 4237 Neque
674 4168 747 4220 enim
759 4165 854 4220 eadem
892 4165 1075 4220 solicitandos,
1116 4166 1170 4220 His
1190 4166 1282 4237 itaque
1305 4166 1442 4235 dispositis
1465 4172 1492 4219 et
1513 4166 1682 4236 praeparatis,

56 4250 104 4297 est
118 4242 276 4313 patrimonii
290 4251 318 4296 et
334 4243 443 4314 imperii
460 4244 642 4315 amplificandi
663 4245 740 4299 ratio.
780 4246 855 4300 Nam
892 4245 1088 4315 sequituripsa
1101 4244 1166 4298 belli
1181 4246 1260 4299 actio.
1301 4246 1333 4298 ln
1347 4262 1380 4299 ea
1393 4244 1536 4299 Medusam
1549 4244 1683 4299 dormien-

58 4323 91 4376 in
105 4321 327 4392 possessionibus
340 4323 453 4393 privatis
466 4324 592 4377 vicinitas
605 4323 766 4393 praediorum
775 4341 854 4394 spee-
892 4331 946 4377 tem
966 4324 1086 4379 invenit:
1106 4324 1224 4394 prudens
1243 4323 1316 4378 enim
1335 4324 1400 4379 belli
1420 4329 1558 4393 susceptor
1576 4340 1684 4394 semper

55 4408 148 4456 taturi
169 4400 219 4455 sed
241 4401 271 4454 in
293 4402 468 4473 propagando
489 4402 605 4472 imperio
622 4403 769 4458 occasiost
791 4402 855 4457 belli
892 4402 948 4457 iere
962 4403 1070 4457 hostem
1083 4403 1236 4474 assequitur
1249 4403 1411 4472 imparatum
1432 4413 1460 4457 et
1473 4403 1609 4457 securitati
1623 4421 1683 4473 pro

53 4479 225 4535 conficiendi
247 4479 363 4536 facilitas
377 4488 406 4536 et
422 4480 525 4537 finctus
549 4482 609 4536 loco
629 4481 776 4536 vicinitatis
796 4498 855 4536 ease
892 4482 1015 4551 piorem:
1036 4491 1116 4552 atque
1136 4498 1207 4535 nunc
1231 4482 1340 4536 tandem
1352 4481 1462 4552 speculo
1481 4480 1601 4537 Palladis
1615 4497 1683 4552 opus

54 4559 172 4613 debent.
226 4557 307 4614 Certe
329 4560 453 4625 Romani,
476 4577 529 4630 quo
549 4570 669 4631 tempore
690 4562 856 4615 occidentem
893 4570 949 4625 eutr
971 4560 1081 4631 plurimi
1103 4562 1175 4615 enim
1195 4568 1258 4614 ante
1278 4560 1339 4629 ipsa
1359 4561 1480 4632 pericula
1500 4578 1544 4615 res
1563 4560 1682 4616 hostium

53 4655 157 4693 versus
180 4636 230 4692 rix
253 4637 323 4692 ultra
345 4637 486 4710 Liguriam
509 4646 720 4710 penetraverant,
744 4641 856 4695 orientis
893 4647 972 4694 acute
992 4648 1020 4693 et
1040 4649 1143 4694 attente
1162 4639 1338 4709 introspicere
1356 4647 1486 4710 possunt;
1507 4639 1603 4694 sedin
1623 4640 1685 4708 ipso

53 4717 217 4788 provincias
234 4718 370 4788 usquead
388 4726 506 4773 montem
524 4718 644 4772 Taurum
662 4719 745 4773 armis
765 4728 792 4773 et
805 4720 856 4772 im·
893 4719 1007 4788 periculi
1021 4719 1134 4773 articrsso
1144 4717 1296 4789 praecipuus
1304 4727 1420 4774 estuans
1431 4719 1542 4788 speculi,
1552 4726 1583 4772 nt
1590 4718 1683 4772 modus

53 4796 139 4867 perio
149 4794 288 4866 complexi
299 4804 369 4851 srmt.
396 4796 856 4867 ItaquePerseus,licetorientalis,
893 4798 1007 4866 periculi
1028 4806 1159 4861 cernatur,
1180 4805 1265 4851 terror
1287 4813 1341 4851 non
1360 4798 1513 4853 offundatur
1527 4796 1614 4871 (quod
1634 4814 1684 4867 per

52 4883 155 4929 tamen
176 4874 354 4947 longinquam
373 4876 573 4946 expeditionem
585 4892 670 4946 usque
687 4876 722 4929 ad
735 4884 858 4931 extrema
893 4876 972 4931 illum
991 4877 1117 4931 intuitum
1130 4877 1219 4946 capite
1233 4891 1329 4930 averso
1342 4873 1533 4949 significatur).
1574 4875 1684 4930 Abello

53 4952 213 5009 occidentis
221 4954 331 5009 minime
339 4954 505 5009 detrectavit.
529 4955 858 5020 Secundccuraeasede·
894 4956 1015 5024 perfecto
1032 4963 1178 5027 sequuntur
1191 4954 1288 5008 effecta
1304 4955 1373 5011 duo:
1393 4957 1510 5025 primum
1524 4954 1623 5024 Pegasi
1635 4955 1684 5008 illa

52 5034 113 5098 bet,
123 5040 158 5088 nt
167 5033 244 5101 justa
257 5040 285 5088 et
297 5033 446 5089 honorifica
456 5033 542 5089 subsit
553 5033 727 5089 bellicausa:
747 5033 775 5088 id
785 5034 858 5088 enim
895 5036 1034 5104 generatio
1048 5044 1076 5089 et
1084 5033 1268 5099 exsuscitatio,
1276 5035 1411 5105 quassatis
1422 5035 1562 5089 evidenter
1570 5033 1684 5088 Pernam

53 5120 85 5166 et
106 5111 282 5166 alacmtatem
303 5120 360 5167 tum
373 5111 512 5177 militibus,
527 5119 585 5167 tum
597 5113 706 5183 populis
722 5113 858 5182 impensas
895 5113 1012 5178 denotat,
1026 5130 1087 5184 quae
1099 5130 1149 5183 per
1162 5113 1255 5167 omnia
1267 5112 1341 5166 volat
1353 5121 1380 5166 et
1393 5114 1533 5167 victoriam
1552 5112 1683 5175 celebrate

51 5190 267 5245 conferentibus
280 5191 373 5246 addit:
388 5197 415 5245 et
428 5191 570 5246 societates
584 5192 710 5263 aperitet
722 5192 858 5257 conciliat,
895 5192 1043 5246 secundum
1056 5192 1173 5262 gestatio
1186 5191 1284 5261 capitis
1296 5191 1420 5245 Medusae
1438 5192 1467 5244 in
1487 5197 1582 5256 scut03
1602 5192 1684 5261 siqni-

51 5278 82 5324 et
104 5268 245 5341 plurimas
263 5270 379 5342 denique
401 5271 606 5325 commoditates
628 5270 720 5326 habet
774 5269 859 5325 Nulla
895 5271 957 5324 dem
980 5269 1084 5325 nullum
1107 5271 1225 5341 presidii
1250 5286 1337 5341 genus
1360 5270 1424 5323 huie
1445 5270 1481 5322 ob
1502 5271 1684 5339 praestantiam

85 5387 104 5415 ⁹
121 5385 413 5444 Psbnlaliacinvenitur,
425 5386 450 5433 in
460 5385 521 5434 libro
530 5386 633 5435 meando
644 5390 661 5414 “
671 5386 710 5434 De
718 5387 859 5451 Augmentis
895 5350 1047 5420 ⁰⁰mpmri
1069 5352 1177 5440 mih.
1197 5348 1330 5441 ‚unicum
1354 5349 1428 5402 enim
1447 5348 1552 5403 mium
1577 5349 1684 5422 migne

54 5443 253 5502 suendum?
265 5452 335 5493 aner·
343 5452 368 5494 et
376 5442 527 5505 locupletare.
895 5436 922 5484 et
935 5428 1119 5495 memorabile,
1133 5428 1248 5483 iehcrter
1261 5435 1368 5498 gestum
1382 5435 1411 5482 et
1423 5434 1616 5500 perpetratum,
1630 5446 1686 5485 om·
