3800 5875
44 286 116 352 Lta'.
135 296 177 353 11.
692 300 831 359 NOVUM
852 302 1053 360 ORGANUM.
1617 312 1671 365 stt

43 455 196 525 pediemdis
210 456 331 512 motibus
341 454 497 514 caelestibus
510 474 561 530 per
573 459 688 514 circulos
701 460 846 531 periectos.
884 461 928 515 sel
937 470 968 516 ut
977 463 1078 517 excitet
1091 462 1189 517 ferrum
1201 463 1385 517 tantummodo
1394 470 1422 518 et
1432 462 1571 520 habilitet=
1584 476 1674 524 motus

43 534 223 605 Neutiqnam
232 536 306 591 enim
313 537 444 592 evincitur
454 538 508 593 iste
515 546 603 593 motus
611 555 672 593 esse
682 538 711 593 in
722 540 847 610 supernis
885 548 976 594 autem
990 542 1049 612 ipse
1062 540 1169 595 indatur
1181 558 1217 595 ex
1238 542 1381 612 presentia
1393 551 1479 608 terrae,
1493 550 1524 599 ut
1537 544 1673 603 Gilbertus

43 613 272 678 mensenatis,
280 632 332 670 nec
344 633 394 685 per
402 617 536 672 delectum
544 618 721 677 restitutionis
730 618 846 688 planetae
885 619 1019 688 opinatur,
1042 628 1070 674 et
1092 627 1167 673 tauto
1181 628 1279 675 conatu
1298 621 1411 691 probare
1429 622 1531 677 nititur.
1579 625 1673 698 ltaque

44 691 76 747 iu
96 700 177 746 motu
190 693 289 747 diurno
302 694 338 748 ad
358 694 431 750 idem
450 705 578 764 punctum
596 696 657 751 coeli
672 697 781 762 stellati,
795 714 845 752 nee
884 696 938 750 hnc
962 705 1083 767 spectant
1097 714 1137 763 ea,
1151 716 1211 769 qnae
1229 698 1276 752 ille
1296 700 1444 770 perspicaci
1462 701 1595 757 industria
1608 721 1671 758 con-

43 786 97 840 per
110 771 251 826 disemum
264 771 405 843 politstem
425 775 535 840 zodiaci,
554 774 649 830 habito
668 785 791 847 respectu
810 778 845 831 ad
884 776 1003 845 quisivit.
1043 777 1180 831 Nimirum
1194 778 1265 848 quod
1279 776 1371 833 clavus
1385 779 1495 845 ferreus,
1506 781 1552 851 qui
1565 782 1612 836 diu
1626 783 1672 837 du-

44 850 127 919 polos
140 850 245 914 mundi,
254 868 317 922 quas
326 852 379 907 duo
388 853 467 907 nobis
480 853 553 908 hunc
561 864 663 909 motum
674 864 843 925 pepererunt.
883 855 953 908 rasit
966 856 1059 911 insitu
1070 872 1162 910 sersus
1176 857 1374 926 septentriones
1382 866 1410 911 et
1419 867 1545 924 anstrum,
1560 861 1673 932 colligat

44 928 174 983 Primum
192 930 267 983 enim
290 930 487 1000 phanomenon
510 950 560 1003 per
582 935 796 988 anteversiouem
817 943 845 989 et
882 949 958 987 mora
979 934 1082 989 diutins
1095 935 1282 999 verticitstem,
1302 936 1404 1006 absque
1425 944 1498 991 tactu
1517 941 1669 1010 magnetis:

44 1006 256 1062 derelictionem
268 1010 369 1079 optime
379 1011 510 1076 salvatum
525 1014 680 1077 secundum,
695 1029 744 1084 per
757 1012 844 1068 lineas
882 1028 914 1065 ae
924 1012 948 1066 si
961 1018 1033 1067 terra
1047 1014 1114 1084 ipsa.
1125 1031 1186 1083 quoe
1196 1013 1231 1067 ob
1241 1014 1395 1069 distantiam
1405 1016 1530 1071 debiliter
1543 1027 1670 1088 operatur

44 1085 186 1157 spiralese
208 1087 277 1141 adeo
289 1095 322 1143 ut
333 1089 504 1161 inequalitas
517 1092 703 1157 restitutionis,
718 1099 747 1146 et
761 1092 842 1146 decli-
883 1088 1015 1164 (namque
1024 1092 1179 1162 superficies
1191 1100 1239 1146 aut
1251 1093 1519 1149 extimsincrustatio
1531 1103 1608 1152 terrie
1618 1100 1670 1153 vir·

43 1166 123 1219 natio
136 1166 175 1220 ad
189 1166 316 1236 tropicos,
335 1171 441 1238 possint
453 1186 514 1224 esse
527 1171 617 1241 potius
630 1170 842 1226 modificationes
881 1170 946 1224 tntis
960 1172 1128 1242 magnetica,
1142 1178 1172 1225 ut
1183 1171 1231 1225 ille
1244 1169 1308 1236 vent,
1323 1189 1420 1242 expers
1430 1169 1488 1245 est)
1502 1191 1551 1244 per
1564 1194 1668 1232 morani

43 1253 138 1299 motos
151 1245 229 1298 unici
242 1244 317 1301 illius
330 1247 426 1311 diurni,
442 1265 523 1319 quam
536 1257 624 1306 motus
634 1250 786 1314 renitentes,
796 1258 843 1305 aut
881 1255 971 1304 nmen
984 1249 1094 1320 longam
1108 1257 1249 1321 magnatus
1260 1259 1359 1305 tactum
1371 1251 1516 1321 suppleret,
1527 1260 1556 1307 et
1568 1255 1668 1312 ferrum

43 1324 120 1379 eirca
133 1323 260 1378 diemsos
273 1325 360 1395 polos.
400 1327 437 1382 Et
448 1328 629 1384 certissimum
642 1337 690 1391 est,
707 1328 730 1383 si
743 1328 842 1398 paulis·
881 1328 991 1393 excitet,
1018 1329 1115 1383 deinde
1141 1329 1258 1384 excitum
1285 1329 1464 1384 conformaret
1488 1339 1517 1385 et
1542 1342 1664 1391 verteret

43 1419 96 1472 per
110 1420 166 1474 pro
179 1402 296 1473 plebeiis
305 1420 356 1459 nos
372 1422 499 1475 geramus
526 1408 615 1462 missis
626 1416 841 1463 astronomorum
880 1406 992 1471 Rursus,
1006 1409 1078 1479 quod
1098 1408 1198 1463 ferrum
1217 1408 1334 1480 ignitum
1351 1416 1380 1463 et
1401 1409 1526 1475 caudens,
1540 1413 1563 1466 si
1578 1413 1606 1466 in
1620 1432 1665 1468 er·

43 1490 73 1535 et
93 1481 203 1537 schola
225 1485 390 1549 curamentis,
406 1485 503 1556 quibus
517 1486 584 1541 rllnd
603 1487 634 1542 iu
652 1503 727 1543 more
747 1494 796 1552 est,
810 1497 841 1542 ut
879 1486 1008 1541 tinctione
1035 1503 1085 1542 sus
1111 1488 1298 1558 exporrigstur
1323 1488 1393 1542 iuter
1419 1490 1613 1560 septentriones
1639 1500 1667 1547 et

42 1561 140 1615 aenan
154 1562 186 1615 in
200 1562 295 1617 multis
307 1563 442 1618 immerito
454 1564 510 1620 vim
523 1565 631 1632 faciant,
646 1574 673 1620 et
686 1566 841 1622 obscuriora
879 1572 1007 1631 austrtuu,
1022 1566 1133 1637 colligat
1152 1583 1258 1637 quoque
1272 1566 1448 1621 verticitatem
1470 1568 1572 1640 absque
1592 1577 1665 1627 tactu

43 1640 159 1708 malint)
176 1640 259 1695 talem
273 1657 333 1696 esse
347 1652 450 1697 motum
461 1643 545 1699 istum
558 1645 723 1711 adsensum,
731 1645 840 1715 qualem
878 1647 1029 1715 magnetis=
1050 1662 1082 1699 ac
1103 1645 1127 1699 si
1148 1654 1239 1715 partes
1260 1645 1324 1700 terri
1347 1646 1377 1700 in
1399 1654 1473 1701 motu
1498 1649 1594 1717 posita
1616 1666 1666 1720 per

43 1720 186 1784 diximuae
207 1721 285 1790 cujus
297 1720 446 1792 imaginem
458 1739 508 1793 per
520 1724 567 1778 tila
588 1725 675 1780 ferrea
690 1724 792 1798 (veluti
811 1725 840 1779 in
878 1722 1046 1793 ignitionem,
1060 1731 1088 1778 et
1100 1731 1195 1794 postea
1208 1741 1237 1779 se
1251 1724 1421 1794 recipientes,
1435 1726 1464 1779 in
1477 1726 1537 1795 ipso
1550 1728 1664 1783 articulo

42 1798 191 1869 wlsius)
205 1798 351 1871 aliquando
361 1802 546 1871 repraesentari
561 1803 682 1858 lecimus.
763 1873 766 1881 μ
878 1803 1054 1858 extinctionis
1072 1819 1129 1857 suas
1146 1803 1234 1873 magis
1254 1810 1344 1857 essent
1362 1804 1528 1874 susceptivae,
1543 1814 1571 1860 et
1585 1809 1664 1877 quasi

83 1878 191 1933 Verum
206 1879 339 1934 r‘nttorttio
358 1882 447 1936 emere
467 1897 549 1952 super
562 1882 615 1937 hoc
628 1882 777 1951 subjectum
790 1899 839 1954 po·
877 1882 1019 1945 sensitiva,
1032 1881 1138 1936 virtutis
1159 1882 1293 1936 manantis
1307 1897 1325 1935 a
1337 1889 1416 1946 terra,
1431 1899 1513 1954 quam
1530 1885 1615 1951 aliss;
1637 1896 1665 1942 et

42 1956 186 2012 teritesse
200 1957 273 2012 talis.
314 1957 343 2013 si
354 1958 506 2015 inveniatur
518 1961 547 2015 in
557 1962 648 2032 aliqua
658 1961 773 2016 historia
787 1962 838 2016 tide
877 1960 939 2015 iude
962 1962 1059 2016 fierent
1082 1969 1210 2031 tanquam
1230 1960 1335 2015 excitae.
1385 1959 1488 2016 Verum
1510 1962 1576 2029 haec,
1598 1965 1664 2020 licet

43 2037 136 2107 digna.
152 2036 238 2091 fuisoe
252 2045 387 2094 cometam
400 2038 526 2111 aliquem,
541 2040 584 2096 sel
598 2040 782 2096 sublimiorem
795 2040 839 2095 vel
876 2039 946 2094 bene
967 2041 1118 2109 observata,
1133 2047 1224 2094 tamen
1241 2055 1296 2095 nou
1313 2039 1440 2095 evincunt
1461 2057 1578 2112 prorsus,
1592 2046 1664 2116 quod

43 2115 232 2181 humiliorem,
245 2116 292 2187 qui
309 2133 365 2172 non
381 2119 511 2173 roraverit
522 2136 585 2176 eum
603 2137 736 2175 consensu
755 2122 839 2175 mani·
876 2118 1036 2174 illeasserit

44 2194 116 2249 festo
139 2194 221 2263 (licet
241 2195 385 2251 admodum
407 2197 604 2269 irregulariter)
627 2207 717 2254 motus
740 2200 837 2263 dinem,
915 2197 1055 2254 Instantis
1069 2200 1160 2252 crucis
1173 2204 1264 2254 autem
1277 2196 1350 2252 circs
1362 2196 1414 2252 hoc
1429 2198 1578 2266 subjectum
1590 2209 1663 2271 pote·

44 2274 91 2327 aed
112 2274 206 2345 patim
227 2276 398 2330 merentia
416 2278 579 2332 contrarium
592 2278 670 2343 coelir
691 2287 750 2332 tum
766 2287 837 2334 certe
876 2276 913 2330 rit
925 2277 1067 2333 essetalia
1108 2276 1238 2348 capiatur
1251 2276 1358 2331 terrella
1376 2294 1412 2331 ex
1425 2286 1559 2349 magnete,
1573 2286 1600 2333 et
1612 2297 1663 2335 uo·

44 2352 188 2424 hueusque
204 2352 382 2422 judicandum
396 2363 445 2420 est,
459 2373 539 2426 posse
559 2374 618 2412 esse
632 2359 661 2411 in
674 2366 771 2411 natura
791 2357 839 2411 ali·
876 2364 967 2412 tantur
987 2357 1044 2428 poli
1065 2358 1139 2426 eius,
1159 2364 1188 2411 et
1207 2363 1341 2426 ponantur
1362 2356 1419 2426 poli
1441 2357 1558 2413 terrellae
1571 2375 1663 2413 rusus

44 2449 125 2502 quem
140 2433 227 2486 talem
241 2440 352 2487 motum.
393 2434 443 2490 Sin
455 2435 527 2490 nihil
543 2435 698 2506 huiusmodi
719 2437 838 2492 insenis-
876 2436 1008 2491 orientem
1028 2442 1055 2491 et
1077 2452 1208 2499 occasum,
1231 2451 1287 2489 non
1307 2450 1399 2489 sersus
1419 2437 1611 2506 septentriones
1634 2444 1663 2492 et

43 2518 95 2575 tur,
109 2510 553 2584 habendmestprosmpeotmet
566 2515 679 2571 adalias
692 2518 839 2571 instantior
875 2523 1003 2580 austrum,
1027 2522 1109 2587 atquc
1136 2515 1176 2569 ita
1194 2515 1321 2582 jaceant3
1349 2513 1446 2568 deinde
1469 2525 1663 2585 superponatur

43 2593 137 2646 mucis
150 2591 228 2646 circa
240 2590 294 2646 hoc
308 2591 524 2664 confugiendum.
875 2611 940 2648 acus
952 2595 1040 2649 ferrea
1052 2595 1162 2658 intacta,
1170 2601 1197 2647 et
1209 2593 1379 2663 permittatur
1392 2593 1430 2647 ita
1439 2609 1548 2649 manere
1556 2595 1591 2649 nd
1604 2595 1662 2650 dies

82 2669 227 2735 Similiter,
240 2670 279 2724 sit
291 2678 389 2725 natura
403 2672 541 2742 inquisita,
555 2675 660 2744 pondus
673 2673 731 2729 sive
744 2691 835 2747 grase.
875 2688 924 2728 sex
937 2681 986 2728 aut
999 2680 1111 2742 septem.
1153 2672 1301 2726 Acnssero
1315 2672 1391 2739 (nam
1406 2672 1439 2726 de
1454 2672 1506 2726 hoc
1519 2690 1573 2727 non
1587 2673 1663 2728 dubi·

43 2748 155 2804 Bivium
168 2749 244 2803 circa
263 2747 334 2803 hauc
350 2758 475 2806 naturam
496 2751 550 2808 tale
564 2761 613 2809 est.
653 2754 773 2809 Necesse
787 2762 836 2818 est,
875 2753 959 2819 tatur)
981 2753 1045 2808 dum
1072 2758 1164 2806 manet
1182 2767 1263 2820 super
1286 2757 1446 2822 magnetem,
1468 2750 1569 2807 relictis
1591 2752 1662 2825 polis

44 2838 74 2882 ut
82 2829 181 2900 gravia
194 2836 224 2882 et
236 2827 389 2899 ponderosa
401 2828 445 2886 sel
458 2832 570 2886 tendant
583 2849 618 2887 ex
630 2840 728 2887 natura
740 2849 789 2887 suu
803 2833 837 2886 ad
874 2831 974 2897 mundi,
989 2848 1019 2885 se
1032 2837 1119 2886 vertet
1135 2831 1170 2884 ad
1183 2829 1261 2900 polos
1274 2829 1417 2900 magnetis.
1459 2830 1552 2900 ltaque
1567 2849 1660 2902 quam·

44 2916 169 2964 omnum
183 2914 270 2972 terra,
280 2924 330 2979 per
342 2909 479 2980 proprium
495 2910 732 2978 schematismum3
752 2912 837 2968 velut
874 2910 921 2965 diu
938 2911 976 2965 ita
991 2916 1089 2973 munet,
1104 2910 1216 2964 vertitur
1233 2908 1339 2963 scilicet
1352 2907 1387 2962 nd
1406 2908 1534 2963 orientem
1547 2918 1576 2965 et
1590 2911 1661 2966 occi·

45 3003 167 3042 ammes
180 3004 310 3058 corpores
323 2988 409 3058 ipsius
422 2997 647 3063 terrae,tanquam
661 3008 678 3046 a
691 3008 836 3063 congrega·
874 2990 982 3045 dentem
1002 2990 1104 3044 mundi.
1146 2988 1222 3050 Quod
1244 2989 1267 3043 si
1288 2988 1442 3043 inveniatur
1461 3005 1525 3042 acus
1546 2989 1602 3054 illa,
1621 3008 1661 3045 re·

46 3066 118 3120 noue
135 3084 281 3137 corporum
301 3069 525 3136 connaturalium,
539 3070 707 3125 attrahantur
723 3079 751 3125 et
766 3072 836 3142 rapi·
874 3078 948 3123 mota
960 3086 978 3123 a
995 3076 1129 3140 magnete,
1144 3076 1172 3123 et
1191 3067 1282 3139 posita
1301 3082 1383 3137 super
1395 3067 1549 3133 versarium,
1569 3070 1662 3124 statim

49 3153 132 3210 autur,
146 3146 224 3201 etad
238 3163 299 3200 eam
313 3162 362 3216 per
381 3163 543 3204 consensum
556 3149 683 3204 ferantur.
724 3150 760 3205 At
776 3166 836 3220 pos
874 3165 902 3203 se
916 3148 1054 3219 applicare
1069 3148 1105 3202 ad
1125 3147 1321 3217 septentriones
1334 3153 1362 3200 et
1376 3153 1504 3210 austrum,
1518 3146 1562 3202 vel
1578 3149 1662 3203 etiam

48 3225 129 3279 terius
148 3225 202 3279 boc
217 3226 283 3280 siin
296 3242 379 3280 causa
395 3227 439 3292 sit,
457 3229 585 3299 sequitur,
598 3235 629 3283 ut
649 3245 703 3298 quo
723 3230 836 3300 propius
873 3227 1003 3298 paulatim
1025 3244 1056 3282 se
1077 3244 1112 3282 eo
1130 3226 1271 3297 reciperae
1292 3233 1349 3279 tum
1372 3225 1528 3295 recipienda
1549 3234 1590 3281 est
1611 3245 1662 3298 pro

46 3305 142 3372 grstia
154 3305 376 3375 appropinquant
382 3305 417 3361 ad
426 3313 533 3372 terram,
541 3323 574 3361 eo
584 3307 679 3362 fortius
693 3316 720 3363 et
733 3310 834 3378 majore
872 3324 962 3370 cansa,
971 3307 1116 3377 praesentis
1125 3312 1220 3361 terrac:
1239 3305 1384 3359 sinautem
1392 3307 1560 3376 vertatur(ut
1572 3306 1662 3377 prius)

46 3400 109 3436 sum
131 3383 238 3453 impetu
259 3383 380 3440 terantur
392 3384 427 3439 sd
447 3403 526 3451 eante
548 3402 602 3457 quo
623 3386 732 3458 lougius
750 3388 785 3442 ab
802 3405 836 3443 ea
873 3387 902 3440 iu
921 3387 1054 3441 orientem
1071 3393 1100 3439 et
1115 3384 1289 3449 occidentem,
1303 3390 1351 3437 aut
1369 3385 1464 3454 perdat
1477 3381 1661 3450 verticitstem,

46 3461 147 3526 absint,
165 3461 284 3517 debilius
301 3469 329 3516 et
346 3464 448 3520 tardius
461 3463 509 3541 (ut
531 3466 562 3519 ht
584 3466 612 3520 in
632 3467 835 3522 attractionibus
873 3464 998 3520 habenda
1012 3472 1054 3520 est
1070 3464 1120 3519 ills
1142 3480 1224 3520 causa
1243 3481 1292 3536 pro
1305 3474 1437 3533 suspecta,
1451 3468 1479 3517 et
1496 3462 1609 3518 ulterius
1622 3465 1662 3519 in-

47 3535 224 3614 mgneticis)
238 3540 319 3612 idque
337 3542 395 3597 fieri
408 3544 480 3599 intra
496 3544 615 3615 spatium
627 3553 747 3611 certunm
768 3547 836 3600 adeo
873 3544 1032 3616 quirendum
1045 3551 1096 3600 est.

46 3629 75 3674 ut
88 3622 114 3674 si
126 3621 255 3692 elongata
267 3619 366 3675 luerim
380 3640 397 3676 a
409 3630 481 3678 terra
498 3623 547 3678 tali
559 3624 693 3689 nunnus,
706 3632 737 3679 ut
750 3626 835 3680 sistus
912 3624 1051 3690 Similiter,
1062 3625 1098 3679 sit
1110 3631 1208 3680 namra
1221 3622 1358 3694 inquisita,
1366 3638 1494 3692 corpores
1508 3622 1661 3677 substantia

47 3707 125 3754 terre
136 3701 167 3754 in
181 3716 215 3753 ea
229 3715 309 3771 agere
325 3717 381 3755 non
398 3704 490 3772 possit,
504 3701 621 3774 pensilia
633 3719 760 3759 mansura
773 3705 834 3770 sint,
872 3702 960 3768 lune3
981 3703 1066 3758 ausit
1080 3703 1177 3767 tenuis,
1192 3703 1324 3767 flammea,
1337 3702 1393 3757 aive
1408 3704 1495 3766 a'e'rea,
1509 3708 1538 3755 ut
1550 3701 1662 3771 plurimi

47 3780 191 3850 ntetipsa
204 3785 283 3843 terra,
297 3795 347 3834 nec
361 3782 620 3837 omninodecssnra
873 3800 909 3837 ex
928 3783 1025 3852 priscis
1046 3782 1218 3854 philosophis
1238 3781 1340 3852 opinati
1361 3790 1440 3845 suut3
1467 3797 1502 3834 an
1526 3781 1612 3834 solida
1634 3787 1662 3835 et

85 3858 182 3929 tuque
195 3857 260 3912 talis
275 3857 348 3912 circa
361 3860 432 3914 hanc
449 3878 507 3917 rem
519 3863 618 3932 poterit
630 3878 689 3917 esse
703 3863 835 3918 instantio
873 3860 964 3927 densa,
977 3869 1008 3915 ut
1021 3861 1159 3916 Gilbertus
1172 3861 1291 3916 etmulti
1308 3860 1436 3923 moderni,
1451 3877 1512 3913 cum
1525 3860 1661 3915 nonnullis

49 3939 144 3992 mco.
187 3936 315 3992 Sumatur
335 3937 506 4011 horologium
529 3957 565 3995 ex
583 3941 626 4005 iis,
648 3958 708 4011 quta
729 3957 836 3996 mosen·
873 3958 909 3996 ex
922 3941 1049 4011 antiquis,
1064 3947 1164 3995 tenent.
1206 3940 1337 3993 Rationes
1344 3939 1497 4009 posterioris
1510 3939 1588 3993 istius
1601 3939 1660 4008 opi-

50 4023 91 4070 tur
103 4032 154 4086 per
166 4015 288 4086 pondera
306 4015 450 4087 plumbea,
471 4028 500 4075 et
512 4018 586 4074 aliud
599 4037 635 4075 ex
648 4020 691 4085 iis,
706 4038 767 4091 qua
781 4036 836 4075 mo-
873 4020 962 4075 nionis
983 4020 1128 4075 frmdantur
1146 4020 1174 4073 in
1194 4018 1247 4073 boc
1263 4018 1389 4082 maxime,
1404 4018 1476 4086 quod
1495 4015 1559 4072 luna
1573 4018 1661 4073 radios

49 4103 142 4149 rentur
162 4111 212 4165 per
235 4098 463 4167 compressionem
485 4098 724 4164 lamissionem,
754 4107 835 4171 atque
873 4098 938 4153 solis
953 4099 1090 4165 reflectam
1110 4114 1199 4169 neque
1212 4097 1317 4152 videtur
1330 4097 1388 4151 heri
1400 4096 1513 4151 reflexio
1526 4096 1595 4151 lucis
1608 4097 1661 4152 nisi

48 4189 110 4227 sera
128 4173 286 4245 probentur,
299 4192 335 4230 ne
355 4176 468 4233 alterum
488 4177 575 4233 altero
587 4178 706 4232 velocius
725 4178 768 4242 sit,
790 4185 837 4233 aut
874 4178 1005 4233 asolidis.

49 4252 164 4316 tardiuse
192 4253 290 4308 deinde
311 4263 426 4325 ponatur
448 4255 619 4327 horologium
638 4256 707 4311 illud
726 4274 836 4311 movens
914 4257 1009 4328 ltaque
1029 4257 1169 4311 instantias
1191 4256 1282 4310 erucis
1295 4255 1367 4309 circa
1386 4254 1439 4309 hoc
1456 4254 1662 4322 subjectanea

50 4347 97 4400 per
113 4332 243 4403 pondera,
263 4350 345 4404 snper
363 4335 502 4408 fastigium
523 4335 638 4406 alicujus
652 4336 746 4406 templi
764 4336 836 4391 altis·
874 4345 1068 4407 essepoterunt
1077 4333 1116 4409 (si
1125 4334 1204 4389 modo
1214 4334 1312 4405 aliqua
1326 4329 1396 4407 sint)
1408 4351 1468 4405 quse
1476 4335 1661 4389 demonstrent

50 4409 117 4475 simi,
131 4410 219 4466 altero
231 4410 281 4467 illo
293 4412 364 4469 inira
377 4414 501 4480 detentor
522 4422 550 4470 et
563 4423 669 4470 notetur
682 4415 836 4487 diligenter,
874 4415 1050 4470 reflexionem
1061 4430 1195 4484 acorpore
1210 4414 1293 4478 tenui,
1305 4411 1392 4484 qualis
1403 4422 1443 4467 est
1455 4413 1572 4478 damma,
1580 4415 1662 4468 modo

50 4490 72 4542 ai
85 4489 258 4562 horologium
270 4491 301 4546 in
314 4492 370 4547 alto
382 4495 463 4549 situm
477 4494 580 4549 tardius
593 4501 741 4558 moveatur,
756 4510 836 4566 qnam
874 4495 909 4548 sit
920 4494 1052 4548 crassitiei
1066 4493 1230 4548 sufficieutia.
1270 4490 1351 4547 Certe
1364 4509 1446 4547 cansa
1458 4492 1609 4563 crepusculi
1621 4494 1662 4547 in-

51 4567 161 4633 solebat,
195 4579 307 4641 propter
337 4572 497 4629 diminutam
523 4574 650 4627 vinctam
677 4572 835 4643 ponderum.
874 4571 1171 4628 teralisseatretiexio
1185 4571 1322 4625 radiorum
1335 4570 1573 4642 solisasuperiore
1583 4581 1662 4643 parte

52 4647 125 4702 idem
144 4648 192 4703 dat
214 4650 429 4720 experimentum
452 4651 481 4706 in
504 4652 645 4723 profundis
665 4653 836 4717 minerarum,
874 4653 955 4707 adria.
999 4652 1092 4705 Etiam
1116 4649 1276 4722 quandoque
1301 4651 1402 4704 reflecti
1428 4651 1550 4705 ridemus
1573 4652 1662 4706 radios

51 4725 103 4780 alte
119 4728 172 4782 surb
184 4736 256 4783 terra
269 4729 474 4800 depressarume
494 4738 584 4786 utrum
603 4730 774 4803 horologium
788 4731 837 4786 hu·
874 4730 940 4785 solis
964 4729 1129 4801 temporibus
1142 4729 1303 4801 vespertinis
1324 4730 1434 4793 serenis,
1448 4747 1465 4784 a
1478 4730 1591 4786 fimbriis
1611 4747 1661 4785 uu·

49 4804 164 4871 jusmodi
177 4823 232 4862 nou
244 4815 384 4865 moveatur
397 4809 523 4874 velocius,
538 4826 619 4881 qnam
633 4810 744 4875 solebat,
758 4826 836 4881 prop
875 4810 949 4864 bium
971 4809 1143 4873 roscidamm,
1155 4825 1211 4863 non
1223 4808 1321 4863 minori
1343 4809 1494 4880 splendore,
1508 4810 1557 4865 sed
1573 4810 1661 4878 potius

52 4891 91 4938 ter
102 4893 210 4942 auctam
221 4887 350 4942 virtutem
361 4889 517 4959 ponderum.
557 4888 671 4950 Quodsi
685 4886 837 4944 inveniatur
874 4888 1014 4944 illustriori
1033 4895 1061 4942 et
1080 4887 1167 4958 magis
1191 4887 1316 4958 glorioso,
1335 4904 1417 4958 quam
1438 4889 1485 4960 qui
1508 4888 1627 4943 redditur
1645 4904 1663 4941 a

52 4963 133 5019 sunu
146 4965 297 5035 ponderum
311 4967 396 5022 minui
405 4968 436 5022 in
443 4967 562 5032 sublimi,
573 4968 715 5039 aggravari
730 4983 759 5021 tn
772 4969 836 5022 sub-
874 4984 986 5038 corpore
998 4967 1088 5031 lunser
1109 4983 1197 5037 neque
1211 4975 1301 5021 tamen
1314 4974 1420 5022 constat
1439 4984 1486 5022 eas
1498 4967 1584 5021 nubes
1597 4981 1661 5020 coa·

54 5043 196 5106 uranum
216 5045 364 5115 recipiatur
382 5063 431 5117 pro
444 5062 527 5101 causa
542 5046 668 5116 ponderis
681 5048 836 5103 attractios
874 5047 958 5101 luisse
980 5047 1010 5101 in
1032 5061 1131 5115 corpus
1157 5045 1270 5101 densum
1296 5062 1383 5117 aquea.
1423 5046 1513 5100 Etiam
1539 5044 1664 5098 videmus

55 5136 140 5176 msam
151 5139 282 5193 corporea
295 5131 382 5180 terrie.
874 5124 966 5181 aierem
986 5124 1157 5180 tenebrosum
1181 5141 1251 5196 pone
1274 5124 1406 5179 fenestras
1425 5133 1505 5178 noctu
1524 5124 1662 5177 reflectere

90 5200 227 5266 Similiter,
239 5202 277 5258 sit
288 5210 385 5258 natura
403 5203 539 5275 inquisita,
552 5203 690 5259 verticitas
704 5220 769 5259 acus
782 5205 836 5259 ier·
874 5203 963 5259 lucem
984 5202 1110 5267 candele,
1131 5221 1186 5259 non
1209 5204 1299 5259 minus
1320 5220 1401 5275 qnam
1424 5218 1521 5273 corpus
1541 5201 1661 5255 densum.

55 5294 112 5342 rra,
124 5288 203 5335 tactas
214 5289 351 5353 magnete.
391 5281 472 5338 Circa
490 5281 561 5335 hanc
582 5291 705 5337 naturam
718 5283 771 5338 tale
786 5285 836 5338 erit
874 5283 1042 5338 Tentandum
1065 5284 1149 5337 etiam
1168 5284 1238 5338 foret
1252 5283 1468 5354 experimentum
1488 5280 1662 5335 immissionis

55 5355 159 5414 bivium.
197 5361 321 5415 Necesse
334 5367 383 5426 est,
399 5367 431 5415 nt
444 5368 530 5416 tactim
547 5363 682 5432 magnetis
695 5361 739 5417 vel
752 5380 787 5418 ex
806 5379 835 5417 se
873 5362 1009 5417 radiorum
1022 5360 1087 5416 solis
1094 5379 1144 5433 per
1156 5362 1287 5424 foramen,
1301 5378 1382 5431 super
1393 5361 1529 5413 flammam
1543 5358 1662 5428 aliquam

55 5435 125 5490 indat
137 5438 210 5494 ferro
222 5439 689 5510 verticitstemsdseptentrioueset
701 5449 834 5506 austrumr
874 5441 1027 5496 subiuscam
1042 5440 1232 5496 etcoernleam.
1274 5440 1346 5495 Sane
1359 5438 1428 5494 radii
1443 5438 1529 5507 aperti
1544 5439 1608 5494 solis
1621 5439 1663 5493 in-

92 5530 151 5573 τοι.
173 5534 203 5573 rr.
434 5519 453 5573 2
472 5536 483 5573 ι
