3800 5875
509 355 551 410 ΙΝ
574 354 744 410 FELICEM
767 353 985 409 MEMORIAM
1007 352 1269 409 ELlZABETHAE.
1647 353 1705 418 743

70 515 123 570 bus
149 523 178 569 et
204 513 337 585 singulari
369 514 474 569 virtutis
508 521 721 584 temperamento
748 514 869 567 dabatur.
906 521 935 567 et
948 515 1017 568 actis
1025 515 1085 582 ejus
1095 512 1230 583 quandam
1244 512 1455 583 perpetuitatem
1470 513 1566 568 donet:
1581 531 1706 571 eumaeo

69 595 163 649 Etiam
183 593 298 664 imperia
312 594 485 648 foeminarum
498 595 600 665 nuptiis
615 595 671 648 fere
686 593 869 658 obscurantur,
907 609 942 647 ex
964 609 1143 663 personarum
1164 592 1279 658 delectu,
1293 609 1344 647 nec
1357 609 1394 647 ex
1407 592 1591 649 institutorum
1604 596 1704 661 ordine,

68 675 218 745 laudesque
232 684 259 728 et
272 682 332 728 acta
345 675 375 728 in
388 675 500 729 maritos
517 682 672 729 transeunt:
694 672 749 726 illis
770 683 868 738 autem,
908 673 1054 743 quicquam
1069 689 1234 743 magnopere
1248 674 1410 727 mutaverit:
1432 673 1501 727 adeo
1514 678 1546 727 nt
1558 691 1620 728 raro
1633 675 1706 731 tilius

69 773 133 825 quae
160 755 282 825 innuptae
309 754 418 825 degunt,
446 755 557 824 propria
589 761 616 808 et
643 755 751 823 integra
782 753 869 823 gloria
908 754 1024 821 parenti,
1033 759 1108 806 tauto
1118 752 1233 816 silentio,
1246 760 1326 823 atque
1342 762 1397 807 tam
1413 753 1512 824 exigua
1520 755 1670 809 mutatione
1680 763 1706 809 et

68 843 170 889 manet.
213 835 245 888 ln
259 833 335 888 illam
349 850 414 888 vero
428 833 480 887 hoc
495 835 584 905 magis
597 834 677 896 eadit,
694 833 765 903 quod
786 833 869 887 nullis
908 833 1107 901 perturbatione
1120 833 1287 887 successerit.
1329 832 1465 887 Memoria
1479 840 1572 887 autern
1586 835 1653 902 ejus,
1667 837 1707 889 ita

68 915 179 983 imperii
193 914 372 978 adminiculis,
386 913 439 968 nisi
451 931 511 985 qnae
521 915 582 984 ipsa
592 914 645 967 sibi
659 921 868 982 comparaverat,
908 913 979 966 etin
993 930 1040 966 ore
1054 912 1203 976 hominum,
1219 920 1247 966 et
1259 913 1289 965 in
1303 913 1401 966 animis
1415 912 1498 983 viget,
1515 921 1554 977 ut,
1574 929 1623 982 per
1636 931 1707 968 mor·

66 993 250 1049 fulciebatur:
265 1011 320 1047 non
334 995 419 1048 trater
431 994 553 1048 uterinus
567 993 668 1056 aderat,
680 1009 734 1045 non
748 1002 867 1062 patruus,
908 1001 962 1046 tem
977 993 1112 1046 exstincta
1131 992 1242 1056 invidia,
1257 1001 1339 1064 atque
1358 993 1471 1046 incensa
1491 992 1572 1056 fama,
1587 994 1706 1050 felicitas

67 1091 125 1127 non
145 1073 216 1128 alins
231 1074 367 1146 quispiam
381 1074 486 1127 familia
499 1082 526 1127 et
542 1074 625 1142 stirpe
648 1073 733 1143 regia,
749 1073 795 1142 qui
810 1089 869 1141 par·
907 1073 1045 1126 memoriae
1068 1089 1131 1127 cum
1154 1072 1282 1126 felicitate
1306 1073 1370 1126 uitae
1391 1072 1592 1142 quodammodo
1612 1081 1704 1128 certet.

68 1155 159 1223 ticeps
179 1155 204 1207 ei
223 1171 348 1208 curarum
368 1161 395 1208 et
412 1154 604 1207 dominationis
621 1153 773 1207 subsidium
789 1161 867 1209 esset.
908 1153 982 1205 Nam
996 1152 1020 1206 si
1035 1169 1088 1222 qua
1103 1170 1138 1206 ex
1160 1152 1250 1206 stndio
1270 1153 1390 1222 partium
1410 1160 1438 1206 et
1456 1152 1625 1207 dissensione
1644 1154 1706 1208 reli-

67 1233 125 1287 Sed
140 1241 168 1287 et
177 1251 232 1297 eos,
241 1250 308 1304 quos
320 1233 381 1303 ipsa
391 1235 425 1289 ad
439 1233 556 1287 bonores
564 1241 701 1295 erexerat,
712 1232 749 1285 itn
759 1241 784 1286 et
795 1233 868 1286 cohi·
907 1232 1121 1302 gionisvagatur
1136 1232 1210 1287 fama
1232 1232 1353 1297 fncdoaa,
1370 1235 1445 1302 (qum
1459 1241 1550 1287 tamen
1571 1233 1631 1302 ipsa
1647 1234 1706 1302 jam

66 1312 138 1377 buit,
145 1323 172 1367 et
179 1314 357 1376 commiscuit,
363 1322 393 1367 ut
403 1313 518 1383 singulis
526 1314 673 1367 maximam
681 1312 868 1382 complacendi
907 1312 1002 1366 timida
1019 1313 1133 1376 videtur,
1146 1320 1174 1367 et
1188 1329 1321 1367 consensu
1335 1312 1427 1382 victa)
1443 1329 1475 1366 ea
1490 1320 1518 1366 et
1531 1313 1636 1367 sincera
1650 1331 1706 1369 non

66 1393 270 1447 solicitudinem
291 1393 432 1462 injiceretr
448 1401 529 1463 atque
549 1394 610 1463 ipsa
623 1409 731 1463 semper
745 1394 867 1460 suijuris
907 1399 957 1456 est,
979 1399 1006 1445 et
1027 1393 1154 1462 perennis
1174 1409 1234 1446 esse
1256 1408 1311 1446 non
1332 1399 1431 1461 potest.
1472 1391 1562 1463 Atque
1587 1393 1706 1449 obeam

66 1482 151 1526 esset.
192 1473 267 1528 Orba
281 1490 346 1527 sane
361 1472 417 1536 fuit,
440 1489 491 1526 neo
509 1473 622 1543 stirpem
637 1491 673 1527 ex
692 1489 722 1526 se
739 1472 865 1542 reliquit:
906 1489 1017 1527 causam
1032 1474 1168 1542 praecipue
1181 1472 1249 1537 hmo,
1265 1472 1357 1543 qualia
1372 1480 1443 1538 sunt,
1457 1472 1491 1526 de
1506 1472 1634 1527 felicitate
1645 1475 1706 1542 ejus

66 1552 240 1621 quodetiam
263 1552 427 1607 felicissimis
446 1553 568 1623 contigit,
584 1552 741 1606 Alexandro
755 1552 867 1621 ltiagno,
907 1560 934 1605 et
947 1552 1031 1605 divini
1048 1552 1146 1606 favoris
1160 1552 1240 1614 notis,
1253 1551 1351 1622 collegi
1363 1573 1370 1615 ;
1389 1559 1420 1606 ut
1440 1552 1589 1606 malevolus
1603 1553 1705 1625 aliquis

65 1631 82 1683 J
87 1631 147 1685 ulio
161 1632 272 1696 Caesari,
286 1633 412 1701 Trajano,
428 1631 505 1687 aliis:
521 1640 549 1686 et
562 1649 671 1704 semper
692 1632 766 1686 sarie
779 1632 867 1699 jacta·
906 1632 988 1685 tantis
996 1631 1047 1686 Dei
1057 1631 1289 1686 benedictionibus
1298 1648 1361 1685 suas
1370 1630 1574 1686 maledictiones
1584 1633 1704 1687 inserere

67 1718 138 1775 turn,
152 1721 180 1765 et
192 1712 222 1764 in
235 1713 383 1766 contrarias
398 1720 490 1782 partes
505 1712 577 1766 trahi
591 1722 618 1766 et
633 1712 764 1781 disputari
779 1712 865 1777 solet,
906 1719 1040 1765 vereatur.
1081 1710 1173 1782 Siquis
1187 1720 1279 1766 autem
1290 1712 1324 1764 ad
1338 1710 1406 1776 haec,
1415 1719 1445 1764 ut
1457 1711 1546 1768 illaad
1557 1711 1704 1778 Cesaram,

65 1808 132 1844 cum
145 1790 193 1844 alii
207 1790 259 1845 hoc
269 1792 298 1845 in
308 1791 513 1846 diminutionem
527 1791 664 1845 felicitatis
679 1792 822 1861 accipiant,
832 1808 867 1845 na
907 1791 1003 1852 “Quae
1022 1793 1159 1857 miremur,
1173 1791 1322 1846 habemus:
1344 1791 1391 1845 sed
1410 1809 1471 1863 quse
1488 1791 1637 1856 laudemus,
1656 1810 1705 1847 ex·

65 1870 276 1925 fortehomines
284 1888 366 1941 supra
375 1871 515 1926 mortalem
524 1872 705 1925 conditionem
716 1872 867 1936 beatamne,
906 1872 1086 1940 pectamus:¹'
1127 1888 1193 1926 sane
1222 1872 1349 1925 existimo
1376 1888 1470 1926 veram
1497 1871 1705 1927 admirationem

65 1950 91 2004 si
105 1951 177 2004 etin
192 1951 338 2015 individuo,
352 1959 380 2004 et
393 1952 422 2005 in
435 1951 537 2021 speciei
552 1952 756 2020 propagatione,
771 1951 867 2006 felices
907 1952 1043 2020 quendam
1065 1950 1152 2005 laudis
1174 1968 1317 2005 excessum
1339 1967 1408 2005 esse.
1449 1951 1549 2021 Neque
1567 1967 1607 2015 ea,
1622 1969 1704 2022 quam

65 2038 177 2092 essent;
200 2030 248 2084 alii
270 2038 361 2085 antem
380 2031 408 2084 in
429 2031 566 2085 cumulum
586 2031 726 2085 felicitatis
739 2048 797 2084 rem
811 2049 868 2085 ver·
906 2029 1107 2100 descripsimus,
1122 2031 1238 2085 felicitas
1251 2030 1301 2084 ulli
1317 2030 1424 2085 evenire
1439 2037 1534 2101 potest,
1549 2030 1603 2084 nisi
1617 2033 1663 2103 qui
1677 2040 1705 2086 et

64 2117 136 2172 tant,
151 2110 224 2181 qnod
237 2127 270 2164 ea
283 2111 391 2164 demum
413 2110 529 2166 felicitas
548 2110 682 2180 completa
697 2112 825 2175 videatur,
840 2113 868 2166 in
907 2110 1030 2164 adivina
1048 2111 1138 2180 gratia
1159 2110 1261 2165 eximie
1275 2110 1440 2164 sustineatur
1462 2119 1543 2180 atque
1563 2109 1703 2174 inventute

65 2206 151 2260 quam
165 2190 279 2247 fortunia
289 2190 328 2244 nil
335 2190 554 2260 amplinsliceat3
566 2189 649 2261 quod,
657 2192 681 2245 si
692 2191 793 2261 posteri
803 2191 867 2256 sint,
906 2206 937 2243 ac
953 2191 1036 2245 etiam
1049 2191 1171 2245 moribus
1185 2198 1212 2245 et
1224 2191 1324 2244 uirtute
1344 2189 1416 2243 hanc
1434 2189 1569 2244 fortunam
1587 2190 1638 2245 sibi
1653 2191 1704 2244 ali-

65 2270 128 2323 tieri
142 2285 196 2326 non
207 2277 307 2339 potest.
907 2286 961 2340 qua
975 2287 1010 2324 ex
1025 2277 1101 2340 parte
1116 2270 1234 2325 tinxerit.
1276 2269 1330 2324 Sed
1343 2276 1435 2324 tamen
1449 2269 1537 2325 risum
1558 2278 1600 2325 est
1617 2287 1705 2341 pauca

106 2347 232 2403 Aderant
245 2350 271 2403 ei
285 2356 312 2403 et
326 2356 454 2413 externa,
476 2356 580 2404 statura
601 2367 731 2421 procera;
747 2350 867 2421 corporis
906 2349 1058 2411 admodum.
1074 2368 1134 2422 quae
1148 2351 1286 2404 admones
1300 2351 1444 2420 pertinent,
1456 2350 1613 2421 adjungere,
1627 2350 1656 2404 ia
1670 2351 1705 2405 iis

65 2429 168 2482 decora
184 2445 346 2499 compagem
361 2446 468 2483 summa
487 2430 608 2501 dignitas
625 2431 680 2485 oris
697 2447 760 2484 cum
777 2431 866 2484 suavi·
906 2429 1083 2493 solummodo,
1112 2446 1172 2500 qum
1199 2430 1355 2499 iniquorum
1387 2429 1557 2486 sermonibus
1584 2431 1704 2485 maxime

65 2516 140 2570 tate;
157 2507 283 2563 valetudo
296 2509 415 2564 maxime
426 2526 563 2580 prospera.
606 2510 736 2580 Superest
750 2516 778 2563 et
792 2510 866 2574 illud,
906 2509 1010 2562 aditum
1026 2516 1053 2561 et
1068 2509 1190 2563 fomitem
1204 2509 1325 2579 prebere
1339 2508 1474 2563 videntur.

64 2588 149 2659 qnod,
171 2588 206 2641 ad
227 2595 380 2643 extremum
400 2590 495 2644 saleru
514 2597 541 2643 et
555 2591 658 2660 rigens,
680 2607 730 2642 nec
751 2590 868 2644 fortune
946 2589 1012 2642 Fuit
1024 2588 1194 2652 Elisabetha,
1208 2589 1237 2641 in
1251 2587 1384 2659 religione
1398 2588 1445 2657 pia
1458 2595 1487 2642 et
1500 2590 1655 2653 moderata;
1677 2597 1706 2643 et

64 2669 294 2723 commutationes
315 2685 364 2723 nec
388 2669 534 2723 senectutis
558 2669 631 2724 mala
652 2678 772 2738 experta,
796 2686 867 2734 eam,
906 2676 1040 2732 constans,
1059 2685 1091 2721 sc
1110 2669 1238 2721 novitatis
1258 2668 1378 2723 inimica.
1421 2667 1511 2737 Atque
1531 2669 1642 2738 pietatis
1662 2669 1705 2723 in·

64 2764 151 2818 qnam
167 2755 308 2819 tantopere
328 2749 380 2803 sibi
394 2750 463 2802 votis
483 2751 588 2817 precari
609 2749 714 2803 solebat
729 2749 868 2820 Angustus
906 2747 985 2810 dicia,
1005 2747 1069 2802 licet
1087 2748 1116 2801 in
1136 2749 1214 2802 factis
1232 2753 1260 2801 et
1278 2747 1368 2811 rebus,
1383 2764 1451 2818 quaa
1472 2747 1565 2818 gessit,
1584 2749 1704 2803 maxime

64 2826 170 2891 Caesar,
186 2828 376 2883 euthanasiam
395 2828 470 2883 facili
492 2837 520 2883 et
539 2828 594 2885 leni
617 2829 691 2883 obitu
708 2830 805 2883 sortita
823 2829 866 2884 sit.
906 2825 1074 2891 elucescant;
1096 2837 1187 2881 tamen
1202 2834 1230 2881 et
1242 2827 1272 2880 in
1281 2827 1344 2881 vitm
1354 2829 1458 2880 ratione
1470 2833 1498 2881 et
1508 2828 1704 2882 consuetudine

64 2906 147 2968 Quod
174 2908 257 2963 etiam
278 2908 311 2963 de
329 2908 467 2964 Antonino
489 2908 548 2974 Pio,
572 2910 735 2978 imperatore
757 2910 866 2980 optimo,
906 2905 1035 2961 familiari
1055 2907 1215 2962 adumbrata
1233 2914 1304 2961 suut.
1345 2906 1477 2978 Liturgiis
1492 2913 1519 2963 et
1532 2906 1632 2962 divinis
1646 2909 1705 2963 offi-

63 2987 236 3053 celebrature
251 2990 329 3057 cujus
343 3005 416 3043 mors
430 2990 516 3044 somni
531 2989 645 3058 alicujus
659 2990 750 3044 suavis
764 2997 791 3044 et
805 2989 866 3058 pla·
906 2987 964 3053 ciis,
979 2996 1025 3042 aut
1039 2988 1141 3041 sacello
1154 2987 1314 3051 solenniore,
1329 2996 1376 3041 aut
1386 2987 1523 3052 interiore,
1533 3004 1595 3042 raro
1608 2987 1704 3043 abfuit.

62 3067 120 3121 cidi
136 3067 285 3138 imaginem
299 3068 426 3124 habebat
467 3069 600 3124 Similiter
616 3078 644 3123 et
656 3070 685 3123 in
700 3069 867 3123 Elisabethae
907 3067 940 3119 ln
968 3067 1115 3137 Scripturis
1139 3075 1167 3122 et
1189 3074 1297 3138 patrum
1324 3066 1433 3138 scriptis
1459 3068 1608 3138 (praecipue
1631 3068 1706 3122 beati

61 3147 162 3201 morbo
170 3147 210 3201 nil
224 3158 310 3211 atrox,
318 3148 358 3202 nil
369 3148 528 3212 ominosum,
537 3149 578 3203 nil
591 3150 626 3203 ab
642 3148 762 3203 hnmana
772 3157 868 3202 natura
907 3146 1068 3218 Augustini)
1092 3146 1223 3218 legendis,
1246 3146 1363 3202 multum
1383 3155 1492 3202 versata
1513 3156 1563 3202 est.
1604 3146 1706 3202 Preces

61 3227 188 3281 alienum
201 3235 269 3282 erat.
312 3229 376 3282 Nou
396 3229 532 3283 desiderio
545 3230 617 3294 vitre,
632 3246 687 3282 non
707 3229 794 3283 morbi
815 3230 865 3282 im·
906 3228 1037 3297 quasdam
1061 3227 1124 3297 ipsa
1142 3245 1178 3281 ex
1197 3226 1338 3299 occamone
1358 3234 1386 3280 et
1411 3243 1441 3280 re
1459 3234 1525 3280 nata
1544 3227 1704 3297 composuit

60 3307 867 3380 patientia,nondolorircruciatibustorquebatur:nullum
908 3308 939 3359 ln
958 3307 1011 3360 Dei
1030 3308 1196 3362 mentionem
1215 3306 1259 3362 vel
1278 3306 1414 3362 communi
1434 3323 1557 3360 sermone
1575 3308 1705 3373 incidens,

61 3386 161 3440 aderat
176 3396 330 3457 symptoma
342 3388 431 3443 dimna
444 3397 492 3443 aut
505 3389 625 3452 soedum;
641 3388 688 3443 sed
703 3389 795 3442 omnia
809 3389 867 3456 ejus
905 3385 962 3440 fere
977 3403 1085 3456 semper
1106 3387 1243 3442 Creatoris
1261 3404 1361 3441 nomen
1379 3386 1498 3450 addidit,
1520 3395 1548 3441 et
1566 3387 1658 3442 oculos
1677 3395 1707 3442 et

61 3467 177 3537 generis
198 3475 283 3531 erant,
298 3474 330 3521 nt
349 3476 453 3524 natnrre
474 3468 652 3539 fragilitatem
671 3469 866 3538 potiusquam
905 3466 1011 3521 vultum
1036 3467 1071 3520 ad
1098 3466 1280 3521 humilitatem
1309 3474 1336 3521 et
1362 3467 1542 3520 reverentiam
1570 3468 1706 3537 quandam

61 3546 268 3616 corruptionem
300 3555 347 3602 aut
379 3548 504 3612 dedecus,
533 3547 714 3603 ostenderent.
760 3547 867 3603 Paucos
905 3547 1065 3616 composuit,
1081 3547 1152 3617 quod
1167 3547 1266 3616 etipse
1285 3563 1360 3617 saepe
1381 3547 1482 3601 notavi.
1524 3545 1601 3607 Quod
1614 3554 1706 3601 autem

61 3626 140 3680 enim
157 3635 222 3679 ante
231 3627 335 3681 obitum
346 3627 413 3691 dies,
423 3645 460 3681 ex
469 3628 591 3699 corporis
603 3628 687 3682 nimia
701 3628 831 3691 siccitate,
841 3636 868 3681 et
906 3626 1016 3696 quidam
1028 3625 1213 3697 vulgaverunt,
1224 3643 1284 3680 eam
1300 3628 1412 3681 minirum
1421 3625 1594 3680 mortalitatis
1604 3643 1707 3682 memo-

61 3706 148 3768 enris,
164 3722 226 3775 qnae
247 3707 325 3777 regni
346 3707 455 3762 culmen
475 3716 631 3778 sequantur,
648 3714 795 3770 attenuata,
817 3725 867 3761 nec
905 3723 964 3759 rem
978 3706 1069 3771 fuisse,
1083 3706 1153 3760 adeo
1166 3713 1197 3759 ut
1209 3723 1260 3760 nec
1280 3706 1314 3760 de
1329 3712 1477 3769 senectute,
1492 3722 1541 3759 uec
1558 3705 1592 3759 de
1611 3714 1705 3771 morte,

60 3802 187 3855 unquam
202 3802 278 3840 mero
292 3794 337 3840 aut
350 3787 474 3841 uberiore
488 3788 570 3841 ditata
584 3788 705 3857 irrigata,
724 3804 866 3841 nervorum
907 3785 1073 3840 mentionem
1088 3803 1166 3857 aequo
1182 3787 1274 3840 animo
1288 3785 1376 3850 ferret,
1391 3785 1420 3839 id
1441 3783 1617 3839 falsissimum
1637 3786 1704 3851 tuin

60 3866 158 3936 rigore
173 3865 304 3934 perculsa,
319 3883 415 3920 vocem
430 3875 528 3932 tamen,
547 3867 632 3938 (quod
652 3868 710 3920 fieri
732 3884 786 3920 non
798 3866 868 3920 solet
906 3882 968 3918 cum
996 3866 1057 3935 ipsa
1085 3866 1244 3935 saepissime,
1271 3865 1363 3919 multis
1387 3873 1450 3918 ante
1473 3873 1589 3919 mortem
1617 3865 1705 3931 annia,

60 3946 91 3998 in
118 3945 258 4013 ejusmodi
282 3946 400 4014 morbo)
422 3954 450 4000 et
471 3955 598 4010 mentem,
618 3955 645 4001 et
669 3956 781 4011 motum,
802 3947 867 4000 licet
907 3961 1007 4015 magna
1021 3946 1157 4008 comitate,
1173 3962 1201 3998 se
1216 3945 1336 3999 vetulam
1353 3944 1472 4007 diceret;
1495 3945 1570 3999 etde
1586 3944 1704 4016 inscrip-

60 4023 214 4079 tardiorem
238 4032 266 4077 et
288 4025 464 4089 hebetiorem,
489 4028 607 4081 retinuit.
648 4026 737 4098 Atque
761 4028 786 4080 is
808 4044 868 4097 per·
907 4026 979 4077 tione
994 4025 1139 4094 sepulchri,
1151 4024 1217 4094 quid
1230 4025 1282 4078 eibi
1296 4025 1415 4079 maxime
1428 4023 1554 4093 placeret,
1566 4040 1706 4080 sermones

59 4121 139 4159 sonae
154 4104 215 4171 ejus
230 4112 316 4159 status
339 4107 434 4175 paucis
456 4105 552 4160 diebus
571 4114 676 4162 tantum
695 4107 816 4169 duravit,
839 4114 868 4160 ut
906 4104 1036 4168 haberet;
1072 4122 1133 4158 cum
1157 4105 1266 4168 diceret,
1289 4104 1342 4158 sibi
1362 4103 1478 4175 glorium
1501 4112 1529 4157 et
1550 4103 1706 4173 splendidos

58 4200 119 4239 non
143 4192 275 4254 tanquam
294 4193 370 4240 actus
390 4186 454 4240 vitae
477 4186 649 4251 norissimus,
669 4187 717 4239 sed
737 4195 867 4256 tanquam
906 4183 999 4238 titulos
1024 4184 1135 4238 minime
1159 4184 1233 4237 cordi
1258 4200 1333 4248 esse3
1369 4184 1418 4237 sed
1439 4183 1540 4238 lineam
1568 4186 1707 4241 memoria

59 4263 170 4333 primus
197 4263 297 4332 gradm
315 4266 350 4318 ad
374 4274 488 4320 mortem
510 4265 608 4320 fuerit:
629 4283 693 4319 narn
716 4266 867 4320 imminutis
906 4280 988 4318 naam
1002 4274 1049 4318 aut
1063 4264 1185 4328 alteram,
1200 4282 1261 4334 quae
1280 4280 1379 4317 nomen
1401 4263 1460 4331 ejus
1480 4271 1594 4328 tantum,
1609 4273 1636 4319 et
1650 4265 1706 4319 vir·

58 4341 243 4397 facultatibus
262 4344 291 4397 in
305 4344 361 4398 vita
383 4344 430 4399 din
452 4361 571 4409 manere,
585 4345 715 4400 miserum
733 4345 866 4407 habetur;
906 4343 1056 4414 ginitatem‚
1071 4351 1100 4397 et
1113 4352 1219 4413 tempus
1233 4343 1321 4413 regni,
1336 4352 1363 4397 et
1377 4343 1519 4414 religionis
1533 4344 1706 4401 instauratio-

58 4422 112 4477 sed
125 4439 143 4476 a
159 4438 241 4477 sensu
260 4424 392 4493 paulatim
413 4426 505 4494 sopito
518 4425 553 4477 ad
576 4434 690 4480 mortem
710 4441 866 4496 properare,
905 4440 977 4485 nem,
993 4432 1020 4476 et
1032 4424 1109 4492 pacis
1128 4424 1367 4487 conservationem,
1382 4423 1458 4477 brevi
1473 4424 1616 4478 verborum
1630 4441 1704 4479 com·

57 4502 174 4574 placida
188 4509 216 4557 et
228 4501 349 4558 clemens
362 4505 425 4558 vitae
439 4504 561 4559 clausula
574 4513 626 4559 est.
906 4503 1014 4572 pendia,
1029 4503 1203 4573 significaret.
1246 4502 1347 4557 Verum
1362 4510 1410 4567 est,
1422 4520 1492 4568 cum,
1507 4511 1585 4558 aetate
1599 4504 1705 4558 florenti

101 4581 184 4635 Addo
198 4590 227 4645 et
237 4581 304 4636 illud
314 4584 342 4637 in
353 4584 491 4639 felicitatis
499 4584 559 4652 ejus
569 4582 707 4638 cumulum
716 4584 866 4654 insigneme
906 4591 933 4636 et
943 4582 1037 4636 liberis
1047 4582 1220 4651 procreandis
1233 4581 1327 4648 habili,
1337 4583 1370 4636 de
1379 4599 1534 4637 successore
1543 4583 1706 4638 declarando

58 4662 136 4733 qnod
151 4678 207 4714 non
220 4669 323 4716 tantum
332 4666 442 4718 nomine
456 4666 576 4734 proprio,
585 4663 634 4718 aed
647 4672 675 4717 et
685 4665 868 4719 ministrorum
906 4661 1132 4731 interpellaretur,
1143 4663 1325 4732 respondisse,
1337 4662 1398 4717 “Se
1408 4663 1523 4717 linteum
1533 4662 1705 4732 sepulchrale

57 4748 151 4797 status
166 4742 273 4806 virtute,
288 4743 447 4799 felicissima
455 4743 517 4797 fuit.
906 4741 958 4795 sibi
969 4744 1036 4794 vivre
1050 4750 1111 4794 ante
1126 4741 1217 4795 oculos
1232 4742 1341 4796 obtendi
1355 4741 1431 4797 nullo
1444 4745 1526 4797 modo
1535 4743 1704 4812 passuram.”

102 4820 187 4875 Tales
208 4821 281 4875 enim
301 4824 374 4877 viros
394 4830 474 4876 nacta
495 4832 544 4888 est,
560 4822 654 4894 quales
674 4823 788 4876 fortasse
807 4822 867 4877 haec
907 4822 1042 4885 Attamen,
1056 4839 1110 4874 non
1125 4821 1218 4875 multis
1233 4829 1295 4876 ante
1316 4831 1431 4877 mortem
1450 4823 1537 4886 annis,
1552 4839 1613 4876 cum
1629 4822 1705 4893 eogi-

56 4900 153 4955 insula
177 4906 242 4954 ante
264 4919 326 4956 eum
345 4903 418 4957 diem
440 4919 494 4957 non
516 4904 631 4973 peperit.
672 4903 749 4956 Deus
769 4909 867 4965 autem,
907 4902 1026 4955 tabunda
1045 4908 1123 4965 esset,
1142 4918 1182 4966 sc,
1197 4908 1225 4955 ut
1243 4902 1391 4956 verisimile
1413 4909 1461 4967 est,
1483 4902 1516 4954 de
1538 4902 1705 4957 mortalitate

56 4980 175 5051 regibus
189 4979 293 5045 favens,
305 4982 512 5053 etiamspiritus
526 4984 711 5037 ministrorum
723 4982 826 5036 excitat
839 4990 867 5036 et
906 4997 956 5034 sna
976 4980 1161 5047 meditaretur,
1186 4990 1216 5035 ut
1237 4982 1347 5052 quidam
1368 4999 1404 5036 ex
1425 4982 1530 5035 intimis
1552 4998 1706 5036 sermonem

56 5066 150 5115 ornat
906 5061 1052 5125 intulisset,
1067 5061 1140 5131 quod
1153 5078 1274 5126 munera,
1289 5068 1317 5116 et
1331 5062 1391 5115 loca
1409 5059 1495 5114 multa
1513 5068 1540 5114 et
1562 5078 1662 5132 magna
1675 5063 1706 5117 ia

102 5140 223 5193 Restant
237 5140 383 5195 felicitates
397 5142 554 5211 posthumae
569 5142 637 5206 dure,
651 5143 686 5196 iis
701 5159 762 5212 qum
776 5141 866 5195 vivam
907 5141 1047 5210 republica
1059 5141 1174 5195 nimium
1187 5141 1235 5195 diu
1248 5149 1383 5206 vacarent,
1398 5140 1558 5194 commotior
1571 5149 1600 5194 et
1613 5158 1706 5196 assur·

54 5219 263 5273 comitabantur
291 5221 349 5276 fere
378 5221 509 5276 celsiores
535 5231 564 5277 et
591 5222 784 5291 augustiores:
814 5238 868 5274 nna
906 5237 982 5289 gens,
998 5227 1013 5251 “
1025 5221 1060 5275 Se
1072 5230 1146 5275 certo
1160 5221 1229 5275 scire
1244 5238 1323 5276 suum
1336 5220 1427 5275 locum
1440 5236 1475 5274 ne
1490 5219 1625 5275 tantillum
1641 5229 1706 5276 tem·

53 5299 236 5363 srrccessoris,
265 5300 352 5355 altera
379 5302 526 5356 memoriae.
580 5302 655 5359 Nam
685 5318 867 5355 successorem
907 5301 981 5368 poris
995 5302 1178 5364 vacatumm,'’
1192 5300 1270 5356 dixit

53 5379 160 5433 sortita
171 5386 215 5432 est
228 5395 300 5444 eum,
312 5381 359 5450 qui
370 5379 435 5434 lieet
449 5388 476 5435 et
489 5380 612 5435 mascula
625 5381 726 5435 virtute
741 5389 768 5435 et
781 5380 866 5451 prole,
946 5380 1023 5440 Quod
1036 5381 1071 5434 ad
1079 5381 1293 5435 moderationem
1304 5379 1333 5432 in
1343 5377 1475 5449 religione
1486 5380 1590 5444 attinet,
1600 5378 1705 5435 harere

53 5466 84 5514 et
101 5474 175 5512 nora
189 5458 299 5528 imperii
311 5460 469 5514 accessione
484 5460 624 5531 fastigium
638 5458 699 5536 ejus
713 5461 826 5515 excedat
840 5468 868 5515 et
907 5460 1066 5526 ridebimur,
1081 5468 1192 5530 propter
1204 5459 1295 5531 legum
1310 5460 1339 5512 in
1352 5458 1473 5514 subditos
1487 5458 1627 5529 religionis
1641 5477 1706 5530 pon-

53 5537 225 5602 obumbret;
242 5546 333 5593 tamen
344 5548 371 5594 et
384 5541 489 5595 nomini
500 5547 528 5594 et
539 5539 687 5594 honoribus
698 5542 757 5608 ejus
772 5541 867 5604 faveat,
907 5540 997 5596 tificiae
1011 5540 1128 5595 latarum
1141 5540 1329 5595 severitatem:
1351 5538 1399 5594 sed
1412 5556 1445 5594 ea
1456 5540 1634 5611 proferemus,
1645 5559 1706 5612 quea
