3800 5875
772 305 909 364 ΤΗΕΜΑ
930 308 1042 367 cOELt.
1658 317 1716 372 663

76 471 213 528 nueruut,
233 464 299 519 olim
318 465 423 520 credits
435 472 520 519 sunt.
547 465 635 537 Atque
650 465 732 520 etiam
746 464 835 520 adhuc
848 466 884 521 lis
918 469 1021 523 auxilia
1034 468 1098 524 buic
1109 468 1148 523 rei
1159 470 1341 538 comparanda
1352 478 1424 536 sunt,
1434 488 1494 541 que
1504 472 1625 528 humana
1635 484 1716 545 quest

75 544 187 614 pendet
209 545 243 599 de
263 545 403 600 Mercurio
422 552 449 597 et
469 545 659 608 veneratum
677 545 714 599 sit
733 544 894 601 sublimius
917 547 1051 603 industria
1064 548 1243 603 comminisci.
1285 548 1423 603 Praeterea
1443 553 1635 608 crassitudines
1655 555 1715 608 sive

76 624 266 678 Inveniuntur
290 632 381 680 autem
403 624 539 678 distantiae
562 632 611 677 aut
630 641 665 678 ex
687 623 882 694 parallaxibus,
917 627 1114 696 profunditates
1138 627 1309 698 sphaerarum
1333 628 1471 698 pertinent
1497 633 1637 687 etiamad
1660 634 1715 688 dis·

74 710 131 757 aut
144 720 184 758 ex
198 703 353 774 eclipsibus,
368 711 416 757 ant
428 721 464 757 ex
477 702 629 757 rationibus
642 711 771 767 motuum,
786 711 832 758 aut
845 719 883 758 ex
916 705 1025 761 teatina

72 782 253 852 apperentiis
278 783 398 838 direrms
424 780 653 853 magnitudinum.
707 781 799 837 suam
826 781 883 836 alia

661 1350 892 1424 THEMA
935 1345 1122 1423 COELI.

118 1562 191 1619 Curr
205 1580 271 1618 vero
290 1569 366 1617 tanta
388 1564 558 1634 reperiantur
575 1563 756 1634 undequaque
776 1562 880 1616 incoru·
911 1560 965 1611 stat
978 1558 1105 1614 flammea
1118 1569 1222 1625 natura,
1236 1569 1382 1631 antequam
1398 1573 1557 1633 perventum
1576 1567 1657 1623 fuerit
1672 1572 1708 1624 ad

71 1643 169 1706 moda,
184 1643 252 1697 „rig
266 1642 421 1698 habendum
440 1643 463 1698 ,i
482 1650 619 1699 asseratur
639 1642 789 1713 quippiam,
804 1640 876 1711 quod
911 1652 1009 1705 corpus
1020 1636 1100 1695 lunae.
1141 1639 1183 1694 Eo
1196 1639 1257 1694 loco
1271 1641 1381 1695 flamma
1395 1644 1572 1713 exstinguibile
1583 1646 1650 1702 illud
1664 1648 1708 1704 de·

71 1722 278 1777 mmusdurum
287 1723 331 1777 sit.
362 1721 568 1778 Constituamus
581 1722 673 1792 itaque
685 1731 713 1774 et
725 1720 877 1774 uosthema
911 1715 996 1785 ponit,
1011 1723 1039 1769 et
1059 1735 1089 1772 se
1108 1725 1197 1773 tuetrn
1218 1727 1360 1790 utcunque,
1375 1723 1422 1775 sed
1443 1730 1533 1777 nmen
1553 1726 1660 1781 infirma
1680 1736 1707 1782 et

72 1801 208 1864 universi,
232 1818 282 1871 pro
304 1802 385 1856 modo
409 1801 538 1865 historiae,
561 1818 621 1871 quas
643 1800 721 1854 nobis
743 1799 876 1854 hactenus
911 1793 970 1848 sine
988 1794 1082 1866 vigore
1099 1804 1140 1851 cst
1157 1798 1289 1866 ejusmodi
1306 1798 1423 1865 flamma,
1442 1808 1471 1855 et
1487 1818 1583 1871 parum
1603 1805 1710 1861 habeus

72 1880 192 1951 cognita
206 1888 255 1945 est,
274 1881 365 1934 omnia
378 1880 485 1952 integra
499 1888 637 1935 servantes
655 1877 759 1947 judicio
773 1884 874 1943 nostro,
911 1872 1077 1940 radiationis,
1090 1892 1141 1930 nec
1160 1878 1270 1947 propris
1284 1885 1381 1932 natura
1394 1880 1491 1945 vivida,
1506 1898 1556 1935 nec
1571 1900 1588 1935 a
1599 1893 1706 1939 contra.

73 1964 226 2029 postquam
252 1959 366 2014 historia
399 1968 427 2013 et
454 1976 503 2029 per
529 1959 672 2013 historiam
699 1956 876 2026 philosophia
911 1950 953 2006 tia
966 1961 1064 2007 natura
1083 1954 1227 2009 admodum
1244 1957 1373 2011 excitata
1413 1958 1505 2013 Etiam
1525 1959 1634 2031 integra
1651 1981 1705 2017 non

73 2048 172 2092 nostra
199 2038 336 2092 inductiva
361 2038 449 2109 magis
476 2037 569 2093 adulta
595 2037 640 2092 sit.
688 2036 875 2106 Proponamus
911 2038 961 2095 est,
981 2033 1029 2085 sed
1056 2050 1092 2088 ex
1119 2036 1313 2105 compositione
1334 2053 1394 2090 cum
1416 2039 1567 2093 substantia
1587 2043 1706 2096 etherea

74 2124 172 2170 nutem
193 2117 283 2186 primo
298 2116 422 2188 quiedam
440 2118 474 2173 de
495 2116 610 2172 materia
630 2115 789 2179 coelestium,
803 2116 874 2169 unde
912 2111 1014 2181 (qualis
1028 2112 1065 2165 ibi
1080 2113 1228 2183 invenitur)
1242 2114 1380 2169 maculosa
1394 2124 1422 2170 et
1438 2118 1609 2188 interpolata.
1651 2123 1707 2176 Ne.

73 2202 171 2249 motas
185 2203 213 2250 et
227 2196 392 2251 constructio
404 2195 524 2266 ipsorum
538 2194 636 2249 melius
650 2193 766 2265 intelligi
783 2194 874 2262 possit,
911 2205 963 2259 que
977 2190 1006 2244 in
1021 2191 1131 2262 regione
1145 2193 1274 2248 Mercurii
1290 2194 1433 2249 admodum
1447 2196 1561 2253 feliciter
1574 2198 1705 2256 collocata

73 2281 176 2342 postea
196 2274 231 2328 de
250 2285 325 2329 motu
344 2274 406 2344 ipso
425 2275 510 2345 (quod
525 2292 597 2329 nunc
614 2274 750 2344 perscipue
768 2273 873 2344 agitur)
910 2275 951 2322 est
964 2269 1082 2332 flamma,
1097 2288 1158 2325 cum
1175 2290 1211 2327 ex
1232 2274 1426 2327 coadunatione
1447 2292 1497 2329 sua
1514 2293 1626 2346 parvum
1646 2287 1705 2332 tan-

74 2369 140 2423 quae
153 2354 275 2424 cogitata
284 2362 312 2408 et
321 2355 379 2407 visa
389 2354 467 2408 nobis
477 2361 540 2408 aunt
553 2353 731 2423 proferemus.
759 2352 875 2406 Videtur
910 2349 1048 2401 tommodo
1062 2351 1199 2420 planetam
1213 2353 1345 2406 conficere
1359 2353 1430 2423 potis
1449 2355 1491 2419 sit,
1506 2373 1622 2427 eumque
1643 2375 1705 2413 curn

75 2432 173 2502 itaque
193 2440 290 2486 uentre
312 2450 403 2487 rerum
424 2434 452 2487 in
474 2432 660 2503 dispertitione
682 2432 802 2485 materiae
821 2431 875 2485 dis·
909 2443 1010 2497 magna
1033 2435 1062 2480 et
1084 2432 1241 2497 perturbata
1261 2432 1392 2486 varietate
1417 2440 1445 2486 et
1468 2435 1552 2489 fluctu
1575 2445 1703 2502 motuum,

74 2511 193 2565 clusinae
208 2511 301 2565 tenuia
314 2528 332 2565 a
345 2511 451 2576 erasus,
462 2521 544 2583 atque
557 2510 668 2583 globum
680 2511 873 2575 terraciensis,
909 2513 1037 2576 tanquam
1051 2507 1145 2577 ignem
1159 2509 1263 2563 fatuum
1277 2508 1445 2564 laborantem
1460 2521 1486 2566 et
1498 2515 1704 2578 conflictantem,

74 2591 171 2643 omnia
184 2607 250 2644 reru
263 2591 298 2644 ab
317 2592 379 2660 ipsa
393 2590 537 2661 superficie
557 2597 635 2646 terrm
649 2600 677 2644 et
695 2606 825 2660 aquarum
839 2592 874 2645 sd
909 2600 959 2638 neo
974 2601 1003 2639 se
1017 2603 1034 2639 o
1048 2586 1114 2640 solis
1132 2589 1274 2658 presidiis,
1294 2589 1347 2643 nisi
1367 2606 1416 2660 per
1434 2607 1517 2659 parra
1536 2595 1632 2662 spatia,
1652 2596 1704 2649 dis-

74 2666 177 2724 ulrimg
193 2668 260 2724 coeli
278 2686 364 2741 usque
379 2670 504 2724 tenuibus
518 2670 575 2726 ,ive
597 2668 777 2740 pneumaticis
790 2670 874 2740 assig.
906 2664 984 2735 jungi
1005 2666 1192 2723 sustinentem.
1233 2667 1323 2739 Atque
1344 2675 1488 2738 postquam
1507 2672 1542 2725 ad
1563 2674 1703 2744 regionem

75 2763 168 2812 nasse,
187 2757 316 2819 tanquam
335 2749 452 2819 geminis
467 2766 556 2803 rerum
575 2748 705 2803 classibus
727 2749 873 2819 primariis,
910 2743 1025 2798 Veneris
1039 2753 1079 2799 est
1092 2754 1210 2811 ventum,
1224 2746 1321 2816 incipit
1333 2747 1453 2801 roborari
1466 2750 1592 2804 flammea
1607 2761 1704 2807 natura

75 2842 133 2882 nou
148 2827 233 2897 aequis
254 2827 368 2891 scilicet,
389 2827 438 2882 sed
456 2829 682 2883 convenientibus
695 2828 872 2898 portionibus.
909 2829 936 2876 et
949 2821 1106 2890 clarescere,
1117 2834 1144 2880 ct
1157 2826 1186 2880 in
1197 2825 1389 2897 globumbene
1400 2827 1518 2898 amplum
1529 2833 1702 2901 congregari,
1760 2889 1765 2896 ,

75 2905 179 2977 Neque
192 2922 256 2962 vero
269 2905 313 2961 vel
333 2924 406 2979 aqua
422 2908 449 2962 in
463 2908 580 2962 nubibus
593 2907 708 2973 harene,
722 2905 766 2962 rel
779 2914 874 2963 ventus
909 2903 956 2974 qni
970 2911 1061 2958 tomen
1075 2914 1103 2959 et
1117 2905 1175 2976 ipse
1196 2906 1342 2961 famulator
1361 2906 1420 2971 ⁸⁰15·
1441 2915 1469 2961 et
1488 2907 1595 2979 longino
1615 2911 1650 2964 nb
1670 2929 1703 2966 ro

75 2985 108 3040 in
123 2986 349 3041 terraconciuuua
362 2987 512 3042 naturalem
526 2994 553 3041 et
567 2988 704 3059 propriam
719 3004 807 3041 rerum
821 2988 874 3042 col.
909 2983 1034 3038 recedere
1048 2984 1184 3039 exhorret.
1226 2987 1258 3039 ln
1269 2985 1334 3040 solis
1349 2995 1438 3040 autem
1451 2988 1560 3059 regione
1571 2996 1702 3060 tanquam

74 3064 242 3120 locationem
255 3065 403 3122 confundit.
445 3068 513 3123 Hoec
530 3083 595 3122 vero
614 3066 769 3121 differentia
786 3069 874 3123 tenuis
908 3061 938 3115 in
960 3063 1030 3117 solio
1052 3064 1198 3119 collocatur
1218 3065 1343 3121 flammo:
1377 3067 1467 3120 media
1487 3067 1558 3122 inter
1578 3069 1703 3123 flammas

74 3143 122 3198 vel
147 3145 321 3214 pneumatici,
348 3152 377 3199 et
403 3146 488 3200 crassi
516 3146 559 3199 vel
585 3147 732 3217 tangibilia,
761 3147 873 3202 omnino
909 3139 1086 3209 planetarum,
1096 3144 1191 3198 fortior
1201 3145 1284 3199 etiam
1299 3154 1327 3199 et
1338 3146 1484 3199 vibrantior
1494 3164 1574 3218 quam
1586 3149 1702 3203 flamme

75 3224 264 3293 primordialis
285 3231 333 3288 est,
348 3232 376 3279 et
397 3241 430 3278 ea
450 3242 504 3296 qua
522 3226 643 3280 maxime
658 3226 741 3280 utitur
754 3233 874 3294 systema
909 3220 1025 3276 fixarum
1038 3231 1148 3293 propter
1166 3221 1297 3299 majorem
1310 3225 1520 3296 antiperistasin,
1535 3234 1561 3280 et
1575 3227 1702 3281 intensis·

75 3303 208 3357 universi.
249 3302 364 3373 Sumpta
378 3311 468 3359 autem
490 3313 531 3359 est
551 3322 588 3360 ex
608 3322 698 3359 rerum
719 3304 873 3362 conditione
909 3298 1006 3355 simam
1032 3302 1168 3358 unionem·
1210 3302 1246 3355 At
1272 3304 1382 3357 flommn
1408 3304 1437 3357 in
1462 3305 1573 3374 regione
1603 3306 1702 3360 Martis

75 3381 199 3436 omniurn
221 3381 430 3453 simplicissima,
452 3382 504 3437 hoc
524 3393 573 3450 est,
592 3384 717 3454 copiast
738 3384 873 3454 paucitate
909 3378 991 3433 etiam
1010 3381 1119 3434 robusta
1137 3382 1263 3447 cemitur,
1281 3382 1346 3437 solis
1363 3384 1528 3438 vicinitatem
1545 3384 1703 3440 rutilatione

75 3462 200 3515 materias
217 3478 267 3530 pro
284 3462 486 3532 exporrectione
505 3481 563 3520 nra.
605 3463 781 3518 Pneumatica
800 3481 873 3530 vero,
909 3457 1161 3528 reserensssediam
1175 3462 1306 3529 wiiurin
1321 3468 1348 3515 ei
1362 3480 1422 3533 (111oe
1436 3463 1700 3533 Perinitgfflmtoeli

75 3558 139 3611 quse
153 3539 199 3594 bic
213 3540 285 3611 apud
299 3557 349 3595 nos
363 3542 541 3609 inveniuntur,
551 3544 596 3615 (de
610 3543 646 3598 iis
659 3543 801 3615 loquimur,
813 3561 874 3615 qua
908 3537 1069 3594 diametrum
1087 3556 1117 3592 se
1131 3556 1148 3592 n
1160 3541 1218 3594 sole
1232 3541 1350 3612 disjungi
1368 3542 1494 3611 ponatur.
1537 3542 1569 3596 In
1589 3544 1701 3613 regione

76 3618 218 3689 simplicia
230 3627 258 3674 et
270 3621 392 3689 perfecta
406 3622 535 3687 existunt,
550 3639 605 3678 non
619 3623 769 3694 composita
783 3624 874 3678 etim·
908 3625 999 3672 outoni
1021 3616 1099 3672 Jovio
1119 3619 1230 3673 flammo
1249 3621 1447 3675 contentionem
1466 3620 1596 3691 paulatim
1617 3622 1700 3693 depo·

74 3698 198 3768 perfecte
212 3699 319 3766 mixta)
334 3707 395 3754 sunt
409 3699 489 3770 plane
508 3702 557 3757 illa
575 3703 629 3756 duo
646 3718 772 3771 corpora,
783 3700 831 3756 a'e'r
845 3710 874 3757 et
907 3713 984 3762 ΜΒ,
998 3698 1087 3768 magis
1100 3696 1208 3767 placida
1221 3699 1327 3752 Videtur
1340 3707 1368 3753 ei
1381 3699 1502 3762 candida,
1523 3716 1578 3754 non
1595 3709 1649 3755 tom
1664 3720 1701 3756 ex

75 3777 198 3833 flamma
241 3778 282 3831 Ea
304 3796 368 3832 vero
393 3788 423 3834 ut
447 3797 561 3853 corpora
582 3780 663 3851 plane
690 3780 874 3852 heterogenea
908 3784 1005 3830 natura
1018 3778 1135 3847 propria,
1150 3780 1193 3849 (ut
1207 3776 1285 3831 stella
1296 3777 1417 3843 Veneris,
1430 3778 1530 3849 quippe
1543 3780 1699 3848 ardentium)

75 3857 205 3931 ponenda
221 3864 292 3921 sunt,
309 3874 373 3922 non,
388 3867 417 3911 ut
436 3859 519 3930 vulgo
538 3867 652 3932 putatur,
673 3861 745 3930 quod
764 3860 874 3915 flamma
908 3855 957 3909 sed
970 3873 1006 3910 ex
1019 3865 1117 3910 natura
1129 3857 1292 3911 circumfusa
1310 3859 1400 3911 minus
1420 3859 1525 3911 irritata
1542 3866 1569 3913 et
1587 3876 1700 3930 exaspe-

76 3935 117 3989 nil
131 3934 205 3989 aliud
218 3936 260 4001 sit,
275 3954 356 4007 quarn
371 3937 418 3992 aiis
436 3939 571 3994 incensus.
613 3940 666 3993 llis
680 3956 744 3992 vero
761 3956 873 4009 respon.
908 3941 981 3998 rata;
1002 3934 1031 3989 in
1045 3953 1099 4008 qua
1112 3937 1222 4006 regione
1235 3936 1382 3991 verisimile
1397 3944 1439 3991 est
1451 3936 1525 4001 illud,
1541 3939 1611 4008 quod
1624 3956 1700 4008 repe-

76 4014 142 4068 dent
156 4015 185 4067 in
199 4015 381 4084 superioribus
394 4024 489 4071 natura
503 4018 621 4073 aetherea
634 4025 662 4073 et
675 4018 788 4082 siderea,
802 4018 873 4073 sicut
909 4014 944 4067 rit
966 4012 1103 4078 Galiloens,
1123 4013 1221 4069 offiium
1242 4016 1362 4085 incipere
1383 4014 1544 4080 titlitssttres
1567 4015 1630 4072 iicet
1651 4035 1704 4087 per

77 4102 105 4147 ct
117 4094 148 4148 in
162 4094 334 4149 inferioribus
349 4112 419 4166 aqua
438 4106 467 4149 ct
488 4097 585 4162 oleum,
605 4106 633 4151 et
654 4097 743 4168 magis
763 4098 792 4151 in
811 4115 873 4169 pro-
908 4091 1000 4148 stellas
1013 4094 1146 4164 parvitate
1161 4111 1209 4148 sua
1223 4094 1384 4149 invisibiles.
1432 4094 1464 4148 ln
1483 4095 1591 4150 Saturni
1609 4105 1699 4153 autem

77 4173 162 4229 fundo
180 4173 329 4228 mercurius
347 4184 375 4228 et
394 4174 515 4244 sulphur,
535 4184 562 4230 et
579 4176 742 4247 generaliter
759 4193 873 4246 corpora
906 4174 1017 4243 regione
1031 4190 1123 4228 rursus
1136 4183 1233 4228 natura
1245 4175 1362 4228 flammas
1376 4174 1480 4228 videtur
1497 4175 1622 4230 nonnihil
1640 4175 1700 4230 lan·

78 4252 162 4306 cruda
176 4261 204 4305 et
218 4253 337 4323 pinguia,
348 4253 392 4306 vel
406 4254 485 4308 aliter
498 4259 611 4325 corpora
625 4255 763 4309 flammam
777 4255 873 4310 exhor·
907 4268 1036 4324 guescere
1050 4259 1078 4306 et
1090 4252 1244 4317 hebescere,
1257 4261 1351 4323 utpote
1365 4262 1392 4306 et
1405 4271 1422 4307 a
1436 4253 1501 4307 solis
1515 4256 1625 4310 auxiliis
1639 4255 1698 4310 lon·

78 4331 166 4393 rentia
180 4340 208 4384 ct
220 4332 400 4401 concipientis
415 4332 499 4400 (sales
514 4351 578 4388 vero
594 4334 751 4403 compositae
770 4342 872 4389 naturae
908 4332 970 4401 gius
985 4338 1094 4393 remota,
1109 4340 1136 4385 et
1150 4350 1166 4384 a
1180 4331 1249 4385 coelo
1262 4332 1370 4386 stellato
1382 4333 1411 4386 in
1421 4333 1545 4403 proximo
1556 4335 1698 4390 exhortata.

79 4420 144 4465 sunt
157 4428 193 4464 ex
211 4410 334 4482 partibus
353 4412 443 4465 crudis
464 4413 546 4467 simul
565 4421 594 4466 et
611 4413 872 4483 inflammabilibus).
908 4411 1049 4466 Postremo
1060 4412 1184 4465 flammea
1192 4419 1219 4464 et
1228 4411 1333 4465 siderea
1342 4420 1446 4477 natura,
1457 4412 1583 4469 ethereae
1596 4423 1702 4469 nature

78 4490 144 4551 latae
158 4505 222 4543 vcro
235 4489 295 4544 duas
308 4506 415 4561 magnae
428 4509 517 4545 rerum
531 4492 650 4554 familiae,
665 4495 746 4546 a'e'rea
759 4498 787 4545 et
799 4491 873 4546 flam·
908 4489 1013 4552 victrix,
1028 4489 1126 4544 coelum
1140 4491 1185 4544 dat
1205 4489 1353 4555 stellatum,
1368 4508 1403 4544 ex
1420 4499 1516 4545 natura
1533 4494 1652 4548 aetherea
1671 4501 1699 4545 et

80 4586 149 4634 mea,
169 4568 314 4623 ridendum
332 4586 386 4641 qno
403 4570 504 4625 foedere
526 4571 645 4624 universi
667 4576 771 4640 partein
791 4569 874 4642 longe
909 4569 1023 4632 siderea,
1040 4569 1277 4639 (quemadmodum
1294 4569 1392 4640 globus
1407 4578 1484 4625 terne
1499 4589 1535 4627 ex
1548 4572 1700 4626 continenti
1789 4622 1796 4631 ,

80 4648 228 4702 maximam
249 4649 445 4717 occupaverint,
465 4657 493 4703 et
510 4667 578 4721 quas
597 4656 688 4719 partes
709 4649 827 4704 habeant
846 4651 873 4704 iu
909 4656 936 4703 et
951 4649 1052 4718 aquia)
1074 4648 1146 4702 varie
1168 4648 1269 4717 sparsis
1290 4650 1442 4714 conflatum,
1463 4667 1541 4704 versa
1562 4658 1652 4705 tamen
1672 4657 1700 4703 et

80 4735 235 4796 systemate.
279 4727 310 4781 ln
335 4727 398 4783 aere
426 4736 505 4784 terrae
528 4727 655 4799 proximo
676 4727 786 4781 flamma
808 4729 875 4783 vivit
909 4728 1021 4781 subacta
1035 4734 1115 4798 atque
1129 4727 1197 4781 adeo
1211 4728 1360 4783 assimilata
1370 4729 1521 4783 substantia
1533 4730 1659 4792 aetherea,
1670 4736 1700 4782 ut

81 4814 186 4860 tautum
201 4806 282 4859 vitam
295 4807 671 4871 momentaneam,etatl'atim
686 4807 766 4876 perit.
796 4806 875 4861 Post·
910 4805 1022 4860 sidereae
1035 4806 1071 4860 sit
1084 4823 1193 4877 prorsus
1213 4807 1319 4877 patiens
1336 4815 1364 4861 et
1386 4808 1562 4862 subserviens.
1604 4808 1699 4877 ltaque

80 4903 160 4957 quarn
175 4893 266 4939 autem
281 4884 329 4940 ae'r
347 4887 461 4956 eoeperit
480 4903 539 4941 esse
557 4887 593 4941 ab
614 4885 730 4940 effluviis
747 4893 818 4940 terra
831 4886 875 4940 de·
910 4892 966 4940 tres
984 4885 1154 4954 reperiuntur
1170 4902 1188 4939 a
1208 4893 1281 4939 terra
1301 4886 1335 4941 ad
1359 4887 1470 4958 fastigia
1490 4887 1550 4940 coeli
1574 4888 1700 4956 regiones

79 4965 200 5020 facetior
227 4971 254 5018 et
280 4965 349 5019 bene
377 4972 537 5029 attenuatus,
565 4974 662 5019 natura
688 4963 804 5018 flammas
827 4982 875 5035 per
911 4964 1060 5033 generales,
1075 4972 1103 5018 et
1116 4965 1168 5019 tria
1185 4974 1313 5035 tauquam
1329 4965 1458 5030 tabulata,
1473 4966 1560 5036 quoad
1578 4974 1701 5018 naturam

80 5045 168 5099 vanos
183 5061 262 5098 casus
278 5050 366 5097 tentat
385 5051 412 5097 et
431 5044 569 5115 experitur
586 5045 615 5099 in
634 5046 697 5098 aire
718 5043 874 5108 consistere,
910 5044 1073 5098 flammeam.
1114 5045 1203 5115 Regio
1218 5046 1392 5101 extinctionis
1409 5046 1540 5106 flammae3
1563 5043 1639 5115 regio
1658 5060 1701 5096 co-

80 5131 107 5178 et
127 5122 288 5194 quandoque
309 5122 426 5194 acquirit
446 5123 613 5178 durationem
633 5121 798 5188 nonnullam,
820 5139 876 5177 non
911 5123 1081 5177 adunationis
1094 5123 1225 5187 flammam
1247 5132 1275 5178 et
1292 5126 1368 5195 regio
1386 5123 1561 5193 dispersionis
1577 5123 1702 5177 flammae.

80 5221 115 5258 ex
127 5202 306 5265 successione,
321 5210 350 5256 ut
364 5201 436 5271 apud
450 5218 508 5263 nos,
522 5202 613 5256 sedin
628 5203 783 5264 identitater
805 5202 876 5271 quod
912 5202 1000 5272 Atque
1015 5202 1048 5256 dc
1062 5205 1190 5273 contiguo
1204 5210 1230 5257 et
1240 5204 1367 5257 continuo
1378 5202 1497 5272 argutari
1508 5201 1536 5253 in
1545 5200 1705 5270 corporibus

80 5283 107 5336 in
121 5280 259 5354 aliquibus
273 5281 385 5334 cometis
399 5280 589 5335 humilioribus
603 5281 638 5335 ad
649 5290 755 5351 tempus
765 5281 875 5344 obtinet,
911 5279 1037 5334 mollibus
1052 5290 1079 5333 et
1092 5281 1229 5343 fluoribus,
1240 5280 1376 5352 plebeium
1390 5280 1500 5335 omnino
1514 5280 1589 5334 foret.
1632 5280 1704 5335 illud

80 5380 139 5433 quse
154 5369 218 5415 sunt
233 5360 329 5414 mediae
343 5359 400 5413 fere
415 5368 517 5414 naturae
531 5360 601 5413 inter
621 5361 757 5414 flammam
772 5376 876 5414 succes·
912 5369 1002 5413 tamen
1023 5359 1237 5432 intelligendum,
1254 5377 1397 5413 consuesse
1416 5368 1540 5413 naturam
1559 5360 1593 5413 ad
1616 5360 1704 5430 spatia

80 5442 166 5496 airam
181 5448 209 5494 et
222 5438 432 5505 consistentemr
453 5455 507 5494 non
528 5446 617 5494 tamen
638 5440 728 5511 figitur
746 5448 792 5493 aut
811 5456 874 5493 con·
912 5438 1035 5510 quadarn
1049 5456 1098 5510 per
1111 5441 1218 5513 gradus,
1233 5439 1328 5493 deinde
1347 5438 1436 5492 subito
1452 5455 1500 5508 per
1512 5439 1597 5503 saltus
1611 5458 1705 5510 proce-
