3800 5875
59 306 111 360 Lus
126 306 161 360 ll.
674 302 816 361 NOVUM
838 304 1040 360 onsqutt.
1612 309 1669 371 475

56 463 193 534 tegrelibus,
207 479 287 534 quem
300 463 440 534 panibus:
461 462 517 520 illae
531 463 604 517 enirn
625 470 699 531 mant,
714 479 833 534 quana
874 463 920 517 ubi
934 479 1006 518 nunc
1025 461 1271 533 contemplationes
1291 461 1432 518 hominum
1449 480 1505 518 non
1523 467 1672 535 procedant

55 553 128 597 turam
141 543 240 606 uniunt,
254 552 283 597 et
294 544 458 598 constituere
471 543 599 596 scientias
613 542 755 611 incipiunt.
870 542 951 606 ultra,
965 559 1045 612 quam
1060 547 1089 594 ut
1102 549 1204 611 ponant
1218 541 1374 609 hujusmodi
1395 559 1439 596 res
1453 560 1503 613 pro
1517 547 1628 599 secretis
1642 557 1671 600 et

86 623 177 675 Vanam
189 622 218 675 in
233 621 277 676 his
294 623 404 676 omnino
418 629 460 677 εει
473 621 628 675 adhibenda
638 622 728 674 cautio
741 621 832 691 gravis
869 621 1043 692 magnalibus
1066 627 1177 685 naturae,
1200 627 1229 674 et
1249 629 1378 692 tanquam
1400 622 1620 689 incausabilibus,
1642 634 1670 679 ει

55 708 78 755 ει
88 717 186 763 serera;
206 708 235 754 ut
249 703 416 769 accipiantur
428 719 478 771 pro
492 701 635 755 instantiis
649 700 831 772 consanniius
870 715 920 768 pro
934 699 1142 768 exceptionibus
1156 699 1311 769 regularum
1325 701 1502 770 generalium.

55 789 76 832 et
84 781 284 851 proportionalis
297 780 361 843 illm,
373 797 433 849 quse
443 780 573 833 denotant
586 778 831 847 similitudinestut
911 778 1047 848 Exempla
1069 779 1264 831 instantiarum
1281 780 1477 833 inmodicarum
1494 790 1565 847 suut,
1580 782 1621 836 sol
1640 791 1669 837 et

55 860 83 910 ab
96 859 168 912 initio
190 858 321 927 diximus)
336 859 478 930 physicam
500 859 527 913 id
547 865 595 920 est,
618 857 705 912 reales
719 866 746 910 et
765 857 825 911 sub-
868 861 942 921 luna,
958 859 1028 911 iuter
1042 864 1132 920 astra3
1154 874 1275 927 magnes,
1290 858 1361 911 inter
1379 857 1503 927 lapidem
1525 871 1666 931 argentum

55 938 181 1001 candales,
195 944 222 992 ει
243 938 385 993 immersas
406 938 436 992 in
455 946 568 1001 naturae
589 952 644 990 uon
667 937 789 990 fortuitas
803 948 829 990 et
867 940 969 999 vivum,
992 937 1063 989 inter
1081 935 1211 1001 metalla3
1234 935 1355 1005 elephas,
1373 936 1444 992 inter
1461 939 1665 1010 quadrupedem

56 1017 82 1068 sd
93 1018 216 1086 speciem
237 1017 323 1071 multo
343 1018 432 1070 miuus
449 1016 651 1087 superstitiosas
673 1022 719 1068 aut
740 1016 828 1069 curio·
866 1033 964 1072 sensus
982 1014 1096 1079 veneris,
1110 1015 1182 1069 iuter
1199 1031 1301 1085 genera
1320 1023 1407 1069 tactus
1417 1038 1424 1081 ;
1447 1018 1513 1070 odor
1526 1020 1666 1075 venaticus

55 1112 96 1158 sas,
109 1095 195 1165 quales
208 1094 342 1150 naturalis
356 1097 455 1166 magice
470 1097 616 1165 scriptores
630 1091 772 1168 (homines
788 1093 828 1147 le·
866 1097 895 1150 in
918 1094 1038 1158 canibus,
1057 1094 1130 1146 inter
1150 1110 1252 1164 genera
1270 1094 1392 1147 ollactus.
1434 1094 1526 1150 Etiam
1547 1097 1566 1151 S
1585 1097 1665 1153 litera

53 1175 147 1239 rimini,
160 1183 186 1228 et
198 1175 226 1228 in
242 1176 323 1229 rebus
337 1183 392 1228 tam
406 1175 491 1237 seriis,
507 1174 601 1244 quales
620 1190 691 1227 nunc
712 1174 826 1242 agimus,
866 1178 939 1245 apud
953 1173 1153 1245 grammaticos,
1167 1171 1283 1226 liabetur
1301 1190 1350 1243 pro
1368 1174 1525 1240 monadicam
1547 1176 1582 1230 ob
1599 1177 1663 1232 iaci·

53 1254 91 1306 rix
101 1246 266 1327 nominandi)
281 1253 381 1324 ubique
397 1260 548 1317 ostentant;
569 1267 670 1322 magna
683 1253 826 1305 cumveni-
865 1254 921 1309 lem
935 1252 1168 1322 compositionem,
1188 1268 1268 1321 quarn
1284 1252 1399 1305 sustinet
1411 1269 1473 1307 cum
1487 1258 1660 1309 consonanti-

53 1342 95 1385 tate
114 1342 139 1385 et
159 1333 321 1403 desipientia
344 1333 440 1387 inanes
460 1331 651 1387 similitudines
672 1339 700 1384 et
719 1347 826 1402 sympa·
864 1334 922 1396 bus,
933 1331 1080 1403 aliquando
1088 1329 1248 1400 duplicibus,
1256 1328 1403 1399 aliquando
1411 1329 1574 1402 triplicibus;
1590 1337 1662 1406 quod

53 1410 110 1463 thies
130 1428 213 1465 renim
238 1411 429 1476 describentes,
454 1421 537 1483 atque
559 1412 640 1465 etiarn
664 1409 824 1481 quandoque
863 1410 939 1466 nulla
955 1410 1009 1465 alia
1023 1409 1104 1463 litera
1119 1409 1192 1464 iacit.
1224 1409 1337 1463 Plurimi
1352 1419 1443 1464 autem
1452 1411 1583 1469 iacienda
1597 1424 1661 1469 sunt

53 1489 198 1559 affingentes.
864 1489 1020 1558 hujusmodi
1035 1488 1178 1551 instantiis,
1193 1489 1258 1559 quia
1272 1496 1370 1542 acuunt
1383 1498 1410 1542 et
1424 1490 1560 1546 vivificant
1572 1493 1661 1563 inqui·

84 1568 172 1622 Verum
191 1568 235 1622 his
257 1568 356 1633 missis,
379 1568 461 1623 enam
480 1569 510 1624 in
531 1568 593 1638 ipsa
611 1567 824 1636 configuratione
863 1571 997 1633 altionem,
1012 1578 1040 1621 et
1056 1567 1198 1622 medentur
1221 1566 1371 1621 intellectui
1396 1568 1571 1637 depravatos
1595 1589 1660 1626 con-

52 1646 130 1699 nmdi
142 1648 168 1701 in
182 1647 338 1715 maioribus,
353 1664 408 1702 nvn
422 1654 486 1701 sunt
497 1646 668 1718 negligenda
682 1647 824 1702 instantias
862 1650 1014 1714 suetudine,
1028 1653 1055 1701 et
1065 1646 1101 1700 ab
1113 1646 1148 1701 iis
1164 1663 1223 1716 quas
1238 1647 1305 1700 tiunt
1317 1646 1484 1720 plerumque.

53 1730 195 1798 censuum
219 1725 306 1781 retiati
320 1727 422 1789 Africa,
441 1735 469 1780 et
487 1727 563 1796 regio
581 1725 741 1789 Pemriaua,
761 1743 823 1779 cum

52 1804 183 1857 emtinente
211 1821 241 1860 se
275 1806 432 1877 porrigente
460 1822 545 1876 usque
572 1805 608 1858 ad
633 1803 733 1859 fretum
760 1803 823 1858 Ma-

52 1882 201 1952 gellenicum.
240 1884 365 1955 Utraque
374 1885 448 1938 enirn
456 1885 533 1955 regio
546 1883 630 1938 habet
640 1882 743 1938 similes
757 1883 822 1937 istb·
900 1881 975 1936 Inter
997 1882 1198 1953 prerogativae
1221 1881 1418 1946 instantiarum,
1445 1898 1578 1952 ponemus
1598 1883 1660 1938 loco

52 1961 241 2026 nosetsimilia
251 1965 444 2034 promontoria,
453 1963 526 2035 quod
539 1979 594 2017 non
603 1972 704 2016 temere
714 1962 820 2017 accidit.
861 1969 955 2015 octavo
969 1962 1115 2015 instantias
1130 1960 1289 2018 deviantes,-
1311 1977 1416 2014 errores
1430 1961 1532 2016 scilicet
1544 1970 1657 2028 naturae,

84 2041 143 2094 ltem
155 2058 238 2096 novus
251 2050 280 2096 et
293 2049 370 2097 vetus
383 2043 471 2107 orbim
492 2043 521 2095 in
531 2041 645 2112 eoquod
659 2042 764 2112 utrique
778 2060 821 2096 or·
860 2049 889 2095 et
902 2057 982 2111 saga,
997 2056 1028 2093 ac
1043 2047 1182 2093 monstra:
1204 2039 1250 2092 ubi
1264 2046 1360 2093 natura
1371 2039 1488 2093 declinat
1500 2049 1528 2094 et
1541 2041 1659 2095 deflectit
1684 2038 1687 2043 ’

53 2119 183 2175 manus
193 2122 390 2190 septentriones
403 2121 452 2175 lati
463 2129 532 2185 sunt,
543 2129 570 2175 et
579 2122 743 2191 exporrecti;
765 2138 821 2175 ver·
860 2137 877 2172 a
897 2138 978 2173 ceusu
997 2119 1141 2173 ordinario.
1181 2117 1319 2172 Ditierunt
1338 2119 1411 2172 enim
1430 2135 1535 2173 errores
1555 2132 1659 2175 naturae

54 2214 88 2251 ms
99 2208 206 2255 austrum
220 2208 313 2255 autem
327 2200 433 2272 angristi
447 2206 475 2255 et
488 2200 644 2255 acuminati.
860 2199 895 2251 ab
913 2200 1056 2252 instantiis
1074 2198 1219 2251 morrvdiois
1237 2197 1266 2250 in
1282 2196 1343 2260 hoc,
1356 2198 1427 2268 quod
1440 2199 1584 2255 monadica
1604 2200 1659 2254 sint

83 2277 142 2332 ltem
161 2281 302 2334 instantia
323 2285 468 2353 conformes
487 2278 665 2333 nobilissimas
685 2285 755 2342 sunt,
775 2278 821 2332 iri-
861 2277 994 2332 miracula
1007 2277 1168 2347 specierum,
1183 2284 1212 2329 at
1225 2292 1329 2330 errores
1343 2277 1398 2330 siut
1410 2277 1541 2331 miracula
1559 2278 1659 2332 indiui-

54 2372 105 2423 gora
116 2358 216 2412 intensa
227 2358 257 2413 in
271 2359 364 2413 media
378 2359 472 2429 (quam
485 2357 595 2428 vocant)
609 2357 679 2412 aeris
693 2357 819 2429 regione3
862 2357 984 2411 duorum.
1026 2355 1130 2410 Similis
1144 2363 1233 2409 autem
1249 2355 1305 2408 iere
1320 2363 1383 2408 sunt
1402 2373 1482 2420 usus3
1504 2357 1568 2427 quia
1581 2358 1659 2411 recti·

53 2444 74 2486 st
84 2435 151 2504 ignee
162 2438 295 2502 acerrimi,
311 2436 358 2509 qui
371 2453 444 2509 saepe
461 2437 632 2507 reperiuntur
649 2444 821 2506 erumpentes
861 2437 942 2490 licant
958 2435 1125 2489 intellectum
1138 2434 1266 2487 adversus
1279 2443 1414 2498 consueta,
1430 2442 1458 2488 et
1468 2435 1590 2490 revelant
1603 2436 1658 2491 ior·

54 2530 82 2567 er
95 2514 153 2570 lvcis
162 2517 360 2581 subterraneim
382 2533 443 2586 quta
456 2516 516 2571 duas
529 2533 573 2570 res
586 2522 649 2570 mint
661 2515 821 2571 ultimitates
860 2532 920 2569 mas
934 2529 1100 2568 communes.
1141 2514 1240 2583 Neque
1256 2513 1366 2567 enimin
1377 2513 1422 2567 his
1433 2515 1515 2568 etiam
1527 2515 1658 2570 desisten-

54 2598 205 2660 etextrema;
227 2603 333 2650 naturae
346 2595 450 2649 seilicet
470 2595 564 2666 frigidi
577 2611 670 2649 versus
690 2595 820 2650 ambitum
861 2594 975 2648 dumah
993 2592 1176 2664 inquisitione,
1193 2592 1278 2647 donec
1296 2593 1447 2648 inveniatur
1464 2611 1545 2648 causa
1562 2593 1657 2664 huius·

54 2671 108 2735 tob,
120 2682 144 2727 et
153 2682 253 2730 naturae
266 2674 350 2729 calidi
364 2690 458 2728 versus
472 2676 577 2728 viscera
590 2681 686 2737 terrae3
707 2690 756 2743 per
774 2691 821 2728 aa·
861 2673 935 2726 modi
963 2671 1162 2727 declinationis.
1203 2673 1389 2728 Veruntamen
1416 2690 1498 2728 causa
1525 2673 1571 2727 illa
1602 2690 1657 2729 non

55 2750 272 2819 indamnatos
287 2754 464 2824 rejectionem
475 2760 578 2808 namtas
591 2753 740 2807 contraria.
857 2753 971 2825 exurgit
986 2754 1020 2807 ad
1035 2755 1149 2807 formam
1163 2751 1282 2822 aliquam
1301 2753 1417 2822 proprie,
1436 2753 1483 2807 sed
1503 2760 1605 2807 tantum
1622 2753 1657 2807 ad

84 2829 208 2888 Postremo
221 2841 314 2888 sutem
334 2833 363 2886 iu
376 2833 559 2888 axiomatibus
578 2832 761 2898 scientiansm,
774 2848 822 2889 no-
861 2834 985 2888 Iatentem
1007 2850 1160 2905 praessum
1188 2832 1222 2884 ad
1251 2832 1372 2885 formam.
1421 2831 1472 2892 Qui
1500 2832 1572 2885 enim
1597 2832 1659 2887 rias

55 2914 99 2963 tatu
118 2910 191 2983 digua
216 2919 259 2968 εει
282 2914 457 2988 conformitas
482 2913 688 2969 instantiarum.
730 2913 821 2970 Veluti
859 2921 963 2968 naturae
975 2912 1087 2977 noverit,
1101 2912 1126 2967 is
1139 2911 1304 2966 deviationes
1318 2910 1400 2966 ctiam
1414 2910 1519 2966 facilius
1534 2910 1657 2965 observa·

54 2994 127 3059 tttpm
137 2991 280 3056 rhetorica,
294 2994 341 3065 qui
354 2994 453 3047 dicitur
462 3003 564 3064 preter
574 3002 748 3065 aspectatum,
759 3011 821 3048 cou-
859 2992 907 3047 bit.
947 2992 986 3046 At
998 3008 1097 3056 rursus,
1109 2992 1156 3063 qui
1170 2991 1335 3045 deviationes
1348 2991 1495 3056 noveritis
1506 2991 1658 3046 accuratius

56 3066 130 3125 lamis
141 3079 178 3128 est
190 3082 268 3142 tropo
283 3074 403 3137 musica,
417 3074 464 3143 qui
480 3081 593 3127 vocatur
611 3074 757 3127 declinatio
774 3090 820 3127 ca·
860 3071 918 3126 rias
930 3065 1074 3126 discribet.

56 3147 141 3204 tentr’s.
179 3152 319 3217 Similiter,
346 3152 513 3222 postulatum
538 3150 767 3218 mathematicum,
791 3159 822 3208 ut
899 3151 988 3223 Atque
1002 3152 1030 3204 in
1043 3149 1092 3205 illo
1105 3149 1231 3204 differunt
1241 3149 1324 3203 etiarn
1337 3148 1372 3202 ab
1383 3150 1529 3203 instantias
1539 3150 1656 3203 monodi-

1220 1787 1298 1826 xxix.

56 3229 187 3294 quotidem
204 3234 285 3285 tertio
305 3231 421 3302 aqualia
439 3241 510 3296 sunt,
529 3234 610 3285 etiam
629 3233 699 3285 inter
716 3249 745 3287 se
765 3234 821 3286 sint
861 3231 910 3294 cie,
924 3230 996 3301 quod
1013 3229 1205 3299 multomagis
1223 3230 1356 3282 instruant
1376 3229 1475 3298 prexia
1496 3237 1523 3282 et
1543 3229 1658 3299 operati-

56 3307 156 3375 eqsalia,
178 3309 316 3365 conforme
340 3316 382 3365 est
406 3327 468 3366 cum
492 3310 595 3365 fabrica
617 3309 769 3382 syllogismi
793 3312 822 3365 in
861 3326 932 3364 vam.
973 3311 1048 3365 Nam
1062 3325 1145 3363 novas
1159 3307 1266 3378 species
1280 3324 1411 3377 generare
1430 3308 1543 3361 arduum
1562 3308 1655 3362 admo·

56 3379 138 3452 lii'ifflt
167 3389 212 3459 qui
239 3390 303 3443 unit
329 3406 371 3454 ea,
397 3407 458 3461 quea
481 3390 644 3444 conveniunt
666 3390 695 3444 in
722 3391 820 3446 medio.
861 3388 926 3443 dum
947 3389 1031 3452 forcti
1052 3396 1082 3441 at
1102 3388 1207 3457 species
1228 3397 1305 3440 notas
1327 3387 1440 3451 variare,
1458 3394 1490 3442 >et
1508 3388 1571 3441 iude
1594 3404 1657 3441 rara

55 3458 155 3536 Denique
168 3467 279 3523 multum
292 3468 369 3523 utilis
379 3468 674 3540 estiuquamplurimis
686 3469 822 3539 sagacitas
861 3467 948 3523 multa
956 3485 987 3521 ac
995 3467 1125 3521 inusitate
1133 3467 1289 3538 producere,
1300 3466 1391 3520 miuus
1399 3467 1519 3520 mount.
1553 3467 1656 3521 Facilis

56 3542 154 3608 quadam
166 3546 192 3600 in
204 3546 399 3617 conquirendis
413 3555 441 3603 et
456 3547 618 3620 indagandis
630 3547 822 3603 conformitati·
861 3556 953 3601 autem
966 3547 1095 3601 transitus
1109 3556 1150 3599 est
1164 3563 1180 3600 a
1198 3545 1336 3600 miraculis
1353 3554 1455 3599 natura
1472 3546 1507 3599 ad
1524 3545 1657 3600 miracula

56 3615 99 3684 ltus,
110 3629 133 3676 et
143 3624 365 3681 similitudinibus
379 3626 509 3697 physicis.
861 3626 935 3680 artis.
978 3626 1007 3679 Si
1023 3627 1094 3680 enim
1109 3624 1327 3695 deprehendatur
1340 3624 1425 3679 semel
1438 3634 1536 3679 natura
1548 3625 1577 3678 in
1586 3626 1658 3679 rari-

862 3704 953 3759 stivne
968 3721 1027 3767 sua,
1038 3705 1150 3776 ejusque
1164 3706 1233 3759 ratio
1242 3704 1386 3758 manifesta
1397 3704 1486 3767 luerit,
1498 3704 1658 3774 expeditum

862 3784 914 3838 erit
927 3801 962 3838 eo
975 3784 1108 3838 deducere
1122 3793 1248 3837 naturam
1260 3800 1310 3853 per
1324 3790 1417 3846 artem,
1432 3800 1486 3853 quo
1499 3800 1549 3853 per
1562 3800 1658 3839 casum

85 3851 348 3935 latsrpraeragativae
358 3863 557 3926 distantiarum,
568 3877 699 3931 ponemus
707 3861 823 3931 septimo
861 3862 1034 3917 aberraverit.
1075 3864 1173 3933 Neque
1199 3863 1286 3916 solum
1312 3879 1352 3925 eo,
1380 3862 1429 3916 sed
1455 3870 1483 3915 et
1508 3861 1659 3929 aliorsums

57 3926 245 4019 maturantes
258 3942 432 4009 manodieaes
456 3958 524 4013 quas
543 3942 627 3996 etiam
648 3941 822 4013 irregulares,
861 3958 923 3996 cum
946 3958 1050 3996 errores
1077 3959 1113 3995 ex
1139 3958 1193 3995 uua
1215 3950 1291 4009 parte
1312 3949 1462 3995 monstrent
1484 3949 1512 3994 et
1533 3942 1658 4012 aperiant

57 4023 100 4063 tlte
114 4014 271 4075 idemtitas
293 4022 415 4092 (sumpto
432 4019 563 4076 vocabulo
583 4036 601 4074 a
618 4019 821 4088 Grammaticis)
861 4020 934 4075 riam
953 4022 988 4074 ad
1004 4037 1109 4075 errores
1131 4028 1159 4073 st
1179 4020 1345 4074 deflexiones
1369 4020 1557 4091 undequaque.
1600 4021 1658 4076 Hic

57 4091 167 4158 ‘stellare
188 4099 386 4155 consuevimus.
427 4099 476 4154 Ere
498 4106 568 4162 sunt,
592 4116 652 4171 quas
679 4099 823 4155 ostendunt
861 4117 926 4154 vero
953 4100 1086 4170 exemplis
1112 4115 1168 4153 non
1193 4106 1236 4153 est
1262 4116 1338 4168 opus,
1365 4109 1477 4170 propter
1509 4100 1658 4155 eorundem

57 4176 182 4254 {orporsin
196 4185 340 4243 concretoe
363 4196 424 4250 quta
438 4178 563 4233 ridentur
572 4195 631 4233 esse
645 4185 823 4250 extravagau·
861 4181 977 4250 copiam.
1020 4179 1155 4233 Facienda
1168 4178 1241 4233 enim
1257 4187 1297 4232 εει
1310 4179 1451 4250 congeries
1465 4179 1522 4233 sive
1539 4178 1658 4237 historia

57 4251 90 4310 Μ,
101 4258 125 4303 tt
136 4256 207 4325 quasi
221 4258 338 4328 abrupta
351 4257 381 4312 in
394 4266 496 4320 natura,
510 4265 537 4312 et
554 4257 666 4312 minime
677 4259 822 4312 convenire
861 4258 992 4313 naturalis
1006 4258 1175 4328 particularis
1194 4257 1316 4312 omnium
1336 4267 1522 4324 monstrorum,
1543 4269 1572 4315 et
1591 4279 1659 4333 par·

56 4330 165 4387 tanati.
178 4336 256 4392 rebus
270 4337 393 4405 ejusdem
406 4338 521 4408 generis.
561 4336 670 4391 Etenim
681 4337 822 4394 instantia
862 4345 936 4393 tuum
956 4346 1060 4392 natura
1080 4337 1317 4408 prodigiosorume
1338 4339 1427 4392 omnis
1446 4340 1562 4410 denique
1581 4344 1656 4396 nori-

55 4410 247 4493 tttstrneesunt
265 4416 370 4471 similes
387 4415 513 4481 alterium
535 4422 564 4470 at
582 4418 723 4472 instantias
736 4434 822 4471 mona-
862 4418 931 4482 tatis,
946 4425 974 4471 et
987 4417 1113 4481 raritatis,
1128 4426 1155 4470 et
1170 4418 1320 4472 inconsueti
1330 4417 1359 4471 in
1369 4425 1475 4473 natura.
1515 4420 1577 4474 Hoc
1590 4438 1658 4475 vero

56 4480 228 4548 dumnotini
242 4495 356 4550 similes.
399 4495 471 4550 Usus
484 4512 549 4550 vero
564 4496 756 4550 instantiarum
769 4515 822 4549 ma-
861 4495 1014 4551 iacieudum
1034 4504 1076 4549 est
1095 4513 1156 4550 cum
1175 4497 1348 4550 severissimo
1365 4496 1479 4561 delectu,
1501 4506 1531 4553 ut
1550 4507 1656 4556 constet

56 4563 235 4650 ”timerent
248 4574 319 4640 talis,
334 4574 422 4645 qualis
436 4582 478 4629 est
491 4575 683 4630 instantiarum
700 4576 822 4631 clandes-
860 4575 936 4631 fides.
977 4575 1100 4630 Maxime
1115 4582 1205 4630 autem
1225 4574 1352 4630 habenda
1371 4584 1434 4630 suut
1447 4594 1498 4647 pro
1512 4580 1655 4650 suspectis,

57 4647 167 4733 ‘Qut
186 4652 235 4707 via
250 4654 285 4707 ad
304 4653 472 4709 evehendum
487 4663 516 4708 et
534 4654 681 4708 uniendam
698 4661 822 4711 naturam
861 4671 922 4725 qua
940 4655 1060 4726 pendent
1079 4655 1317 4726 quomodocunque
1335 4672 1353 4709 a
1369 4656 1518 4729 religiones
1543 4667 1575 4712 ut
1594 4675 1655 4728 pro-

56 4717 236 4785 ιἆῑιιιιιίειιιιε
249 4749 360 4803 genera,
374 4734 430 4787 sire
448 4749 603 4788 communes
616 4741 736 4798 naturas,
750 4732 821 4787 limi·
860 4734 935 4805 digia
949 4733 1037 4788 Liviic
1059 4749 1109 4787 nec
1128 4734 1225 4797 minus,
1245 4752 1307 4805 quae
1326 4735 1501 4790 inveniuntur
1513 4737 1548 4791 iu
1567 4739 1653 4808 scrip·

56 4798 230 4890 &imputes
248 4828 297 4882 per
315 4812 482 4866 differentias
500 4828 588 4867 veras.
629 4814 728 4883 Neque
747 4814 822 4868 enirn
860 4814 963 4868 toribus
984 4813 1083 4882 magia
1105 4812 1245 4876 naturalis,
1269 4822 1316 4868 aut
1341 4816 1425 4870 etiam
1452 4815 1601 4880 alchemiae,
1626 4825 1654 4871 ει

57 4873 209 4969 dentientium
231 4891 267 4944 ab
284 4891 468 4963 inquisitione,
486 4891 573 4946 donec
594 4891 773 4962 proprietates
795 4900 823 4947 et
859 4891 1015 4960 hujusmodi
1035 4891 1205 4956 hominibus;
1233 4893 1279 4962 qui
1298 4900 1427 4965 tauquam
1449 4895 1525 4965 proci
1546 4903 1608 4948 sunt
1626 4903 1654 4950 et

57 4956 185 5030 qualitates,
195 4985 256 5038 qua
269 4970 441 5024 inveniuntur
453 4970 483 5024 in
496 4970 652 5040 hujusmodi
661 4971 749 5035 rebus,
761 4990 821 5042 qus)
859 4980 994 5026 amatores
1008 4969 1167 5027 tabularum.
1208 4971 1262 5026 Sed
1282 4972 1464 5043 depromenda
1481 4981 1543 5028 sunt
1555 4973 1605 5028 illa
1617 4993 1653 5030 ex

57 5046 148 5099 lm&
159 5048 259 5101 censeri
272 5065 322 5120 pro
335 5048 474 5104 miraculis
491 5057 603 5113 naturae,
617 5049 777 5104 reducantur
793 5060 822 5105 et
859 5051 937 5123 gravi
950 5058 978 5105 et
991 5051 1045 5104 fida
1058 5050 1178 5116 historia,
1191 5057 1219 5105 et
1232 5051 1415 5108 auditionibus
1429 5054 1517 5107 certis.

57 5119 290 5204 totttttteltendantur
302 5128 353 5182 sub
366 5128 458 5198 aliqua
470 5129 559 5183 forma
574 5130 631 5183 sire
650 5128 713 5200 legs
731 5137 820 5185 certa:

55 5197 79 5242 ut
96 5201 265 5270 rneguleritas
286 5208 342 5261 sire
365 5207 541 5277 singularitas
563 5209 651 5263 omnis
672 5209 822 5279 reperiatur

56 5274 152 5333 panim
165 5281 199 5334 ab
211 5282 300 5354 eliqua
316 5286 564 5351 tormacommuni3
584 5287 746 5343 miraculum
756 5304 822 5343 vero
899 5286 975 5341 luter
994 5289 1196 5360 prerogativae
1222 5289 1422 5352 instantiarum,
1445 5304 1577 5357 ponemus
1593 5289 1654 5345 loco

379 3765 480 3804 nunt.

1223 5192 1291 5232 111.

57 5344 154 5409 ilicinis
167 5362 273 5418 madens
286 5363 453 5420 solummodo
465 5366 495 5420 in
509 5366 669 5423 differentiis
679 5369 820 5433 accuratis,
858 5382 930 5420 nono
954 5367 1101 5422 instantias
1126 5369 1290 5428 limitantsss
1312 5385 1380 5439 quas
1402 5369 1483 5421 etiam
1499 5371 1654 5440 participia

58 5431 169 5503 “inlu
184 5445 211 5495 et
227 5457 361 5501 mucuns
376 5460 446 5511 raro,
465 5451 493 5500 et
510 5461 565 5501 non
583 5446 613 5502 in
630 5446 693 5519 ipsa
708 5447 820 5518 specie:
858 5462 956 5503 vocare
970 5447 1173 5508 consuevimus.
1213 5447 1341 5504 Basaro
1357 5453 1428 5512 suut,
1444 5464 1504 5518 quea
1524 5449 1656 5506 exhibent
