3800 5875
204 293 263 350 396
716 294 766 350 ΒΕ
788 293 1013 350 AUGMENTIS
1034 291 1310 349 semirutarum.
1680 290 1745 346 Lis.
1760 292 1822 348 vlt.

204 454 312 519 suerint,
327 462 427 526 magna
447 453 591 519 inducitur,
610 454 639 507 in
662 453 860 523 progressionis
878 470 993 519 summa,
1032 458 1059 506 et
1073 451 1187 521 positim
1201 458 1364 522 supponunt
1396 450 1441 506 Sic
1455 450 1528 504 enim
1537 448 1725 504 Machiavello
1737 451 1826 505 dicere

202 532 318 608 jactura.
1032 530 1129 601 placet,
1145 530 1253 592 “Quod
1271 531 1295 584 si
1316 530 1475 603 contigisset
1488 529 1627 584 Caesarem
1641 528 1716 583 bello
1736 546 1828 600 snper·

245 613 398 668 Secundum
412 613 470 676 erit,
486 619 516 666 ut
529 612 564 667 ad
578 612 756 667 exercendam
770 608 925 665 facultatem
946 611 993 664 ali·
1032 616 1106 664 atum
1127 608 1220 675 fuisse,
1242 609 1364 664 Catilina
1385 610 1446 679 ipso
1466 609 1563 664 inisset
1583 608 1733 663 odiosior:”
1749 610 1827 680 qnasi

205 702 295 763 quam,
309 710 364 763 quo
377 692 487 747 habitus
504 699 683 761 comparetur,
698 691 752 745 duo
772 690 907 759 imprimis
928 698 995 744 tem·
1032 706 1097 743 vero
1110 687 1180 742 nihil
1193 688 1369 754 interfuisset,
1383 698 1481 759 praeter
1494 688 1630 743 fortunam
1645 687 1741 752 solam,
1755 689 1829 759 inter

204 787 272 839 pore
285 771 477 827 observentur:
499 771 623 835 alterum,
641 770 750 842 quando
767 769 873 823 animus
892 770 994 839 optime
1032 767 1131 822 iuriam
1146 768 1290 838 quandam,
1304 786 1340 822 ex
1354 767 1467 823 libidine
1481 774 1510 821 et
1524 768 1658 839 sanguine
1672 768 1828 834 conflatam,
1885 788 1886 799 ι

204 849 287 904 tuerit
301 851 335 904 ad
349 868 405 905 rem
419 851 578 919 dispositum
600 850 721 913 alterurn,
734 847 842 922 quando
859 850 993 918 pessimee
1032 856 1112 918 atque
1126 847 1247 901 animum
1261 848 1406 911 excelsum,
1422 855 1449 901 et
1466 847 1537 901 inter
1550 847 1677 902 homines
1690 847 1830 902 naturales

204 938 235 983 ut
254 948 289 984 ex
310 931 407 1000 priore,
431 930 575 1000 plurimum
597 929 691 983 invia
713 944 936 999 promoveamus:
959 945 994 983 ex
1032 926 1151 981 maxime
1159 927 1280 981 omnium
1292 927 1327 997 (si
1339 926 1451 981 ambitio
1459 926 1605 993 abfuisset)
1615 927 1830 997 suspiciendum.

204 1009 353 1077 posteriore
368 1009 452 1064 nodos
467 1010 612 1079 obicesque
628 1009 712 1062 animi
731 1008 904 1061 contentione
925 1016 993 1062 stre-
1033 1005 1164 1060 Videmus
1178 1006 1261 1059 etiam
1278 1022 1314 1061 ex
1334 1005 1387 1060 boe
1407 1006 1475 1077 ipso,
1490 1023 1573 1076 quam
1587 1007 1773 1061 necessarium
1786 1008 1829 1072 sit,

204 1104 259 1141 nua
271 1089 430 1152 deteramus,
444 1088 515 1143 unde
529 1096 651 1158 tempora
660 1088 748 1142 media
759 1086 837 1142 facile
849 1094 876 1140 et
888 1085 993 1157 placide
1032 1085 1300 1141 hominesdoctrinas
1307 1086 1368 1156 pias
1377 1094 1404 1139 et
1414 1085 1525 1150 ethicas,
1532 1094 1680 1157 antequam
1689 1084 1833 1155 politicam

204 1166 337 1221 labentur.
1032 1164 1184 1235 degustent,
1199 1164 1288 1234 plenis
1307 1164 1431 1219 faucibus
1452 1164 1580 1219 haurire:
1601 1166 1744 1229 nimirum,
1758 1166 1831 1236 quod

244 1246 363 1302 Tertium
383 1248 436 1300 erit
458 1246 526 1301 illud
547 1254 718 1317 preceptum
740 1246 817 1313 cuins
836 1244 994 1299 Aristoteles
1033 1244 1079 1313 qni
1093 1244 1123 1297 in
1136 1243 1206 1298 aulis
1218 1244 1380 1315 principum,
1389 1244 1541 1315 etnegotiis
1551 1242 1719 1309 civilibusa
1730 1246 1831 1300 teneris

204 1325 291 1379 obiter
314 1327 450 1391 meminit;
474 1327 542 1380 “Ut
563 1327 627 1380 totis
647 1326 749 1380 viribus
758 1326 775 1351 ''
799 1325 880 1396 (citra
903 1332 994 1379 tamen
1033 1319 1080 1397 (ut
1102 1322 1190 1393 aiunt)
1210 1323 1364 1395 unguiculis
1385 1322 1507 1377 innutriti
1524 1330 1594 1387 sunt,
1610 1341 1756 1394 nunquam
1773 1325 1830 1379 iere

204 1405 311 1472 vitium)
338 1412 353 1436 “
367 1406 486 1459 nitamur
513 1406 542 1459 in
569 1406 732 1460 contrarium
759 1403 841 1468 illius,
863 1403 897 1456 ad
921 1405 994 1474 quod
1032 1403 1167 1456 sinceram
1180 1409 1209 1456 et
1220 1403 1357 1457 internam
1371 1419 1477 1457 morum
1498 1403 1662 1473 probitatem
1682 1420 1832 1475 assequan-

204 1493 297 1537 natura
307 1487 426 1539 maxime
439 1484 637 1555 impellimur:”
653 1485 722 1539 siem
735 1501 796 1538 cum
811 1485 838 1538 in
852 1483 994 1538 adversum
1033 1488 1095 1535 tur:
1117 1488 1218 1552 quanto
1231 1482 1321 1537 minua
1334 1482 1359 1536 si
1373 1483 1518 1537 accesserit
1531 1482 1615 1536 etiam
1628 1481 1764 1537 librorum
1778 1483 1832 1537 dis-
1885 1480 1886 1511 ⁴

203 1565 319 1633 gurgitis
343 1566 526 1634 remigamus;
555 1572 603 1619 aut
634 1562 761 1618 baculum
788 1564 937 1627 incurvum,
964 1571 995 1618 ut
1032 1558 1157 1630 ciptinat
1179 1560 1273 1626 Porro,
1297 1569 1326 1615 et
1345 1561 1375 1614 iu
1395 1561 1565 1615 documentis
1582 1562 1653 1632 ipsis
1671 1562 1830 1627 moralibus,
1885 1598 1886 1603 κ

204 1651 306 1697 rectum
317 1645 370 1708 fiat,
381 1644 410 1698 in
424 1645 587 1697 contrarium
601 1644 746 1698 flectimus.
1032 1639 1077 1693 vel
1090 1640 1187 1694 saltem
1200 1639 1335 1711 aliquibus
1349 1656 1449 1705 eorum,
1464 1657 1554 1695 annon
1568 1641 1659 1695 cautio
1673 1641 1778 1711 pariter
1789 1652 1832 1697 est
1885 1676 1886 1715 ,

242 1722 371 1782 Quartum
384 1731 547 1793 preceptum
557 1740 592 1777 ex
600 1723 648 1777 illo
658 1723 793 1777 axiomate
807 1721 914 1791 pendet,
922 1721 994 1792 qnod
1033 1717 1194 1784 adhibenda,
1208 1736 1243 1774 ne
1264 1720 1328 1775 inde
1345 1719 1412 1775 fiant
1430 1720 1557 1774 homines
1575 1721 1740 1790 pertinaces,
1761 1739 1832 1776 arro·

202 1802 371 1859 verissimum
398 1810 455 1866 est;
484 1803 606 1856 animum
634 1802 668 1855 ad
695 1817 861 1873 quacunque
888 1800 995 1855 felicius
1033 1806 1135 1868 gentes,
1149 1806 1178 1852 et
1190 1798 1385 1853 insociabiles?
1404 1798 1489 1854 Juxta
1502 1798 1569 1854 illud
1583 1798 1729 1854 Ciceronis
1743 1801 1778 1854 dc
1791 1802 1831 1855 M.
1885 1838 1886 1847 .

203 1881 274 1934 trahi
293 1889 322 1935 et
339 1883 456 1944 suavius,
480 1882 503 1935 si
524 1880 669 1952 illudque
692 1881 834 1943 tendimus,
858 1880 886 1933 in
907 1882 995 1933 inten·
1034 1876 1156 1931 Catone:
1178 1884 1194 1909 ‘⁴
1209 1879 1277 1933 Hrec
1290 1879 1369 1943 bona,
1389 1896 1450 1950 qum
1463 1879 1593 1944 ridemus,
1607 1878 1704 1933 divina
1717 1889 1746 1934 et
1758 1898 1833 1952 egre
1885 1950 1886 1953 Ἴ

203 1959 275 2013 tione
290 1960 488 2030 operantisnon
499 1959 534 2013 sit
547 1959 706 2030 principale,
716 1959 764 2013 sed
778 1966 907 2030 tanquam
921 1958 995 2013 aliud
1033 1957 1088 2028 gia,
1102 1957 1190 2027 ipsius
1211 1957 1306 2013 scitote
1326 1973 1386 2012 esse
1404 1958 1533 2029 propria:
1554 1976 1617 2030 quae
1634 1975 1833 2030 nonnunquam
1885 2012 1886 2017 ,

203 2039 309 2109 agendo
320 2046 478 2109 superetur3
494 2039 621 2110 quoniam
634 2040 673 2093 ita
684 2040 736 2093 tert
745 2047 849 2104 natura,
860 2047 891 2092 ιιι
903 2054 996 2105 neces·
1034 2036 1203 2106 requirimus,
1215 2054 1248 2090 ea
1257 2045 1319 2091 sunt
1331 2039 1423 2092 omnia
1432 2054 1513 2092 nona
1526 2047 1630 2102 natura,
1643 2039 1694 2093 sed
1704 2055 1722 2093 a
1732 2040 1834 2111 magis·

202 2118 309 2172 ritatem
329 2126 357 2172 et
373 2118 519 2188 imperium
533 2117 628 2172 durum
646 2120 731 2173 tenne
745 2117 840 2172 oderit.
881 2117 950 2172 Sunt
970 2126 996 2171 et
1035 2115 1111 2170 tris.”
1153 2115 1222 2171 Sunt
1235 2123 1263 2170 et
1282 2118 1419 2171 axiomata
1432 2116 1487 2171 alia
1500 2118 1649 2187 complura,
1665 2118 1701 2172 de
1714 2119 1758 2183 iis,
1772 2137 1835 2190 qne

203 2195 257 2250 alia
270 2197 361 2262 multa,
377 2215 438 2267 quse
447 2197 550 2251 utiliter
563 2198 674 2269 praecipi
689 2198 800 2267 possint,
814 2197 848 2251 de
862 2196 995 2267 regimine
1033 2211 1051 2247 a
1073 2194 1169 2249 studiis
1194 2204 1222 2249 et
1242 2196 1320 2251 libris
1337 2196 1480 2251 hominum
1502 2197 1601 2251 animis
1626 2197 1835 2269 ingenerantur.

203 2277 420 2343 consuetudinis,
441 2277 608 2331 consuetudo
633 2278 714 2341 enim,
742 2276 767 2330 si
793 2277 939 2346 prudenter
967 2282 996 2330 et
1034 2273 1135 2329 Verum
1149 2283 1191 2329 est
1208 2276 1281 2329 enim
1296 2276 1368 2347 quod
1388 2276 1455 2330 dicit
1465 2276 1521 2342 ille,
1537 2280 1554 2309 ‘⁴
1569 2275 1683 2330 Abeunt
1696 2279 1787 2332 studia
1804 2280 1835 2333 in

203 2354 290 2424 perite
307 2355 457 2421 inducatur,
472 2357 502 2409 fit
520 2373 615 2411 revera
628 2353 675 2430 (ut
687 2356 769 2426 vulgo
785 2355 896 2423 dicitur)
911 2356 996 2409 altera
1034 2370 1123 2408 mores
1137 2355 1163 2407 θ’
1185 2354 1258 2425 quod
1278 2355 1380 2426 pariter
1394 2356 1583 2410 affirmandum
1597 2356 1632 2410 de
1647 2359 1759 2412 caeteris
1777 2356 1836 2412 illis

202 2441 316 2487 natura:
338 2436 410 2507 quod
428 2435 452 2490 si
471 2435 594 2506 imperite
611 2445 637 2490 et
657 2435 768 2490 fortuito
786 2435 995 2500 administretur,
1034 2434 1121 2499 rebus,
1143 2434 1276 2500 convictu,
1300 2435 1381 2500 fama,
1402 2434 1509 2506 legibus
1532 2435 1638 2506 patriis,
1660 2445 1691 2490 et
1711 2436 1834 2508 reliquia,

202 2513 253 2567 erit
276 2521 405 2584 tauquam
425 2514 506 2568 simia
529 2521 640 2581 nattrrae,
667 2532 728 2587 quae
750 2513 822 2570 nihil
849 2514 996 2570 advirum
1035 2528 1102 2583 quas
1116 2511 1274 2583 psnloante
1287 2514 1481 2570 recensuimus.

202 2592 331 2658 imitetur,
342 2594 390 2647 sed
404 2594 499 2649 inscite
515 2602 618 2649 tanum
629 2603 657 2649 et
670 2594 834 2649 deformiter.
1074 2591 1209 2647 Oretemm
1224 2594 1307 2647 animi
1321 2593 1445 2665 quasdam
1464 2601 1507 2649 est
1527 2594 1643 2658 cultura,
1658 2612 1723 2666 quar
1742 2594 1836 2650 adhue

241 2671 450 2728 Similiterside
461 2674 546 2740 libris,
555 2682 582 2728 et
591 2672 996 2745 studiis,eorumqneadmores
1033 2672 1123 2742 magis
1141 2680 1267 2727 accurata
1284 2680 1310 2727 et
1325 2672 1464 2728 elaborata
1476 2673 1591 2739 ridetur,
1606 2690 1691 2744 quam
1711 2674 1836 2746 reliqum.

202 2749 300 2806 virtuts
310 2760 339 2807 et
352 2753 500 2819 influentia,
511 2754 593 2808 verba
608 2753 852 2818 tacerevellemus3
866 2767 996 2806 numnam
1034 2752 1140 2806 Nititur
1152 2760 1246 2807 autern
1259 2752 1311 2806 hoc
1326 2753 1520 2809 fundamento:
1542 2753 1614 2824 quod
1626 2754 1751 2809 omnium
1765 2772 1838 2810 mor·

202 2830 300 2885 desunt
320 2831 437 2902 plurima
460 2841 595 2905 precepta
617 2840 645 2888 et
666 2833 780 2888 consilia
801 2833 948 2895 fructuosa,
963 2846 996 2885 eo
1034 2829 1128 2884 talium
1139 2832 1232 2896 animi,
1247 2832 1327 2887 certis
1340 2833 1516 2903 temporibus,
1530 2832 1705 2904 reperiantur
1717 2834 1748 2888 in
1761 2842 1837 2889 statu

201 2911 371 2980 spectantia?
400 2912 498 2968 Annon
518 2930 588 2969 unm
607 2930 642 2969 ex
661 2913 790 2985 patribus,
810 2928 910 2983 magna
934 2927 996 2965 cum
1034 2910 1212 2981 perfectiore3
1233 2910 1302 2978 aliis,
1318 2912 1347 2967 in
1361 2921 1434 2968 statu
1448 2913 1537 2985 magis
1550 2912 1710 2984 depravato
1742 2914 1837 2984 Hujus

202 2990 393 3061 indignatione,
404 2993 509 3062 po'e'sim
520 2993 668 3064 appellavit
682 3000 699 3026 ‘⁴
709 2992 994 3054 unumoaemonumr’
1034 2990 1117 3061 igitur
1130 2991 1241 3046 culturae
1257 2992 1374 3047 intentio
1387 2993 1470 3048 inerit
1482 3000 1511 3047 et
1528 2993 1694 3060 institutum,
1713 3001 1745 3048 ut
1762 2995 1838 3049 bona

201 3086 262 3124 cum
276 3088 371 3126 revera
389 3073 534 3144 progignat
555 3073 688 3143 plurimae
709 3072 878 3136 tentationes,
893 3070 996 3141 cupidi-
1034 3069 1082 3123 illa
1109 3078 1230 3141 tempora
1253 3072 1410 3137 foveantur,
1439 3088 1522 3144 prava
1546 3090 1612 3127 vero
1639 3081 1773 3145 tanquam
1801 3091 1839 3130 ex

202 3155 270 3204 tates
285 3157 312 3204 et
325 3152 466 3221 opiniones
479 3154 584 3207 vanari
605 3152 703 3207 Annon
716 3152 833 3223 prudens
842 3151 995 3215 admodum,
1034 3149 1189 3205 calendario
1201 3151 1342 3205 deleantur
1355 3161 1383 3205 et
1400 3161 1600 3224 expungantur.
1645 3152 1687 3207 Ac
1701 3154 1837 3208 bonor-um

201 3228 326 3299 etdigna,
338 3248 399 3301 qua
413 3231 482 3285 bene
497 3230 685 3302 perpendatur,
696 3241 738 3286 est
751 3232 884 3287 sententia
894 3229 996 3284 Aristo
1034 3230 1145 3300 quidem
1159 3237 1310 3301 temporum
1322 3230 1418 3286 firatio
1428 3232 1532 3286 duobus
1546 3232 1634 3287 modis
1647 3241 1834 3303 procuratur:

201 3307 270 3374 telis,
293 3314 309 3340 “
322 3309 441 3365 invenes
461 3327 516 3365 nou
536 3328 597 3366 esse
617 3312 729 3366 idoneos
747 3311 858 3367 mordis
877 3308 996 3380 phitoso
1033 3310 1110 3374 votis,
1125 3317 1172 3364 aut
1190 3310 1286 3364 saltem
1305 3311 1529 3366 constantissimis
1549 3313 1635 3367 animi
1660 3312 1787 3378 decretis,
1810 3321 1838 3368 et

201 3386 275 3457 phire
289 3389 426 3445 auditores
434 3391 459 3443 :”
475 3392 541 3462 quia
555 3390 647 3446 inillis
661 3392 892 3461 perturbationum
902 3395 996 3444 aestua
1034 3389 1219 3455 observantiis,
1229 3399 1310 3462 atque
1318 3391 1575 3446 exercitationibus:
1590 3408 1718 3464 quianon
1727 3400 1837 3448 tantum

201 3467 240 3520 tio
251 3467 371 3524 nondum
385 3470 477 3525 sedata
497 3478 546 3535 est,
561 3487 611 3524 nec
631 3479 751 3542 tempore
766 3479 793 3525 et
810 3487 900 3525 rerum
914 3486 996 3540 expe·
1033 3469 1063 3523 in
1077 3485 1106 3523 se
1120 3468 1211 3523 valent
1224 3477 1354 3540 quantum
1367 3470 1397 3525 in
1411 3471 1471 3535 hoc,
1481 3472 1552 3542 quod
1562 3472 1688 3527 animum
1701 3473 1732 3527 iu
1746 3474 1839 3528 officio

201 3546 472 3620 rientiaconsopitai
507 3550 595 3620 Atque
609 3557 639 3606 nt
653 3568 748 3604 rerum
761 3550 995 3614 dicamus,annon
1034 3557 1062 3604 et
1088 3548 1241 3604 obedientia
1265 3549 1368 3619 jugiter
1393 3551 1556 3605 contineant
1597 3551 1742 3606 Malorum
1769 3560 1838 3607 tem·

201 3625 264 3679 ideo
290 3627 328 3692 fir,
360 3638 390 3683 ut
416 3629 576 3699 scriptorum
603 3631 752 3700 priscorum
779 3629 995 3701 prestantissimi
1034 3627 1291 3699 porumobliteratio
1299 3628 1400 3700 duplici
1411 3630 1615 3685 itidemratione
1625 3632 1722 3702 pertici
1731 3639 1839 3702 potest:

200 3704 262 3760 libri
274 3713 302 3760 et
315 3724 452 3762 sermones
464 3709 577 3780 (quibus
587 3710 621 3764 ad
631 3711 756 3764 virtutem
769 3709 894 3764 homines
908 3709 996 3763 effica-
1034 3708 1219 3780 redemptione
1233 3707 1332 3780 aliqua,
1347 3709 1391 3764 rel
1405 3709 1563 3781 expiatione
1577 3711 1790 3781 praeteritorum,
1809 3719 1840 3766 et

200 3785 309 3840 cissime
324 3787 430 3842 invitati
442 3799 515 3852 sunt;
531 3798 586 3843 tam
598 3797 741 3861 augustam
751 3791 810 3858 ejus
823 3789 995 3857 majestatum
1034 3804 1104 3842 noro
1117 3789 1181 3844 vitae
1194 3789 1326 3853 instituto,
1339 3788 1424 3844 veluti
1444 3789 1478 3844 de
1495 3790 1610 3861 integro.
1653 3790 1763 3845 Verum
1775 3790 1838 3848 hee

201 3865 321 3919 omnium
331 3865 416 3922 oculis
425 3870 651 3938 representendo,
663 3886 745 3938 quam
756 3869 897 3939 opiniones
911 3884 996 3938 popu·
1034 3885 1098 3939 pars
1123 3868 1159 3923 ad
1186 3867 1346 3940 religionem
1371 3868 1453 3939 plane
1481 3877 1604 3939 spectare
1629 3870 1760 3936 videtote
1784 3887 1839 3925 nec

200 3942 280 4008 lares,
295 3945 323 3998 in
337 3947 445 4002 virtutis
459 3948 648 4018 ignominiam,
662 3956 790 4018 tanquam
805 3947 901 4001 habitu
919 3964 996 4018 para
1035 3947 1152 4013 mirum;
1173 3965 1235 4002 cum
1258 3946 1371 4002 moralis
1387 3948 1563 4019 philosophia
1578 3965 1643 4003 vera
1664 3957 1693 4003 et
1714 3951 1841 4021 genuina

200 4023 316 4078 sitorum
329 4025 437 4080 indutas
450 4026 551 4081 derisui
565 4027 813 4098 propinando)tam
824 4043 920 4096 parum
935 4044 996 4097 pro·
1035 4028 1118 4098 (sicut
1138 4036 1202 4082 ante
1223 4027 1325 4081 dictum
1346 4031 1402 4096 est)
1424 4027 1531 4083 ancillre
1550 4035 1654 4082 tantum
1669 4030 1749 4085 sices
1769 4047 1841 4104 erga

200 4101 254 4155 sint
264 4102 367 4158 advitae
376 4105 555 4171 honestatem,
565 4115 594 4161 et
603 4124 693 4162 mores
706 4124 804 4178 pravos
815 4106 995 4177 corrigendos,
1035 4106 1199 4179 theologiam
1215 4105 1349 4177 suppleat.

201 4181 266 4250 qnia
287 4182 392 4254 perlegi
415 4193 443 4239 et
468 4185 570 4240 revolvi
597 4203 652 4240 non
675 4193 871 4241 consueverunt
891 4202 908 4238 a
931 4185 996 4240 viria
1073 4188 1261 4251 Quamobrem,
1271 4185 1462 4242 concludemus
1475 4186 1547 4242 hanc
1561 4194 1668 4257 partem
1683 4188 1840 4245 decultum

201 4266 281 4314 aetate
308 4270 337 4315 et
362 4263 466 4332 judicio
491 4266 614 4330 maturis,
642 4265 691 4320 sed
716 4267 808 4336 pueris
834 4272 940 4320 tantum
969 4273 997 4320 et
1035 4267 1118 4321 animi
1137 4284 1199 4322 eum
1219 4283 1253 4321 eo
1272 4267 1400 4330 remedio,
1417 4267 1489 4336 quod
1508 4267 1629 4321 omnium
1652 4277 1698 4322 est
1715 4271 1841 4327 maxime

201 4337 334 4394 tironibus
348 4342 555 4414 relinquuntur?
586 4345 684 4399 Annon
708 4353 735 4398 et
753 4344 806 4399 hoc
829 4361 924 4399 verum
944 4351 995 4409 est,
1034 4347 1255 4416 compendiosum
1282 4353 1310 4400 et
1333 4345 1517 4411 summarium,
1541 4353 1568 4400 et
1592 4363 1690 4402 rursus
1714 4351 1840 4406 maxime

197 4416 312 4485 juvenes
325 4421 411 4475 multo
424 4424 513 4478 minus
527 4424 645 4493 politice
655 4440 737 4496 quam
749 4423 847 4479 ethicae
859 4424 996 4480 auditores
1034 4426 1125 4481 nobile
1139 4434 1166 4480 et
1179 4427 1284 4489 efficax,
1294 4442 1348 4496 quo
1361 4426 1468 4480 animus
1482 4426 1517 4480 ad
1525 4427 1653 4480 virtutem
1664 4429 1839 4496 efformetur,

199 4495 312 4553 idoneos
340 4516 407 4564 esse,
435 4508 583 4573 antequam
609 4503 742 4575 religione
766 4510 794 4558 et
813 4503 934 4557 doctrina
961 4503 995 4558 de
1035 4515 1063 4561 et
1086 4506 1115 4560 in
1138 4513 1208 4560 statu
1232 4504 1379 4559 collocetur
1404 4504 1564 4576 perfectioni
1592 4507 1732 4576 proximo
1775 4510 1841 4566 Hcs

199 4576 319 4631 moribus
332 4585 361 4632 et
372 4580 466 4633 officiis
476 4580 556 4650 plane
570 4583 744 4637 imbuantur:
764 4599 798 4637 ne
812 4581 880 4636 torte
890 4583 996 4651 judicio
1035 4586 1126 4640 autern
1139 4592 1189 4649 eat,
1204 4591 1234 4639 ut
1248 4585 1394 4639 lineariter
1411 4583 1600 4655 actionumque
1621 4585 1790 4658 deligamus,
1813 4599 1843 4646 et

200 4654 339 4726 depravati
353 4665 382 4711 et
395 4659 521 4729 corrupti,
530 4660 559 4716 in
574 4678 634 4716 eam
649 4662 804 4733 opinionem
814 4662 931 4727 veniant,
940 4678 995 4716 non
1034 4665 1112 4720 nobis
1126 4665 1194 4736 ipsis
1208 4680 1397 4734 proponamus,
1412 4671 1500 4720 rectos
1517 4672 1546 4719 et
1558 4666 1658 4719 vertuti
1679 4682 1839 4738 congruum

199 4750 259 4790 esse
272 4752 361 4791 rernm
374 4736 540 4793 differentias
558 4739 677 4795 morales
691 4757 769 4795 veras
782 4748 810 4795 et
828 4740 928 4797 solidas
947 4741 996 4795 sed
1035 4744 1082 4816 qui
1106 4755 1198 4799 tamen
1216 4743 1284 4798 tales
1306 4745 1366 4808 sint,
1382 4752 1414 4798 nt
1433 4760 1482 4798 eos
1503 4743 1667 4814 assequendi
1687 4748 1773 4803 nobis
1790 4749 1841 4804 ali-

198 4814 292 4869 omnia
316 4832 352 4871 ex
375 4816 499 4882 utilitate,
522 4827 569 4873 rut
596 4835 723 4876 successu
747 4820 900 4888 metienda3
922 4821 996 4875 siem
1035 4831 1168 4896 quatenus
1182 4830 1310 4895 suppetat
1324 4822 1447 4878 facultas.
1488 4823 1518 4878 si
1533 4825 1606 4879 enim
1621 4822 1685 4878 brec
1702 4826 1761 4881 duo
1775 4846 1841 4900 sup·

198 4892 281 4964 po'e'ta
296 4895 389 4951 canit:
1035 4914 1185 4975 ponantur3
1207 4911 1238 4957 ut
1251 4911 1278 4957 et
1291 4904 1359 4958 fines
1370 4904 1507 4957 actionum
1519 4903 1574 4957 sint
1587 4902 1701 4958 honesti
1721 4913 1751 4960 et
1764 4908 1839 4974 boui,

1035 4991 1063 5038 et
1080 4984 1219 5039 decretum
1235 4982 1319 5037 animi
1336 4983 1370 5036 de
1392 4983 1427 5038 iis
1446 4982 1623 5053 assequendis
1637 4992 1667 5037 et
1680 4984 1841 5044 obtinendis

1034 5065 1120 5120 fixum
1134 5064 1171 5118 sit
1185 5069 1213 5117 et
1226 5070 1367 5126 conatuum
1383 5071 1510 5133 sequetur
1524 5069 1552 5116 ut
1565 5062 1698 5117 continuo
1712 5074 1803 5121 vertat
1811 5077 1839 5122 et

199 5132 227 5179 θ*
240 5143 342 5192 lumb
1035 5145 1160 5199 efformet
1178 5157 1207 5196 se
1228 5143 1343 5206 animus,
1364 5157 1419 5196 una
1439 5157 1530 5212 opera,
1544 5141 1572 5195 in
1591 5142 1712 5198 virtutes
1732 5161 1838 5202 omues

266 5250 283 5274 ⁸‘
294 5243 339 5295 Ille
349 5263 444 5297 crucem
453 5249 556 5312 pretium
565 5250 661 5298 sceleris
672 5250 734 5309 tulit,
744 5251 783 5300 bic
793 5252 930 5301 diadema.'¹
1035 5224 1125 5295 Atque
1138 5223 1198 5278 ΜΟ
1212 5229 1284 5277 ⁰⁰³⁰
1297 5220 1346 5275 ina
1358 5227 1404 5314 ‘ft
1416 5219 1546 5292 ‘mmm’
1558 5237 1619 5313 9¹¹,ae
1631 5229 1737 5316 mu?
1750 5224 1840 5295 ΨΜ

1035 5319 1103 5373 opus
1120 5301 1228 5367 referat,
1246 5318 1308 5355 cum
1325 5299 1444 5372 rehquoe,
1464 5317 1525 5371 quae
1541 5300 1671 5366 dimmus,
1691 5302 1839 5360 videantur

199 5375 238 5428 Ac
251 5380 338 5444 potitae
357 5378 466 5450 quidem
480 5379 540 5433 haec
554 5379 664 5433 satirice
673 5387 701 5432 et
715 5396 764 5450 per
778 5380 994 5452 indignationem
1035 5400 1094 5437 ease
1106 5382 1275 5437 solummodo
1285 5381 1355 5435 sicut
1368 5396 1451 5451 opera
1464 5395 1568 5434 manus.
1597 5379 1839 5440 Quemadmodum

197 5454 272 5527 loqui
286 5457 424 5512 ridentur:
448 5458 484 5513 At
496 5458 559 5514 libri
574 5458 697 5514 nonnulli
711 5457 818 5529 politici
834 5461 908 5517 idem
923 5462 996 5518 serio
1035 5463 1107 5516 enim
1121 5461 1273 5527 statuarius,
1288 5459 1396 5533 quando
1409 5458 1582 5515 simulacrum
1601 5460 1719 5532 aliquod
1737 5462 1837 5536 acrrlpit

308 5019 323 5044 “
335 5017 479 5081 Prosperum
490 5023 515 5066 et
522 5017 579 5066 felix
587 5020 665 5073 scelus
673 5021 748 5071 virtus
759 5026 890 5083 vccatnr;”
