3800 5875
69 299 135 354 Lra.
153 300 177 353 l.
703 298 841 354 NOVUM
863 297 1065 353 onaaNUM.
1632 300 1691 354 455

69 474 150 528 qnam
171 456 243 521 novi,
258 455 392 526 liquorem
415 457 543 512 biberunt
563 455 674 511 crudum
688 456 718 510 in
732 456 862 520 scientiis,
898 456 972 510 enim
986 454 1141 526 inquirendi
1156 464 1183 509 et
1196 455 1350 509 inveniendi
1365 454 1437 525 apud
1451 456 1576 526 antiquos
1589 465 1616 512 et
1636 458 1690 528 ipsi

69 549 199 606 tanquam
212 553 313 606 aquam
327 536 371 590 vel
384 545 480 606 sponte
495 554 531 590 ex
548 534 686 589 intellectu
699 543 862 599 manantem,
899 537 1064 604 profitemur,
1089 542 1116 587 et
1139 534 1240 605 scripta
1264 552 1357 589 eorum
1381 551 1437 604 praa
1459 552 1488 587 se
1512 536 1609 590 ierunt.
1649 537 1692 591 En

68 616 111 668 sel
138 632 189 685 per
208 614 379 672 dialecticam
405 624 533 685 tanquam
555 631 604 684 per
626 623 699 668 rotas
723 631 760 668 es
780 621 863 683 puteo
899 622 989 668 autem
1003 630 1058 667 non
1071 613 1126 666 alia
1139 612 1288 683 luit,qnarn
1303 621 1332 667 ut
1342 612 1378 665 ab
1388 612 1521 683 exemplis
1531 614 1691 684 quibusdam

69 694 208 748 haustam:
231 694 267 748 ar
285 712 335 748 nos
355 694 487 765 liquorem
504 693 621 748 bibimus
641 700 669 746 et
688 693 862 763 propinamus
899 702 926 745 et
939 692 1147 762 particularibus
1163 693 1273 760 (additis
1286 691 1441 746 notionibus
1455 693 1648 759 communibus,
1663 702 1692 748 et

68 792 103 828 ex
120 773 238 827 infinitis
260 774 414 827 coniectum
427 773 494 836 uvis,
516 772 604 842 iisqne
625 772 737 825 maturis
751 779 778 824 et
792 781 861 825 tem·
900 771 1146 841 fortasseportione
1165 770 1296 825 nonnulla
1318 787 1354 825 ex
1373 771 1545 841 opinionibus
1567 774 1691 844 receptis,

68 852 188 921 pestivis,
198 862 421 922 etperracemoa
435 851 565 923 quosdam
578 850 700 906 collectis
709 868 741 903 ac
755 851 863 919 decerp
900 868 960 920 quas
983 851 1100 904 maxime
1119 849 1289 920 placuerunt)
1311 850 1345 902 ad
1365 849 1551 905 conclusiones
1572 852 1691 907 maxime

70 933 119 994 tis;
141 941 168 986 et
182 931 298 985 subinde
312 931 340 984 in
361 930 488 984 torculari
505 931 615 1000 pressis,
629 946 661 983 ac
682 938 820 1000 postremo
834 930 862 982 in
899 929 1041 998 generales
1055 930 1111 982 sive
1126 930 1258 998 principia
1273 929 1446 984 scientiarum
1460 930 1635 996 advolarent3
1656 932 1692 986 ad

69 1027 129 1064 rase
144 1012 301 1080 repurgatis
315 1017 342 1063 et
357 1009 519 1063 clarificatis.
562 1009 657 1079 Itaque
670 1008 710 1062 nil
720 1009 827 1073 mirum,
838 1009 861 1062 si
899 1025 1014 1078 quorum
1034 1009 1177 1062 veritatem
1196 1009 1335 1062 immotam
1354 1015 1381 1061 et
1396 1009 1487 1074 fixam,
1505 1010 1692 1065 conclusiones

67 1090 144 1144 nobis
157 1107 222 1144 eum
235 1086 299 1143 aliis
311 1105 367 1143 non
378 1088 531 1144 conveniat.
898 1087 1041 1140 inferiores
1065 1104 1115 1157 per
1138 1088 1228 1141 media
1246 1088 1390 1142 educerent
1414 1105 1445 1141 ac
1469 1090 1630 1159 probarent3
1656 1109 1691 1145 ex

900 1167 999 1236 quibus
1013 1175 1100 1220 artem
1120 1167 1326 1221 constituebant.
1366 1167 1436 1222 Tum
1451 1168 1560 1222 demum
1581 1169 1604 1222 si
1620 1186 1691 1224 nova

900 1245 1072 1313 particularia
1085 1253 1114 1299 et
1126 1246 1253 1315 exempla
1267 1253 1341 1299 mota
1354 1254 1445 1299 essent
1456 1254 1483 1301 et
1496 1248 1617 1313 adducta,
1629 1267 1691 1319 quae

105 1326 238 1380 Occurrat
262 1324 440 1396 proculdubio
462 1333 491 1378 et
512 1322 596 1378 illud:
625 1338 676 1376 nec
695 1328 795 1374 metam
814 1329 861 1374 aut
899 1323 1007 1393 placitis
1021 1324 1077 1378 suis
1090 1326 1305 1395 refragarentur3
1322 1324 1425 1379 illaaut
1439 1342 1487 1395 per
1498 1326 1689 1392 distinctiones,

67 1421 180 1474 scopum
203 1406 380 1460 scientiarum
393 1421 410 1457 a
422 1404 502 1457 nobis
522 1403 590 1472 ipsis
604 1399 648 1475 (id
665 1400 736 1470 quod
753 1400 781 1453 in
798 1398 861 1452 aliis
898 1411 945 1456 aut
958 1420 1006 1472 per
1017 1403 1172 1475 regularum
1186 1421 1294 1458 suarum
1305 1403 1516 1474 explanationes,
1526 1406 1555 1458 in
1569 1406 1690 1461 ordinem

67 1480 310 1556 reprehendimus)
323 1500 417 1538 verum
438 1490 466 1537 et
483 1483 613 1553 optimum
632 1480 773 1551 praefixum
792 1495 860 1533 esse.
899 1483 1034 1536 subtiliter
1054 1484 1227 1554 redigebant;
1255 1491 1303 1537 aut
1322 1483 1429 1537 demum
1448 1501 1498 1554 per
1518 1486 1690 1555 exceptiones

67 1562 135 1616 Esse
150 1563 225 1616 enirn
243 1562 499 1632 contemplationem
512 1560 639 1623 veritatis,
658 1559 731 1612 omni
749 1574 860 1627 operum
899 1579 993 1630 gruem
1006 1563 1086 1617 modo
1099 1562 1322 1617 summovebant:
1343 1570 1370 1615 at
1384 1580 1472 1617 rerum
1487 1564 1690 1633 particularium

68 1642 183 1696 utilitate
195 1651 223 1696 et
234 1642 419 1713 magnitudine
429 1641 580 1711 digniorem
590 1649 617 1692 et
627 1637 786 1692 celsiorem:
800 1635 860 1689 lon·
899 1657 953 1694 non
967 1642 1162 1712 refragantium
1176 1658 1271 1695 causas
1291 1641 1326 1693 ad
1339 1641 1387 1694 illa
1406 1642 1541 1712 principia
1554 1659 1604 1697 sua
1616 1643 1690 1699 labo·

67 1738 131 1791 gam
145 1721 306 1776 veroistam
320 1729 349 1775 et
368 1720 508 1775 solicitam
521 1735 625 1773 moram
642 1717 669 1771 in
693 1715 862 1786 experientia
899 1720 969 1774 riose
991 1728 1019 1775 et
1039 1721 1213 1791 pertinaciter
1233 1721 1479 1776 accommodabant
1520 1722 1622 1776 Verum
1638 1739 1689 1776 nec

67 1809 96 1852 et
110 1800 233 1863 materia,
244 1809 273 1854 et
285 1816 374 1855 rerum
388 1797 591 1870 particularium
601 1796 734 1859 fluctibus,
743 1802 860 1849 mentem
899 1797 1014 1853 historia
1026 1799 1158 1854 naturalis
1172 1807 1199 1852 et
1212 1800 1380 1870 experientia
1401 1799 1449 1853 illa
1466 1808 1531 1864 erat,
1546 1817 1627 1871 quam
1646 1802 1690 1856 fn·

68 1878 152 1932 relati
170 1879 257 1934 humo
271 1880 390 1950 ailigere,
404 1878 448 1931 vel
464 1879 554 1948 potins
567 1878 596 1930 in
615 1875 760 1929 Tartarum
779 1873 862 1948 quod·
898 1877 953 1931 isse
967 1879 1108 1948 oportebat
1121 1878 1215 1948 (longe
1229 1887 1300 1932 certe
1314 1876 1416 1946 abest);
1438 1886 1465 1933 et
1483 1880 1536 1934 ista
1556 1880 1690 1936 advolatio

68 1959 130 2012 dam
151 1959 320 2013 confusionis
340 1967 367 2012 et
391 1957 603 2028 perturbationis
627 1954 759 2023 dejicere;
781 1961 861 2023 atque
899 1957 933 2010 ad
946 1957 1158 2029 generalissima,
1174 1957 1265 2011 omnia
1279 1958 1403 2027 perdidit.

68 2037 212 2091 abstractas
226 2038 369 2109 sapientire
382 2038 525 2091 serenitate
539 2044 566 2090 et
581 2033 773 2105 tranquillitate
789 2030 862 2107 (tan-

68 2133 176 2186 quama
190 2125 262 2171 statu
276 2116 363 2172 nutrito
375 2112 522 2187 diviniore)
537 2131 628 2169 arcere
642 2122 669 2167 et
683 2129 860 2167 summovere.

67 2197 128 2251 Nos
141 2213 208 2249 vero
227 2197 292 2250 hnic
314 2196 413 2250 rationi
432 2195 549 2249 libenter
569 2193 746 2254 assentimur;
768 2200 795 2244 et
809 2190 861 2244 hoc
939 2192 1069 2246 Occurrat
1096 2199 1125 2246 et
1151 2191 1239 2256 illud,
1277 2208 1336 2257 nos,
1363 2199 1475 2263 propter
1500 2192 1690 2249 inhibitionem

67 2275 165 2343 ipsam,
180 2275 254 2346 quod
273 2276 388 2330 innuunt
401 2290 432 2328 ac
448 2283 604 2345 praeoptant,
627 2272 760 2342 praecipue
780 2280 861 2341 atque
900 2272 1036 2342 quandam
1050 2272 1257 2341 pronunciandi,
1272 2280 1300 2326 et
1320 2272 1454 2342 principia
1472 2281 1544 2327 certe
1564 2275 1689 2344 ponendi,

67 2364 129 2407 ante
140 2355 234 2408 omnia
243 2355 359 2425 agimus.
397 2354 506 2408 Etenim
516 2370 609 2407 verum
619 2350 760 2421 exemplar
768 2349 861 2403 mundi
899 2352 983 2404 donec
998 2368 1047 2421 per
1059 2351 1163 2405 medios
1177 2352 1276 2421 gradus
1289 2352 1324 2405 ad
1343 2351 1547 2421 generalissima
1568 2353 1617 2407 rite
1631 2370 1690 2422 per-

67 2434 95 2486 in
120 2432 261 2488 intellectu
287 2433 406 2488 humano
432 2433 582 2495 fundamus,
611 2431 690 2502 quale
717 2430 861 2492 invenitur,
899 2439 1009 2485 ventum
1023 2430 1067 2494 sit,
1080 2430 1285 2500 suspensionem
1302 2431 1436 2501 quandam
1448 2432 1544 2500 judicii
1559 2434 1635 2496 tueri,
1647 2442 1689 2486 at·

67 2529 121 2565 non
132 2512 215 2581 quale
226 2513 527 2583 cuipiamsuapropria
536 2512 605 2565 ratio
615 2510 764 2596 diqtaverit.
800 2509 861 2561 Hoc
899 2526 951 2581 que
965 2509 999 2562 nd
1014 2511 1205 2581 acatalepsr'um
1219 2527 1276 2564 rem
1294 2510 1432 2563 deducere.
1473 2512 1534 2564 Nos
1554 2528 1617 2565 vero
1634 2529 1689 2565 non

67 2601 157 2645 antem
177 2592 273 2663 perfici
293 2609 348 2645 non
368 2599 465 2662 potest,
479 2592 533 2645 nisi
552 2592 625 2644 facta
646 2589 738 2644 mundi
759 2588 860 2641 dissec-
899 2591 1098 2660 acatalepsr‘om,
1114 2589 1162 2642 sed
1183 2590 1389 2660 eucntotepsr'om
1411 2590 1573 2644 meditamur
1587 2598 1614 2644 et
1631 2608 1690 2660 pro

68 2671 140 2724 tione
155 2680 239 2741 atque
250 2671 388 2725 anatomia
400 2671 619 2741 diligentissima.
660 2666 862 2722 Modulosvero
899 2669 1039 2738 ponimus:
1061 2668 1151 2723 sensui
1173 2669 1246 2722 enim
1267 2685 1321 2722 non
1337 2667 1505 2737 derogamus,
1527 2670 1574 2722 sed
1596 2671 1691 2724 minis·

411 1231 516 1270 cxxw.

1242 2097 1348 2137 cxxvl.

67 2751 173 2819 ineptos
202 2751 363 2806 mundorum
384 2759 411 2803 et
432 2758 559 2820 tanquam
586 2747 715 2810 simiolas,
743 2763 810 2818 quas
832 2747 861 2800 in
899 2757 1016 2813 namus,
1038 2746 1246 2801 cointellectum
1266 2748 1539 2811 noncontenrnimus,
1554 2748 1601 2802 sed
1621 2751 1690 2820 regi·

67 2829 250 2899 philosophiis
271 2830 424 2899 phantasia
444 2829 585 2884 bominum
603 2836 780 2883 extruxerunt
803 2843 861 2879 orn·
899 2845 968 2882 mus.
1008 2827 1096 2898 Atque
1110 2825 1207 2880 melius
1220 2834 1261 2880 est
1281 2827 1350 2880 scire
1373 2835 1502 2895 quantum
1520 2844 1587 2896 opus
1607 2830 1649 2892 sit,
1663 2836 1690 2882 et

67 2909 133 2963 nino
159 2910 331 2980 dissipandas
358 2909 496 2964 edicimus.
538 2908 631 2963 Sciant
656 2907 748 2978 itaque
771 2905 861 2959 homi·
900 2916 990 2961 tamen
1005 2923 1122 2960 noanon
1137 2905 1328 2976 penitusscire
1349 2915 1459 2976 putare;
1481 2923 1562 2977 quarn
1583 2908 1690 2977 penitus

67 3006 116 3042 nes
140 2989 182 3055 (id
207 2990 280 3060 quod
302 2989 426 3059 superins
445 2987 578 3053 dimanat)
601 2993 731 3059 quantum
755 2985 862 3040 intersit
899 2987 968 3040 scire
983 3003 1032 3041 nos
1045 2995 1148 3057 putare,
1163 2994 1191 3041 et
1205 2994 1296 3040 tamen
1314 2985 1355 3039 nil
1369 3002 1470 3051 eorum,
1485 3004 1545 3056 quae
1559 3003 1626 3058 opus
1640 2996 1689 3050 est,

67 3070 137 3122 inter
151 3069 278 3122 hnmanae
294 3069 394 3122 mentis
413 3069 484 3122 idola
505 3077 532 3122 et
545 3068 643 3122 divinae
657 3066 756 3121 mentis
775 3065 859 3118 ideas.
899 3067 976 3121 seire.

69 3147 119 3199 Illa
144 3149 218 3201 enim
238 3147 310 3202 nibil
334 3146 408 3202 aliud
428 3155 489 3201 sunt
511 3164 592 3218 quam
613 3146 806 3200 abstractiones
827 3144 861 3197 ad

67 3226 214 3294 placitum:
246 3227 291 3280 hae
317 3235 407 3281 autern
432 3235 496 3280 sunt
519 3243 584 3281 vera
610 3224 750 3297 signantia
776 3224 860 3278 Orea-

67 3306 131 3358 tcris
155 3314 401 3375 supercreatum,
422 3313 503 3375 prout
515 3306 543 3359 in
568 3305 681 3359 materia
704 3320 753 3373 per
775 3304 861 3356 lineas
938 3298 1031 3353 Etiam
1049 3296 1184 3351 dubitabit
1204 3298 1341 3369 quispiam
1355 3298 1447 3368 potius
1467 3314 1548 3369 quam
1562 3298 1689 3366 objiciam

67 3401 143 3437 raras
171 3395 201 3438 et
227 3386 380 3456 exquisitas
406 3386 596 3454 imprimuntur
622 3395 650 3437 et
676 3384 860 3436 terminantur.
899 3386 990 3432 utrum
1006 3394 1056 3431 nos
1070 3378 1104 3431 de
1118 3377 1235 3431 naturali
1248 3385 1351 3431 tantum
1365 3377 1546 3447 philosophia,
1561 3395 1596 3431 an
1609 3380 1690 3432 etiam

69 3463 164 3534 ltaque
185 3464 332 3534 ipsissimas
351 3482 395 3518 res
415 3472 478 3519 sunt
496 3464 537 3532 (in
557 3463 609 3517 hoo
629 3465 740 3534 genere)
761 3462 861 3514 veritas
899 3458 932 3511 de
947 3457 1067 3511 scientiis
1081 3457 1200 3528 reliquis,
1218 3457 1323 3527 logicis,
1337 3456 1443 3521 ethicis,
1458 3457 1584 3527 politicis,
1598 3474 1692 3511 secun-

66 3552 94 3594 et
107 3543 231 3597 utilitas:
261 3552 342 3615 atque
364 3561 448 3613 opera
469 3541 627 3613 ipsapluris
648 3541 771 3595 iacienda
791 3547 860 3603 sunt,
899 3538 963 3591 dum
983 3537 1055 3590 viam
1068 3544 1187 3591 nostram
1201 3537 1380 3606 perficiendis,
1400 3536 1550 3606 loquamur.
1591 3536 1627 3590 At
1640 3553 1691 3591 nos

67 3632 199 3692 quatenns
214 3632 278 3677 sunt
297 3623 417 3678 veritatis
435 3623 556 3694 pignora,
571 3638 652 3692 quam
670 3628 780 3692 propter
799 3620 862 3673 vita
899 3626 972 3670 certe
986 3616 1019 3669 de
1033 3616 1166 3670 universis
1179 3616 1248 3679 hac,
1261 3616 1403 3686 quaedicta
1416 3623 1484 3680 sunt,
1498 3614 1689 3686 intelligimus:

67 3702 216 3756 commodae
899 3695 1691 3766 atquequemadmodumvulgarislogica,quaeregitresper

899 3775 1095 3845 syllogismum,
1106 3792 1160 3828 non
1174 3783 1279 3829 tanturn
1289 3775 1323 3828 ad
1336 3773 1479 3838 naturales,
1490 3775 1537 3828 sed
1548 3774 1583 3827 ad
1596 3791 1691 3829 omnes

900 3854 1028 3908 scientias
1046 3855 1182 3924 pertinet,
1203 3854 1283 3907 itaet
1300 3864 1402 3919 nostra,
1418 3871 1479 3924 quae
1500 3855 1622 3922 procedit
1638 3871 1691 3924 per

105 3933 237 3988 Occurrat
252 3933 364 3988 sonasse
387 3942 414 3988 et
434 3933 520 3988 illud:
549 3949 599 3986 nos
622 3938 751 4004 tanquam
770 3936 861 3984 actum
900 3935 1087 3998 inductionem,
1102 3934 1194 3988 omnia
1213 3934 1409 4003 complectitur.
1451 3933 1519 3986 Tam
1542 3934 1615 3987 enim
1636 3933 1692 3987 his-

68 4030 167 4082 agere3
198 4022 281 4083 atque
305 4014 433 4083 antiquos
456 4013 530 4082 ipsos
555 4011 678 4074 eandem,
702 4028 784 4081 quam
803 4026 861 4073 nos,
900 4014 997 4067 toriam
1014 4020 1042 4067 et
1055 4012 1160 4067 tabulas
1170 4014 1324 4066 inveniendi
1334 4013 1533 4067 conficimusde
1546 4013 1596 4077 ira,
1608 4020 1691 4077 metu,

68 4093 138 4147 viam
152 4094 283 4146 tenuisse.
326 4092 420 4163 ltaque
434 4089 581 4146 verisimile
601 4090 707 4160 putabit
725 4090 862 4160 quispiam
900 4102 928 4147 et
943 4093 1114 4156 verecundia,
1129 4102 1158 4146 et
1177 4093 1327 4156 similibus,
1349 4110 1380 4145 ac
1401 4092 1484 4146 etiam
1504 4093 1538 4146 de
1558 4093 1692 4163 exemplis

69 4173 148 4226 etiam
172 4189 231 4235 nos,
258 4178 319 4241 post
342 4180 445 4225 tantum
462 4179 567 4225 rnotum
585 4178 612 4224 et
625 4169 803 4231 molitionem,
817 4169 861 4223 de-
899 4190 989 4226 rerum
1002 4172 1141 4226 civilium:
1162 4189 1212 4226 nec
1232 4173 1321 4226 minus
1341 4172 1375 4225 de
1394 4172 1510 4225 motibus
1529 4172 1692 4229 mentalibus

70 4262 193 4306 venturos
214 4251 322 4306 tandem
339 4251 374 4304 ad
396 4251 514 4320 aliquam
538 4266 575 4303 ex
595 4248 650 4302 illis
670 4247 862 4319 philosophiis,
899 4252 1046 4315 memorias,
1060 4251 1264 4321 compositionis
1282 4256 1311 4304 et
1324 4251 1472 4313 divisionis,
1490 4252 1594 4319 judicii,
1610 4261 1637 4306 et
1651 4269 1692 4306 re-

69 4347 127 4397 qua·
148 4331 223 4401 apud
249 4331 375 4400 antiquos
398 4330 548 4385 valuerunt.
599 4329 674 4383 Nam
696 4335 723 4381 et
747 4327 810 4382 illos
834 4328 863 4380 in
900 4331 1051 4401 liquorum
1073 4332 1201 4400 quamde
1222 4330 1310 4384 calido
1329 4338 1357 4385 et
1376 4330 1483 4400 frigido,
1504 4332 1630 4395 catinos,
1645 4338 1693 4385 ant

68 4410 274 4463 meditationum
284 4426 394 4463 suarum
404 4409 546 4480 principiis
560 4408 615 4461 vim
630 4414 659 4461 et
670 4407 778 4477 copiam
787 4423 862 4476 snag-
899 4410 1078 4480 vegetatione,
1093 4418 1141 4463 ant
1161 4410 1302 4465 similibus.
1344 4410 1397 4464 Sed
1418 4418 1588 4465 tamencum
1601 4419 1693 4464 nostra

68 4504 128 4543 nam
143 4489 332 4558 exemplorum
346 4498 374 4542 et
387 4487 589 4558 particularium
603 4487 759 4556 paravisse;
781 4493 861 4555 atque
900 4490 970 4542 ratio
991 4491 1196 4559 interpretandi,
1214 4497 1276 4559 post
1298 4489 1440 4544 historiam
1464 4498 1643 4559 praeparatam
1665 4498 1693 4542 ct

68 4567 96 4621 in
118 4569 330 4622 commentarios
358 4584 407 4637 per
433 4566 507 4621 locos
534 4575 561 4620 et
583 4565 675 4619 titulos
698 4565 860 4636 digessisse3
900 4568 1058 4632 ordinatam,
1068 4585 1121 4622 non
1136 4569 1234 4622 mentis
1248 4576 1352 4623 tantum
1365 4576 1454 4623 motus
1464 4578 1491 4623 et
1501 4569 1636 4623 discursus
1650 4571 1692 4638 (ut

68 4658 147 4716 atque
165 4648 230 4700 inde
253 4646 443 4717 philosophias
456 4663 520 4701 snas
534 4654 560 4699 et
571 4652 644 4699 artes
663 4645 819 4707 coniecisse,
835 4652 862 4697 et
899 4647 990 4718 logica
1003 4647 1136 4718 vulgaris)
1152 4649 1198 4702 sed
1212 4655 1240 4701 et
1254 4666 1342 4702 rerum
1351 4656 1475 4702 naturam
1487 4649 1636 4711 intueatur;
1652 4648 1693 4701 ita

69 4737 167 4794 postea,
183 4743 214 4780 re
235 4736 384 4795 comperta,
400 4726 587 4796 pronuntiasse
599 4747 606 4787 3
638 4732 665 4777 et
681 4722 807 4793 exempla
828 4723 862 4776 ad
900 4735 1019 4780 mentem
1033 4727 1160 4796 regimus,
1173 4736 1204 4781 ut
1216 4726 1251 4779 ad
1264 4744 1354 4782 rerum
1368 4737 1493 4782 naturam
1507 4745 1544 4790 se,
1559 4728 1629 4797 aptis
1642 4743 1692 4796 per

70 4806 146 4860 iidem
161 4814 189 4859 et
202 4806 317 4859 docendi
329 4805 422 4859 lumen
436 4805 551 4875 sparsim
564 4804 716 4866 addidisse,
738 4802 787 4856 sed
800 4819 862 4871 par·
900 4806 991 4860 omnia
1014 4806 1109 4869 modis,
1133 4806 1269 4876 applicare
1293 4807 1388 4876 possit.
1440 4807 1528 4876 Atque
1550 4816 1692 4875 propterea

69 4884 219 4939 titularium
234 4893 321 4948 notas,
336 4892 363 4937 et
376 4883 517 4937 codicillos
530 4901 562 4936 sc
575 4883 784 4936 commentarios
798 4899 862 4935 suos
899 4884 984 4939 multa
996 4894 1023 4938 et
1037 4885 1144 4938 diversa
1164 4886 1192 4938 in
1213 4885 1333 4947 doctrina
1350 4887 1582 4959 r'nterpretotioru's
1596 4884 1692 4954 praeci·

69 4964 95 5016 in
116 4963 206 5018 lucem
220 4963 311 5027 edere,
325 4980 519 5032 supervacuum
533 4970 560 5016 et
579 4962 721 5016 molestum
730 4968 861 5031 putasse:
901 4965 998 5033 pimus,
1012 4981 1072 5034 qua
1086 4964 1121 5017 ad
1134 4964 1256 5032 subjecti,
1270 4963 1304 5018 de
1318 4981 1373 5035 quo
1393 4966 1562 5035 inquirimus,
1577 4962 1692 5033 qualita-

69 5042 180 5115 ideoque
196 5044 295 5097 iecisse
309 5042 381 5113 quod
391 5042 419 5095 in
431 5041 587 5095 aedificando
599 5041 655 5094 fieri
667 5041 748 5104 soiet;
764 5057 861 5109 nempe
899 5053 955 5097 tern
968 5051 996 5096 et
1010 5042 1197 5107 conditionem,
1212 5044 1322 5098 modum
1341 5044 1498 5099 inveniendi
1514 5041 1643 5102 nonnulla
1656 5059 1692 5096 ex

69 5129 127 5190 post
148 5122 257 5176 aedificii
281 5130 453 5185 structuram,
468 5121 609 5175 machinas
629 5129 656 5173 et
670 5119 757 5173 scalas
771 5135 788 5171 a
801 5135 862 5172 con·
900 5131 976 5192 parte
989 5122 1137 5193 applicent.

69 5212 158 5270 spectu
171 5201 318 5256 amonsse.
359 5203 458 5271 Neque
472 5200 550 5254 aliter
563 5200 664 5253 facturn
679 5215 738 5253 esse
752 5197 861 5252 credere

68 5290 137 5336 certe
151 5289 269 5352 oportet.
312 5280 415 5335 Verum
429 5279 482 5333 nisi
503 5281 562 5349 quis
576 5280 687 5333 omnino
700 5277 798 5332 oblitus
818 5277 861 5330 fu·

69 5360 116 5413 erit
129 5378 231 5425 eornm,
247 5378 309 5431 qum
323 5359 448 5430 superins
461 5358 533 5412 dicta
546 5366 615 5420 sunt,
630 5357 693 5411 huic
707 5356 861 5423 objectione
939 5354 977 5409 llt
997 5353 1065 5409 illud
1085 5355 1118 5409 de
1141 5354 1222 5410 nobis
1245 5373 1280 5410 ne
1298 5353 1422 5410 dubitare
1443 5351 1552 5423 quidem
1574 5352 1616 5406 ias
1638 5353 1690 5416 sit;

72 5442 127 5503 (aut
139 5440 268 5512 scrupulo
281 5440 385 5510 ponus)
404 5438 483 5492 facile
503 5437 683 5508 respondebit.
735 5435 861 5490 Formam
898 5441 988 5490 utrum
999 5452 1049 5493 nos
1064 5434 1268 5506 philosophiam
1281 5443 1309 5489 et
1321 5441 1393 5489 artes
1406 5440 1433 5488 et
1448 5431 1583 5500 scientias,
1595 5431 1693 5504 quibus

1237 3204 1355 3245 cxxvu.

417 3840 508 3879 CXXV·

1229 5260 1363 5300 cxxwlt.
