3800 5875
219 275 277 329 462

278 432 352 489 modi
371 431 527 502 eruptiones
546 432 605 488 fieri
619 433 730 497 soleant,
744 441 775 488 ει
792 433 927 503 posumus
943 432 1015 503 affir-

278 513 387 566 rrssts'noe
409 511 575 583 subjungere
596 522 758 584 negctscuns,
776 529 832 566 non
856 512 922 566 satis
943 530 1014 583 qum-

279 592 362 646 situm
375 597 426 645 εει

256 713 355 757 Addam.
540 751 546 762 .
656 749 661 761 .
896 750 902 761 .

474 765 562 819 magra
570 757 617 804 aut
625 766 723 813 msnus,
732 766 820 820 neque
830 766 942 803 ommno
953 749 1014 803 sub

277 826 404 896 jungitur
422 830 559 899 negativa.
610 829 646 882 Et
667 836 758 883 tamen
779 830 900 882 referunt
920 828 1014 899 ignem

278 904 385 960 fatuum
400 909 494 977 (quem
507 910 617 975 vocant)
633 907 679 978 qui
693 908 776 961 etiam
797 907 944 979 aliquando
961 908 1014 960 im·

279 985 401 1056 pingitur
420 988 450 1039 in
464 987 603 1055 parietem,
619 1003 673 1040 nou
687 986 803 1041 multum
824 986 926 1040 habere
940 986 1014 1042 calo·

278 1064 333 1126 ris;
358 1063 471 1118 fortasse
493 1066 578 1119 instar
599 1067 716 1120 flammae
738 1067 849 1136 spiritus
870 1066 936 1129 vini,
951 1084 1013 1137 quae

280 1141 397 1197 clemens
412 1152 440 1197 et
452 1143 522 1198 lenis
536 1152 585 1199 εει.
626 1144 681 1199 Sed
694 1145 783 1200 adhuc
800 1144 887 1198 lenior
907 1145 1014 1199 ridetur

280 1238 313 1275 ea
333 1222 449 1287 flamma,
471 1242 533 1293 qum
553 1226 583 1278 in
604 1223 742 1278 nonnullis
762 1223 883 1279 historiis
904 1224 967 1278 fidis
987 1233 1014 1278 ει

279 1301 406 1372 gravibus
420 1302 556 1357 invenitur
568 1304 727 1373 apparuisse
741 1303 813 1356 circa
826 1304 916 1372 capita
929 1311 958 1356 et
971 1320 1013 1357 co

278 1397 338 1434 mas
360 1397 505 1450 puerorum
526 1392 553 1437 et
572 1383 725 1453 virginum
756 1400 817 1453 quae
835 1382 911 1436 nullo
933 1382 1014 1436 modo

277 1477 370 1514 comas
383 1461 519 1525 adurebat,
533 1462 580 1515 sed
591 1461 708 1516 molliter
721 1462 822 1515 circum
836 1478 882 1515 eas
895 1462 1014 1530 trepida·

279 1538 333 1592 bat.
382 1539 472 1610 Atque
496 1541 675 1595 certissimum
698 1550 747 1604 est,
769 1541 842 1594 circs
862 1557 962 1611 equum
985 1541 1014 1593 iu

278 1619 374 1672 itinere
388 1620 537 1683 sudantem,
551 1628 632 1674 noctu
653 1628 682 1673 et
698 1620 766 1673 suda
787 1627 954 1690 tempestate,
968 1636 1014 1689 ap

278 1697 402 1768 paruisse
411 1700 575 1769 quandoque
586 1699 800 1753 coruscationem
809 1699 945 1770 quandam
955 1698 1014 1752 abs·

280 1794 333 1848 que
345 1777 489 1831 manifesto
502 1777 600 1833 calore.
641 1778 732 1848 Atque
746 1779 841 1848 paucis
854 1778 954 1831 abhinc
969 1795 1014 1831 an·

279 1856 323 1909 nis
336 1857 507 1910 notissimum
522 1865 574 1923 εει,
588 1864 616 1910 ει
629 1873 679 1926 pro
691 1857 824 1910 miraculo
837 1857 914 1927 qussi
932 1856 1013 1911 habi-

280 1943 346 1999 tum,
368 1935 498 2006 gremiale
522 1934 662 2011 cujusdam
684 1934 784 2006 puellm
807 1935 890 2006 paulo
911 1946 1014 1991 motum

279 2022 327 2068 aut
348 2013 474 2068 fricatum
494 2031 666 2080 comscasse;
687 2015 759 2084 quod
778 2014 892 2069 fortasse
913 2014 1014 2069 factum

280 2101 323 2147 est
332 2093 367 2146 ob
377 2092 486 2147 alumen
500 2102 547 2148 aut
559 2094 639 2157 sales,
649 2094 748 2164 quibus
758 2093 888 2165 gremiale
899 2095 1014 2148 tinctum

280 2180 346 2234 erat,
358 2171 440 2241 poulo
453 2174 569 2227 crassius
580 2173 712 2228 haerentis
724 2182 753 2227 et
769 2174 925 2237 incrustata,
939 2183 967 2227 et
979 2192 1015 2229 ex

281 2252 422 2305 fricatione
442 2252 536 2306 fracta
578 2252 667 2324 Atque
688 2253 869 2306 certissimum
890 2262 939 2316 est,
958 2270 1014 2306 sac-

220 2350 225 2359 ·
281 2330 395 2384 charum
412 2346 500 2394 omne,
523 2332 580 2386 sire
601 2332 738 2386 conditum
761 2334 803 2400 (ει
824 2333 933 2397 vocant)
957 2333 1014 2386 sive

281 2409 406 2479 simplex,
420 2410 500 2465 modo
513 2411 549 2465 sit
561 2411 661 2476 dumus,
671 2411 701 2465 in
711 2411 828 2465 tenebris
839 2411 954 2465 fractum
968 2420 1015 2465 aut

280 2489 392 2543 cultello
417 2489 551 2559 scalptum
577 2507 725 2545 coruscare.
778 2489 909 2544 Similiter
943 2507 1015 2562 aqua

280 2568 387 2622 marina
406 2576 434 2624 et
446 2569 526 2635 salsa,
540 2578 620 2624 noctu
633 2570 769 2624 interdum
783 2569 919 2623 inreuitur
931 2572 1014 2624 remis

280 2647 678 2717 fortiterpercussacoruscare.
719 2649 809 2720 Atque
819 2649 1014 2704 etiamintem-

280 2727 431 2797 pestahbus
442 2744 538 2798 spuma
550 2730 634 2785 maris
644 2729 750 2783 fortiter
764 2728 868 2798 agitata
877 2736 958 2782 noctu
972 2745 1014 2783 co

280 2814 386 2872 rosnat,
408 2824 488 2877 quam
503 2808 714 2863 coruscationem
725 2807 843 2878 Hispani
857 2807 1015 2878 pulmonem

280 2887 415 2943 manuum
428 2895 535 2943 vocant.
576 2887 619 2943 De
632 2887 679 2943 illa
692 2887 803 2943 flamma
819 2896 918 2951 autem,
932 2904 1015 2959 quam

281 2966 387 3037 antiqui
408 2975 497 3021 nautia
517 2969 651 3022 vocabant
669 2969 809 3023 Castorem
824 2979 853 3021 et
866 2966 1013 3033 Pollucem,

281 3055 308 3100 et
322 3046 443 3101 moderni
456 3047 559 3101 Focum
573 3047 666 3102 Sancti
680 3047 764 3111 Emi,
777 3046 886 3117 qualem
896 3046 1015 3102 calorem

281 3126 388 3191 habeat,
402 3142 457 3179 nou
471 3127 536 3180 satia
549 3128 692 3197 quesitum
706 3134 755 3181 εει.

247 3248 283 3290 Μ
311 3248 395 3290 ιω
422 3204 467 3260 12.
489 3204 751 3277 Omneignitumita
759 3205 1014 3261 utrertaturinru·

223 3298 279 3339 nun
301 3302 351 3339 rum
366 3297 397 3340 sr-
479 3285 572 3340 borem
589 3286 707 3356 igneum,
722 3285 804 3339 etiam
824 3285 883 3340 sine
905 3285 1016 3339 flamma

223 3347 363 3389 “mmm
479 3372 610 3435 perpetuo
629 3364 747 3418 calidum
766 3371 825 3429 est3
845 3381 933 3436 neque
950 3364 1015 3419 huic

282 3442 451 3513 affirmativas
465 3444 637 3514 subjrmgitur
657 3440 805 3515 negative:
829 3443 877 3497 sed
895 3444 968 3515 quod
985 3444 1015 3498 iu

281 3522 407 3593 proximo
428 3529 476 3586 est,
489 3523 593 3577 ridetur
616 3540 676 3578 esse
696 3522 801 3593 lignum
821 3531 915 3593 putre,
944 3524 1017 3594 quod

283 3600 408 3671 splendet
420 3609 510 3666 noctu,
521 3618 610 3674 neque
625 3609 716 3657 tamen
729 3602 939 3672 deprehenditur
953 3602 1016 3657 cali-

281 3680 365 3735 dumt
399 3689 426 3734 et
450 3697 569 3751 squamae
596 3681 712 3752 piscium
734 3690 927 3752 putrescentes,
957 3700 1016 3753 qum

282 3761 364 3813 etiam
382 3759 524 3830 splendent
540 3770 630 3824 noctu,
644 3778 695 3814 nec
715 3761 891 3816 inveniuntur
904 3762 939 3816 ad
959 3769 1015 3815 tac·

281 3847 340 3893 tum
357 3838 468 3904 eslidoe;
489 3856 577 3911 neque
598 3839 679 3894 etiam
699 3856 797 3910 corpus
817 3840 957 3895 cicindelae
969 3849 1017 3895 sut

282 3935 383 3972 muscia
398 3921 494 3990 (quam
507 3929 605 3974 vocant
617 3918 757 3987 luciolum)
772 3918 890 3975 calidum
907 3921 942 3975 ad
960 3927 1017 3974 tac·

282 4005 339 4052 tum
353 3998 571 4069 deprehenditur.

422 4077 468 4132 13.
487 4077 530 4132 Βε
543 4077 650 4133 balneis
669 4078 771 4144 calidis,
792 4079 822 4132 in
845 4094 899 4149 quo
916 4079 969 4133 situ
990 4085 1017 4133 et

477 4164 575 4213 natura
597 4156 649 4212 soli
673 4174 801 4213 emanare
824 4158 938 4223 soleant,
961 4175 1016 4213 uon

283 4234 349 4289 satis
363 4236 506 4307 quesitum
525 4245 584 4291 est:
604 4238 696 4308 itaque
714 4253 769 4291 non
786 4237 958 4309 subjungitur
970 4256 1017 4292 sse·

280 4315 386 4386 gutr'os.

260 4126 296 4170 Ad
307 4131 364 4172 Bam.

423 4392 467 4448 14.
487 4393 614 4466 Liquidis
622 4396 786 4450 ferventibus
793 4395 965 4465 subiungitur
974 4413 1017 4449 nc·

479 4478 576 4545 getius
589 4476 676 4545 ipsius
689 4475 786 4547 liquidi
806 4474 836 4529 iu
849 4482 945 4529 natura
959 4493 1016 4530 εεε.

283 4550 398 4606 Nullum
413 4552 486 4606 enim
498 4554 636 4609 invenitur
648 4554 779 4626 liquidum
794 4553 933 4625 tangibile,
946 4555 1018 4626 quod

282 4629 360 4683 sitin
374 4639 472 4685 nature
485 4649 534 4686 aua
548 4642 575 4687 ει
595 4642 705 4688 maneat
718 4641 870 4688 constanter
884 4633 1016 4699 calidum;

283 4709 331 4763 sed
352 4711 570 4780 superinducitur
589 4714 624 4766 ad
642 4720 749 4783 tempus
769 4720 872 4767 tantnm
891 4712 973 4778 calor,
988 4721 1019 4769 ut

282 4798 380 4843 natura
394 4790 525 4856 ascititia,
547 4793 615 4847 adeo
624 4800 656 4847 ut
669 4810 729 4864 quar
742 4800 874 4862 potestate
887 4800 916 4846 et
926 4809 1018 4862 opera-

282 4869 355 4922 tione
369 4877 432 4923 suut
447 4871 568 4926 maxime
590 4872 687 4936 calide,
701 4881 731 4926 ut
748 4872 860 4942 spiritus
878 4872 943 4937 riui,
957 4872 1018 4927 olea

282 4957 433 5003 aromatum
454 4949 585 5017 chemise,
600 4953 683 5007 etiam
705 4950 766 5006 olea
788 4950 889 5005 vitrioli
910 4960 938 5005 ει
962 4951 1018 5006 sul·

282 5027 386 5098 pharis,
407 5037 434 5083 et
457 5029 566 5095 similis,
587 5049 648 5101 quoe
667 5031 827 5101 paulopost
846 5031 969 5096 adurunt,
984 5032 1018 5085 ad

282 5107 400 5177 primum
413 5117 516 5162 tactum
530 5110 586 5162 sint
598 5110 707 5181 frigide.
749 5110 829 5180 Aqua
850 5118 941 5165 autem
959 5110 1018 5164 bal·

281 5203 396 5241 neotum
415 5186 588 5252 naturalium,
602 5196 716 5259 excepta
736 5189 765 5242 iu
782 5205 831 5244 ras
853 5189 972 5259 aliquod,
992 5198 1020 5245 et

283 5275 408 5334 separata
427 5284 445 5320 a
458 5266 578 5321 fontibus
591 5268 656 5333 suis,
671 5268 831 5323 defervescit
852 5270 964 5338 perinde
986 5286 1018 5323 ac

282 5361 355 5414 equs
381 5346 444 5417 igne
466 5344 606 5400 calefacta.
653 5347 689 5400 At
715 5362 809 5400 rerum
836 5358 879 5401 εει
905 5366 1019 5420 corpora

282 5422 375 5478 oleoso
384 5425 419 5480 ad
430 5432 533 5481 tactum
546 5425 628 5495 paulo
642 5427 731 5479 miuus
745 5441 804 5480 esse
817 5425 926 5497 frigide,
935 5445 1018 5499 quam

260 4442 295 4486 Ad
303 4449 359 4486 asni.

848 274 989 330 Novom
1002 272 1210 330 ORGANUM.

419 669 464 724 11.
485 670 579 724 Omnis
593 670 703 724 flamma
717 677 847 741 perpetuo
864 680 906 723 est
925 669 1015 723 cudda
1054 669 1098 724 lb.
1120 668 1252 724 Similiter
1260 671 1354 739 vapori
1365 668 1468 723 fervido
1476 668 1648 760 subjungitur

1054 1617 1098 1680 17.
1120 1618 1297 1689 subjungitur
1317 1620 1445 1691 negative
1459 1625 1652 1689 tempestatum

1055 2254 1099 2308 18.
1121 2252 1302 2323 subjungitur
1331 2254 1461 2326 negativo
1488 2250 1560 2306 a'e'ris
1587 2268 1653 2307 con·

1058 4075 1103 4134 19.
1125 4080 1225 4133 Subest
1251 4081 1380 4135 similiter
1401 4079 1542 4145 dubitatio,
1565 4087 1656 4135 utrum

1720 273 1786 328 Lis„
1801 274 1837 327 11.

1109 447 1215 502 aquea3
1245 438 1275 484 ut
1294 430 1386 486 olermr
1408 431 1498 485 miuus
1518 446 1600 503 quam
1622 446 1700 502 aqua,
1722 432 1840 485 sericusm

1109 512 1200 565 miuus
1222 527 1306 581 quam
1325 511 1447 565 linteum
1488 511 1589 565 Verum
1609 509 1662 563 hoc
1678 512 1797 581 pertinet
1810 512 1843 563 ad

1115 589 1244 643 Tabulam
1255 590 1391 660 paduam
1405 590 1438 643 de
1452 589 1561 660 frigido.

1365 749 1371 760 ,
1409 748 1415 761 ,
1695 712 1728 754 ar
1743 714 1812 751 roam

1110 758 1237 819 negativa
1251 756 1354 802 nature
1363 764 1573 818 rpsrusvsporrs,
1584 764 1649 819 qua·

1110 827 1145 882 lis
1167 828 1239 896 apud
1260 843 1310 880 nos
1331 828 1473 881 iuvenitur.
1524 828 1633 881 Etenim
1658 824 1842 880 exhalationes

1110 924 1146 960 ex
1160 906 1267 969 oleosis,
1279 906 1343 960 licet
1357 907 1436 960 facile
1451 905 1669 968 inflammabiles,
1684 916 1774 958 tumen
1790 922 1842 957 nou

1110 986 1285 1039 inveniuntur
1297 984 1399 1051 calidae,
1418 986 1472 1039 uisi
1487 1003 1504 1040 a
1521 1002 1635 1055 corpore
1653 985 1740 1038 calido
1753 1001 1842 1037 receu-

1109 1071 1151 1119 ter
1161 1063 1357 1119 exhalaverint

1054 1143 1098 1199 16.
1119 1142 1313 1198 Similitersiiri
1321 1144 1373 1214 ipsi
1385 1144 1500 1198 ferventi
1509 1144 1649 1235 subjungi·
1699 1188 1804 1228 ,dm

1109 1228 1153 1277 tur
1176 1224 1304 1295 negativa
1331 1232 1429 1277 natura
1455 1223 1526 1278 aeris
1553 1225 1648 1293 ipsius.

1110 1302 1208 1373 Neque
1223 1302 1296 1355 enim
1307 1302 1442 1356 invenitur
1451 1303 1522 1373 apud
1534 1318 1586 1355 nos
1600 1301 1648 1356 ser
1658 1299 1778 1361 caliduse
1793 1301 1841 1353 nisi

1110 1381 1191 1434 fuerit
1204 1389 1253 1435 aut
1272 1381 1421 1446 conclusus,
1435 1392 1483 1436 aut
1500 1382 1615 1444 attritus,
1636 1389 1685 1434 εει
1705 1378 1841 1433 manifeste

1109 1459 1255 1515 calefactus
1273 1477 1291 1513 a
1309 1460 1375 1526 sole,
1389 1462 1461 1532 igne,
1475 1471 1522 1515 aut
1542 1460 1637 1531 aliquo
1658 1459 1715 1513 alio
1734 1475 1840 1528 corpore

1111 1538 1209 1594 calido.

1111 1698 1269 1768 frigidarum
1283 1702 1380 1769 magis,
1389 1715 1470 1769 quum
1481 1714 1531 1769 pro
1544 1698 1650 1752 ratione
1703 1662 1734 1702 Μ
1744 1664 1805 1703 ¹¹⁸²

1111 1779 1241 1847 temporis
1251 1778 1324 1841 anui,
1335 1794 1397 1849 quae
1407 1779 1534 1832 eveniunt
1540 1776 1613 1846 apud
1619 1791 1671 1829 nos
1680 1775 1765 1827 flaute
1775 1774 1840 1828 Euro

1111 1864 1138 1910 ει
1153 1856 1260 1911 Borea:
1281 1856 1506 1927 quemadmodum
1521 1863 1549 1911 et
1567 1855 1712 1909 conharise
1732 1864 1840 1922 tempes-

1111 1942 1182 1989 tates
1196 1937 1326 1990 eveniunt
1338 1937 1421 1990 flaute
1431 1937 1531 1991 Austro
1544 1941 1573 1989 et
1582 1934 1721 2004 Zephyro
1757 1934 1839 1987 Etiam

1110 2014 1252 2068 inclinatio
1278 2016 1314 2069 ad
1337 2015 1458 2086 pluriam
1486 2014 1653 2084 (praesertim
1680 2014 1840 2083 temporibus

1111 2093 1288 2163 hiemalibus)
1303 2095 1447 2149 comitatur
1460 2102 1651 2165 tempestatem
1665 2093 1800 2163 tepidam:
1818 2102 1841 2144 at

1111 2172 1175 2244 gelu
1188 2182 1282 2227 couha
1295 2173 1433 2245 frigidam.

1111 2330 1179 2385 clusi
1203 2331 1232 2385 in
1254 2334 1378 2385 cavernis
1402 2339 1525 2402 tempore
1547 2332 1651 2386 matiam
1702 2298 1806 2339 mu

1111 2411 1148 2463 At
1164 2410 1197 2464 de
1217 2409 1281 2465 sere
1302 2412 1432 2466 concluso
1452 2411 1565 2465 omuino
1585 2410 1745 2481 diligentius
1759 2409 1842 2480 inqui·

1111 2490 1231 2544 rendum.
1272 2489 1367 2544 Primo
1380 2492 1453 2544 euim
1466 2506 1521 2544 uon
1539 2490 1643 2562 absque
1663 2505 1746 2543 causa
1759 2490 1788 2542 iu
1799 2489 1842 2541 du·

1111 2568 1270 2623 bitationem
1280 2570 1361 2633 venit,
1373 2570 1462 2641 qualis
1471 2568 1508 2624 sit
1517 2579 1616 2624 ustura
1625 2568 1707 2632 aeris,
1717 2578 1842 2639 quatenus

1111 2646 1145 2701 ad
1164 2647 1282 2702 calidum
1302 2657 1330 2703 et
1351 2649 1481 2720 frigidum
1497 2648 1528 2702 iu
1544 2659 1644 2703 natura
1662 2665 1714 2703 sua
1732 2648 1842 2719 propria

1112 2727 1221 2799 Recipit
1231 2728 1304 2782 enim
1318 2727 1367 2783 ser
1387 2727 1505 2783 calidum
1525 2729 1673 2782 manifesto
1689 2745 1725 2782 ex
1737 2729 1842 2797 impres·

1109 2806 1186 2861 sione
1209 2807 1375 2873 scelestium
1401 2807 1530 2879 frigidum
1551 2816 1644 2863 sutem
1667 2807 1782 2862 fortasse
1804 2807 1843 2859 sb-

1112 2887 1281 2958 expiratioue
1291 2894 1382 2953 terrae3
1404 2896 1432 2943 et
1442 2904 1538 2943 mrsus
1552 2888 1580 2941 in
1593 2887 1686 2943 media
1700 2889 1794 2958 (mam
1805 2902 1843 2939 ro

1111 2967 1186 3036 caut)
1204 2968 1317 3038 regione
1335 2967 1415 3032 adria,
1433 2984 1450 3021 a
1465 2968 1612 3039 vaporibus
1634 2967 1743 3039 frigidis
1763 2978 1791 3021 et
1805 2967 1842 3019 ni·

1111 3046 1207 3101 vibus:
1228 3055 1259 3101 ut
1279 3047 1386 3102 nullum
1396 3048 1529 3116 judicium
1543 3048 1603 3102 fieri
1617 3049 1706 3118 possit
1724 3047 1759 3100 de
1780 3047 1842 3100 siris

1111 3133 1208 3180 natura
1221 3143 1271 3197 per
1284 3130 1384 3190 aerem,
1399 3127 1446 3198 qui
1459 3125 1533 3181 foras
1551 3136 1593 3181 est
1614 3134 1642 3182 et
1665 3126 1784 3190 subdio,
1803 3125 1843 3179 sed

1113 3207 1203 3260 verius
1230 3206 1302 3260 foret
1326 3206 1459 3275 judicium
1487 3223 1537 3277 per
1564 3206 1657 3262 adrem
1685 3208 1843 3260 conclusum

1113 3283 1198 3355 Atqui
1221 3301 1292 3356 opus
1318 3293 1362 3339 εει
1384 3286 1475 3350 edam,
1497 3296 1526 3340 ut
1549 3288 1598 3341 air
1622 3285 1844 3341 concludaturin

1113 3362 1160 3417 tali
1175 3381 1238 3419 rese
1251 3372 1280 3418 et
1292 3366 1415 3429 materia,
1427 3383 1488 3437 quse
1501 3382 1551 3419 nec
1565 3365 1627 3436 ipsa
1640 3366 1748 3420 imbuat
1761 3369 1844 3419 adrem

1112 3442 1201 3497 calido
1214 3442 1257 3497 rel
1271 3443 1372 3516 frigido
1386 3461 1422 3500 ex
1432 3446 1459 3499 ri
1467 3446 1583 3515 propria,
1592 3462 1644 3499 uec
1658 3446 1738 3499 facile
1753 3445 1843 3498 admit·

1112 3529 1153 3577 tat
1165 3523 1221 3577 rim
1234 3524 1306 3578 adria
1319 3525 1452 3579 extranei
1493 3525 1556 3579 Fiat
1569 3525 1665 3595 itaque
1680 3527 1844 3595 experimen·

1113 3610 1171 3657 turn
1184 3620 1234 3672 per
1247 3602 1330 3657 ollam
1344 3604 1487 3675 figularem
1500 3604 1647 3673 multiplici
1661 3607 1737 3660 corio
1750 3605 1844 3659 obduc-

1113 3689 1170 3737 tam
1180 3682 1214 3735 ad
1224 3683 1398 3738 muniendam
1411 3685 1500 3756 ipsam
1514 3684 1549 3738 ub
1559 3684 1623 3738 sese
1633 3693 1772 3746 extraneo,
1781 3685 1846 3738 facta

1114 3778 1190 3816 mora
1202 3778 1252 3832 per
1266 3771 1322 3817 tres
1335 3771 1383 3817 aut
1396 3773 1513 3834 quatuor
1526 3764 1626 3818 diesin
1640 3781 1706 3819 vase
1720 3765 1789 3817 bene
1805 3780 1845 3816 oe·

1113 3840 1203 3896 eluso:
1232 3841 1412 3913 deprehensio
1430 3852 1522 3897 antem
1546 3844 1578 3897 fit
1597 3849 1660 3914 post
1684 3844 1845 3913 apertionem

1113 3920 1196 3985 basis,
1210 3920 1254 3975 vel
1272 3939 1321 3992 per
1341 3939 1459 3987 manum,
1475 3922 1520 3976 vel
1540 3939 1590 3992 per
1603 3923 1705 3978 vitrum
1720 3923 1845 3995 miluum

1115 4000 1207 4054 ordine
1222 4002 1396 4071 applicatum.

1113 4166 1191 4229 tepor
1204 4158 1233 4212 iu
1243 4158 1315 4223 lana,
1325 4168 1354 4214 ει
1366 4160 1492 4232 pellibus,
1506 4168 1534 4214 et
1544 4158 1655 4229 plumis,
1706 4128 1738 4167 Μ
1748 4131 1809 4168 ¹³¹²

1115 4247 1144 4292 et
1164 4238 1327 4307 hujusmodi,
1342 4240 1391 4293 fiat
1403 4257 1439 4294 ex
1453 4238 1569 4311 quodam
1584 4238 1652 4293 exili
1665 4239 1756 4295 calore
1770 4239 1846 4294 iuba

1113 4325 1199 4381 rente,
1213 4326 1346 4388 quatenus
1360 4326 1541 4373 excernuntur
1557 4318 1592 4372 ab
1605 4319 1786 4381 animalibus3
1806 4327 1847 4371 sut

1115 4397 1199 4450 etiam
1214 4396 1249 4450 ob
1262 4398 1456 4468 pinguedinem
1475 4397 1611 4469 quandam
1625 4405 1655 4452 ει
1674 4399 1845 4456 oleosiutem

1115 4493 1175 4547 qum
1189 4477 1225 4530 sit
1237 4485 1341 4531 naturae
1361 4493 1487 4548 congruae
1501 4494 1564 4532 cum
1577 4484 1690 4548 tepore3
1712 4478 1755 4532 vel
1772 4478 1845 4548 plane

1115 4556 1149 4610 ob
1169 4554 1369 4611 conclusionem
1389 4566 1416 4611 et
1429 4556 1590 4612 fractionem
1609 4555 1689 4620 adria,
1705 4565 1735 4611 ut
1747 4559 1777 4611 iu
1789 4556 1846 4610 arti·

1115 4634 1176 4688 culo
1190 4635 1357 4705 precedente
1370 4636 1472 4690 dicum
1487 4643 1538 4690 est
1580 4636 1695 4690 Videtur
1711 4637 1785 4691 enim
1798 4653 1846 4689 orn

1115 4715 1158 4768 nis
1172 4713 1227 4778 aer,
1241 4714 1377 4769 abscissus
1401 4731 1419 4769 a
1435 4714 1613 4769 continuitate
1626 4716 1698 4769 aeris
1717 4715 1845 4774 forinmci,

1116 4793 1218 4848 habere
1238 4793 1364 4848 nonnihil
1381 4794 1492 4866 teporis.
1549 4795 1643 4866 ltaque
1672 4796 1721 4849 fiat
1743 4795 1845 4866 experi-

1115 4880 1236 4928 mentum
1249 4874 1278 4927 in
1292 4873 1406 4939 fibrosis,
1421 4891 1482 4945 quae
1502 4874 1570 4928 fiunt
1590 4892 1626 4929 ex
1645 4874 1722 4936 lino;
1743 4891 1796 4927 non
1815 4889 1845 4925 ea

1115 4952 1187 5016 laus,
1211 4956 1260 5004 aut
1280 4951 1389 5022 plumis,
1417 4960 1466 5007 aut
1493 4954 1590 5018 serico,
1618 4971 1679 5025 quse
1706 4968 1845 5007 excernere

1115 5039 1159 5086 tur
1177 5030 1213 5084 ab
1232 5031 1369 5087 animatis.
1411 5033 1571 5087 Notandum
1590 5042 1632 5087 est
1647 5033 1739 5093 etism,
1759 5046 1845 5086 munes

1115 5110 1242 5182 pulveres
1260 5110 1321 5182 (ubi
1340 5111 1485 5166 manifesto
1507 5111 1656 5166 includitur
1680 5111 1742 5179 εει)
1763 5112 1844 5165 minus

1115 5206 1175 5245 esse
1199 5189 1320 5261 frigidos,
1345 5208 1426 5263 quam
1451 5206 1566 5260 corpora
1587 5191 1693 5263 integra
1713 5192 1844 5261 ipsorum:

1115 5268 1342 5341 quemadmodum
1356 5271 1439 5324 etiam
1450 5269 1651 5336 existimamus,
1666 5287 1773 5325 omnem
1786 5286 1845 5340 spu·

1114 5365 1186 5403 mam
1201 5349 1308 5419 (utpote
1323 5366 1383 5420 quse
1405 5353 1497 5403 adrem
1517 5351 1668 5421 contineat)
1683 5350 1772 5405 minus
1790 5362 1844 5403 esse

1114 5428 1249 5500 frigidam,
1264 5445 1345 5498 quarn
1358 5428 1491 5500 liquorem
1504 5428 1604 5499 ipsum.
