3800 5875
209 323 273 394 7⁰⁸
769 325 821 381 nn
843 319 1046 378 saetarum
1067 317 1262 374 vsnsnuu.

211 506 251 544 ex
265 495 369 559 septem
382 485 494 542 adamis
507 489 666 539 concentum
681 500 770 538 rerum
787 491 814 537 et
827 481 1006 544 harmoniam,
1043 494 1099 532 sum
1111 474 1345 538 conservatricem,
1360 490 1392 527 ac
1407 472 1479 527 mala
1497 471 1652 543 ingruentia
1663 468 1797 525 vitantem
1813 475 1839 523 et

214 570 272 623 sive
285 567 454 621 concordiam
467 582 531 620 cum
544 563 677 619 discordia
690 564 934 632 mixtamquaecx
947 576 1007 628 sep
1043 556 1240 626 depellentem:
1280 559 1458 608 veruntamen
1484 553 1579 606 eadem
1606 556 1706 604 natura
1731 548 1839 603 modum

214 655 269 702 tem
288 646 426 701 stellarum
447 643 594 699 errantium
610 648 687 697 motu
704 641 850 704 conficitur,
868 638 1007 692 evidenter
1044 641 1136 689 terrem
1147 634 1241 688 nescia
1254 641 1296 687 est
1305 655 1314 695 ;
1334 632 1384 686 sed
1397 630 1538 685 timoribus
1552 628 1718 685 salutanbue
1734 642 1840 697 semper

215 725 338 781 ostendit.
379 723 481 780 Pedum
502 729 594 777 autem
611 721 679 775 illud
697 721 779 774 etism
799 718 898 773 nobilis
918 724 1006 771 trans·
1043 730 1127 767 vanos
1140 720 1170 767 et
1188 713 1283 766 inanes
1304 710 1442 774 admiscet,
1457 708 1526 763 adeo
1546 715 1576 763 nt
1595 708 1690 762 omnia
1712 706 1749 776 (si
1768 706 1840 760 intas

215 806 284 858 latio
297 814 355 868 est:
375 811 484 873 propter
498 802 557 856 vias
570 810 672 855 naturae
683 800 782 871 partim
795 805 890 861 rectas,
905 796 1005 867 partim
1043 792 1165 862 conspici
1178 790 1317 856 darentur)
1326 789 1436 844 Panicis
1446 788 1594 842 terroribus
1602 785 1837 857 plenissimam,

215 884 346 955 obliquas.
388 881 526 951 Pracipue
545 879 763 949 autemlignum,
777 878 833 932 sive
846 877 932 946 virga,
946 891 1006 929 ver·
1043 871 1194 942 praesertim
1221 869 1349 933 humana,
1374 884 1435 938 qum
1458 867 1652 957 superstitione
1677 868 1753 956 tque
1778 880 1839 917 vere

215 980 262 1017 sus
275 963 440 1033 superiorem
459 969 564 1029 partem
584 975 666 1013 curva
680 967 737 1021 est:
759 957 825 1027 quia
837 955 928 1009 omnia
941 970 1006 1024 pro-
1043 949 1114 1003 nihil
1127 949 1208 1013 aliud,
1222 963 1304 1020 qoam
1324 948 1438 1017 panicus
1451 954 1545 1010 terror,
1558 947 1616 1013 est)
1631 960 1663 998 rn
1680 958 1839 997 immensum

216 1042 341 1096 videntia
355 1040 453 1094 divinae
466 1055 548 1108 opera
561 1037 590 1092 in
609 1036 709 1091 mundo
729 1037 786 1090 sere
808 1052 857 1106 per
875 1034 1006 1103 ambages
1043 1028 1181 1093 laborant;
1208 1027 1328 1081 mammo
1349 1025 1514 1095 temporibus
1535 1024 1609 1079 duma
1630 1031 1661 1076 et
1681 1021 1796 1091 trepidis
1813 1030 1838 1074 et

216 1130 244 1176 ct
257 1121 384 1174 circuitus
403 1120 486 1182 liunt;
509 1123 538 1172 ut
556 1115 630 1170 aliud
648 1116 694 1187 agi
713 1115 799 1169 videri
818 1114 911 1184 possit,
932 1110 1007 1167 aliud
1044 1107 1171 1161 adversis.

216 1201 324 1253 interim
337 1203 552 1268 reveraagatur;
574 1203 605 1248 ut
615 1194 729 1264 Joaephi
740 1193 860 1248 venditio
869 1191 898 1246 in
905 1192 1007 1261 AEgyp
1083 1186 1160 1246 Quod
1173 1201 1237 1240 vero
1249 1184 1348 1237 attinet
1361 1182 1397 1236 sd
1410 1182 1551 1236 audaciam
1567 1181 1663 1245 Panis,
1677 1189 1706 1234 et
1725 1195 1837 1269 pugnam

216 1287 282 1343 tum,
309 1284 337 1332 et
363 1277 470 1332 similia.
511 1274 665 1336 Quinetiam
684 1274 713 1327 in
732 1271 865 1344 regimine
885 1270 1007 1324 hnmano
1044 1281 1093 1335 per
1104 1264 1320 1334 provocationem
1330 1279 1392 1316 cum
1402 1260 1552 1331 Cupidine:
1569 1261 1600 1314 id
1609 1277 1644 1314 eo
1654 1267 1767 1330 spectat,
1778 1276 1836 1329 quia

216 1358 290 1411 omni
303 1355 483 1427 prudentiore,
493 1354 540 1424 qui
550 1353 585 1406 ad
597 1351 780 1423 gubernacula
790 1351 891 1414 sedent,
906 1348 1007 1419 populo
1044 1344 1158 1398 materia
1170 1359 1225 1396 non
1238 1349 1313 1395 caret
1325 1340 1503 1395 inclinatione
1522 1348 1551 1394 et
1564 1340 1693 1410 appetitu
1708 1337 1742 1391 ad
1756 1338 1835 1392 diseo

216 1435 403 1491 convenientia
416 1451 465 1505 per
479 1439 624 1502 praetextus
637 1441 664 1487 et
682 1431 740 1485 vias
758 1429 883 1500 obliquas
901 1427 1007 1482 felicius
1043 1423 1176 1477 lotionem
1201 1420 1293 1475 mundi
1314 1427 1342 1473 et
1360 1419 1580 1474 recidivationem
1604 1419 1635 1472 in
1660 1417 1730 1472 illud
1753 1416 1836 1471 Chaos

217 1514 391 1586 qnasvolunt,
405 1530 487 1586 quam
508 1528 544 1565 ex
559 1510 671 1574 directo,
692 1510 900 1578 superinducunt
917 1514 946 1561 et
965 1505 1007 1559 in·
1045 1502 1192 1572 antiquum,
1219 1499 1272 1554 nisi
1300 1498 1447 1568 praevalida
1479 1515 1568 1552 rernm
1602 1497 1752 1552 concordia
1780 1503 1836 1566 (per

216 1594 340 1658 sinuant:
361 1593 429 1647 adeo
442 1599 471 1646 ut
483 1590 571 1644 omnis
585 1589 692 1659 imperii
704 1589 782 1659 virga
801 1587 857 1641 sive
877 1585 1006 1639 bacillum
1045 1597 1165 1634 amorem
1178 1580 1234 1634 sive
1249 1578 1411 1647 Cupidinem
1431 1576 1597 1648 significata)
1619 1576 1729 1630 malitia
1748 1585 1774 1628 et
1790 1577 1836 1628 im-

216 1689 279 1727 vere
293 1672 416 1742 superius
429 1670 559 1725 inflexum
572 1668 618 1724 sit.
660 1667 847 1722 VestisPanie
861 1673 889 1719 et
902 1664 1006 1718 emicu-
1045 1668 1125 1729 petus
1138 1659 1198 1727 ejus
1209 1656 1380 1711 cohiberetur
1394 1656 1463 1710 etin
1477 1656 1604 1710 ordinem
1618 1655 1835 1726 compelleretur:

216 1751 274 1806 lum
288 1751 427 1822 ingeniose
441 1749 584 1803 admodum
597 1763 634 1801 ex
646 1745 718 1816 pelle
732 1744 852 1817 pardalis
866 1743 949 1798 fuisse
961 1743 1008 1795 tin-
1045 1740 1136 1808 itaque
1150 1738 1221 1790 bono
1234 1736 1377 1789 admodum
1390 1734 1533 1789 hominum
1546 1742 1575 1789 et
1587 1752 1683 1789 rerum
1698 1734 1756 1788 fato
1766 1734 1800 1797 fit,
1811 1745 1837 1787 nt

215 1831 305 1901 gitur:
338 1836 447 1899 propter
474 1826 594 1882 maculas
620 1826 720 1898 ubique
752 1840 875 1893 sparsas:
910 1822 1008 1876 coelum
1045 1816 1112 1870 illud
1130 1824 1268 1870 certamen
1290 1814 1348 1868 Pan
1366 1815 1509 1869 adversum
1525 1815 1697 1884 experiatur,
1718 1814 1837 1868 strictos

217 1909 291 1964 enim
310 1907 405 1973 stellis,
419 1906 506 1962 maria
525 1904 628 1969 insulis,
649 1903 730 1958 tellus
751 1902 863 1957 floribus
882 1917 1008 1971 consper·
1045 1896 1183 1949 abscedat.
1223 1895 1327 1949 Eodem
1343 1910 1453 1964 prorsus
1466 1893 1587 1963 pertinet
1605 1901 1634 1947 et
1652 1893 1723 1946 illud
1740 1893 1773 1946 de
1790 1891 1838 1960 '1¹5-

217 1995 333 2059 guntur:
354 1995 435 2057 atque
447 1984 529 2039 etiam
542 1999 586 2038 res
603 1981 781 2053 particulares
791 1981 848 2035 iere
862 1981 1009 2051 variegatae
1046 1973 1137 2045 phone
1148 1974 1176 2028 in
1184 1974 1286 2027 retibus
1295 1972 1453 2043 implicato:
1475 1973 1689 2044 quiautcunque
1701 1971 1839 2043 aliqnando

217 2083 277 2121 esse
295 2065 382 2120 solent
399 2065 472 2119 circa
490 2061 667 2132 superficiem,
687 2078 749 2133 quae
773 2059 857 2114 veluti
877 2060 917 2114 rel
935 2059 1010 2113 chla-
1046 2053 1123 2118 vasti,
1143 2059 1171 2107 et
1191 2051 1293 2106 insoliti
1312 2068 1402 2106 rerum
1421 2059 1541 2106 tumores
1561 2053 1626 2115 sint,
1645 2052 1688 2118 (id
1702 2052 1775 2123 qnod
1791 2050 1839 2119 Ty-

218 2161 278 2214 mys
291 2151 340 2198 est.
1046 2131 1122 2202 phon
1139 2131 1239 2198 sonat)
1259 2131 1316 2184 sive
1329 2131 1513 2185 intumescant
1526 2131 1623 2192 maria,
1639 2147 1699 2184 erre
1715 2132 1836 2184 intomes

258 2223 382 2278 Officium
397 2227 487 2276 sutem
500 2220 584 2275 Panis
597 2217 672 2275 nulla
691 2217 746 2270 alia
759 2234 788 2273 re
801 2224 857 2273 tam
871 2216 1009 2271 advirum
1047 2219 1109 2264 cant
1127 2210 1220 2273 nubes,
1235 2209 1292 2264 Sive
1309 2210 1472 2263 intumescat
1490 2217 1572 2274 terra,
1592 2209 1653 2262 sive
1674 2209 1739 2274 alia,
1757 2217 1837 2263 umen

219 2300 333 2372 proponi
347 2306 428 2371 atque
442 2298 574 2370 explicari
592 2297 716 2369 potuerit,
729 2313 810 2367 quam
829 2305 862 2350 ut
878 2295 954 2350 Deus
967 2312 1011 2348 vs·
1047 2306 1137 2344 rerum
1162 2297 1259 2344 natura
1284 2287 1440 2357 hujusmodi
1465 2304 1609 2357 corporum
1637 2289 1839 2359 exsuperantius

218 2387 343 2436 natorum
358 2380 412 2434 sit:
432 2379 521 2434 omnis
530 2379 602 2431 enim
612 2374 743 2431 naturalis
756 2377 836 2440 actio,
850 2381 930 2447 atque
941 2373 1011 2429 adeo
1047 2377 1128 2440 atque
1138 2367 1295 2422 insolentias
1301 2367 1353 2421 reti
1360 2366 1543 2421 inextricabili
1555 2365 1683 2436 implicat
1691 2378 1720 2422 et
1733 2367 1838 2429 coercet,

219 2465 307 2513 motus
326 2466 354 2513 et
373 2474 525 2528 processus,
545 2457 617 2511 nihil
636 2453 710 2509 aliud
730 2471 811 2526 quam
830 2454 939 2508 venatio
959 2460 1009 2507 est.
1048 2455 1076 2502 ct
1088 2446 1171 2501 veluti
1184 2454 1283 2501 catena
1295 2445 1468 2501 adamantina
1481 2445 1607 2501 devincit.

219 2538 293 2592 Nam
313 2544 341 2590 et
362 2536 483 2592 scientiae
506 2543 534 2590 et
556 2543 627 2590 artes
648 2551 731 2604 opera
752 2550 801 2588 sua
823 2542 962 2596 venantur,
984 2538 1011 2586 et
1086 2524 1164 2587 Quod
1177 2533 1266 2580 autem
1279 2525 1400 2579 inventio
1414 2524 1522 2579 Cereris
1534 2524 1600 2579 huic
1615 2524 1669 2579 deo
1682 2524 1839 2588 attribuitur,

218 2616 334 2670 concilia
345 2616 466 2669 humana
479 2614 547 2669 fines
565 2631 636 2680 suos,
651 2621 732 2683 atque
749 2629 793 2667 res
806 2611 943 2666 naturales
957 2628 1011 2665 om·
1049 2604 1130 2676 idque
1150 2604 1221 2659 inter
1233 2605 1422 2667 venationem
1443 2602 1554 2675 reliquss
1570 2603 1626 2657 diis
1642 2613 1771 2674 negatur·
1784 2603 1841 2657 listi

218 2711 268 2750 nes
281 2694 325 2749 vel
345 2692 474 2749 alimenta
491 2710 542 2748 sua
562 2700 690 2764 tanquam
709 2693 836 2761 praedam,
855 2690 899 2745 vel
918 2690 1011 2760 volup
1049 2683 1143 2738 scdulo
1157 2683 1339 2755 quaerentibus
1348 2690 1378 2738 et
1390 2681 1457 2737 illud
1470 2682 1563 2753 ipsum
1576 2683 1744 2754 agentibus:
1764 2683 1841 2737 moni-

219 2780 289 2829 tates
306 2790 369 2828 suas
384 2779 512 2843 tanquam
525 2772 662 2839 solatium,
676 2777 814 2835 venantur,
828 2770 911 2841 idque
925 2769 1011 2824 modis
1049 2771 1106 2816 ium
1120 2762 1205 2817 habet
1216 2779 1309 2817 verum
1322 2761 1466 2816 fldmffllum
1480 2768 1507 2814 0⁸
1522 2761 1659 2830 prudenti
1683 2761 1738 2815 110⁰
1751 2772 1798 2825 “b
1811 2778 1841 2813 Μ

220 2853 315 2924 peritis
328 2860 357 2906 et
369 2852 521 2924 sagacibus.
1048 2858 1139 2896 rerum
1158 2842 1265 2896 utilium
1285 2842 1320 2895 ad
1332 2841 1415 2894 vitam
1435 2848 1463 2894 ct
1482 2840 1584 2894 cultum
1607 2841 1743 2906 inventio,
1762 2840 1842 2911 qualis

1050 2920 1101 2975 fuit
1113 2929 1243 2991 segetum,
1258 2938 1275 2973 a
1284 2920 1467 2991 philosophiis
1480 2919 1632 2983 abstractis,
1649 2927 1783 2992 tanquam
1796 2919 1843 2973 diis

1049 2999 1205 3067 majoribus,
1226 3008 1406 3070 exspectetur,
1427 2998 1493 3052 licet
1513 3000 1577 3053 totis
1598 3000 1709 3054 viribus
1730 3000 1760 3053 in
1782 2999 1844 3053 illud

1051 3078 1140 3148 ipsum
1152 3078 1324 3143 incumbant:
1345 3076 1394 3132 sed
1410 3079 1595 3132 tantummodo
1614 3095 1632 3131 a
1650 3079 1738 3143 Pane,
1753 3077 1781 3131 id
1800 3087 1843 3139 est,

220 3164 311 3218 Etiam
334 3161 511 3217 ruricolarum
536 3161 565 3214 in
587 3177 686 3231 genere
711 3160 768 3212 Pan
792 3158 858 3212 deus
878 3165 927 3218 est,
949 3156 1013 3228 quia
1050 3157 1220 3227 experientia
1233 3157 1324 3228 sagaci
1338 3165 1366 3211 et
1377 3174 1466 3212 rerum
1477 3158 1571 3211 mundi
1581 3158 1684 3213 notitia
1693 3157 1843 3219 universali,

220 3242 377 3311 huiusmodi
390 3241 515 3295 homiues
529 3240 616 3310 magis
625 3239 771 3294 secundum
781 3246 904 3291 naturam
915 3237 1012 3301 vivant,
1051 3254 1112 3307 qua:
1126 3237 1207 3291 etiam
1221 3254 1285 3291 casu
1300 3237 1415 3306 quodam
1426 3254 1457 3290 ac
1471 3235 1554 3290 veluti
1568 3236 1642 3291 inter
1655 3236 1809 3292 venandum
1819 3237 1844 3290 in

221 3338 284 3375 cum
297 3322 325 3375 in
340 3320 451 3375 urbibus
469 3329 498 3372 et
514 3319 585 3373 aulis
602 3326 699 3372 natura
717 3333 734 3370 a
753 3316 826 3371 cultu
847 3315 933 3368 nimio
954 3331 1013 3368 cov-
1051 3314 1206 3383 hujusmodi
1219 3316 1328 3369 inventa
1342 3315 1461 3370 incidere
1474 3314 1552 3370 solet.

222 3409 378 3471 rumpatur:
397 3406 430 3452 ut
442 3397 510 3451 illud
523 3395 612 3467 podtte
624 3395 785 3451 amatorium
798 3412 890 3449 verum
904 3395 948 3461 sit,
1091 3393 1162 3449 lllud
1181 3402 1271 3450 autem
1291 3394 1409 3449 musices
1429 3402 1572 3459 certamen,
1590 3395 1710 3465 ejusque
1731 3403 1843 3457 erectos,

1051 3472 1196 3528 salutarem
1209 3473 1321 3528 exhibet
1333 3473 1489 3537 doctrinam,
1501 3481 1583 3544 atque
1596 3490 1661 3527 eam
1677 3492 1741 3545 qnae
1754 3474 1842 3528 rationi

279 2983 380 3030 “Torva
388 2981 554 3049 lemna'lupunr
565 2982 677 3049 seqnitur,
685 2980 754 3049 lupus
764 2980 814 3041 ipse
823 2979 936 3060 capellam
946 3017 953 3027 .

278 3041 414 3088 Florentcm
425 3046 526 3102 cytisum
536 3044 643 3099 sequitur
653 3039 742 3086 lasciva
752 3036 850 3098 capella
861 3039 868 3060 '

389 3531 405 3552 ‘⁴
417 3526 476 3575 ΡΜ
486 3526 584 3574 minim
593 3533 630 3574 ‘⁸‘
638 3526 691 3588 ΨΜ
700 3525 779 3586 ⁹¹¹⁰u⁸
788 3525 851 3574 ’ω
1051 3556 1079 3605 et
1089 3553 1194 3620 judicio
1208 3552 1328 3607 humano
1341 3552 1468 3623 gestienti
1479 3561 1506 3606 et
1518 3570 1547 3607 se
1557 3552 1686 3607 efferenti
1700 3554 1844 3607 sobrietatis

222 3633 357 3689 Montium
370 3640 460 3688 autem
480 3631 615 3703 imprimis
635 3647 736 3701 praeses
754 3631 851 3685 dicitur
870 3630 936 3696 Pau,
949 3630 1014 3701 quia
1051 3630 1158 3684 vincula
1178 3632 1290 3700 injicere
1309 3633 1402 3702 possit.
1443 3630 1553 3702 Duplex
1574 3632 1650 3685 enim
1665 3633 1776 3687 videtur
1791 3646 1845 3686 eme

222 3714 252 3767 in
267 3713 403 3767 montibus
422 3719 450 3765 et
468 3711 536 3765 locis
557 3711 637 3765 editis
657 3719 754 3764 natura
771 3726 859 3764 rerum
880 3710 1012 3780 panditur,
1051 3707 1194 3764 harmonia
1206 3719 1234 3764 et
1246 3711 1323 3781 quasi
1337 3710 1456 3765 musica:
1478 3710 1563 3764 alters
1579 3710 1765 3781 providentiae
1782 3711 1844 3764 diri·

222 3801 303 3863 atque
334 3789 421 3845 oculis
448 3798 475 3844 et
499 3789 719 3861 contemplationi
747 3789 835 3859 magis
862 3789 1012 3857 subjicitur.
1050 3804 1102 3853 nte,
1112 3789 1199 3844 altera
1212 3788 1466 3844 rationiahumanae.
1508 3788 1618 3855 Judicio
1632 3790 1708 3844 enim
1722 3790 1843 3847 humano.

224 3870 301 3932 Quod
318 3870 417 3925 altera
433 3868 572 3924 Mercurio
589 3869 699 3922 deorum
719 3868 834 3922 nuncius
851 3868 885 3921 sit
899 3868 966 3932 Pan,
981 3885 1014 3922 ea
1052 3884 1083 3920 ac
1096 3868 1181 3922 veluti
1195 3869 1304 3923 auribus
1319 3867 1480 3932 mortalium,
1494 3869 1697 3923 administratio
1716 3870 1807 3924 mnndi
1821 3878 1844 3921 et

223 3950 354 4021 allegoria
367 3947 447 4019 plane
461 3948 554 4003 divina
572 3954 622 4011 est,
641 3964 703 4002 cum
727 3947 848 4016 proxime
873 3954 935 4017 post
953 3964 1013 4001 ver·
1051 3964 1148 4012 rerum,
1169 3955 1197 4002 et
1221 3948 1324 4015 judicia
1344 3947 1436 4000 divina
1458 3948 1603 4001 secretiora
1625 3957 1729 4001 sonant
1748 3948 1843 4018 aliquid

222 4029 288 4083 bum
314 4029 375 4093 Dei,
399 4028 461 4099 ipsa
486 4027 579 4081 mundi
601 4028 694 4097 imago
717 4025 815 4099 divinae
834 4026 965 4096 potentiae
986 4035 1014 4080 et
1052 4026 1147 4080 durum
1160 4035 1188 4080 et
1201 4027 1277 4097 quasi
1292 4027 1437 4080 absonum:
1458 4044 1519 4096 qua:
1532 4026 1644 4080 inscitia
1658 4027 1844 4082 licetasininir

223 4107 364 4176 sapientis
385 4107 549 4177 praeconium
571 4106 616 4162 sit.
657 4105 734 4166 Quod
755 4115 783 4158 et
806 4104 887 4175 polita
907 4105 1014 4160 divinus
1052 4106 1269 4160 auribusmerito
1283 4105 1453 4176 insigniatur,
1467 4115 1558 4160 tamen
1572 4113 1600 4159 ct
1614 4107 1687 4176 ipsae
1702 4107 1842 4161 illaesurus

223 4186 340 4239 cecinit:
362 4190 379 4216 ‘¹
393 4184 463 4239 Coeli
476 4194 602 4239 enarrant
620 4183 735 4256 gloriam
755 4184 817 4250 Dei,
831 4192 912 4255 atque
930 4202 1015 4256 opera
1052 4192 1162 4248 secreto,
1177 4201 1227 4237 nec
1245 4185 1336 4254 palam
1355 4193 1510 4254 gestantur:
1531 4201 1620 4255 neque
1639 4186 1716 4239 enirn
1737 4186 1841 4254 hujusce

224 4280 352 4318 manuum
365 4265 424 4332 eJ'us
434 4264 535 4318 indicat
548 4264 770 4318 firmamentum.’'
1053 4263 1091 4317 rei
1106 4264 1263 4317 deformitas
1277 4280 1294 4315 a
1306 4263 1389 4332 volgo
1401 4263 1565 4334 conspicitur
1578 4274 1625 4318 ant
1635 4272 1757 4319 notator.

263 4342 441 4396 Panaautem
456 4343 591 4397 oblectant
608 4342 753 4413 nympha:
774 4342 872 4398 animae
890 4342 1013 4409 scilicet:
1082 4341 1240 4407 ‘Postremo
1265 4342 1376 4396 minime
1404 4342 1502 4396 mirum
1524 4351 1573 4407 est,
1595 4343 1620 4396 si
1644 4343 1716 4398 nulli
1744 4360 1843 4397 amores

224 4419 329 4475 deliciae
352 4421 424 4475 enim
445 4422 545 4486 mundi,
569 4421 667 4476 animae
688 4422 836 4475 viventium
859 4430 936 4477 sunt:
967 4423 1014 4477 ille
1053 4419 1121 4474 Pani
1131 4423 1315 4485 attribuantur,
1326 4428 1424 4492 praeter
1432 4421 1589 4492 conjugium
1600 4421 1713 4487 Echusr
1734 4423 1843 4476 mundos

225 4508 316 4554 autem
329 4499 425 4553 merito
442 4517 535 4555 earum
556 4500 711 4571 imperator,
735 4517 797 4555 cum
817 4500 873 4554 illae
892 4509 1015 4555 naturam
1053 4500 1125 4553 enim
1146 4517 1175 4554 se
1195 4501 1264 4570 ipso,
1284 4510 1365 4570 atque
1384 4501 1414 4554 in
1432 4516 1463 4554 ae
1484 4500 1564 4554 rebus
1585 4502 1716 4555 omnibus
1737 4502 1842 4556 fruitur:

225 4595 340 4650 qumque
353 4594 429 4632 suam
443 4579 526 4633 veluti
542 4580 639 4634 ducem
653 4587 807 4650 sequantur,
828 4586 855 4633 et
868 4580 940 4633 circa
954 4596 1014 4634 earn
1053 4579 1099 4648 qui
1114 4588 1186 4633 amat
1200 4587 1298 4642 autem,
1312 4578 1366 4633 frui
1380 4578 1545 4650 vultusque
1562 4580 1593 4632 in
1610 4581 1694 4651 copia
1715 4581 1844 4634 desiderio

225 4675 287 4713 cum
309 4657 415 4712 infinita
435 4658 572 4721 varietate,
587 4659 669 4713 veluti
690 4657 804 4729 singulte
824 4674 898 4713 more
920 4661 1014 4727 patrio,
1052 4655 1127 4711 locus
1141 4666 1192 4711 est.
1234 4658 1328 4729 Itaque
1342 4658 1434 4712 mundi
1448 4675 1554 4713 amores
1567 4676 1629 4713 esse
1643 4659 1713 4714 nulli
1728 4670 1842 4730 ponunt,

166 4765 167 4768 ¹
225 4736 324 4792 saltent
337 4745 365 4791 et
378 4736 492 4789 choreas
505 4737 610 4801 ducant,
621 4747 696 4791 motu
709 4736 868 4807 neutiquam
883 4749 1014 4792 cessante.
1052 4752 1102 4789 nec
1116 4735 1237 4807 potiendi
1255 4737 1362 4807 cupido,
1375 4752 1436 4790 cum
1451 4754 1480 4790 se
1498 4739 1559 4807 ipso
1576 4747 1721 4792 contentus
1740 4740 1842 4801 sitnisi

226 4817 288 4870 Una
301 4823 433 4886 perpetuo
446 4816 606 4869 comitantur
620 4815 710 4885 Satyri
724 4822 751 4869 et
768 4814 870 4881 Sileni:
891 4824 1016 4870 senectus
1053 4814 1167 4869 fortasse
1187 4831 1341 4870 sermones:
1368 4815 1389 4868 ii
1408 4822 1472 4869 sunt
1490 4816 1621 4886 nympha,
1643 4817 1732 4883 Echo,
1752 4820 1841 4883 antri

225 4896 329 4950 scilicet
342 4902 369 4948 et
386 4894 529 4962 juventus:
550 4894 669 4948 omnium
690 4895 763 4949 enim
781 4911 870 4948 rerum
889 4902 931 4948 est
951 4903 1016 4949 stas
1053 4894 1232 4948 accuratiores
1245 4895 1305 4958 sint,
1320 4893 1446 4965 Syringa.
1490 4895 1564 4949 inter
1583 4912 1727 4951 sermones
1748 4908 1841 4958 antem,

225 4975 348 5044 quaedam
362 4973 459 5028 hilaris
472 4980 501 5026 et
514 4972 652 5039 saltatrix,
673 4981 753 5045 atque
763 4989 855 5027 rursus
865 4981 930 5028 retas
941 4975 1017 5027 tarda
1053 4974 1110 5026 sive
1124 4989 1211 5036 voces,
1225 4972 1390 5028 excellenter
1404 4973 1438 5025 ad
1451 4973 1608 5045 conjugium
1623 4976 1719 5029 mundi
1735 4977 1842 5031 sumitur

225 5061 255 5108 et
268 5053 377 5117 bibula:
398 5051 539 5122 utriusque
558 5059 648 5106 autem
666 5053 756 5106 :etatis
774 5051 863 5106 studia
875 5069 937 5105 vere
955 5069 1017 5105 con·
1053 5051 1113 5105 sola
1129 5051 1226 5116 Echo:
1245 5068 1278 5104 ea
1299 5052 1372 5104 enim
1389 5052 1498 5106 demum
1515 5069 1580 5107 vera
1600 5063 1641 5107 est
1661 5053 1841 5127 philosophie,

226 5132 368 5202 templanti
383 5135 525 5202 (tanquam
543 5128 711 5198 Democrito)
726 5131 838 5184 fortasse
858 5130 971 5184 ridicula
989 5139 1017 5185 et
1055 5145 1114 5198 quse
1127 5129 1220 5183 mundi
1233 5129 1319 5199 ipsius
1332 5145 1412 5183 voces
1427 5129 1583 5185 fidelissime
1602 5131 1700 5199 reddit,
1715 5142 1745 5187 et
1765 5133 1842 5188 veluti

226 5211 357 5266 deformia
367 5210 498 5274 videntur,
512 5209 598 5263 instar
611 5210 695 5278 satyri
715 5209 831 5277 alicujus
850 5215 898 5263 aut
920 5209 1016 5264 Sileni.
1054 5208 1172 5261 dictante
1192 5208 1291 5263 mundo
1310 5208 1461 5278 conscripta
1482 5217 1541 5274 est:
1562 5218 1591 5264 et
1611 5209 1684 5266 nihil
1705 5211 1779 5267 aliod
1798 5221 1841 5273 est,

227 5290 269 5343 De
284 5288 389 5358 panicio
402 5294 491 5342 autem
510 5287 654 5341 terroribus
674 5288 883 5356 prudentissima
896 5288 1017 5342 doctrina
1054 5303 1135 5356 quam
1149 5287 1271 5355 ejusdem
1283 5286 1458 5341 simulacrum
1478 5296 1506 5342 et
1521 5289 1643 5355 reflexio,
1658 5307 1749 5362 neque
1771 5290 1842 5343 addit

228 5367 401 5436 proponitur:
421 5373 518 5420 natura
530 5366 602 5419 enim
620 5382 710 5419 rerum
727 5365 852 5419 omnibus
865 5366 1017 5421 viventibus
1054 5365 1199 5435 quicquam
1211 5365 1245 5419 de
1263 5365 1383 5436 proprio,
1404 5364 1452 5420 scd
1465 5374 1569 5421 tantum
1587 5368 1670 5423 iterat
1689 5378 1718 5424 et
1730 5377 1840 5423 resmat

229 5445 324 5497 indidit
338 5452 447 5508 metum,
461 5461 494 5497 ac
513 5442 690 5508 formidinem,
710 5443 772 5497 vitm
794 5451 875 5513 utque
894 5446 1018 5500 essentia
1055 5444 1098 5499 Ad
1107 5444 1199 5499 mundi
1214 5446 1296 5500 etiam
1308 5443 1497 5501 sufficientiam
1511 5453 1539 5501 et
1551 5445 1745 5517 perfectionem
1760 5448 1839 5517 perti·
