3800 5875
572 330 624 391 DE
645 331 776 387 FLUXU
799 331 846 386 ET
868 331 1052 387 REFLUXU
1074 330 1204 387 arants.
1645 329 1701 385 629

68 502 134 554 quse
161 500 305 541 excessum
330 487 416 551 illum,
443 489 490 559 qui
518 489 656 544 iuvenitur
682 490 752 545 inter
778 490 867 561 ipsum
905 491 983 553 foret,
997 492 1064 544 satis
1078 490 1163 561 aequis
1175 489 1375 543 conditionibus
1390 487 1462 542 istud
1476 487 1564 542 loedus
1577 488 1701 559 transigi,

67 567 176 620 fluxum
191 574 218 619 et
229 567 368 631 refluxum,
379 566 471 632 salvet,
481 575 562 639 atque
575 569 627 624 hoc
639 570 685 622 frat
695 570 869 624 tautsceleri-
904 586 1003 640 nempe
1014 578 1044 624 ut
1058 570 1092 623 ad
1106 568 1202 623 horam
1216 567 1336 638 aliquam
1350 576 1450 622 certam
1469 568 1516 619 fiat
1537 567 1658 621 refluxus
1672 569 1701 621 iu

66 651 134 709 tate,
148 643 276 699 uidelicet
290 646 332 699 bis
346 647 374 699 in
389 647 441 711 die,
456 663 488 700 ac
501 649 525 701 ai
540 657 620 713 terra,
631 650 779 703 secuudum
794 650 868 703 vani·
905 648 1042 723 aliquibus
1057 649 1177 718 partibus
1188 648 1405 718 orbisquautum
1420 648 1468 700 fiat
1480 647 1570 700 liturus
1584 647 1612 699 iu
1626 645 1699 700 aliis.

67 731 156 778 tatem
178 723 254 778 iliam
273 725 420 795 Apollonii,
439 726 592 796 respiraret,
612 735 693 797 atque
715 745 799 799 aquas
819 745 869 798 per
905 726 1086 788 Quamobrem
1104 744 1140 781 ea
1153 727 1196 789 iis,
1211 745 1272 797 quae
1285 727 1413 789 diximus,
1428 734 1564 779 statuatur
1579 726 1699 789 tandem,

67 802 196 873 singulas
214 820 263 859 sex
285 804 366 858 horas
386 804 499 868 efflaret,
520 822 552 859 ac
573 808 669 861 deinde
693 808 866 873 absorberet;
905 814 994 860 motus
1007 807 1060 861 iste
1075 807 1165 860 fluxus
1179 813 1206 859 et
1218 806 1338 860 refluxus
1352 823 1412 859 esse
1426 805 1622 874 progressivae.

67 882 272 938 incommodum
286 885 446 939 maximum.
469 882 567 956 Neque
582 894 720 940 moveatur
733 886 868 957 quispiam
946 886 1074 957 Sequitur
1084 886 1142 955 jam
1153 884 1296 955 inquisitio
1304 902 1340 938 ex
1351 901 1404 955 qua
1418 902 1506 944 carisa,
1518 892 1546 937 et
1558 900 1700 952 perquem

68 960 123 1014 levi
142 962 339 1032 experimento,
352 964 424 1035 quod
444 965 520 1033 putei
540 964 662 1020 nonnulli
684 965 712 1019 iu
731 965 867 1037 aliquibus
905 982 1066 1019 consensum
1075 982 1173 1028 rerum,
1183 964 1286 1019 cristan
1295 973 1376 1034 atque
1387 963 1606 1018 exhibeaturiste
1614 971 1701 1016 motos

68 1040 138 1094 locis
158 1050 343 1096 memorentur
361 1058 522 1098 consensum
537 1043 638 1099 habere
659 1061 722 1099 cum
742 1046 818 1100 fluxu
840 1055 867 1099 et
905 1045 995 1098 fluxus
1008 1054 1036 1097 et
1050 1045 1182 1098 refluxus.
1226 1043 1416 1097 Omnes-enim
1430 1044 1549 1110 majores
1560 1050 1649 1097 motus
1664 1043 1700 1109 (si

68 1119 178 1175 reiltun
197 1121 289 1183 maris,
302 1121 374 1176 unde
394 1122 526 1193 suspicari
541 1123 602 1194 quis
620 1125 715 1193 possit,
731 1141 817 1195 aquas
838 1125 867 1178 iu
905 1131 968 1179 sunt
981 1123 1063 1179 iidem
1077 1123 1216 1193 regulares
1234 1130 1263 1176 et
1275 1123 1442 1189 constantes)
1457 1121 1580 1183 solitarii,
1596 1130 1642 1175 aut
1657 1125 1701 1188 (ιιι

68 1200 146 1252 cavis
159 1207 241 1254 terrae
254 1200 394 1254 conclusas
411 1201 536 1256 siuiiiiier
556 1201 677 1267 ebullire,
692 1204 720 1256 in
736 1220 789 1274 quo
802 1220 867 1258 casu
905 1211 1119 1257 astronomorum
1133 1202 1266 1256 vocabulo
1279 1202 1399 1269 utamur)
1410 1200 1492 1255 lerini
1505 1218 1558 1254 non
1572 1209 1642 1264 sunt,
1652 1201 1700 1254 sed

69 1284 161 1333 tamor
174 1278 222 1334 ille
242 1279 277 1332 ad
292 1286 395 1334 motum
408 1282 609 1351 progressivum
625 1298 757 1352 aquarum
771 1283 866 1337 referri
905 1281 1009 1335 babent
1035 1283 1063 1336 in
1084 1299 1172 1335 rerum
1197 1289 1294 1335 natura
1314 1298 1376 1336 cum
1401 1280 1498 1351 quibus
1520 1280 1698 1334 consentiant.

68 1359 213 1412 commode
233 1374 289 1412 non
307 1359 401 1428 possit
442 1360 544 1415 Facilis
565 1362 637 1415 enim
658 1369 700 1415 est
718 1362 866 1432 responsio,
906 1361 1002 1430 ltaque
1022 1369 1111 1415 motus
1131 1359 1182 1425 illi,
1206 1368 1263 1415 tam
1283 1360 1506 1414 semimenstruus
1529 1359 1698 1421 incrementi,

68 1452 151 1505 posse
166 1437 272 1492 fluxtrm
284 1439 368 1492 maris
382 1439 537 1494 accessione
551 1456 600 1494 sua
620 1439 706 1495 multa
727 1440 788 1494 loca
801 1459 867 1495 cava
905 1458 988 1511 quam
1015 1449 1168 1494 menstmus
1194 1440 1379 1503 restitutionis,
1407 1439 1551 1492 convenire
1574 1438 1699 1493 videntur

68 1532 103 1568 ac
116 1516 184 1570 laxa
203 1523 284 1571 terrae
300 1517 426 1573 obturare
445 1526 527 1589 atque
547 1518 667 1590 opplere,
680 1527 763 1591 atque
781 1538 867 1592 aquas
904 1537 966 1573 cum
992 1528 1066 1573 motu
1090 1519 1170 1574 lunai.
1221 1519 1449 1573 Semimenatruus
1476 1535 1541 1572 vero
1566 1515 1613 1571 illc
1641 1517 1698 1571 sire

69 1595 261 1650 subterraneas
274 1603 386 1660 vertere,
404 1597 487 1652 etiam
506 1597 596 1654 aerem
611 1600 768 1654 conclusum
780 1617 867 1654 rever·
904 1598 1100 1670 aequinoctialis
1115 1616 1176 1652 cum
1186 1607 1260 1652 motu
1274 1598 1347 1652 solis.
1388 1598 1480 1652 Etiam
1494 1597 1658 1652 sublationes
1671 1604 1699 1651 et

69 1674 175 1740 berare,
201 1675 249 1745 qui
276 1676 346 1730 serie
366 1677 521 1731 continuata
546 1678 701 1746 hujusmodi
725 1686 866 1749 puteorum
904 1678 1082 1733 demissiones
1093 1695 1222 1749 aquarum
1233 1695 1293 1732 cum
1305 1678 1425 1749 apogaeis
1435 1677 1596 1748 etperigaeis
1606 1677 1699 1730 coeles·

68 1770 157 1824 aquas
171 1754 304 1809 trudendo
317 1754 439 1810 attollere
453 1757 548 1827 possit.
590 1757 686 1828 ltaque
700 1758 752 1812 hoc
769 1760 797 1812 ιιι
812 1776 868 1812 om·
904 1758 980 1812 tium.
1021 1758 1119 1828 Neque
1141 1765 1233 1812 tamen
1247 1758 1374 1811 continuo
1388 1767 1516 1828 sequetur
1530 1756 1624 1826 (idque
1644 1756 1697 1810 ho·

68 1833 153 1888 nibus
172 1835 262 1903 puteis
283 1835 395 1889 minime
415 1836 454 1900 fit,
468 1852 519 1890 nec
540 1837 569 1891 ιιι
588 1837 681 1892 multis
699 1837 776 1901 adeo,
795 1838 867 1908 quod
905 1838 992 1891 mines
1006 1836 1146 1891 advertere
1160 1835 1297 1905 volumus)
1312 1855 1373 1907 quae
1386 1836 1505 1907 periodis
1519 1843 1547 1889 et
1563 1835 1698 1889 curriculo

68 1912 130 1965 lieri
154 1913 257 1979 debuit,
279 1915 304 1968 si
324 1914 453 1969 universa
474 1933 565 1971 massa
587 1933 718 1987 aquarum
741 1925 865 1971 naturam
904 1917 1042 1986 temporis,
1067 1917 1215 1971 autetiam
1237 1917 1318 1970 modo
1341 1915 1450 1970 lationis
1473 1915 1643 1979 conveniunt,
1665 1932 1698 1968 ea

68 1989 186 2046 haberet
206 1991 382 2048 ebullientem
402 2010 451 2064 per
466 1995 547 2059 vices,
567 2005 595 2051 et
615 2012 677 2051 cum
694 2004 762 2051 astu
782 1998 867 2050 maris
903 2003 1003 2050 natura
1023 2013 1082 2050 esse
1103 1996 1284 2060 subordinata,
1307 2003 1389 2066 atque
1411 1994 1524 2049 alterum
1549 1994 1627 2048 alteri
1648 2011 1699 2064 pro

68 2072 287 2127 consensionem.
328 2072 383 2127 Sed
403 2081 497 2128 contra
520 2092 583 2130 raro
604 2076 748 2130 admodum
775 2076 814 2140 iit,
837 2085 867 2129 ut
904 2091 1072 2130 caussasse.
1113 2075 1188 2129 Nam
1210 2091 1265 2128 non
1287 2091 1320 2128 eo
1342 2092 1428 2146 usque
1449 2074 1643 2144 progredimur,
1667 2081 1698 2126 ut

68 2149 158 2204 instar
177 2152 303 2207 miraculi
325 2153 381 2207 iere
402 2152 552 2220 habeatur·
574 2155 638 2225 quia
651 2154 757 2208 scilieet
774 2156 867 2223 hujus·
905 2155 1070 2209 affirmemus
1091 2163 1181 2209 motus
1204 2154 1276 2208 luum
1299 2162 1345 2208 aut
1366 2153 1431 2207 solis
1450 2171 1502 2224 pro
1522 2153 1612 2207 causis
1633 2153 1697 2222 poni

66 2230 143 2284 modi
162 2229 323 2285 laxamenta
335 2239 363 2286 et
375 2233 517 2302 spiracula
532 2250 592 2305 quaa
606 2250 623 2287 ι
636 2234 725 2304 puteis
738 2235 772 2288 ad
791 2252 866 2288 mare
905 2242 1026 2288 motuum
1047 2235 1213 2299 inferiorum,
1229 2235 1275 2303 qui
1296 2234 1331 2287 ad
1350 2232 1412 2286 illos
1425 2241 1488 2286 sunt
1501 2232 1628 2303 analogi;
1653 2242 1699 2285 aut

66 2310 238 2380 pertingunt,
249 2311 351 2383 absque
365 2312 590 2368 obturanonenui
601 2313 796 2384 impedimento
806 2331 867 2368 raro
905 2312 992 2368 solem
1019 2323 1047 2369 et
1070 2313 1165 2368 lunam
1192 2317 1235 2385 (ut
1255 2312 1338 2384 vulgo
1363 2312 1522 2405 loquuntur)
1549 2311 1698 2366 dominium

65 2389 241 2444 admodum
232 2391 413 2446 inveniantur.
454 2378 552 2463 Neque
561 2394 610 2447 abs
620 2411 649 2448 re
663 2401 703 2448 est
717 2410 866 2448 memorare
905 2392 1006 2447 babere
1031 2410 1112 2464 super
1138 2393 1200 2447 illos
1223 2399 1313 2447 motus
1337 2393 1420 2446 maris
1444 2392 1522 2461 (licet
1544 2391 1698 2459 hujusmodi

66 2469 144 2539 quod
171 2469 293 2523 referunt
312 2470 442 2535 nonnulli,
466 2472 495 2525 in
519 2472 620 2528 fodinis
641 2473 787 2543 profundis,
812 2489 867 2526 nou
905 2472 1086 2542 cogitationes
1102 2473 1181 2526 facile
1194 2472 1331 2527 mentibus
1349 2471 1490 2526 hominurn
1504 2470 1651 2525 illabantur
1664 2471 1699 2524 ob

64 2547 165 2618 procul
182 2549 278 2603 amari
288 2549 357 2612 ιιιιι,
366 2567 456 2604 aerem
467 2567 611 2607 incrassari
625 2560 653 2606 et
663 2553 866 2608 suffocationem
906 2553 1107 2606 venerationem
1128 2550 1291 2619 coelestium)
1307 2552 1356 2605 sed
1377 2560 1403 2606 et
1425 2552 1452 2605 iu
1473 2548 1551 2604 illo
1544 2566 1605 2619 ipso
1623 2556 1699 2603 motu

64 2628 170 2682 minari
185 2629 219 2681 ud
232 2635 355 2699 tempora
366 2630 454 2684 fluxus
468 2632 566 2695 maris3
582 2649 617 2687 ex
627 2648 681 2703 quo
694 2631 868 2686 manifestum
905 2631 1113 2685 semimenstruo
1127 2633 1162 2701 (si
1176 2638 1248 2685 recte
1262 2631 1429 2698 advertatur)
1444 2629 1541 2683 mirum
1557 2635 1585 2682 et
1598 2645 1697 2683 novum

65 2707 157 2761 videri
173 2709 263 2777 possit
275 2724 330 2762 non
343 2725 428 2779 aquas
442 2708 555 2764 ebullire
571 2710 667 2782 (nullre
679 2728 742 2765 cum
756 2728 868 2766 cernun-
906 2727 1016 2778 prorsus
1030 2711 1112 2765 fuerit
1125 2710 1249 2780 obsequii
1264 2727 1359 2780 genus,
1372 2717 1403 2763 ut
1415 2717 1481 2763 aestu
1492 2709 1543 2763 sub
1553 2707 1700 2762 noviluniis

65 2788 127 2852 tur)
142 2788 192 2840 sed
206 2786 298 2842 a'e'rem
318 2790 465 2843 retroverti.
506 2790 543 2844 ιιι
556 2798 628 2844 certe
642 2789 717 2845 aliud
730 2799 808 2862 urget
821 2808 867 2845 ex·
906 2797 933 2844 et
952 2789 1110 2860 pleniluniis
1130 2790 1225 2844 eadem
1247 2791 1470 2859 procursurum
1491 2788 1700 2857 Ιιιιιιίιιιιιιιιι

65 2867 256 2935 perimentum
268 2883 321 2921 nou
329 2868 560 2933 contemnendum,
572 2870 620 2924 sed
630 2871 867 2942 magnipendens,
906 2870 1056 2934 contraria3
1079 2876 1108 2922 et
1125 2869 1211 2923 multa
1224 2867 1280 2921 alia
1294 2868 1389 2923 adduci
1404 2869 1517 2940 possint,
1534 2885 1594 2939 quae
1607 2866 1700 2934 hujus·

66 2947 114 3000 cui
137 2948 282 3016 responsio
302 2948 412 3003 omniuo
432 2949 561 3014 debetur3
581 2950 634 3004 hoc
651 2951 787 3023 estquod
807 2950 868 3004 dili-
906 2949 980 3003 modi
990 2950 1201 3004 dominationum
1209 2948 1368 3019 phantasias
1382 2949 1560 3013 destruentes
1572 2948 1700 3016 eopotius

66 3034 172 3096 genter
191 3027 363 3081 observatum
383 3028 426 3089 rit,
440 3028 520 3099 idque
538 3046 593 3084 non
612 3030 723 3084 fortuito
738 3037 867 3093 notatum,
906 3045 964 3083 rem
977 3030 1119 3094 deducant,
1134 3037 1163 3083 ut
1181 3047 1217 3083 ex
1231 3029 1352 3083 materiae
1366 3028 1537 3098 passionibus
1551 3025 1700 3091 catholicis,

66 3106 119 3160 sed
132 3105 168 3160 de
183 3106 315 3160 industria
328 3107 487 3177 inquisitum
496 3119 576 3179 atque
586 3117 823 3182 repertum,aquus
834 3109 869 3163 ad
906 3116 934 3163 et
957 3109 1052 3179 primis
1075 3126 1164 3164 rerum
1187 3107 1466 3178 coagmentationibus
1490 3122 1636 3161 cousensus
1659 3105 1700 3160 illi

65 3183 167 3239 littora
186 3186 301 3239 adversa
313 3186 430 3256 Europa
443 3196 471 3241 et
490 3187 605 3243 Florida
620 3190 716 3245 iisdem
736 3189 811 3243 horis
832 3190 867 3243 ab
906 3188 1033 3253 oriantur,
1050 3204 1105 3242 nou
1127 3188 1205 3259 quasi
1225 3187 1340 3242 alterum
1360 3187 1395 3240 ab
1416 3185 1501 3241 altero
1520 3193 1637 3257 regatur,
1653 3186 1701 3240 sed

65 3271 189 3334 utroque
201 3265 294 3318 littore
303 3266 424 3328 retinere,
432 3282 521 3337 neque
533 3269 658 3323 deserere
666 3269 741 3324 littus
751 3269 869 3339 Europae
906 3268 978 3338 quod
999 3275 1143 3339 utrumque
1166 3268 1202 3321 ab
1223 3267 1320 3322 iisdem
1339 3267 1491 3337 originibus
1512 3273 1541 3320 et
1561 3265 1701 3319 coucausis

66 3359 134 3397 cum
149 3342 328 3398 advolvuntur
341 3344 376 3398 ad
389 3344 481 3400 littora
498 3346 622 3411 Florida,
637 3365 712 3403 more
732 3365 810 3419 aqua
827 3351 869 3413 (ιιι
907 3355 1023 3401 emanet.
1064 3347 1250 3401 Veruntamen
1265 3345 1426 3417 (utcunque)
1440 3352 1532 3400 manet
1546 3344 1614 3399 illud
1629 3344 1701 3414 quod

66 3437 157 3493 snpra
171 3422 305 3492 diximus)
320 3425 431 3495 agitatre
444 3425 473 3478 in
487 3424 567 3494 pelvi,
582 3427 630 3481 sed
644 3428 724 3498 plane
738 3427 819 3482 simul
834 3427 868 3480 ad
906 3427 1033 3492 diximus,
1042 3434 1166 3481 naturam
1181 3443 1311 3481 consensu
1326 3426 1450 3496 gaudere,
1465 3441 1515 3479 nec
1531 3425 1585 3478 lere
1598 3422 1702 3494 aliquid

66 3510 219 3573 utrumque
246 3503 322 3557 littus
343 3502 429 3558 attolli
453 3513 480 3559 et
500 3505 614 3561 demitti.
656 3507 758 3561 Verum
786 3507 868 3575 hujus
906 3506 1087 3571 monodicum,
1107 3514 1155 3560 aut
1178 3505 1331 3560 solitarium
1352 3504 1505 3558 admittere.
1549 3504 1645 3573 ltaque
1663 3503 1702 3556 vi-

67 3582 238 3650 objectiouis
257 3581 358 3638 solutio
378 3584 520 3654 perspicue
538 3585 680 3655 apparebit
700 3587 729 3639 iu
750 3587 792 3651 iis,
808 3603 869 3657 quae
907 3585 1024 3640 deudum
1037 3585 1070 3640 de
1084 3593 1160 3640 motu
1170 3586 1260 3640 tluxus
1274 3593 1301 3639 et
1314 3584 1434 3639 refluxus
1445 3581 1701 3648 marissexltorario,

67 3677 139 3718 mox
152 3660 407 3716 dicenturdecursu
423 3670 451 3716 et
464 3680 610 3734 progressu
624 3666 727 3721 oceani.
758 3665 870 3720 Summa
907 3682 969 3719 curn
984 3665 1082 3736 quibus
1096 3664 1158 3720 aliis
1170 3665 1288 3719 motibus
1301 3664 1348 3719 ille
1363 3663 1505 3718 convenire
1520 3669 1567 3716 aut
1587 3678 1702 3715 consen-

67 3747 167 3796 autem
189 3740 230 3796 rei
250 3740 314 3795 talis
329 3750 379 3806 est,
400 3742 472 3813 quod
492 3760 570 3814 aquae
584 3761 600 3797 ι
614 3745 683 3799 marl
702 3744 796 3799 Iudico
811 3760 870 3815 pro·
908 3745 960 3799 tire
975 3745 1134 3815 reperiatur.
1174 3744 1265 3816 Atque
1274 3744 1465 3815 inquirendum
1481 3742 1569 3812 primo
1579 3741 1612 3794 de
1626 3741 1701 3806 luna,

67 3822 162 3884 secte,
178 3827 207 3874 et
227 3820 263 3873 ab
283 3821 389 3889 objectu
410 3829 542 3877 terrarum
555 3824 654 3878 veteris
674 3832 701 3878 et
714 3824 777 3879 novi
796 3824 870 3878 orbis
908 3825 1043 3895 quomodo
1062 3824 1114 3878 iste
1127 3831 1217 3878 motus
1230 3841 1292 3878 cum
1311 3823 1374 3877 luna
1389 3823 1506 3876 rationes
1520 3829 1565 3874 aut
1578 3831 1703 3875 naturam

68 3899 222 3969 impeditas,
237 3900 380 3955 truduntur
393 3917 442 3971 per
455 3918 530 3957 mare
549 3903 715 3957 Atlanticum
730 3904 764 3957 ab
778 3913 870 3957 austro
908 3904 1028 3957 misceat.
1071 3904 1103 3957 ld
1111 3920 1175 3957 vero
1187 3903 1246 3957 lieri
1260 3904 1371 3957 omnino
1384 3919 1438 3956 non
1448 3902 1577 3962 videmus,
1593 3908 1703 3970 praster-

69 3978 243 4043 iaboreamr
257 3987 288 4034 ιιι
300 3996 355 4034 nou
366 3981 463 4035 mirum
476 3982 511 4036 sit
527 3998 573 4038 eas
587 3982 621 4037 ad
635 3991 777 4054 utrumque
791 3983 868 4037 littus
908 3999 989 4053 quam
1013 3982 1042 4036 ιιι
1065 3982 1234 4037 restitutione
1256 3990 1408 4036 menstrua:
1430 3979 1507 4034 nullo
1530 3980 1610 4034 modo
1629 3981 1703 4035 enim

68 4058 157 4113 ιιιιιιι
171 4075 209 4113 ex
222 4075 301 4129 aquo
314 4058 460 4130 appellere,
475 4066 505 4115 ut
523 4078 602 4133 aquas
618 4062 714 4126 solent,
730 4080 791 4134 quae
804 4079 867 4116 con·
908 4062 1033 4132 congruit
1059 4061 1222 4116 curriculum
1246 4061 1434 4116 sexhorarinm
1462 4059 1503 4129 (id
1531 4059 1604 4129 quod
1630 4075 1702 4112 nunc

70 4137 250 4192 truduntura
268 4138 337 4192 mari
357 4139 386 4193 iu
406 4140 476 4193 ostia
493 4147 523 4195 et
542 4141 650 4196 canales
669 4142 821 4207 fluminum,
841 4142 870 4196 in
908 4140 1067 4212 inquiritur)
1088 4157 1150 4195 cum
1170 4141 1305 4195 curriculo
1324 4148 1480 4202 menstruo;
1502 4155 1591 4209 neque
1614 4155 1704 4192 rursus

70 4217 175 4288 ςιιιιιιιι
197 4217 429 4273 evidentissimum
449 4226 492 4273 est
511 4227 613 4275 motum
627 4221 711 4275 maris
725 4236 785 4275 esse
806 4237 870 4291 pro·
908 4220 998 4275 fluxus
1011 4220 1095 4274 maris
1108 4221 1247 4290 passiones
1256 4220 1329 4273 iunae
1339 4235 1513 4290 quascunque
1524 4219 1600 4288 sequi
1610 4218 1705 4288 depre-

70 4297 229 4366 gressivum
257 4305 388 4368 quatenus
409 4297 444 4352 ad
470 4298 591 4364 flumina,
612 4307 754 4354 ettamen
777 4300 871 4354 littora
908 4299 1072 4354 henduntur
1114 4299 1177 4354 Sive
1199 4300 1272 4353 enirn
1290 4298 1355 4353 luna
1372 4300 1409 4353 sit
1428 4308 1508 4353 aucta
1521 4297 1632 4359 lumine,
1647 4298 1704 4351 sive

70 4376 190 4430 adversa
204 4376 437 4432 simuiiuundare.
478 4378 678 4450 Verumidpro
691 4395 766 4433 more
779 4387 872 4433 nostro
909 4377 1050 4443 diminuta,
1065 4380 1122 4433 sive
1140 4379 1239 4432 illusit
1255 4379 1306 4433 sub
1325 4387 1404 4441 terra,
1418 4378 1474 4432 sive
1495 4395 1576 4448 super
1595 4387 1703 4441 terram,

70 4457 196 4547 ingenue
211 4455 335 4520 fatemur,
349 4457 431 4528 idque
445 4456 571 4513 homines
584 4458 722 4512 attendere
736 4465 764 4513 et
777 4459 871 4513 menri·
909 4457 1023 4512 siveilla
1039 4459 1159 4512 elevetur
1169 4475 1249 4527 super
1262 4457 1430 4512 horizontem
1441 4457 1522 4511 altius
1537 4466 1582 4512 ιιιι
1595 4457 1706 4526 depres-

70 4535 149 4589 nisse
163 4534 297 4598 volumus,
308 4535 331 4589 si
345 4552 395 4606 per
405 4538 599 4607 experientiam
612 4538 771 4602 inveniatur,
783 4539 872 4592 fluxus
910 4537 974 4601 sius,
996 4537 1053 4592 sive
1074 4537 1122 4591 illa
1144 4547 1260 4606 ponatur
1281 4538 1310 4590 ιιι
1331 4537 1490 4600 meridiano,
1511 4546 1557 4590 out
1577 4535 1683 4600 alibi,
1675 4553 1705 4590 ιιι

71 4613 159 4668 maris
178 4613 287 4668 iisdem
295 4616 462 4685 temporibus
482 4616 517 4669 ad
536 4617 629 4671 littora
649 4616 773 4671 Perusiae
789 4626 870 4687 atque
909 4615 1099 4687 nullaprorsus
1107 4617 1204 4671 harum
1212 4617 1477 4670 cousentruutiluxus
1485 4623 1566 4685 atque
1575 4616 1704 4670 refluxus

71 4693 177 4747 cuine
202 4693 321 4757 affluere,
346 4695 444 4765 quibus
471 4696 558 4750 fluunt
583 4695 618 4749 ad
644 4694 736 4750 littora
759 4696 872 4767 praefata
951 4694 1056 4766 Itaque,
1069 4697 1154 4750 missa
1173 4695 1245 4758 luna,
1260 4697 1292 4750 de
1308 4696 1370 4749 aliis
1390 4696 1595 4750 consensibus
1587 4695 1705 4765 inquira-

71 4772 195 4842 Europoe
211 4780 239 4825 et
260 4772 385 4839 Floridoe,
400 4775 557 4845 opinionem
569 4774 641 4828 hanc
656 4783 785 4841 nostram,
800 4775 872 4846 quod
910 4791 981 4829 mus.
1024 4775 1113 4846 Atque
1122 4792 1157 4829 ex
1168 4776 1292 4830 omnibus
1300 4776 1417 4829 motibus
1428 4775 1582 4829 coelestibus
1592 4780 1704 4835 constat,

71 4853 168 4907 fluxus
185 4859 214 4905 et
227 4853 346 4906 refluxus
360 4846 443 4907 maris
457 4853 493 4908 sit
509 4861 600 4909 motus
613 4855 808 4925 progressivus,
822 4855 872 4908 ab·
910 4861 1013 4908 motum
1035 4854 1159 4908 diurnum
1181 4855 1300 4908 ιιιιιιιιιιι
1324 4864 1428 4908 curtum
1450 4871 1518 4917 esse,
1540 4861 1566 4906 ct
1592 4852 1705 4906 minimo

68 4931 252 4999 judicandam
266 4947 334 4986 esse.
376 4933 405 4987 Si
425 4933 498 4988 euim
519 4950 568 5004 per
587 4932 872 4988 littoraadversatam
911 4933 1039 5003 temporis
1058 4932 1201 4988 intervallo
1216 4931 1321 5005 (spatio
1334 4934 1461 4987 videlicet
1478 4933 1573 5002 viginti
1589 4939 1706 5002 quatuor

71 5012 159 5065 maris
174 5010 309 5075 australis,
324 5028 405 5082 quam
419 5012 503 5067 maris
517 5012 654 5077 Atlantici,
673 5014 720 5066 fiat
735 5013 824 5067 fluxus
839 5013 873 5067 ad
910 5008 1055 5085 horarum)
1070 5013 1173 5066 confici.
1216 5013 1705 5085 ltaqueconsentaneumest,motum

72 5089 174 5144 eadem
193 5097 323 5160 tempora,
341 5107 396 5144 non
417 5090 606 5161 relinquuntur
622 5093 652 5145 iu
671 5092 798 5147 universo
818 5091 874 5145 alia
910 5092 1001 5156 istum,
1015 5092 1049 5145 de
1064 5109 1118 5163 quo
1131 5092 1293 5162 inquirimus
1308 5090 1371 5165 (qui
1384 5093 1473 5146 adhuc
1484 5091 1570 5144 tribus
1583 5088 1705 5158 partibus

71 5169 177 5234 littora,
187 5185 305 5240 perque
317 5170 438 5225 refluxus
447 5172 482 5225 ad
495 5171 591 5225 eadem
604 5170 652 5225 illa
663 5179 786 5241 tempora
796 5172 873 5226 satis·
911 5170 1007 5224 diurno
1014 5171 1120 5225 brevior
1127 5167 1183 5243 est)
1195 5172 1318 5241 proxime
1328 5171 1428 5225 adeum
1436 5179 1537 5224 motum
1549 5168 1706 5238 referri,qui

72 5249 168 5303 iaciat.
198 5248 300 5303 Verum
314 5250 347 5303 de
358 5249 410 5303 boc
421 5249 525 5317 jndicio
539 5251 663 5305 iaciendo
672 5267 721 5322 per
734 5252 874 5321 experien-
911 5248 1349 5312 cstexcoelestibusbrevissimus3
1361 5250 1409 5305 sed
1419 5251 1470 5304 boc
1482 5266 1537 5302 rem
1547 5247 1638 5302 minus
1648 5264 1707 5316 pre-

72 5329 141 5382 tiam
168 5329 225 5396 (cui
246 5344 356 5383 causam
379 5328 568 5397 submisimus)
588 5328 724 5401 loquimur
746 5339 874 5402 tauquam
911 5329 970 5383 mit.
1014 5327 1086 5383 illud
1100 5345 1164 5383 vero
1176 5328 1257 5400 longe
1269 5330 1357 5400 magis
1370 5346 1419 5382 nos
1430 5335 1526 5392 movet,
1536 5327 1608 5399 quod
1621 5327 1661 5380 ita
1671 5327 1707 5380 sit

73 5407 175 5462 securi.
215 5406 412 5463 Existimamus
426 5409 500 5463 euim
519 5408 608 5480 plane,
627 5410 650 5464 si
667 5427 773 5464 summa
792 5410 874 5479 liujus
911 5409 963 5462 iste
983 5416 1071 5462 motus
1090 5409 1255 5477 dispertitus,
1270 5416 1299 5463 ut
1314 5409 1348 5461 ad
1368 5408 1456 5462 diurni
1477 5416 1567 5462 motus
1587 5406 1707 5461 rationes

73 5488 114 5546 rei
133 5503 187 5558 per
208 5487 364 5544 universum
389 5494 522 5556 terrarum
544 5489 638 5544 orbem
661 5488 742 5546 uobis
765 5491 874 5562 cognita
912 5488 1082 5561 respondeat,
1096 5496 1125 5543 ut
1139 5487 1203 5542 licet
1222 5496 1312 5542 motus
1327 5502 1459 5558 aquarum
1473 5488 1509 5542 sit
1521 5495 1597 5542 motu
1610 5485 1714 5541 diurno
