3800 5875
394 735 1015 825 INSTAURATIONIS
1060 738 1332 822 MAGNAE

709 953 825 1019 saus
846 953 1033 1052 nutura.

62 1344 355 1432 PRODROMI,
382 1345 499 1420 SIVE
525 1346 966 1423 ANTICIPATIONES
993 1347 1356 1425 PHILOSOPHIAE
1386 1347 1667 1421 SECUNDAE:

478 1609 802 1669 INSTAURATIONIS
821 1611 970 1669 MAGNAE
989 1612 1086 1669 PARS
1106 1610 1261 1675 QUINTA.

752 1990 994 2056 PRAEFATIO.

86 2161 298 2216 Exrsrrrssrrus
312 2177 373 2216 eum
383 2166 411 2216 et
418 2162 533 2217 amantis
543 2161 613 2218 civis
619 2168 648 2217 et
657 2162 708 2217 viri
722 2162 862 2233 pmdentis
875 2179 1020 2233 personam
1030 2163 1100 2219 bene
1113 2162 1194 2219 simul
1205 2162 1372 2228 sustinuisse,
1384 2160 1431 2235 qui
1445 2161 1636 2234 interrogatus,
1647 2181 1683 2219 an

46 2242 168 2312 optimas
182 2240 260 2313 leges
274 2241 331 2296 suis
344 2241 447 2297 civibus
461 2242 585 2308 dedisset,
600 2241 725 2313 Optimos
743 2249 824 2306 certe,
838 2242 916 2307 dixit,
931 2259 967 2296 ex
980 2242 1023 2308 iis,
1037 2259 1106 2315 quas
1120 2243 1161 2299 ilii
1180 2242 1316 2314 accepturi
1339 2243 1463 2299 fuissent.
1503 2241 1593 2313 Atque
1612 2250 1684 2298 certe

48 2320 149 2391 quibus
162 2338 220 2375 non
234 2328 338 2375 tantum
357 2320 427 2376 benc
445 2322 580 2394 cogitasse
594 2322 662 2377 satis
680 2330 722 2377 est
735 2320 820 2392 (quod
838 2337 894 2375 non
912 2320 997 2377 multo
1010 2339 1087 2377 secus
1101 2330 1143 2378 est
1163 2341 1194 2378 ac
1207 2324 1277 2378 bene
1292 2323 1455 2390 somniasse)
1471 2322 1524 2376 nisi
1545 2321 1686 2377 obtineant

48 2416 166 2472 quoque,
183 2408 212 2454 et
227 2417 285 2455 rem
300 2400 334 2454 ad
348 2400 475 2456 affectum
490 2402 646 2472 perducant,
660 2401 695 2456 iis
708 2417 761 2455 non
776 2400 880 2471 optima
892 2399 994 2471 utique,
1009 2402 1057 2456 sed
1071 2419 1107 2457 ex
1120 2403 1163 2467 iis,
1178 2421 1240 2474 quas
1252 2402 1361 2472 probari
1376 2402 1524 2457 verisimile
1537 2410 1589 2467 est,
1602 2403 1685 2473 potis·

47 2480 119 2534 sima
135 2480 302 2551 quandoque
320 2480 447 2551 eligenda
469 2488 540 2536 sunt,
582 2481 670 2536 Nobis
685 2496 756 2544 vero,
768 2478 834 2534 licet
853 2480 1002 2537 humanam
1021 2481 1225 2550 rempublicam,
1245 2481 1362 2552 patriam
1385 2497 1564 2545 communem,
1579 2497 1686 2536 summo

47 2575 250 2630 prosequamur
264 2576 366 2624 amore,
382 2567 472 2615 tamen
486 2560 652 2631 legislatoris
665 2559 837 2624 dianaticus,
851 2567 880 2614 et
893 2558 1001 2614 delectu
1015 2561 1053 2615 uti
1069 2560 1182 2619 liberum
1196 2578 1249 2615 uon
1264 2568 1313 2615 eat.
1353 2561 1452 2631 Neque
1467 2561 1540 2614 enim
1554 2559 1631 2630 leges
1643 2561 1686 2614 in·

47 2638 170 2692 tellectui
186 2645 235 2693 aut
251 2639 333 2693 rebus
346 2639 441 2693 damus
454 2639 488 2693 sd
502 2639 643 2695 arbitrium
655 2648 784 2703 nostrum,
799 2639 846 2693 sed
860 2647 990 2710 tunquam
1010 2640 1106 2696 scribta
1123 2640 1217 2695 fideles
1231 2640 1266 2693 ab
1279 2639 1366 2710 ipsius
1379 2648 1482 2693 naturas
1495 2655 1562 2693 vocs
1575 2638 1644 2694 latas
1658 2648 1687 2694 et

47 2717 173 2786 prolatas
187 2718 340 2787 excipimus
352 2728 377 2771 et
391 2718 576 2775 describimus.
606 2719 701 2790 ltaque
710 2720 767 2773 sive
776 2717 832 2774 illae
846 2717 980 2789 placeant,
988 2720 1045 2773 sive
1054 2737 1105 2790 par
1113 2721 1269 2790 opinionum
1282 2719 1413 2789 suffragia
1426 2719 1607 2789 antiquentur‚
1619 2720 1687 2774 fides

47 2807 143 2851 nostra
156 2798 270 2851 omnino
292 2797 456 2852 exsolvenda
474 2807 522 2853 est.
563 2799 662 2869 Neque
676 2806 768 2853 tamen
786 2815 864 2867 spem
877 2798 1036 2866 abjecimus,
1049 2800 1117 2869 quin
1135 2799 1191 2855 sint
1208 2808 1290 2870 atque
1303 2800 1459 2854 exoriantur
1473 2798 1543 2868 apud
1565 2807 1687 2868 posteros

48 2875 185 2941 nonnulii,
200 2877 248 2948 qui
262 2879 365 2948 optima
377 2894 490 2950 quaeque
504 2895 601 2949 capere
615 2886 643 2933 et
655 2894 821 2949 concoquere
836 2878 948 2948 possint,
964 2884 992 2931 et
1005 2878 1103 2950 quibus
1118 2896 1149 2932 ea
1160 2879 1290 2951 perlicere
1304 2886 1332 2933 et
1343 2877 1432 2933 colere
1446 2894 1519 2932 curre
1533 2877 1592 2932 erit.
1635 2877 1687 2931 lta-

50 2974 101 3028 que
115 2957 153 3011 sd
172 2956 223 3011 iila
237 2957 298 3027 ipsa
315 2958 433 3022 tendere,
448 2966 530 3030 atque
551 2958 641 3013 fontes
660 2976 748 3012 rerum
765 2964 792 3012 et
809 2958 955 3013 utilitatem
972 2959 1086 3030 aperire,
1102 2968 1128 3014 et
1141 2961 1246 3015 viarum
1267 2958 1368 3013 indicia
1387 2957 1507 3029 undique
1526 2957 1686 3028 conquirere

49 3038 194 3104 (invocata
202 3037 333 3091 Numinis
343 3039 408 3108 ope]
423 3054 570 3109 nunquam,
585 3039 648 3093 dum
662 3038 690 3091 in
706 3038 775 3091 vivis
788 3037 897 3102 erimus,
911 3038 1081 3094 desistemus.
1122 3040 1209 3093 Iidem
1223 3055 1273 3092 nos
1286 3038 1320 3092 de
1333 3055 1375 3101 eo,
1386 3037 1458 3108 quod
1470 3037 1504 3091 ad
1518 3053 1611 3091 omnes
1625 3053 1687 3107 per·

49 3116 146 3179 tinere,
162 3123 193 3169 et
210 3116 239 3169 in
253 3132 396 3170 commune
410 3117 538 3187 prodesse
553 3119 646 3188 possit,
661 3118 768 3180 soliciti,
782 3117 845 3171 dum
859 3117 894 3171 nd
906 3114 1011 3190 majora
1024 3118 1220 3184 contendimus,
1234 3117 1340 3173 minora
1351 3134 1407 3171 non
1420 3133 1596 3187 aspernamur
1612 3119 1687 3185 (cum

49 3193 97 3249 illa
109 3204 229 3259 remota,
243 3195 303 3250 hec
325 3203 420 3265 parata
437 3213 498 3251 esse
509 3197 626 3265 soleant)
642 3213 692 3250 nec
711 3198 816 3266 potiora
830 3198 875 3270 (ut
894 3197 1068 3265 arbitramur)
1083 3198 1235 3261 afferentes,
1249 3197 1351 3251 idcirco
1368 3196 1503 3251 veteribus
1517 3212 1548 3249 ac
1563 3196 1687 3266 receptis,

32 3327 38 3338 ,
50 3276 202 3344 quominus
216 3273 264 3328 ilia
278 3275 351 3345 apud
369 3274 499 3346 plurimos
512 3276 629 3340 valeant,
642 3276 849 3340 intercedimus;
870 3276 1019 3346 quinetiam
1034 3294 1067 3332 es
1080 3277 1142 3348 ipsa
1161 3285 1188 3332 et
1202 3283 1281 3332 aucta
1294 3284 1323 3332 et
1335 3276 1486 3340 emendata,
1501 3281 1529 3330 et
1540 3276 1570 3329 in
1584 3274 1687 3330 honore

50 3371 109 3409 esse
127 3354 265 3424 cupimus
305 3355 405 3426 Neque
426 3356 499 3409 enirn
520 3356 653 3421 homines,
671 3363 718 3409 aut
739 3372 832 3409 ornnes
853 3364 901 3409 aut
922 3356 1040 3421 omnino,
1055 3366 1102 3412 sut
1121 3357 1214 3412 statim
1228 3373 1246 3409 ι
1259 3356 1377 3427 receptis
1390 3364 1419 3411 et
1431 3355 1540 3410 creditis
1554 3354 1687 3409 abducere

49 3449 192 3488 conamur.
233 3432 287 3487 Sed
301 3435 526 3505 quemadmodum
540 3436 642 3507 sagitta
654 3443 702 3490 aut
716 3433 818 3489 missile
831 3435 916 3490 fertur
928 3443 1002 3490 certe
1016 3436 1046 3490 iu
1059 3453 1195 3506 processu,
1209 3435 1258 3491 sed
1271 3443 1363 3490 tamen
1375 3435 1484 3489 interim
1498 3433 1688 3489 conversiones

50 3529 111 3568 suas
132 3519 270 3584 perpetuo
290 3513 401 3583 expedit
420 3515 625 3586 progrediendo,
639 3524 668 3570 et
688 3513 865 3569 nihilominus
879 3515 1007 3580 rotand03
1028 3516 1067 3569 ita
1080 3522 1108 3571 et
1119 3532 1177 3580 nos,
1192 3517 1256 3570 dum
1269 3516 1304 3569 sd
1316 3515 1447 3569 ulteriora
1459 3514 1587 3584 rapimur,
1601 3514 1631 3567 in
1644 3530 1688 3568 re·

50 3594 138 3662 ceptis
153 3599 184 3645 et
197 3592 314 3662 cognitis
323 3592 456 3647 solvimur
469 3602 497 3649 et
505 3594 727 3650 circumferimur.
768 3594 949 3655 Quamobrem
962 3611 1012 3649 nos
1026 3610 1134 3666 quoque
1148 3595 1261 3650 rationis
1275 3594 1361 3666 ipsius
1374 3593 1523 3648 communis
1536 3599 1564 3647 et
1576 3592 1688 3646 demon·

52 3674 217 3726 annonam
230 3670 383 3742 vulgarium
398 3673 536 3738 (abdicato
547 3674 612 3728 licet
622 3674 738 3743 imperio
748 3674 855 3740 eamm)
865 3673 981 3728 honesta
994 3691 1078 3745 opera
1091 3675 1209 3740 utimum
1230 3680 1311 3744 atque
1325 3688 1366 3738 ea,
1375 3689 1436 3744 quie
1448 3672 1527 3727 nobis
1541 3671 1688 3726 secundum

52 3769 96 3805 ιιι
109 3753 227 3805 inventa
245 3759 272 3805 et
292 3750 412 3818 judicata
425 3759 495 3817 sunt,
510 3770 623 3824 quaque
635 3752 782 3824 plurimum
798 3760 826 3806 et
840 3753 960 3807 veritatis
978 3760 1007 3808 et
1026 3752 1153 3810 utilitatis
1171 3753 1272 3808 habere
1292 3759 1412 3824 possunt,
1427 3751 1488 3822 pari
1506 3767 1568 3806 cum
1582 3751 1688 3806 caeteris

49 3832 108 3898 jure
123 3846 321 3902 proponemus.
362 3830 417 3886 Sed
437 3839 529 3886 tamen
548 3849 637 3903 neque
657 3850 706 3903 per
727 3831 778 3886 hoc
798 3831 841 3895 iis,
863 3849 923 3903 quse
943 3832 976 3886 de
996 3833 1107 3888 rationis
1127 3833 1225 3887 nativae
1245 3840 1272 3887 et
1291 3831 1549 3886 demonstrationum
1568 3837 1689 3888 veterum

52 3909 267 3981 incompetentia
280 3909 353 3963 dicta
366 3920 435 3976 aunt,
450 3912 608 3983 derogatum
622 3913 769 3983 quidquam
789 3909 980 3981 intelligimus.
1021 3912 1092 3973 Quin
1105 3912 1165 3967 liaec
1185 3911 1275 3982 potius
1290 3911 1464 3979 adjunximus
1483 3909 1518 3963 ad
1532 3917 1646 3980 tempus,
1661 3916 1690 3967 et

51 3990 80 4044 ia
92 3990 216 4063 gratiam
230 4004 329 4053 eorum,
345 3990 392 4062 qui
404 3990 478 4060 justa
491 3991 666 4045 excusatione
680 3999 727 4044 aut
740 3990 838 4045 virium
851 3999 900 4045 aut
913 3991 1121 4061 occupationum
1134 3991 1270 4055 retardati,
1284 3989 1527 4061 contemplationes
1540 4005 1604 4043 suas
1616 3990 1689 4043 intra

52 4077 159 4124 veteres
174 4068 349 4125 scientiarum
362 4068 458 4141 plagas
477 4078 504 4125 et
520 4070 682 4141 provincias,
695 4078 742 4124 ιιι
757 4069 854 4124 saltem
870 4086 965 4125 esrum
977 4070 1096 4124 confinia
1108 4070 1282 4134 contermina,
1297 4070 1392 4125 sistere
1408 4068 1514 4132 voleut3
1536 4069 1631 4123 eadem
1645 4068 1687 4134 iis,

54 4149 98 4219 qui
112 4164 210 4203 veram
223 4156 326 4203 naturae
339 4149 588 4220 interpretationem
599 4149 745 4206 secundum
755 4149 856 4204 indicia
865 4149 1101 4215 nostrasccedent,
1111 4165 1226 4221 eamque
1237 4148 1391 4213 molientur,
1401 4147 1689 4202 locodiverticulorum

54 4236 98 4281 aut
112 4226 351 4282 tabernaculorum
364 4228 395 4281 in
408 4228 451 4281 via
465 4230 639 4300 praebitorum
659 4230 695 4284 ad
712 4228 839 4284 solatium
857 4237 885 4283 et
903 4228 1087 4284 levamentum
1105 4245 1166 4284 esse
1185 4236 1302 4300 queant3
1327 4234 1409 4298 atque
1428 4226 1537 4284 interim
1554 4227 1689 4282 humanas

54 4306 177 4361 fortunas
190 4306 282 4377 aliquo
295 4324 331 4362 ex
348 4315 426 4378 parte
444 4306 549 4384 juvare,
562 4316 590 4363 et
603 4319 707 4363 mentes
720 4308 937 4380 cogitationibus,
951 4325 1014 4380 quae
1027 4307 1109 4380 paulo
1122 4309 1264 4363 arctiorem
1282 4306 1474 4377 cognationem
1492 4306 1612 4360 habeant
1626 4324 1689 4362 cum

53 4393 161 4449 netum,
177 4385 347 4455 perfundere.
389 4383 420 4441 ld
433 4404 498 4442 vero
511 4405 547 4443 ex
560 4387 687 4443 facultate
701 4387 792 4459 aliqua
806 4395 907 4452 nostra,
921 4397 969 4442 aut
980 4389 1040 4456 ejus
1052 4387 1158 4452 fiducia,
1168 4387 1281 4442 minime
1292 4386 1451 4441 ominamur.
1493 4385 1595 4441 Verum
1610 4386 1690 4442 nobis

55 4464 166 4519 dubium
181 4480 235 4517 non
250 4472 298 4529 est,
311 4466 334 4520 si
349 4466 410 4536 quis
423 4466 567 4521 mediocris
580 4466 645 4521 licet
658 4468 769 4537 ingenii,
781 4466 830 4522 sed
843 4474 934 4522 tamen
944 4467 1028 4521 animi
1042 4475 1170 4533 maturus,
1184 4467 1256 4521 idola
1267 4465 1365 4520 mentis
1379 4482 1435 4520 ιιι
1448 4465 1592 4536 deponere,
1606 4473 1689 4537 atque

55 4543 260 4615 inquisitionem
274 4544 308 4597 de
323 4545 431 4615 integro
443 4545 495 4600 aibi
509 4546 660 4610 decernere,
679 4553 759 4618 atque
778 4546 848 4600 inter
865 4563 931 4601 vera
949 4546 1070 4601 historias
1087 4546 1220 4601 naturalis
1238 4553 1319 4616 atque
1339 4545 1398 4613 ejus
1412 4542 1532 4599 calculos
1546 4553 1647 4599 attente
1662 4552 1691 4600 et

55 4622 204 4695 diligenter
216 4630 244 4676 et
256 4622 342 4678 libere
356 4626 457 4679 versari
471 4624 535 4680 relit
548 4631 576 4680 et
588 4625 689 4696 possin
711 4626 777 4696 quin
789 4624 837 4680 ilie
850 4624 919 4696 ipse,
934 4625 1058 4698 quisquis
1071 4625 1114 4689 sit,
1128 4626 1211 4697 longe
1224 4624 1306 4680 altius
1319 4624 1349 4679 in
1361 4630 1486 4679 naturam
1500 4632 1691 4694 penetraturus

56 4703 90 4754 sit
104 4721 141 4758 ex
156 4718 226 4765 sese,
241 4710 267 4756 et
280 4703 399 4772 propriis
412 4711 439 4758 et
452 4704 578 4776 genuinis
591 4701 690 4759 mentis
704 4704 815 4769 viribus,
836 4704 951 4775 denique
966 4722 1002 4759 ox
1015 4704 1097 4759 meris
1111 4703 1349 4775 anticipationibus
1363 4703 1427 4768 suis,
1442 4720 1523 4773 quam
1536 4719 1586 4773 per
1598 4703 1688 4758 omni·

56 4798 155 4850 genam
170 4788 309 4836 auctorum
321 4783 472 4848 lectionem,
487 4791 534 4839 aut
547 4784 749 4839 meditationem
763 4783 927 4839 abstractam
939 4784 1082 4847 infinitam,
1096 4791 1144 4837 aut
1158 4783 1353 4852 disputationes
1366 4782 1489 4838 assiduas
1502 4790 1530 4836 et
1543 4782 1688 4853 repetitam

57 4861 106 4915 etsi
119 4860 263 4916 machinas
279 4878 335 4916 non
353 4861 509 4928 admoverit,
522 4880 572 4918 nec
588 4863 782 4933 interpretandi
801 4862 915 4917 sormam
932 4870 1042 4918 secutus
1059 4862 1150 4918 fuerit.
1191 4862 1280 4924 Quare
1299 4869 1327 4917 et
1343 4861 1432 4916 simile
1451 4862 1593 4933 quippiam
1611 4862 1690 4916 nobis

57 4956 106 4994 usu
119 4940 215 4994 venire
228 4957 309 5011 posse
321 4957 377 4995 non
391 4941 552 5008 diffidimus;
574 4942 725 5014 praesertim
738 4957 800 4996 cum
810 4943 920 4997 accedat
932 4941 1127 5012 interpretandi
1141 4941 1356 5012 experimentum
1369 4948 1398 4996 et
1411 4939 1586 5004 exercitatio;
1608 4957 1690 5012 quam

57 5017 148 5089 ipsum
162 5018 286 5074 habitum
301 5021 400 5075 mentis
412 5022 548 5092 corrigere
561 5028 589 5076 et
602 5029 707 5077 mutare
721 5021 861 5092 probabile
874 5029 925 5077 est.
964 5020 1064 5092 Neque
1085 5028 1174 5076 tamen
1192 5020 1253 5076 hoec
1272 5022 1301 5077 in
1314 5038 1375 5075 eam
1390 5028 1495 5091 partem
1508 5018 1596 5089 accipi
1616 5019 1691 5075 rolu-

58 5113 127 5163 mus,
141 5099 167 5153 si
180 5098 269 5163 fidem,
285 5117 366 5171 quam
379 5100 550 5171 antiquorum
563 5100 672 5172 placitis
684 5100 886 5172 denegavimus,
900 5101 1000 5154 nostris
1014 5100 1137 5156 adhiberi
1152 5100 1325 5172 postulemus
1367 5100 1438 5162 Quin
1451 5106 1545 5153 contra
1560 5106 1690 5154 testamur

59 5183 86 5230 et
97 5178 262 5248 profitemur,
275 5195 326 5233 nos
339 5179 414 5249 ipsos
426 5178 493 5243 istis,
511 5197 574 5250 qnae
594 5180 652 5248 jam
671 5196 861 5251 proponemus,
876 5178 1075 5251 qualiacunque
1094 5197 1129 5235 ea
1146 5181 1208 5245 sint,
1225 5181 1312 5236 teneri
1331 5179 1445 5235 minime
1461 5176 1539 5242 velle,
1554 5183 1584 5232 ut
1597 5179 1691 5233 omnia

59 5255 243 5326 pbilosophis
255 5265 354 5312 nostrae
367 5257 492 5314 secundae
505 5265 532 5313 et
545 5258 691 5316 inductivas
704 5266 834 5332 tanquam
847 5259 954 5330 integra
967 5266 1116 5315 serventur.
1158 5259 1284 5331 Cogitata
1297 5267 1389 5314 autem
1407 5258 1468 5328 ipsa
1485 5273 1622 5329 spargere,
1636 5275 1691 5313 non

60 5336 189 5392 methodo
201 5336 332 5391 revincire
345 5337 433 5392 risum
446 5345 495 5393 est
537 5338 605 5394 Haec
620 5339 694 5393 enim
707 5339 794 5394 forma
807 5338 1019 5410 pubescentibus
1032 5346 1160 5410 tanquam
1174 5356 1192 5393 a
1205 5340 1289 5410 stirpe
1303 5339 1337 5393 de
1351 5339 1458 5407 integro
1471 5337 1593 5394 scientiis
1606 5336 1690 5394 debe·

61 5421 121 5480 ture
143 5423 225 5486 atque
238 5415 297 5484 ejus
309 5424 358 5482 est,
373 5416 419 5488 qui
434 5433 488 5471 non
502 5426 587 5474 artem
600 5419 765 5475 constituere
778 5435 814 5475 ex
828 5417 967 5484 connexis,
982 5420 1032 5473 sed
1049 5418 1255 5491 inquisitionem
1271 5418 1384 5477 liberam
1402 5416 1542 5474 instituere
1556 5418 1586 5473 iu
1599 5418 1691 5491 singu-

61 5490 100 5560 lis,
114 5495 145 5550 in
158 5495 302 5568 presentis
316 5503 419 5554 tantum
433 5495 506 5554 velit.
