3800 5875
57 327 127 383 Cae.
145 326 186 383 ll.
576 331 626 387 DE
648 331 873 388 AUGMENTIS
895 331 1171 389 SCIENTIARUM.
1625 336 1683 393 355

57 489 86 541 in
101 487 249 558 pnantssia
263 488 347 560 (quin
360 489 452 560 potins
463 489 493 545 in
506 490 569 561 ip'sa
590 507 652 544 arce
665 489 765 544 mentis
779 498 806 544 et
818 492 858 544 in·
932 493 999 545 tr‘cm
1020 494 1163 557 ls'teratam,
1188 502 1214 546 et
1235 512 1362 565 organum
1388 511 1490 549 amun.
1531 492 1689 550 Delineotr'o

58 566 196 635 tellectus)
211 585 305 624 verum
318 570 545 641 quemadmodum
559 570 646 640 gratia
657 569 749 622 divina
763 570 792 623 in
805 570 857 623 vir·
932 574 1111 642 experientias
1121 574 1247 629 literatos.

61 645 159 701 tutibus
168 648 253 702 utitur
262 650 385 704 motibus
395 650 556 714 voluntatis,
577 649 617 702 ita
631 648 756 704 similiter
770 650 858 718 gratia

60 725 149 780 divina
159 727 189 780 in
201 726 452 784 illuminationibus
462 729 547 783 utitur
555 729 674 783 motibus
688 728 856 798 phantasiam
935 729 1123 783 lnvanrrorus
1136 730 1196 785 duee
1204 738 1267 785 sunt
1280 732 1393 801 species,
1400 731 1479 786 valde
1489 731 1611 801 proiecto
1619 732 1690 786 inter

60 806 128 859 unde
146 807 176 860 fit
196 814 227 861 ut
249 807 354 880 religio
374 826 481 878 semper
500 808 602 862 aditum
622 809 674 863 sibi
695 824 726 860 ac
740 807 812 860 viam
824 808 858 861 ad
895 824 924 860 se
938 809 1143 878 discrepantem
1166 826 1221 862 una
1235 811 1332 864 artium
1347 820 1375 865 et
1388 812 1581 875 scientiarum
1604 809 1691 865 altera

61 886 176 940 animum
185 887 598 959 quesieritpersimilitudines,
607 896 695 959 typos,
704 887 856 956 parabolas,
895 897 1113 958 argumentorum
1129 895 1333 945 etsermonum.
1375 889 1498 945 Priorem
1512 890 1690 944 hammdesi·

61 966 183 1030 visionea
197 967 346 1022 insomnia.
375 969 479 1022 Rursus
493 967 567 1022 haud
579 967 683 1022 humile
694 976 857 1037 estregnum
895 966 985 1021 derasi
1011 984 1120 1037 prorsus
1146 969 1313 1038 pronuncio;
1336 970 1382 1039 qni
1406 970 1515 1040 quidem
1535 969 1598 1024 talis
1619 971 1690 1024 mihi

61 1044 209 1115 phantasiae
222 1047 251 1100 in
265 1047 497 1117 persuasionibus,
512 1047 563 1101 avi
578 1046 742 1118 eloquentiae
754 1047 857 1100 insinu-
894 1046 1002 1101 videtur
1016 1063 1076 1101 esse
1090 1047 1219 1113 deiectus,
1235 1064 1266 1101 ac
1281 1049 1304 1101 si
1319 1049 1379 1119 quis
1393 1049 1421 1102 in
1440 1050 1591 1103 inventario
1607 1051 1691 1104 coufi-

60 1125 118 1179 atia
172 1125 248 1180 Nam
271 1127 320 1180 ubi
350 1144 399 1197 per
422 1126 552 1180 orationis
574 1127 690 1180 affificia
715 1126 857 1180 hominum
895 1126 992 1180 ciendo
1005 1125 1137 1180 bonomm
1152 1126 1266 1195 alicujus
1280 1127 1400 1181 defuncti
1414 1129 1454 1181 ita
1467 1129 1583 1192 reseram
1598 1145 1692 1183 nume-

60 1204 141 1258 animi
153 1205 350 1271 demulcentur,
364 1206 574 1270 inflammantur,
586 1213 614 1260 et
625 1206 655 1259 in
670 1221 857 1277 quamcunque
895 1213 961 1259 ratae
974 1206 1098 1276 pecunia
1111 1205 1190 1260 nihil.
1225 1207 1264 1260 Ut
1278 1207 1350 1260 enim
1360 1216 1458 1260 catera
1470 1208 1562 1261 omnia
1574 1209 1691 1277 pecunia

60 1291 164 1355 partem
185 1286 401 1355 pertrahuntur3
423 1292 508 1340 totum
529 1284 598 1339 illud
618 1286 648 1339 fit
668 1302 719 1356 per
740 1286 857 1338 exsusci·
895 1293 1039 1355 parantur:
1055 1286 1094 1338 ita
1107 1293 1193 1355 etper
1207 1285 1689 1357 hancartemreliquaeacquiruntur.

60 1364 190 1418 tationem
210 1365 374 1435 phantasiae,
396 1382 456 1437 quaa
472 1366 610 1435 impotens
630 1365 689 1432 jam
710 1364 789 1428 iacta,
803 1380 857 1417 non
896 1363 985 1435 Atque
997 1365 1068 1418 sicut
1079 1364 1482 1435 Indiaoocidentalisnunquam
1491 1366 1570 1420 nobis
1579 1366 1689 1420 inventa

60 1442 146 1497 solum
166 1445 270 1498 rationi
290 1444 411 1508 insultat,
425 1461 519 1498 vemm
540 1444 629 1498 eidem
649 1444 705 1498 vim
727 1443 857 1514 quodam·
895 1443 998 1507 suisset,
1006 1444 1059 1497 nisi
1075 1444 1256 1513 praecessisset
1270 1460 1335 1499 acus
1345 1446 1461 1498 nautica
1473 1445 1596 1498 inventio
1603 1468 1610 1510 ;
1626 1445 1692 1500 lieet

59 1523 139 1576 modo
151 1522 227 1587 iacit,
242 1524 342 1594 partim
362 1523 528 1589 occaecando,
542 1523 643 1595 partim
663 1523 856 1577 extimulando.
895 1523 1021 1594 regiones
1031 1523 1088 1577 illa
1101 1524 1249 1587 immensa,
1263 1524 1390 1578 versoria
1404 1530 1493 1577 motus
1506 1524 1622 1593 pusillus
1636 1525 1689 1589 sit;

60 1603 158 1673 Neque
172 1612 266 1656 tamen
281 1619 365 1657 causa
376 1603 488 1668 videtur,
502 1621 551 1657 cur
570 1620 589 1657 a
608 1603 753 1674 partitione
767 1603 857 1673 pn'ore
894 1602 935 1655 ita
948 1620 1004 1656 non
1018 1609 1059 1657 est
1079 1620 1127 1657 cur
1140 1603 1252 1656 miretur
1266 1603 1408 1673 quispiam,
1422 1603 1452 1656 in
1469 1604 1572 1658 artibus
1590 1603 1692 1673 perlus-

59 1682 239 1737 discedamus
261 1684 336 1738 Nam
347 1683 490 1754 phantasia
500 1682 630 1737 scientias
641 1683 760 1736 lereuon
770 1683 856 1751 parim
896 1682 997 1736 bandis
1018 1690 1046 1736 et
1066 1682 1255 1751 promovendis
1268 1674 1415 1753 ampliores
1429 1698 1590 1753 progressos
1604 1684 1691 1737 factos

61 1760 196 1833 siquidem
206 1763 300 1832 po'e'sis
310 1763 556 1834 (quaeaprincipio
566 1762 718 1832 phantasiae
730 1761 857 1815 attributa
894 1778 949 1815 non
977 1778 1054 1825 esse;
1078 1761 1295 1832 quandoquidem
1324 1778 1369 1815 ars
1395 1763 1457 1832 ipsa
1479 1762 1636 1817 inveniendi
1663 1771 1693 1818 et

61 1844 112 1907 est)
136 1858 189 1911 pro
211 1840 274 1896 lusu
297 1843 388 1913 potius
411 1842 523 1912 ingenii,
547 1857 627 1913 quam
655 1857 705 1911 pro
733 1841 856 1906 scientia,
895 1840 1073 1911 perlustrandi
1089 1841 1216 1895 scientias
1231 1840 1363 1895 hactenus
1376 1842 1526 1912 ignoretur.

61 1919 193 1975 habenda
237 1921 407 1976 Potestatem
417 1930 507 1976 autem
518 1920 671 1992 phantasiae
683 1921 713 1973 in
726 1919 858 1974 naturali·
936 1920 1017 1974 Hanc
1028 1920 1151 1974 scientiae
1163 1920 1309 1974 desiderari
1319 1929 1425 1991 partem
1438 1920 1556 1989 plauein
1566 1919 1692 1975 confesso

61 2000 111 2054 bus
123 2000 256 2054 doetrinae
277 2002 311 2055 de
333 2001 424 2055 anima
444 2001 529 2072 paulo
550 2007 613 2054 ante
634 1999 835 2071 assignavimus
850 2021 857 2054 :
896 2007 947 2053 est.
988 1999 1081 2054 Primo
1096 2000 1169 2053 enim
1183 1998 1326 2053 dialectica
1339 1999 1410 2054 nihil
1423 1999 1570 2070 profitetur,
1584 1999 1641 2054 imo
1655 2016 1691 2054 ne

62 2096 120 2133 eam
133 2096 208 2145 vero,
223 2097 306 2151 quam
321 2080 481 2135 habetcum
501 2079 638 2134 rhetorica
657 2079 856 2149 cognationem,
895 2079 999 2150 cogitat
1021 2079 1138 2150 quidem,
1166 2080 1199 2132 de
1221 2079 1391 2133 inveniendis
1418 2079 1529 2143 artibus,
1557 2079 1614 2132 sive
1637 2096 1693 2134 me·

62 2157 100 2213 illi
123 2159 177 2230 ipsi
208 2161 262 2213 arti
292 2160 340 2231 (de
368 2178 423 2231 qua
445 2159 517 2214 iufra
543 2158 731 2227 tractabimus)
755 2158 857 2212 remitti
896 2157 1026 2223 chemicis,
1047 2159 1105 2213 sive
1125 2157 1520 2229 (quasvocant)liberalibus;
1542 2158 1693 2213 autetiam

62 2255 109 2308 par
120 2247 169 2293 est
895 2238 929 2291 de
952 2236 1063 2292 illarum
1083 2238 1218 2309 operibus,
1240 2239 1337 2293 harum
1356 2254 1422 2293 vero
1441 2236 1623 2292 axiomatibus
1645 2238 1694 2294 eli·

98 2318 167 2373 Pars
181 2319 238 2372 ista
251 2317 380 2372 humana
399 2317 589 2389 philosophia,
601 2334 662 2389 quae
684 2318 719 2372 ad
740 2316 858 2389 logicam
895 2317 999 2372 ciendis
1011 2340 1018 2382 t
1038 2317 1085 2372 sed
1097 2319 1175 2389 quasi
1188 2320 1345 2388 praeteriens
1359 2317 1484 2372 homines
1498 2317 1654 2390 alloquitur,
1665 2326 1694 2373 et

62 2406 170 2468 spectat,
195 2397 370 2467 ingeniorum
393 2398 571 2468 plurimorum
598 2398 689 2469 gustui
713 2413 745 2450 ac
766 2396 858 2467 palato
895 2396 1013 2461 dimittit,
1042 2397 1159 2462 edicens,
1184 2404 1214 2452 ut
1243 2399 1340 2469 cuique
1367 2398 1396 2452 iu
1423 2414 1473 2452 sua
1496 2403 1553 2451 arte
1574 2397 1692 2452 credant.

60 2478 146 2531 mnus
156 2485 239 2548 grata
251 2485 307 2540 est,
322 2484 349 2531 et
359 2476 429 2531 nihil
440 2476 513 2530 aliud
524 2477 636 2541 videtur,
648 2493 729 2548 quam
739 2477 857 2547 spinosae
896 2476 1001 2541 Celsus,
1016 2477 1058 2531 vir
1075 2479 1200 2548 prudens,
1214 2495 1268 2532 non
1284 2477 1371 2532 solnm
1384 2477 1506 2531 medicus
1520 2476 1599 2548 (lieet
1609 2478 1693 2531 moris

61 2557 219 2611 subtilitatis
232 2556 350 2627 laqueus
364 2573 396 2611 ac
410 2554 552 2611 tendicula.
573 2556 647 2610 Nam
662 2557 730 2611 sicin
742 2572 805 2610 vere
819 2556 858 2610 di·
896 2556 931 2610 sit
944 2556 1072 2611 omnibus
1081 2557 1110 2610 in
1124 2557 1218 2611 laudes
1232 2557 1299 2611 artis
1307 2557 1426 2627 proprias
1440 2557 1556 2626 effundi)
1571 2556 1693 2628 gravitur

60 2635 280 2690 eiturscientiam
289 2652 349 2690 esse
358 2634 597 2707 animipabulum:
611 2636 650 2690 ita
658 2636 688 2689 in
696 2635 858 2706 hocpabulo
896 2642 924 2689 et
944 2636 1072 2708 ingenue,
1093 2636 1127 2690 de
1148 2636 1286 2706 empiricis
1305 2643 1332 2690 et
1351 2636 1512 2707 dogmaticis
1526 2636 1694 2689 medicomm

60 2715 214 2785 appetendo
228 2722 257 2768 et
269 2714 417 2785 deligendo
436 2714 559 2787 plerique
573 2715 695 2787 palatum
708 2716 781 2769 nacti
795 2721 858 2769 sunt
896 2716 978 2770 secus
1000 2715 1120 2786 loquens,
1144 2716 1257 2781 tutatum
1279 2714 1513 2770 “Medicamenta
1532 2722 1559 2769 et
1572 2714 1694 2769 remedia

62 2794 250 2849 Israelitarum
265 2794 356 2849 simile
370 2794 399 2848 iu
410 2795 534 2849 deserto:
556 2811 624 2867 quos
635 2795 734 2866 cupido
747 2794 859 2850 incessit
895 2796 972 2865 prius
999 2795 1083 2850 inisse
1105 2797 1223 2861 inventa,
1245 2796 1278 2850 de
1303 2795 1391 2849 causis
1411 2812 1476 2848 vero
1495 2800 1522 2848 et
1541 2793 1694 2849 rationibus

62 2874 188 2928 meandi
205 2875 241 2929 ad
255 2873 327 2928 ollas
339 2874 478 2941 samium3
499 2891 607 2931 mannen
617 2883 708 2929 autem
720 2874 857 2929 fastidium
896 2874 1031 2947 posterius
1045 2875 1241 2947 disceptatum,
1262 2890 1316 2928 non
1330 2874 1423 2929 ordine
1437 2890 1575 2940 converso,
1596 2890 1693 2927 causas

62 2956 150 3025 cepit:
171 2973 235 3026 quea
249 2953 315 3009 licet
328 2954 407 3010 cibus
419 2955 501 3009 fuerit
513 2955 639 3018 coelestis,
656 2955 747 3010 miuus
767 2962 858 3010 tamen
896 2972 932 3010 ex
945 2962 1043 3010 namra
1059 2973 1149 3010 rerum
1163 2956 1252 3026 primo
1266 2962 1356 3009 erutas
1375 2954 1468 3019 fuisse,
1481 2971 1580 3025 easque
1601 2954 1694 3007 inven-

63 3035 229 3089 sentiebatur
255 3034 345 3089 almus
368 3043 396 3089 et
421 3035 539 3106 sapidus.
579 3035 683 3089 Eodem
708 3034 790 3089 modo
817 3038 859 3104 (ut
896 3035 965 3089 doni
978 3036 1160 3090 remediorum
1169 3034 1355 3105 praeluxisse.''
1398 3034 1434 3088 At
1448 3033 1527 3089 Plato
1540 3051 1595 3088 non
1609 3031 1694 3087 semel

62 3112 220 3183 plurimum)
234 3112 422 3169 illaescientiae
433 3114 548 3185 placent,
559 3133 620 3186 quae
633 3114 735 3168 habent
748 3114 859 3168 inhrsio·
896 3114 987 3168 innuit
1009 3114 1219 3169 “Particularia
1238 3114 1346 3168 infinita
1365 3130 1440 3179 esse;
1462 3113 1582 3168 maxime
1601 3128 1694 3168 rursus

63 3209 121 3247 nem
134 3193 299 3248 nonnullam
317 3194 439 3248 carnium
453 3195 542 3266 magis
556 3193 741 3249 esculentam:
764 3193 858 3265 quales
897 3192 1037 3265 generalia
1050 3194 1141 3248 minus
1151 3201 1227 3247 certa
1240 3193 1402 3247 documenta
1420 3192 1569 3247 exhibere:
1591 3192 1694 3247 medul-

63 3282 123 3326 sunt
135 3272 255 3328 historia
266 3272 363 3334 civilis,
378 3290 474 3338 mores,
488 3275 631 3344 prudentia
651 3273 771 3345 politica,
785 3274 859 3328 circa
896 3272 951 3327 lam
964 3273 1047 3345 igitur
1066 3273 1247 3338 scientiarum,
1262 3290 1314 3344 qua
1329 3274 1431 3327 artilex
1450 3273 1485 3327 ab
1501 3273 1627 3342 imperito
1640 3272 1693 3327 dis·

63 3352 282 3422 quasbominum
294 3352 466 3423 cupiditates,
480 3352 582 3419 laudes,
598 3353 713 3407 fortuna
719 3360 859 3408 vertuntur
896 3353 1036 3424 tinguitur,
1051 3353 1079 3406 in
1093 3353 1191 3407 mediis
1205 3352 1435 3423 propositionibus
1455 3352 1610 3417 consistere,
1625 3369 1693 3424 quas

62 3443 88 3484 et
101 3440 241 3502 occupatae
260 3441 331 3486 sunt.
373 3431 409 3485 At
421 3431 494 3486 istud
508 3432 599 3487 lumen
610 3433 713 3487 siccum
730 3433 859 3504 plurimo-
896 3449 946 3502 per
960 3432 1083 3504 singulas
1093 3432 1221 3487 scientias
1229 3431 1339 3485 tradidit
1349 3440 1376 3486 et
1391 3432 1484 3486 docuit
1497 3431 1692 3502 experientia.”

62 3527 119 3565 vum
146 3510 243 3565 mollia
267 3520 294 3564 et
320 3511 430 3566 madida
452 3512 563 3584 ingenia
584 3512 696 3565 offendit
718 3521 746 3566 et
766 3518 857 3566 torret.
897 3512 968 3573 Quin
979 3521 1007 3567 et
1020 3511 1068 3576 illi,
1085 3512 1131 3583 qui
1146 3512 1179 3566 de
1194 3511 1290 3582 primis
1300 3512 1492 3576 inventoribus,
1506 3520 1555 3565 aut
1568 3511 1694 3565 scientia·

63 3588 200 3644 Ceterum
214 3593 618 3662 unamquamquerempropria
632 3592 655 3647 si
669 3591 758 3661 placet
771 3591 858 3662 digni·
896 3609 957 3646 rum
972 3591 1131 3662 originibus,
1146 3592 1229 3645 verba
1243 3591 1373 3656 iecerunt,
1388 3608 1481 3646 casum
1500 3589 1596 3660 potius,
1612 3607 1694 3662 quam

62 3677 114 3723 tate
137 3669 240 3732 metiri,
254 3670 403 3724 rationales
420 3671 541 3725 scientia
563 3670 727 3743 reliquarum
748 3671 859 3725 omnino
897 3679 990 3735 anem,
1016 3669 1203 3735 celebrarunt;
1234 3677 1314 3741 atque
1342 3669 1470 3725 animalia
1492 3671 1583 3736 bruta,
1612 3670 1695 3741 quad-

63 3747 150 3804 elaves
162 3758 245 3803 sunt:
261 3758 342 3820 atque
354 3751 577 3819 quemadmodum
592 3751 858 3805 mannsinstrumen-
897 3750 1021 3821 rupedes,
1037 3767 1108 3815 aves,
1123 3751 1221 3821 pisces,
1236 3757 1384 3821 serpentes,
1399 3751 1487 3822 magia
1508 3767 1588 3820 quam
1606 3749 1694 3803 homi-

64 3837 117 3883 tum
138 3829 390 3893 instrumentorum,
405 3831 497 3884 anima
509 3830 596 3884 t'orma
609 3830 763 3894 formamm,
778 3830 859 3884 itaet
897 3847 954 3894 nes,
969 3837 1097 3901 tanquam
1111 3830 1286 3884 scientiarum
1300 3830 1431 3895 doctores,
1445 3830 1673 3884 introduxerunt:

64 3906 123 3970 ula,
153 3916 229 3962 artes
255 3908 356 3963 artium
383 3910 517 3980 ponendis
544 3917 624 3964 sunt:
654 3926 743 3979 neque
770 3908 857 3963 solum
1040 3963 1045 3974 ,
1229 3963 1234 3974 ,
1260 3963 1265 3974 ,
1457 3962 1463 3973 ,

64 3985 191 4058 dirigunt,
214 3986 264 4042 sed
286 3995 313 4041 et
332 3988 477 4053 roborant3
500 3990 571 4043 sicut
589 3989 734 4060 sagittandi
753 4006 817 4043 usus
832 3997 859 4042 et
985 3962 1588 4068 “1ss{fflssffiffiffloffiffi'ffipssfflt’m

65 4063 180 4130 babitus,
201 4082 258 4120 nou
278 4075 384 4121 tantum
408 4068 474 4123 facit
491 4077 523 4122 ut
541 4067 639 4122 melius
653 4069 714 4140 quis
732 4067 858 4132 collimat,
1013 4079 1153 4139 Purpureo:
1167 4057 1402 4126 nonillaicris’inco
1437 4079 1472 4125 ita
1482 4079 1560 4139 capris

66 4146 109 4199 „d
120 4153 152 4199 ut
165 4162 260 4200 mum
277 4145 371 4200 tendat
385 4146 533 4202 fortiorem·
1013 4137 1137 4193 Gramina,
1148 4151 1203 4183 cum
1213 4143 1281 4199 tergo
1291 4136 1399 4184 volucres
1426 4151 1499 4182 asara
1510 4138 1629 4205 ιιςιιιεζ

100 4225 182 4278 Artes
204 4224 304 4297 logicae
332 4234 446 4297 quatuor
466 4243 580 4282 numero
601 4233 681 4291 sunt,
703 4226 799 4281 divisas
823 4243 859 4280 ex
1476 4193 1692 4244 AEne¹d'‘¹¹'⁴¹⁹”

65 4303 161 4358 finibus
175 4304 240 4368 seris,
255 4304 285 4357 in
305 4320 372 4375 quos
387 4306 507 4360 tendunt.
553 4305 585 4360 ld
604 4306 678 4360 enim
698 4306 758 4376 agit
778 4306 860 4361 homo
899 4305 976 4358 Adeo
990 4312 1020 4358 ut
1033 4305 1145 4358 minime
1159 4303 1256 4357 mirum
1271 4304 1307 4356 sit
1321 4303 1396 4374 (cum
1414 4302 1442 4356 in
1456 4318 1531 4357 more
1550 4303 1622 4373 apud
1643 4321 1694 4357 nn-

65 4382 91 4435 in
102 4382 298 4448 rationalibus;
312 4390 359 4438 aut
371 4384 799 4457 utinveniat,quodquaesirerit:
814 4394 860 4440 aut
899 4385 989 4455 tiquos
1011 4384 1093 4438 fuerit
1112 4400 1202 4438 rerum
1222 4381 1330 4437 utilium
1351 4382 1504 4435 inventores
1522 4383 1694 4450 consecrare)

64 4461 169 4527 judicet,
185 4463 258 4534 quod
271 4464 423 4518 invenerit:
445 4474 492 4519 aut
505 4466 627 4529 retineat,
642 4465 714 4536 quod
723 4464 860 4533 judicave-
899 4464 973 4534 apud
986 4463 1139 4535 AEgyptios,
1154 4470 1262 4533 gentem
1277 4462 1395 4533 priscam
1411 4462 1467 4530 (cui
1485 4461 1609 4533 plurimrs
1622 4471 1696 4516 artes

66 4539 113 4596 rit:
128 4549 174 4596 aut
188 4543 287 4606 tradat,
302 4543 374 4613 quod
387 4543 538 4599 retinuerit
580 4546 701 4599 Necesse
713 4544 798 4614 igitur
810 4552 858 4609 est,
899 4543 981 4596 initia
1008 4560 1057 4597 sua
1079 4543 1191 4610 debent)
1213 4541 1315 4613 templa
1334 4541 1415 4612 plena
1438 4541 1523 4596 inisse
1543 4541 1696 4597 simulacris

65 4627 92 4673 ot
100 4621 211 4675 totidem
225 4623 281 4676 sint
295 4631 367 4676 artes
380 4623 544 4678 rationales:
559 4640 603 4679 ars
616 4623 799 4695 inquisitionis
812 4639 861 4678 sen
899 4622 1038 4677 brutorum
1050 4645 1056 4687 ς
1071 4622 1212 4677 hominum
1225 4639 1290 4676 vero
1305 4620 1457 4676 simulacris
1469 4638 1555 4693 prope
1568 4639 1666 4685 vacum

68 4701 242 4794 mentimf
264 4718 310 4810 αἶ’
323 4702 458 4756 mmm
472 4720 520 4796 εἵη
538 4703 651 4795 judicii:
672 4702 860 4796 ψωριοᾱίω
915 4746 931 4768 “
941 4742 1016 4790 Omni
1048 4757 1153 4803 numqua
1161 4743 1232 4790 deum
1242 4750 1355 4801 monstra,
1367 4749 1391 4791 st
1401 4742 1608 4812 hbatoranubh,

68 4795 113 4833 “¹¹
126 4781 790 4837 mmm·‘1⁸¹⁸01001111011¹⁸⁸ffliffld¹t¹⁰¹¹¹⁸·
817 4781 859 4836 ΒΘ
913 4800 1008 4848 Contra
1040 4801 1693 4863 cptuuum,etVeuerem,contraqucMmervam,cte.”

71 4858 163 4927 qubus
174 4860 233 4928 jam
242 4859 386 4932 sigillatim
398 4861 525 4916 dicemus
1468 4859 1567 4908 AEuaid.
1581 4860 1630 4906 viii.
1643 4858 1694 4907 698.

899 4950 976 5012 Quod
991 4951 1014 5004 si
1028 4950 1119 5017 malis,
1133 4967 1170 5005 ex
1185 4950 1327 5006 traditione
1341 4952 1505 5019 Graecorum,
1519 4960 1591 5007 artes
1604 4953 1695 5022 potius

898 5029 1055 5085 hominibus
1074 5036 1106 5084 ut
1126 5029 1309 5086 inventoribus
1330 5033 1462 5097 tribuere;
1483 5032 1694 5103 haudquaquam

284 5142 409 5198 CAPUT
430 5142 641 5198 SECUNDUM
899 5117 991 5164 tamen
1018 5109 1120 5164 dixeris
1147 5108 1340 5166 Prometheum
1363 5113 1398 5166 ad
1417 5112 1491 5184 ignis
1510 5111 1695 5166 inventionem

643 5183 651 5198 ‘
899 5187 1144 5259 contemplationes
1158 5189 1331 5254 adhibuisser
1347 5199 1394 5246 ant
1407 5209 1470 5246 cum
1485 5190 1589 5244 silicem
1603 5192 1694 5259 primo

900 5275 1059 5339 percuteret,
1073 5267 1205 5323 scintillas
1224 5279 1401 5340 expectasse:
1423 5269 1471 5324 sed
1489 5286 1553 5322 casu
1574 5269 1604 5323 iu
1625 5269 1694 5326 illud

68 5353 185 5410 Parrum
196 5356 341 5410 incentive
353 5353 380 5403 s'a
393 5349 556 5402 incentivam
566 5348 665 5399 ortium
676 5352 701 5394 et
714 5356 854 5413 argumen-
899 5347 1036 5414 incidisse,
1050 5354 1132 5419 atqua
1147 5347 1191 5419 (ut
1203 5349 1291 5421 aiunt)
1304 5350 1406 5405 furtum
1421 5348 1485 5403 Jovi
1504 5347 1609 5405 fecisse.
1652 5351 1694 5405 lta

105 5446 204 5489 rm„
225 5433 345 5508 quadqua
356 5430 436 5501 prior
449 5427 542 5480 harum
556 5430 634 5497 (qua
658 5423 771 5486 eminet)
786 5419 855 5472 desi·
900 5433 930 5482 ut
943 5428 979 5482 ad
992 5427 1091 5483 artium
1110 5428 1293 5484 inventionem
1316 5429 1386 5501 quod
1407 5428 1513 5491 attinet,
1527 5444 1616 5498 capra
1636 5430 1692 5500 syl·

105 5516 222 5570 water.
263 5511 387 5565 Partitis
401 5507 543 5640 iacentque
557 5506 657 5558 artium
672 5504 702 5555 in
718 5500 856 5572 asperien-
899 5508 983 5562 meri
996 5524 1046 5578 pro
1059 5507 1222 5579 emplastris,
1231 5506 1386 5580 philomelus
1399 5506 1694 5578 promodulqtionibug

450 5603 466 5640 s
