3800 5875
56 311 126 367 Car.
150 312 198 368 tv,
578 317 629 372 DE
650 317 875 374 AUGMENTIS
897 317 1174 374 SCIENTIARUM.
1633 316 1691 372 335

55 470 230 542 dituoqnam
243 472 279 525 ad
292 471 434 529 individua
445 475 477 530 θ’
500 473 610 546 oblique
625 483 717 530 tamen
730 476 853 547 pervenit
890 476 1056 546 recipiantur
1077 473 1125 550 (ut
1138 476 1295 531 summatim
1314 471 1451 550 dicamus)
1472 475 1565 530 omnia
1585 474 1692 548 reliqua

55 551 138 603 etiam
160 551 196 604 ad
214 551 357 607 individua
378 553 527 608 nonnulla:
548 554 599 607 illa
611 555 726 620 scilicet,
741 573 802 626 quse
816 573 852 609 ex
891 556 1044 609 accidentia
1067 563 1156 608 motus
1180 554 1370 625 planetarum:
1403 555 1498 625 quales
1522 553 1691 625 singulorum

56 628 205 684 individuis
214 630 340 698 ejusdem
348 633 450 701 speciei
461 641 526 686 sunt
537 634 658 688 :naxium
666 634 817 704 passibilia,
826 643 852 688 et
890 635 920 686 in
933 634 1032 688 itinere
1046 650 1097 688 suo
1110 633 1330 700 accelerationem
1344 635 1550 699 retardationes,
1564 648 1691 705 progres-

56 717 186 779 tanquam
199 725 264 763 cera
277 710 403 776 mollior:
424 711 510 765 veluti
530 729 594 766 cum
607 714 766 768 consututio
780 712 852 768 olivis
891 730 945 777 stis,
960 714 1100 776 stationes,
1118 713 1383 783 retrogradationes3
1406 713 1503 784 quales
1522 714 1659 767 distantia
1673 731 1691 768 a

55 785 186 857 pestilens
206 804 322 858 corpora
341 791 432 845 minua
453 791 610 845 resistentia
627 801 749 862 occupat,
762 794 852 863 magis
890 791 956 855 sole,
970 792 1179 856 combustiones,
1193 802 1339 862 augmenta
1352 801 1381 847 et
1393 793 1587 847 diminutiones
1608 792 1689 847 lunti-

55 867 209 920 εεείειεειίε
223 869 356 938 praeterit
381 869 483 930 Quarta
496 877 538 923 eat
550 872 714 940 praecedenti
729 889 785 925 non
799 873 852 925 dis·
890 872 941 934 nis,
956 871 1091 940 eclipses;
1113 878 1141 924 et
1153 871 1176 924 si
1197 889 1259 942 quse
1279 872 1334 925 sint
1352 872 1415 926 alis.
1455 872 1567 926 Etenim
1585 871 1691 926 faciunt

56 945 165 999 similis:
188 952 204 977 ‘⁴
219 947 318 1001 Omnis
332 948 455 1019 operatio
473 949 625 1004 coelestium
640 952 738 1005 nonin
753 962 852 1020 puncta
890 949 950 1003 hoec
966 951 1066 1016 omnia,
1081 957 1111 1003 ut
1123 949 1293 1020 planetarum
1312 951 1389 1015 radii,
1404 951 1447 1005 vel
1467 951 1573 1016 fortius,
1587 951 1632 1005 vel
1644 952 1690 1006 de·

58 1036 217 1095 temporum,
231 1035 281 1080 aut
294 1030 434 1097 angustias
448 1029 574 1093 minutas,
588 1030 637 1083 sed
650 1031 680 1083 in
694 1031 783 1099 spatia
796 1048 852 1083 ma·
890 1028 980 1094 bilius,
994 1028 1109 1082 diversis
1127 1030 1242 1099 denique
1263 1031 1351 1084 modis
1371 1039 1399 1084 et
1412 1030 1563 1095 virtutibus,
1578 1047 1690 1099 operen-

54 1105 112 1172 jora
126 1104 223 1159 defluit
244 1114 274 1159 et
294 1106 486 1162 dominatur:”
506 1108 599 1179 itaque
613 1109 803 1178 praedietiones
818 1109 851 1164 de
891 1115 942 1161 tur.
985 1107 1074 1178 Atque
1098 1117 1213 1177 quatuor
1233 1109 1286 1162 ista
1306 1109 1341 1162 ad
1362 1109 1527 1163 radiationes
1548 1101 1688 1165 stellarum

55 1185 246 1254 temperaturis
267 1188 435 1251 anniversa
458 1203 518 1240 esre
543 1188 663 1256 possint;
698 1188 732 1242 de
755 1187 852 1243 diebus
890 1191 1022 1255 spectant.
1064 1185 1163 1246 Quinto
1185 1188 1358 1257 recipiantur,
1380 1205 1441 1258 quse
1463 1195 1574 1242 naturas
1596 1189 1688 1243 stella·

55 1261 176 1332 singulis,
192 1281 243 1334 pro
256 1265 335 1318 vanis
354 1266 453 1320 merito
472 1266 614 1322 habentur.
655 1267 797 1322 Postrema
811 1277 853 1321 est
889 1282 959 1329 rum,
974 1266 1031 1319 sive
1047 1266 1232 1332 erraticorum,
1247 1268 1305 1321 sive
1325 1269 1449 1331 lixarum,
1464 1268 1492 1320 in
1512 1268 1624 1337 propria
1637 1286 1688 1323 sua

55 1344 223 1412 (quinetiam
234 1344 454 1414 prudentioribus
464 1344 609 1417 astrologis
619 1362 727 1416 semper
736 1345 851 1417 placuit)
890 1345 1009 1398 essentia
1022 1352 1052 1398 et
1064 1345 1210 1408 nativitate,
1221 1363 1342 1400 reserare
1356 1355 1383 1401 et
1396 1347 1524 1416 detegere
1539 1346 1686 1402 ullomodo

54 1421 124 1492 quod
145 1427 163 1453 ‘⁸
180 1421 258 1476 nulla
281 1424 347 1478 insit
370 1424 450 1478 astris
473 1423 564 1478 fatalis
586 1426 774 1490 necessitas;”
804 1427 852 1479 sed
890 1431 1009 1494 queant:
1030 1423 1118 1494 qualis
1140 1425 1313 1495 magnitnd0;
1338 1425 1427 1497 qualis
1448 1425 1523 1479 color
1544 1436 1573 1479 et
1591 1443 1687 1496 aspec-

53 1501 124 1570 quod
143 1501 279 1555 inclinent
299 1519 333 1556 ea
347 1503 447 1572 potius,
469 1521 552 1574 quarn
571 1511 678 1576 cogant.
720 1505 852 1560 Addimus
890 1510 952 1568 tus:
984 1505 1073 1572 qualis
1097 1503 1256 1557 scintillatio
1277 1512 1304 1558 et
1324 1505 1439 1558 vibratio
1463 1504 1591 1569 luminis:
1619 1524 1686 1576 qua-

54 1591 78 1632 ει
91 1579 160 1634 illud
175 1579 222 1654 (in
236 1598 291 1652 quo
304 1582 334 1635 in
347 1590 439 1652 partes
453 1582 615 1653 astrologia,
630 1585 653 1637 si
669 1584 750 1638 suerit
763 1601 852 1638 emen·
889 1580 924 1636 lis
945 1581 1014 1635 situs
1033 1598 1127 1636 versus
1148 1583 1234 1653 polos,
1249 1592 1296 1637 aut
1309 1585 1512 1654 aequinoctium:
1534 1584 1628 1655 quales
1641 1601 1685 1640 as·

52 1658 122 1720 data,
145 1676 203 1713 nou
224 1661 338 1715 obscure
353 1662 444 1714 venire
457 1660 624 1736 videbimur)
638 1663 766 1717 nimirum
780 1664 852 1734 quod
889 1661 1023 1727 annai,
1044 1678 1104 1731 quoe
1118 1662 1180 1715 aliis
1195 1661 1282 1716 stellis
1296 1663 1385 1734 magis
1399 1663 1539 1728 immixta,
1554 1681 1615 1735 quar
1629 1681 1686 1718 ma·

53 1739 132 1793 nobis
145 1756 199 1809 pro
212 1749 287 1793 certo
301 1749 414 1803 constet,
433 1739 555 1795 coeleatia
571 1742 602 1795 in
624 1741 768 1796 rehabere
783 1742 851 1797 alios
889 1740 933 1809 gis
950 1739 1093 1804 solitaria,
1116 1756 1176 1811 quoe
1196 1743 1356 1810 superiores,
1371 1759 1432 1812 qua·
1446 1742 1602 1807 interiores:
1624 1762 1685 1814 quse

53 1819 187 1888 quoedam
206 1818 336 1884 influxus,
358 1827 457 1890 prater
476 1819 595 1874 calooem
618 1828 646 1875 et
667 1820 779 1886 lumen,
805 1823 851 1893 qui
889 1835 925 1872 ex
946 1819 1010 1873 lixis
1030 1819 1180 1873 intrariae
1199 1820 1265 1874 solis
1287 1829 1315 1874 et
1336 1821 1506 1892 planetarum
1530 1819 1685 1895 (zodiacum

53 1909 144 1951 nmen
159 1898 224 1968 ipsi,
239 1897 388 1953 secundum
401 1898 511 1969 regulas
524 1898 595 1963 illas,
611 1916 678 1971 quas
689 1901 749 1968 jam
762 1902 850 1970 posui·
889 1897 1010 1970 scilicet)
1024 1916 1085 1968 qua:
1101 1907 1193 1954 extra:
1214 1901 1275 1970 quis
1297 1917 1333 1953 ex
1352 1900 1470 1971 planetis
1483 1900 1609 1966 velocior,
1624 1903 1686 1973 quis

54 1994 120 2041 mus,
137 1989 167 2030 et
190 1994 245 2031 non
268 1977 357 2041 aliter,
378 1977 477 2032 valent
518 1978 622 2032 Verum
640 1978 681 2032 illi
704 1980 732 2033 in
753 1980 852 2034 intima
890 1978 1010 2031 tardior:
1026 1978 1086 2048 quis
1100 1987 1240 2033 moveatur
1253 1980 1281 2033 in
1296 1979 1430 2049 ecliptica,
1445 1980 1507 2051 quis
1521 1989 1686 2052 pervagetur

53 2057 167 2124 physica
177 2055 269 2120 latent,
278 2066 305 2111 et
314 2057 466 2128 longiorem
476 2058 693 2112 dissertationem
701 2059 849 2128 postulant.
888 2056 918 2109 in
940 2056 1099 2110 latitudine:
1135 2058 1196 2127 quis
1219 2059 1307 2128 possit
1330 2076 1389 2113 esse
1417 2055 1599 2129 renogradus,
1624 2061 1685 2131 quis

55 2135 148 2190 Visum
163 2143 207 2190 est
220 2137 306 2206 igitur
318 2138 397 2192 nobis
413 2135 482 2212 (his,
497 2154 558 2208 quae
579 2136 707 2202 diximus,
723 2139 772 2191 rite
787 2155 848 2207 per·
889 2135 1016 2188 minime:
1031 2136 1093 2205 quis
1104 2137 1222 2206 patiatur
1230 2138 1413 2192 omnimodam
1423 2137 1579 2192 distantiam
1588 2155 1606 2192 a
1618 2140 1685 2204 sole,

54 2211 160 2287 pensis)
186 2215 259 2269 inter
281 2216 436 2271 desiderata
455 2234 586 2287 reponere
609 2216 785 2287 astrologiam
805 2216 851 2272 his
890 2215 951 2285 quis
971 2213 1114 2285 alligetur:
1135 2216 1196 2286 quis
1216 2226 1355 2271 moveatur
1377 2217 1493 2271 celerius
1517 2218 1545 2270 in
1563 2234 1685 2288 apogreo,

54 2294 196 2364 principiis
211 2295 312 2349 noenia
326 2304 556 2350 consentaneam:
577 2303 659 2366 atque
675 2297 747 2350 sicut
767 2305 851 2350 astro-
890 2293 950 2364 quis
964 2293 993 2346 in
1007 2294 1146 2364 perigoeo:
1167 2295 1284 2367 denique
1304 2296 1440 2350 anomalia
1458 2295 1566 2361 Martis,
1581 2298 1687 2367 expati-

53 2374 180 2436 uomiam,
204 2391 266 2444 qua
284 2375 409 2444 physicis
431 2375 582 2429 rationibus
601 2376 714 2439 nitatur,
728 2385 850 2430 astrono-
890 2373 1126 2438 attollendae:
1148 2373 1254 2429 labores
1268 2375 1325 2429 sive
1348 2376 1490 2447 passiones
1511 2375 1685 2441 admiranda,

54 2452 135 2507 roiam
148 2453 243 2507 rivam
256 2453 472 2518 nominavimus:
493 2454 534 2508 ita
549 2463 577 2509 et
589 2455 774 2527 astrologiam,
790 2472 851 2526 quae
889 2470 950 2522 qum
964 2468 1019 2505 non
1032 2451 1118 2506 semel
1132 2461 1158 2506 et
1171 2454 1201 2506 in
1216 2453 1274 2507 sole
1295 2463 1322 2507 et
1336 2455 1365 2508 iu
1387 2455 1494 2508 Venere
1508 2455 1687 2526 deprehensa

55 2549 100 2600 per
122 2532 235 2586 easdem
257 2533 370 2603 regintr,
396 2533 573 2606 astrologiam
596 2550 691 2588 sanam
712 2533 850 2604 appellare
889 2541 959 2595 suut,
979 2540 1008 2585 et
1028 2532 1051 2584 si
1073 2549 1135 2602 quse
1158 2532 1213 2586 sint
1236 2532 1314 2586 aba?
1354 2533 1496 2588 Postremo
1520 2535 1686 2605 recipiantur

54 2611 148 2679 placet.
193 2611 276 2666 circa
297 2629 380 2684 quam
398 2622 471 2666 recte
494 2613 699 2678 conficiendam,
721 2613 787 2667 licet
810 2630 850 2677 ea,
889 2611 973 2664 etiarn
994 2628 1030 2665 ex
1049 2611 1202 2676 traditione,
1225 2623 1328 2666 naturas
1343 2622 1373 2667 et
1389 2611 1579 2667 inclinationes
1593 2613 1686 2684 plane·

55 2708 112 2759 quse
131 2691 262 2757 diximus,
277 2708 333 2745 non
351 2694 606 2762 parum'proiutnra
622 2692 690 2757 sint:
712 2709 800 2762 pauca
813 2700 852 2746 ta-
889 2697 977 2743 tarum
991 2688 1177 2760 particulares,
1192 2699 1274 2760 atque
1288 2692 1371 2745 etiam
1390 2690 1529 2746 stellarum
1550 2692 1685 2757 fixarum:

55 2787 113 2823 men
131 2770 264 2825 addemus
286 2788 361 2825 more
383 2781 481 2835 nmtto,
496 2789 557 2842 quae
574 2771 678 2841 liquido
691 2780 850 2842 proponent,
890 2786 959 2839 quae,
977 2769 1194 2840 quandoquidem
1208 2786 1308 2840 magno
1322 2787 1453 2824 consensu
1468 2772 1613 2837 tradantur,
1628 2788 1685 2825 non

54 2850 238 2920 eteanibus
250 2851 285 2904 sit
295 2850 517 2922 coagmentanda,
529 2851 603 2904 etad
613 2868 674 2922 quaa
685 2850 849 2905 adhibenda.
888 2847 985 2902 lenter
1009 2846 1206 2923 (preterquam
1229 2850 1275 2903 ubi
1300 2868 1362 2903 curn
1387 2850 1508 2920 physicis
1533 2851 1685 2905 rationibus

54 2927 145 2983 Primo
160 2930 191 2983 in
205 2929 383 3002 astrologiam
399 2947 494 2985 sanam
513 2931 660 3000 recipiatur
680 2930 804 2985 doctrina
817 2931 850 2985 de
889 2927 970 2999 plane
985 2925 1155 3001 discordant)
1166 2928 1320 2996 rejicienda
1331 2941 1401 2984 sunt.
1433 2929 1522 3001 Atque
1534 2948 1570 2985 ex
1585 2929 1686 2985 talibus

53 3010 293 3063 commixtionibus
305 3010 449 3074 radiorum,
461 3011 695 3079 conjunctionibus
708 3010 814 3064 scilicet
824 3019 852 3065 et
890 3008 1123 3061 observationibus
1145 3024 1352 3078 coagmentatur
1374 3009 1523 3081 astrologia
1543 3027 1611 3063 sana
1622 3032 1630 3075 ς
1657 3016 1686 3064 et

52 3090 277 3158 oppositionibus,
292 3098 321 3143 et
338 3089 451 3162 reliquis
471 3090 601 3161 syzygiis
616 3089 673 3143 sive
694 3091 851 3159 aspectibus
889 3087 1040 3141 secundum
1056 3104 1102 3141 eas
1117 3096 1229 3152 tantum,
1244 3086 1385 3143 schemata
1398 3087 1460 3142 coeli
1474 3098 1502 3142 et
1515 3105 1686 3159 componere,

51 3167 224 3235 mansurum
247 3169 319 3222 inter
338 3186 387 3224 se:
408 3168 580 3239 planetarum
600 3175 692 3223 antem
709 3186 760 3240 per
773 3170 851 3240 signa
891 3175 918 3220 ει
931 3167 1105 3237 interpretari
1119 3174 1233 3238 oportet.

52 3247 154 3300 :oduei
169 3250 372 3318 pertransitum,
387 3256 415 3302 et
429 3249 591 3304 locationem
611 3249 663 3302 snb
680 3249 777 3303 iisdem
794 3250 851 3319 sig·
929 3245 1084 3300 Adhibetur
1097 3256 1187 3301 autem
1202 3246 1349 3319 astrologia
1363 3263 1437 3312 sans,
1450 3247 1485 3301 sd
1496 3246 1687 3318 pradictiones

52 3327 100 3389 uis,
116 3327 203 3380 etiam
216 3327 283 3381 huic
302 3328 373 3398 parti
397 3328 431 3381 de
451 3328 692 3383 commixtionibus
714 3328 851 3382 radiorum
890 3324 1024 3390 fidentius,
1040 3326 1075 3379 ad
1089 3326 1236 3381 electiones
1249 3328 1364 3392 cautius,
1374 3327 1409 3380 ad
1423 3335 1535 3398 utraque
1544 3336 1634 3381 autern
1645 3327 1687 3380 in-

52 3408 237 3477 assignamus:
267 3407 368 3461 locatio
390 3407 464 3462 enim
486 3407 603 3478 planeta
627 3407 678 3461 sub
701 3409 788 3478 signo,
810 3417 852 3461 est
890 3412 932 3457 tra
945 3405 1074 3459 terminos
1088 3405 1200 3460 debitos.
1241 3406 1434 3460 Praedictiones
1452 3406 1510 3459 tieri
1524 3408 1637 3477 possint,
1651 3405 1686 3460 de

51 3487 208 3554 conjunctio
222 3486 348 3556 qumdm
362 3487 484 3554 ejusdem
494 3505 557 3541 cum
570 3485 656 3540 stellis
667 3487 753 3558 signi:
776 3487 853 3558 quin·
889 3484 1002 3538 cometis
1017 3483 1122 3549 suturis,
1137 3486 1184 3555 qui
1199 3483 1246 3560 (ut
1258 3497 1351 3540 nostra
1365 3485 1418 3539 t'ert
1432 3485 1601 3558 conjectura)
1616 3502 1688 3556 prs:-

52 3566 133 3618 :tiam
151 3565 224 3619 sicut
237 3566 450 3633 conjunctiones,
465 3567 503 3621 ita
520 3574 548 3620 et
561 3567 753 3636 oppositiones,
768 3575 796 3620 et
809 3584 851 3621 re·
889 3563 1013 3617 nunciati
1032 3572 1161 3633 possunt:
1181 3574 1210 3619 et
1228 3565 1261 3619 de
1283 3565 1358 3618 omni
1378 3581 1479 3636 genere
1498 3573 1686 3629 meteororum,

52 3642 132 3714 liquae
153 3645 278 3715 syzygia
300 3645 479 3715 planetarum,
504 3662 569 3717 erga
593 3644 688 3700 stellas
712 3647 852 3717 signorum
890 3643 923 3696 de
938 3643 1055 3706 diluviis,
1066 3644 1243 3708 siccitatibus,
1253 3645 1402 3709 ardoribus,
1413 3643 1686 3715 conglaciationibus,

52 3725 174 3778 oomndoe
196 3732 274 3788 runt;
297 3724 369 3796 qnod
389 3725 478 3780 adhuc
502 3725 581 3795 plene
602 3725 705 3780 iactum
725 3742 780 3779 non
801 3735 851 3780 est.
890 3730 968 3776 terrae
990 3723 1114 3787 motibus,
1128 3722 1323 3793 irruptionibus
1343 3740 1484 3795 aquarum,
1499 3722 1687 3793 eruptionibus

53 3802 85 3855 At
98 3804 313 3858 commixtiones
328 3804 466 3859 radiorum
480 3805 620 3859 stellarum
633 3806 750 3859 fixarum
764 3804 798 3858 ad
813 3805 852 3858 in·
889 3802 1003 3872 ignium,
1018 3802 1106 3855 ventis
1119 3812 1147 3856 et
1159 3803 1258 3872 pluviis
1271 3804 1426 3871 majoribus,
1441 3804 1506 3856 anni
1521 3803 1605 3857 variis
1619 3808 1686 3856 tem·

53 3883 145 3947 tieem,
165 3883 250 3937 utiles
269 3884 380 3954 quidem
397 3892 461 3938 sunt
483 3885 518 3938 ad
539 3884 797 3954 contemplationem
818 3885 851 3939 de
890 3881 1048 3950 pestatibus,
1071 3880 1243 3952 pestilentiis,
1265 3883 1367 3936 morbis
1390 3882 1583 3953 grassantibus,
1609 3882 1687 3936 ubet-

55 3961 153 4015 iabrica
175 3962 280 4027 mundi,
306 3971 334 4017 et
354 3964 498 4034 regionum
519 3964 717 4031 subjacentium
738 3972 850 4029 natura,
890 3968 945 4014 tate
966 3968 995 4014 et
1014 3961 1128 4014 carimte
1151 3961 1266 4031 frugum,
1281 3961 1368 4025 bellis,
1383 3961 1570 4025 seditionibus,
1594 3962 1685 4025 sectis,

55 4040 87 4093 ad
105 4042 298 4111 predictiones
315 4043 435 4107 minime,
451 4044 517 4114 quia
536 4060 646 4112 semper
659 4044 754 4096 eodem
771 4044 852 4097 modo
889 4039 1170 4111 transmigrationibus
1185 4041 1361 4111 populorum:
1382 4040 1499 4112 denique
1514 4041 1547 4095 de
1562 4041 1687 4096 omnibns

56 4135 81 4172 rr
95 4118 206 4175 habent
250 4121 375 4175 Secundo
395 4123 560 4192 recipiantur
573 4123 742 4176 accessiones
757 4123 851 4193 singu·
889 4136 980 4174 rerum
993 4119 1037 4172 vel
1051 4118 1214 4173 naturalium
1229 4119 1273 4173 vel
1286 4120 1408 4175 civilium
1418 4120 1543 4185 motibus,
1555 4127 1601 4174 aut
1611 4120 1688 4175 inno-

56 4196 138 4253 lorum
162 4199 337 4270 planetarum
361 4202 472 4271 propius
493 4202 529 4255 ad
550 4201 781 4272 perpendicnlum,
805 4212 852 4256 aut
889 4199 1042 4253 rationibus
1059 4198 1224 4267 majoribus:
1246 4199 1281 4252 ad
1301 4200 1390 4270 magis
1403 4199 1644 4271 autemspecialia,
1659 4208 1688 4253 et

57 4280 219 4333 recemones
240 4280 276 4332 ab
295 4281 364 4351 ipso,
385 4281 533 4334 secundom
557 4282 700 4352 regionum
721 4281 850 4345 climata:
890 4279 958 4332 torte
972 4277 1129 4348 singularia,
1140 4278 1329 4349 praedictiones
1344 4279 1403 4332 ista
1418 4276 1498 4353 (licet
1511 4281 1616 4335 minore
1630 4295 1687 4333 cer·

56 4355 153 4412 babent
174 4359 249 4412 enim
270 4358 389 4429 planetae
406 4360 515 4431 singuli,
529 4378 584 4414 non
599 4362 689 4414 minus
704 4377 787 4431 qnam
801 4361 850 4426 sol,
890 4353 1020 4430 titudine)
1035 4358 1131 4411 deduci
1145 4358 1258 4427 possint,
1269 4358 1293 4412 si
1307 4359 1421 4428 repertis
1432 4360 1521 4429 primo
1530 4357 1687 4436 hujusmodi

55 4452 114 4490 suas
123 4446 244 4502 umus,
255 4456 320 4494 suas
329 4439 442 4504 hiemes,
452 4441 481 4492 in
495 4440 595 4509 quibus
610 4441 706 4494 lortius
719 4452 766 4494 ant
776 4441 851 4495 intir-
889 4445 1043 4507 temporum
1056 4436 1279 4493 inclinationibus
1299 4436 1481 4509 generalibus,
1496 4439 1553 4494 acri
1572 4438 1686 4508 judicio,

55 4518 122 4570 mins
135 4517 229 4571 radios
245 4519 357 4587 jaciant,
372 4526 483 4588 propter
499 4519 631 4572 rationem
652 4519 848 4589 perpendiculi.
889 4515 933 4569 vel
946 4516 1070 4586 physico,
1085 4516 1129 4571 vel
1142 4517 1263 4587 politico,
1277 4517 1449 4588 applicentur
1471 4519 1528 4573 illis
1542 4518 1687 4590 speciebus

56 4594 161 4650 Etenim
183 4598 264 4652 nobis
285 4598 397 4653 dubium
416 4614 471 4651 non
493 4608 543 4662 est,
558 4599 622 4669 quin
637 4597 703 4652 luna
716 4599 808 4668 posita
821 4600 850 4652 in
889 4605 935 4649 aut
948 4596 1100 4661 individuis,
1117 4613 1178 4666 quae
1191 4595 1347 4664 hujusmodi
1361 4597 1548 4654 accidentibus
1566 4597 1687 4653 maxime

55 4674 128 4730 leone
142 4676 242 4731 ionius
255 4686 383 4748 operetur
396 4694 478 4748 super
492 4693 606 4747 corpora
619 4678 763 4743 naturalia,
778 4679 851 4748 apud
889 4675 945 4728 sint
960 4676 1089 4739 obnoxia,
1111 4674 1194 4728 veluti
1211 4676 1235 4730 si
1258 4677 1319 4748 quis
1340 4694 1376 4731 ex
1389 4680 1602 4749 precognitione
1618 4685 1688 4732 ιειε·

55 4770 109 4817 oos,
123 4773 207 4825 qoam
231 4757 324 4826 posita
344 4758 372 4810 in
391 4757 528 4827 piscibus:
549 4774 604 4811 non
626 4757 698 4828 quod
715 4757 781 4811 luna
800 4758 850 4812 sub
889 4764 1024 4823 pestutum
1038 4754 1111 4819 anni,
1126 4770 1173 4808 eas
1186 4757 1306 4826 reperiet
1320 4755 1455 4832 (exempli
1476 4754 1582 4833 gratia)
1597 4757 1686 4827 magis

54 4832 130 4887 leone
144 4836 180 4888 ad
193 4852 242 4890 cor
255 4835 392 4905 respiciat,
412 4837 464 4890 sub
477 4836 598 4905 piscibus
612 4836 647 4889 ad
660 4837 744 4907 pedes
764 4834 851 4911 (sicut
889 4834 958 4888 oleis
982 4851 1065 4905 quant
1086 4834 1196 4899 ritibus,
1220 4835 1309 4907 magis
1330 4836 1477 4907 phthisicis
1500 4855 1581 4909 quam
1603 4837 1688 4906 hepa-

55 4910 238 4986 iabulsntnr);
261 4915 308 4970 sed
323 4923 432 4985 propter
442 4915 620 4970 elevationem
634 4933 728 4970 versus
738 4933 851 4986 perpen·
888 4915 959 4978 ticis,
971 4914 1060 4984 magis
1070 4912 1167 4967 incolis
1177 4914 1288 4969 collium
1303 4916 1515 4987 quamvallium,
1525 4917 1613 4987 magis
1628 4932 1686 4969 mo·

55 4990 180 5057 Mum,
193 5005 220 5047 et
234 4994 501 5064 approximationem
514 4996 549 5049 ad
562 4995 655 5050 stellas
666 4996 790 5064 majores,
804 5013 850 5049 es·
889 4993 985 5047 trachis
999 5010 1082 5064 quam
1095 4992 1191 5047 aulicis
1205 4990 1331 5070 (propter
1344 4996 1430 5050 victum
1447 4997 1580 5050 rationem
1600 4995 1686 5048 diver·

55 5070 114 5125 dem
127 5090 240 5143 prorsus
254 5076 368 5138 ratione,
383 5083 474 5143 quaet
488 5075 538 5129 sol,
580 5075 674 5129 Tertio
686 5075 851 5144 recipiantur
889 5072 965 5145 sam)
980 5073 1111 5142 propitias
1124 5081 1172 5127 εει
1184 5075 1359 5142 perniciosas.
1394 5076 1484 5130 Antei
1500 5075 1687 5146 qnisexcog·

55 5166 165 5221 apogma
178 5162 208 5205 et
221 5154 345 5224 perigsea
357 5151 524 5224 planetarum
539 5171 600 5207 cnm
615 5154 708 5207 debita
721 5155 850 5224 disquisi·
888 5153 991 5207 uitione
1003 5153 1131 5215 influxus,
1142 5170 1223 5224 quem
1234 5154 1357 5208 coelestia
1370 5154 1472 5208 habent
1484 5171 1566 5224 super
1576 5153 1686 5222 spiritus

56 5230 135 5293 bone,
150 5232 185 5285 ad
198 5250 261 5303 qum
274 5232 410 5303 pertineat
425 5232 542 5302 planeta
556 5235 633 5304 vigor
646 5235 674 5287 in
689 5251 718 5288 se
732 5234 801 5304 ipso,
816 5233 850 5287 ad
889 5232 1032 5296 humanos,
1046 5233 1163 5301 reperiat
1177 5250 1239 5287 eum
1253 5233 1335 5287 talem
1349 5250 1416 5299 esse,
1431 5242 1461 5286 ut
1475 5232 1562 5302 magis
1576 5231 1687 5304 populis

59 5326 118 5377 qua
139 5311 267 5365 viduitas
287 5311 323 5365 sd
344 5328 401 5365 nos.
451 5311 566 5366 Planeta
585 5314 659 5367 eninr
680 5313 708 5366 in
727 5329 850 5385 apogaeo,
890 5328 970 5381 quam
991 5311 1109 5382 regibus,
1130 5313 1219 5382 magis
1241 5313 1306 5366 viris
1321 5313 1407 5367 doctis
1429 5319 1456 5364 et
1474 5311 1589 5367 curiosis
1604 5329 1687 5384 quam

60 5390 117 5441 sive
130 5390 299 5445 exaltatione
315 5408 373 5454 sua,
386 5391 475 5463 magia
488 5391 577 5445 alacer
598 5401 654 5455 est:
682 5393 713 5446 in
731 5395 851 5464 perigmo
889 5391 1020 5445 animosis
1034 5399 1062 5445 et
1076 5391 1247 5456 militaribus,
1263 5393 1352 5463 magis
1366 5389 1524 5460 voluptariis
1539 5408 1622 5462 quam
1637 5408 1686 5447 ne·

55 5476 153 5534 mm,
166 5470 223 5525 sire
244 5488 312 5525 casu
332 5486 390 5537 suo,
409 5471 497 5542 magis
517 5472 707 5528 communicat.
750 5472 851 5534 Quarto
888 5472 1001 5543 gotiosis
1015 5477 1062 5527 aut
1075 5470 1204 5543 politicis,
1219 5472 1369 5528 faveataut
1383 5469 1547 5526 adversetur.
1585 5471 1688 5543 Hujus-
