3800 5875
206 292 263 346 358
721 291 771 344 DE
793 289 1017 345 AUGMENTIS
1039 288 1314 345 scitamenta.
1456 348 1465 378 ι
1703 287 1763 343 Ins„
1782 288 1818 344 V.

205 450 299 521 augeri
313 448 437 519 amplius,
451 465 533 520 quam
548 448 712 501 actintatem
726 448 834 501 virtutis
847 448 876 501 iu
889 456 998 518 agente.
1033 463 1097 501 casu
1107 447 1137 501 in
1148 453 1250 501 artem:
1264 453 1313 500 aut
1324 446 1361 500 ab
1370 452 1428 500 arte
1437 444 1482 502 rel
1490 445 1611 515 practica
1620 445 1676 499 alia
1685 445 1716 499 ιι
1725 445 1818 500 sliam:

205 529 291 583 Porro
303 529 418 584 nimium
428 545 505 598 seque
519 527 631 581 fallitac
645 544 748 596 parum.
790 526 899 580 Etenim
912 527 997 582 inex·
1034 533 1082 580 aut
1094 542 1112 580 a
1124 535 1200 596 parte
1214 525 1329 595 aliquus
1342 525 1408 579 artis
1427 525 1456 580 iu
1475 531 1582 596 partem
1601 525 1737 579 diuersam
1749 522 1821 599 ejus·

205 607 371 662 coctionibus
384 616 413 661 et
429 605 648 677 depurationibua
669 605 846 670 metallorum,
860 624 935 661 error
954 615 997 661 est
1034 604 1104 659 dem.
1144 605 1341 660 Translationis
1354 621 1372 658 a
1390 612 1487 658 natura
1498 610 1547 657 aut
1560 619 1625 658 casu
1637 604 1668 658 ιι
1679 612 1765 658 artem
1781 605 1823 659 iu·

204 686 355 749 familiaris,
383 695 412 740 ut
434 686 469 739 ad
495 686 679 740 excoctionem
706 687 923 756 promovendam,
949 694 997 740 aut
1033 701 1146 738 numera
1169 693 1232 739 mat
1252 681 1394 753 exemplar
1423 683 1492 737 adeo
1510 691 1541 737 ut
1563 699 1658 737 onmes
1677 683 1734 737 fere
1752 690 1822 738 artes

205 765 324 819 calorem
346 764 471 829 fornacis,
490 774 537 818 aut
559 765 742 829 additamenti,
764 765 836 835 quod
858 766 995 833 injiciunt,
1034 763 1209 827 mechanica,
1227 780 1244 816 a
1258 762 1384 817 tenuibus
1396 762 1488 827 initiis,
1502 768 1599 816 natura
1612 771 1660 817 aut
1671 778 1738 817 casu
1753 778 1821 832 prte-

204 843 306 898 molem
319 852 446 914 augeant.
487 843 583 898 Atilia
596 860 679 913 supra
691 845 889 899 modnmaucta
902 861 996 915 opera·
1033 842 1107 907 bitis,
1134 850 1224 897 ortum
1251 841 1406 897 habuerint.
1461 841 1567 912 Adagio
1592 850 1733 911 receptum
1759 850 1822 903 erat,

205 923 308 977 tionem
326 922 490 993 impediunt;
512 931 655 993 propterea
671 924 743 994 quod
761 924 787 977 vi
803 932 830 978 et
847 924 995 978 acrimonia
1034 921 1163 975 “bonum
1172 930 1266 975 eontra
1278 921 1386 975 bouum
1398 920 1479 975 citius
1487 928 1668 975 maturescere
1676 921 1702 975 :’'
1715 920 1824 991 idquod
1886 926 1887 951 ι

205 1018 255 1056 ιιι
277 1003 392 1057 multum
415 1019 451 1057 ex
471 1002 582 1056 metallo
604 1019 672 1072 puro
692 1003 721 1055 ιι
739 1002 827 1056 fumos
841 1012 946 1058 vertant
968 1012 996 1057 et
1033 1000 1067 1054 de
1080 1000 1318 1055 mutuisamicitiae
1331 1001 1422 1070 operis
1441 1008 1469 1054 et
1488 1000 1584 1054 officiis
1603 999 1749 1054 increbuit
1786 1000 1824 1053 At
1886 1042 1887 1047 ι

205 1088 359 1151 asportent3
381 1088 412 1136 ut
420 1090 446 1135 et
453 1082 560 1150 jactura
569 1081 616 1135 fiat
623 1105 630 1146 ς
652 1091 852 1152 etmasaa,quse
865 1092 994 1148 remanet,
1033 1080 1117 1133 nostri
1137 1079 1227 1148 cydrm
1247 1077 1319 1155 (vini
1340 1078 1444 1134 scilicet
1466 1096 1502 1134 ex
1522 1075 1628 1151 pomis)
1651 1078 1823 1142 cmfectnreq

205 1160 295 1230 magis
308 1161 343 1215 sit
356 1160 490 1214 obstinata
500 1170 528 1215 et
540 1161 615 1215 dura
655 1161 763 1215 Debent
774 1161 856 1230 igitur
870 1161 995 1216 homines
1033 1158 1085 1213 hoc
1098 1158 1199 1228 optime
1212 1159 1362 1213 imitantur.
1404 1156 1507 1213 Carent
1523 1159 1597 1212 enim
1612 1175 1648 1212 ne
1665 1174 1750 1227 poma
1764 1165 1823 1211 tun·

205 1238 352 1294 ludibrium
373 1240 441 1294 illud
457 1241 581 1296 mulieris
594 1240 689 1310 AEsopi
703 1241 838 1309 cogitare:
860 1259 920 1312 quse
934 1258 995 1312 spe·
1033 1237 1131 1293 dantur
1153 1245 1201 1293 aut
1223 1238 1417 1306 exprimantur,
1437 1246 1589 1308 ιιιιιιιιι,
1608 1236 1744 1293 nonnullo
1762 1246 1825 1291 teus·
1886 1292 1887 1303 ,

204 1327 286 1382 rarat,
300 1335 337 1373 ex
349 1319 487 1389 duplicata
508 1336 636 1374 mensura
656 1319 752 1373 hordei
769 1320 900 1389 gallinam
917 1337 995 1374 suam
1032 1333 1098 1386 pore
1119 1317 1150 1371 ιι
1170 1334 1280 1372 acervos
1296 1318 1428 1386 conjecta,
1443 1324 1538 1371 mutuo
1558 1324 1686 1371 ιοιιιιιι
1707 1324 1824 1372 ιιιιιιι·

205 1395 259 1451 duo
272 1414 324 1451 ora
336 1399 455 1469 quotidie
465 1399 634 1470 parituram:
654 1407 684 1452 at
693 1397 741 1453 illa
753 1398 923 1470 impinguata
931 1399 993 1453 nul·
1033 1396 1118 1460 erint3
1139 1396 1210 1450 uude
1223 1396 1309 1451 nimis
1321 1404 1402 1466 potua
1414 1394 1527 1451 aciditas
1537 1397 1705 1451 emendetur.
1746 1395 1823 1459 Item,
1886 1444 1887 1461 ,

205 1474 260 1530 lum
275 1479 387 1546 peperit
427 1477 542 1532 Prorsus
555 1494 610 1532 nou
623 1485 710 1533 tutum
723 1477 805 1532 fuerit
818 1479 899 1533 alicui
913 1496 995 1549 expe·
1035 1474 1138 1530 Indum
1158 1476 1364 1530 artificiosamm
1383 1475 1502 1529 imitatio
1518 1475 1826 1545 exmpemiuneapisss
1885 1480 1887 1551 ,

204 1555 321 1610 rimento
334 1556 450 1611 naturali
464 1557 607 1621 confidere,
617 1557 671 1611 nisi
685 1557 757 1611 iacta
770 1557 852 1612 fuerit
864 1559 994 1629 probatio,
1033 1554 1206 1624 guttularum,
1220 1555 1256 1610 ab
1269 1554 1383 1609 iridibus
1394 1554 1564 1611 naturalibus
1577 1571 1614 1608 ιιι
1626 1555 1700 1609 ιιιι
1712 1553 1824 1618 nussim,

205 1642 233 1688 et
242 1651 270 1687 ιι
284 1636 396 1701 minore,
407 1644 436 1690 ιι
447 1653 477 1690 ιι
491 1637 593 1704 majore
607 1645 715 1708 quanto.
755 1636 846 1709 Atque
859 1638 892 1692 de
906 1639 995 1692 raria-
1034 1634 1108 1688 facili
1121 1633 1203 1688 ductu
1216 1633 1349 1688 translata
1366 1640 1417 1689 etl·
1458 1632 1533 1698 Item.
1547 1634 1643 1689 mdiu
1663 1632 1823 1697 ΜΝ,
1886 1674 1887 1679 1

205 1714 278 1767 ιιοιιι
293 1714 471 1785 experimenti
486 1714 624 1769 hactenus.
1033 1712 1127 1767 velex
1139 1714 1195 1767 alto
1208 1714 1272 1782 peti,
1286 1730 1322 1767 ex
1340 1713 1472 1768 imbribus
1492 1713 1603 1777 scilicet,
1616 1721 1664 1769 aut
1683 1730 1761 1777 rore,
1780 1710 1826 1766 rel

243 1791 388 1848 Productio
408 1794 589 1864 experimenti
609 1793 725 1864 duplex,
754 1795 886 1864 repetitio,
901 1804 930 1851 et
948 1814 995 1850 ex·
1034 1808 1069 1847 ex
1081 1792 1179 1847 humili
1192 1791 1241 1847 illo
1254 1782 1442 1863 experimento
1454 1800 1597 1862 guttarum,
1608 1810 1637 1846 ιι
1648 1791 1826 1863 patraraollrs

203 1872 309 1926 tensio:
339 1873 474 1938 nimimm,
492 1891 554 1927 cum
571 1882 617 1928 aut
637 1874 853 1945 experimentum
873 1876 994 1940 iteratur,
1033 1887 1111 1962 aqum
1131 1871 1270 1926 bullientia
1289 1872 1512 1942 superimpositis,
1525 1872 1733 1937 tdhaetessfimr
1747 1872 1825 1927 dm·

204 1951 299 2006 autad
312 1951 437 2007 subtilius
451 1952 578 2023 quiddam
591 1962 711 2022 urgetur.
753 1953 934 2023 Repetitiouis
948 1972 995 2010 ex·
1033 1952 1071 2004 mi
1085 1951 1185 2021 potuit.
1227 1950 1461 2006 Tonitruasutem
1473 1959 1501 2005 et
1520 1950 1650 2022 fulgura
1641 1952 1746 2007 imitari
1759 1951 1827 2007 reri·
1886 2018 1887 2023 ἵ

204 2028 325 2099 emplum
345 2031 399 2084 tale
419 2031 462 2085 ιιι.
502 2031 620 2101 Spiritus
634 2032 690 2085 vini
709 2032 741 2085 fit
754 2049 790 2086 ex
803 2033 867 2087 vino
886 2050 936 2103 per
948 2034 996 2087 de·
1033 2029 1466 2101 tusquiseasetnisioperculum
1475 2031 1601 2085 monachi
1614 2030 1826 2095 illinacbemici,
1886 2066 1887 2103 q

204 2108 380 2164 stillationem
399 2109 520 2175 unicam;
540 2120 634 2181 estque
654 2111 718 2165 vino
730 2111 791 2181 ipso
810 2112 895 2166 multo
908 2114 997 2166 acrior
1033 2126 1134 2180 magno
1146 2110 1251 2179 impetu
1263 2116 1292 2164 et
1310 2109 1427 2180 fragore,
1441 2110 1532 2164 subito
1543 2110 1573 2165 in
1586 2110 1704 2165 sublime
1715 2110 1827 2178 jactum,
1886 2130 1887 2147 ι

204 2195 233 2241 ιι
246 2188 355 2241 fortiore
375 2205 440 2242 num
460 2190 543 2243 etiam
556 2191 667 2260 spiritus
686 2190 743 2244 riui
763 2191 823 2260 ipse
843 2192 996 2246 destillatua
1034 2189 1240 2244 submonuisset.
1281 2189 1384 2244 Verum
1407 2205 1461 2260 quo
1481 2188 1541 2245 hac
1561 2206 1606 2244 res
1626 2189 1718 2260 magis
1734 2206 1826 2245 exem·
1886 2238 1887 2257 ,

204 2267 261 2320 sire
270 2266 437 2331 sublimatus,
449 2285 478 2321 se
489 2269 578 2338 ipsum
587 2269 741 2324 tortitudine
751 2287 828 2341 mque
837 2272 995 2342 superabit?
1034 2267 1088 2338 plis
1101 2268 1226 2332 abundet,
1235 2285 1269 2325 eo
1282 2269 1412 2338 pauciora
1424 2268 1555 2322 adducere
1569 2285 1637 2339 opus
1651 2268 1742 2323 merit
1776 2268 1828 2322 De-
1886 2306 1887 2339 ,

205 2347 242 2400 At
254 2347 382 2416 repetitio
393 2364 499 2417 quoquc
510 2365 564 2402 non
578 2348 680 2420 absque
691 2350 801 2403 fallacia
810 2357 869 2405 est:
887 2351 995 2416 etenim,
1034 2347 1148 2401 buerant
1170 2355 1260 2403 autem
1280 2347 1413 2412 homines,
1428 2346 1521 2402 siillis
1536 2347 1616 2402 utilia
1627 2348 1769 2418 inquirere
1781 2365 1828 2403 va·
1886 2344 1887 2407 ι

206 2432 263 2479 turn
279 2425 396 2479 secunda
409 2425 547 2491 exaltatio,
561 2428 659 2498 prioris
673 2446 816 2485 excessum
825 2445 880 2483 non
893 2438 995 2501 eoquat,
1034 2434 1116 2491 caret,
1130 2426 1387 2497 naturaliaopificia
1405 2434 1433 2482 et
1449 2427 1621 2497 operationes
1641 2426 1775 2498 singulas,
1788 2436 1829 2482 ιι
1886 2428 1887 2473 ἰ

205 2512 262 2558 tum
276 2505 358 2558 etiam
370 2522 555 2574 sepenumero
565 2524 614 2577 per
627 2507 796 2562 iterationem
807 2509 995 2579 experimenti,
1033 2513 1115 2571 teate,
1130 2516 1157 2562 et
1169 2507 1302 2571 minutim,
1313 2515 1341 2561 et
1354 2523 1390 2561 ex
1399 2507 1551 2576 composito
1562 2506 1678 2570 intueri;
1693 2515 1722 2561 et
1734 2524 1830 2561 ιιιιιι

204 2591 269 2651 post
286 2591 385 2638 statum
404 2585 461 2638 sive
477 2602 573 2640 acmen
592 2587 727 2657 quandam
746 2588 920 2658 operationis,
936 2597 996 2643 tau·
1033 2593 1173 2656 perpetuo,
1187 2595 1216 2639 et
1236 2586 1336 2641 ιιιιιιι
1355 2586 1484 2656 cogitare,
1505 2602 1629 2656 quaenam
1648 2602 1686 2640 ex
1704 2585 1776 2656 ipsis
1795 2585 1830 2640 ad
1886 2644 1887 2669 Χ

204 2669 263 2716 tum
277 2663 353 2716 abest
363 2666 585 2735 utprogrediatur
594 2674 698 2731 natura,
708 2675 739 2722 ιι
749 2668 839 2738 potius
849 2667 994 2724 relabatur.
1033 2674 1107 2720 artes
1120 2664 1259 2720 transferri
1272 2665 1368 2736 possit.
1397 2665 1543 2736 Speculum
1555 2666 1629 2719 enim
1638 2665 1829 2721 artisnutura:
1886 2676 1887 2739 ᾗ

204 2740 342 2797 iudicium
360 2743 443 2812 igitur
462 2744 491 2797 in
513 2746 566 2799 hac
588 2763 617 2799 re
633 2746 826 2802 adhibendum.
868 2747 938 2803 ltem
951 2764 995 2803 ar·
1034 2761 1084 2798 nec
1092 2745 1221 2815 pauciora
1230 2754 1293 2799 aaut
1302 2744 1497 2814 experimenta,
1507 2762 1569 2816 qua
1578 2744 1829 2808 absrteinartem,

204 2831 318 2892 gentum
331 2821 429 2887 rivum,
443 2823 471 2876 in
485 2822 577 2890 linteo,
592 2832 639 2879 aut
658 2825 727 2882 alias
745 2828 774 2880 in
787 2827 878 2881 medio
891 2827 996 2898 plumbi
1034 2839 1083 2879 ιιι
1096 2841 1114 2877 a
1125 2825 1246 2894 practica
1257 2825 1286 2878 in
1296 2824 1452 2895 practicam,
1463 2822 1601 2878 transferri
1615 2831 1745 2893 posadum
1766 2824 1829 2879 licet

203 2898 352 2971 liquefacti,
366 2918 429 2957 cum
449 2903 624 2975 refrigescere
644 2906 766 2976 caperit,
787 2907 925 2972 insertum,
940 2914 997 2961 stu·
1034 2901 1086 2957 hoc
1100 2903 1188 2959 rarius
1200 2904 1230 2958 in
1243 2919 1294 2959 usu
1307 2903 1353 2959 sit.
1380 2903 1487 2959 Natura
1502 2903 1575 2958 enim
1588 2903 1691 2975 ubique
1705 2905 1830 2960 omnibus

204 2980 286 3049 pent,
307 2998 357 3035 ιιι
372 2983 489 3052 amplius
499 2984 577 3038 fluit:
593 3002 661 3039 num
675 2994 702 3040 et
715 2987 787 3041 idem
800 2994 944 3056 argeutum
955 2987 996 3040 ri·
1034 2984 1166 3048 occurrit3
1181 2990 1291 3038 atartes
1305 2983 1421 3053 singula
1434 2984 1581 3038 artificibus
1595 2992 1702 3038 tantum
1712 2985 1829 3055 propriis

203 3077 278 3125 vum,
293 3061 316 3114 si
330 3061 430 3131 sapius
450 3063 602 3116 immissum
621 3063 709 3128 fuerit,
724 3067 762 3119 ιιι
782 3064 887 3135 figetur,
901 3074 931 3120 ut
948 3065 997 3119 liat
1034 3063 1151 3134 cognitae
1163 3071 1232 3117 aunt.
1274 3062 1394 3133 Specilla
1407 3062 1528 3117 ocularia
1547 3063 1582 3117 ad
1601 3064 1691 3118 ιιιιιιι
1711 3063 1830 3118 debilem

203 3139 379 3195 malleabile?
419 3140 594 3196 Extensionis
609 3143 764 3214 exemplum
784 3145 838 3198 tale
853 3145 903 3198 ait:
924 3162 997 3216 aqua
1031 3141 1179 3209 jurandum
1199 3142 1310 3197 inventa
1333 3150 1412 3197 suut:
1439 3160 1505 3197 unm
1529 3149 1557 3196 et
1577 3142 1749 3197 comminisci
1772 3143 1830 3214 quis
1886 3157 1887 3206 ζ

203 3218 233 3272 ιι
254 3236 360 3273 summo
379 3221 477 3289 posita,
492 3228 520 3275 et
539 3221 653 3290 pensilis
673 3222 752 3288 facta,
766 3231 793 3278 et
812 3240 861 3294 per
880 3231 997 3278 rostrum
1035 3229 1118 3291 queat
1135 3221 1247 3292 aliquod
1265 3222 1482 3285 instrumentum,
1503 3220 1573 3292 quod
1593 3222 1708 3277 auribus
1727 3240 1830 3293 appeu-
1886 3239 1887 3264 ι

204 3296 266 3351 ritri
279 3297 428 3369 oblongum
441 3299 470 3353 in
489 3300 582 3354 riuum
601 3300 715 3356 dilutum
736 3303 872 3366 immersa,
886 3319 997 3373 separa·
1034 3316 1095 3354 sum
1117 3301 1261 3355 sordmtris
1281 3300 1317 3353 ad
1340 3301 1502 3355 audiendum
1518 3301 1621 3370 juretl
1678 3301 1759 3366 Item,
1783 3304 1830 3356 im·
1886 3299 1887 3302 ’

203 3376 243 3430 ιιι
262 3393 362 3449 aquarn
376 3397 393 3431 ι
405 3378 485 3433 vino:
505 3379 569 3434 vino
582 3379 611 3433 iu
624 3397 759 3436 summum
772 3398 802 3436 se
816 3381 947 3452 paulatim
957 3398 997 3437 re·
1034 3378 1243 3434 balsamationes
1265 3379 1368 3434 etmel
1387 3381 1519 3434 cadavera
1540 3389 1718 3446 conserraut;
1739 3398 1829 3435 annon
1886 3427 1887 3432 ,

203 3455 329 3525 cipiente,
343 3473 414 3526 aqua
424 3458 454 3511 in
466 3458 522 3512 imo
535 3458 705 3514 subsidente:
726 3478 792 3515 num
805 3461 894 3525 etiam,
904 3479 997 3533 quem·
1033 3459 1121 3528 possit
1140 3458 1244 3530 aliquid
1264 3476 1300 3513 ex
1318 3458 1363 3514 his
1375 3460 1406 3513 in
1418 3460 1583 3513 medicinam
1594 3460 1746 3523 ιιιιιιιιιιι,
1762 3461 1831 3532 quud
1885 3461 1887 3530 ζ

203 3535 347 3590 admodum
365 3537 457 3591 vinum
471 3546 499 3591 ιι
515 3555 587 3609 aqua
607 3540 733 3609 (corpora
752 3540 855 3595 scilicet
873 3535 996 3615 diversa)
1035 3539 1118 3593 etiam
1141 3539 1209 3593 rivis
1230 3538 1387 3609 corporibus
1411 3540 1521 3607 prosit?
1577 3538 1655 3604 Ιιιιι,
1677 3539 1831 3610 sigillorum
1886 3567 1887 3582 ι

203 3613 278 3668 hoc
270 3616 381 3707 mgeuiq
396 3625 562 3687 separantur,
576 3618 681 3687 possint
703 3637 809 3691 quoquc
830 3627 921 3690 partes
938 3620 996 3675 vini
1034 3617 1175 3687 praefica
1167 3635 1196 3672 ιι
1212 3634 1282 3683 ιιιι,
1297 3619 1443 3682 cementis,
1458 3626 1486 3672 et
1498 3616 1620 3688 plumbo,
1629 3619 1746 3689 antiqua
1764 3619 1829 3674 fuit.

204 3690 341 3786 (corporis
354 3697 483 3750 nimirum
492 3697 609 3770 integri)
622 3697 778 3753 subtiliores
790 3715 807 3752 a
819 3699 997 3755 crassioribus
1034 3706 1063 3751 at
1075 3696 1134 3751 bac
1148 3698 1232 3752 etiam
1244 3697 1415 3767 impressioni
1428 3699 1458 3751 in
1474 3697 1622 3760 chartis,
1600 3713 1660 3753 srva
1681 3699 1735 3753 arti
1756 3706 1831 3769 typo·

203 3774 339 3862 separari3
362 3783 391 3828 ut
403 3775 451 3827 fiat
466 3783 594 3847 tanquam
607 3776 759 3843 destillatio,
773 3795 823 3870 per
843 3780 957 3870 pondus,
969 3787 998 3834 et
1034 3776 1220 3847 graphica,
1194 3794 1268 3831 mam
1281 3777 1450 3831 monstravit
1480 3776 1559 3841 Item,
1573 3777 1637 3831 sal'
1628 3794 1660 3831 ιι
1673 3778 1833 3849 coquinaria

203 3851 233 3904 ιι
247 3870 352 3907 summo
366 3854 517 3924 reperiatur
530 3856 634 3926 aliquid
646 3857 751 3926 spiritui
765 3859 821 3912 vini
832 3858 995 3928 proximum,
1034 3872 1129 3910 carnes
1151 3855 1250 3919 condit,
1273 3855 1356 3925 idque
1377 3856 1474 3911 melius
1498 3855 1597 3921 hieme,
1623 3874 1708 3927 quam
1729 3865 1830 3913 estate.

203 3931 252 3983 sed
264 3931 332 3986 forte
346 3932 512 3988 delicatius?
544 3935 613 3989 ltem
626 3953 738 4006 magnes
748 3937 867 3991 ferrum
859 3945 996 4007 integrum
1034 3933 1132 3988 Annon
1145 3934 1198 3989 hoc
1218 3934 1253 3988 ad
1272 3933 1372 3989 balnea
1389 3935 1492 3990 utiliter
1511 3936 1654 3990 transferri
1673 3937 1769 4006 possit,
1790 3953 1832 3990 eo·

203 4008 305 4064 trahit:
325 4028 392 4065 num
405 4013 488 4067 etiam
498 4013 628 4068 frustrum
636 4016 772 4085 magnetis
780 4016 809 4069 in
819 4016 996 4071 dissolutione
1033 4031 1146 4084 rumque
1160 4022 1409 4083 temperamentum,
1421 4015 1529 4086 quaudo
1542 4031 1611 4084 opus
1625 4015 1718 4080 fuerit,
1730 4015 1775 4070 rel
1783 4017 1830 4069 ιιι-

203 4088 268 4142 ferri
282 4089 446 4156 immersum,
460 4093 561 4148 ferrum
575 4094 652 4148 adse
667 4094 775 4159 alliciet,
786 4103 814 4149 et
827 4113 856 4150 se
867 4095 939 4150 ferro
950 4096 997 4150 ob·
1034 4092 1212 4162 primendum,
1222 4092 1267 4146 rel
1280 4093 1502 4148 extrahendum?
1536 4093 1614 4157 Item,
1629 4093 1671 4148 sal
1684 4095 1715 4148 in
1728 4112 1832 4166 nupero

204 4167 305 4222 ducet?
347 4169 424 4234 Item,
438 4173 586 4226 tersorium
606 4190 671 4228 acus
690 4175 807 4229 nauticas
826 4192 855 4228 ae
870 4174 905 4228 ad
918 4174 997 4245 polos
1034 4174 1229 4243 experimento,
1237 4172 1270 4226 de
1280 4172 1540 4243 conglaciationibus
1548 4173 1746 4237 artificialibus,
1757 4190 1831 4244 mag·

203 4247 297 4300 mundi
311 4246 447 4318 applicat:
468 4266 532 4305 num
546 4253 630 4305 etiam
650 4253 744 4307 eadem
764 4255 809 4308 ria
825 4261 853 4308 et
866 4271 995 4308 consecu·
1033 4269 1084 4306 nas
1096 4252 1168 4306 vires
1181 4251 1217 4306 ad
1236 4252 1455 4307 condensandum
1475 4252 1598 4306 obtinere
1613 4254 1767 4323 reperitur:
1787 4270 1832 4307 an-

203 4325 285 4390 tione,
301 4344 355 4396 qua
371 4327 513 4382 coeleatia?
547 4329 687 4395 Videlicet,
701 4340 733 4386 ut
752 4333 777 4386 si
797 4334 857 4404 quis
870 4350 949 4388 acum
967 4334 996 4387 in
1034 4348 1089 4385 non
1102 4331 1189 4402 possit
1202 4330 1253 4385 hoc
1266 4331 1407 4386 transferri
1420 4332 1456 4386 ad
1469 4331 1693 4386 condennationes
1711 4332 1833 4388 metallo·

203 4406 338 4460 contrario
352 4406 415 4470 situ,
430 4407 544 4474 honest,
558 4410 587 4462 in
607 4422 706 4479 puncto
725 4412 836 4465 australi
855 4421 946 4482 ponat,
968 4420 996 4468 et
1034 4428 1112 4465 rum:
1133 4427 1195 4465 ιιιι
1213 4410 1378 4481 jampridem
1396 4420 1490 4466 notum
1514 4411 1558 4476 sit,
1574 4428 1664 4482 aquas
1679 4411 1776 4479 fortes,
1798 4429 1832 4467 ex

202 4482 342 4555 paulisper
356 4493 456 4553 teneat,
470 4504 502 4541 ac
516 4488 612 4543 deinde
626 4490 682 4544 rim
696 4491 821 4545 omittat:
841 4508 907 4546 num
927 4492 995 4546 forte
1033 4489 1170 4544 nonnullis
1184 4490 1287 4545 salibus
1300 4492 1472 4560 compositas,
1486 4489 1605 4558 dejicere
1618 4499 1647 4545 et
1660 4493 1832 4563 prmcipitare

203 4579 269 4617 acus
290 4563 324 4617 ad
348 4566 544 4634 septentriones
565 4585 594 4621 se
617 4570 745 4634 conferet,
758 4570 884 4641 eligendo
904 4572 996 4642 potius
1034 4570 1161 4624 arenulas
1173 4571 1233 4623 auri
1247 4586 1283 4624 cx
1300 4569 1418 4625 metallis
1436 4569 1573 4641 aliquibus
1585 4587 1653 4624 auro
1667 4571 1731 4641 ipso
1743 4572 1833 4626 miuus

204 4650 291 4695 rotare
305 4659 354 4712 per
370 4645 535 4700 occidentem
555 4647 585 4701 in
606 4649 688 4703 situm
708 4650 898 4715 desideratum,
913 4667 994 4721 quam
1034 4649 1146 4703 deuaisl
1176 4649 1246 4702 Item
1259 4649 1374 4718 pictoria
1386 4649 1508 4720 imagine
1521 4650 1686 4704 memoriam
1700 4651 1742 4704 rei
1755 4666 1833 4705 reno·

203 4737 253 4791 per
267 4722 421 4776 orientem?
462 4724 538 4789 Item,
552 4743 647 4781 aurum
663 4736 805 4800 argentum
818 4730 918 4793 vivum,
930 4731 995 4797 iux·
1034 4735 1094 4782 vat:
1115 4743 1206 4782 annon
1223 4728 1276 4783 hoc
1290 4730 1440 4783 traductum
1454 4737 1496 4783 est
1508 4727 1538 4781 in
1552 4735 1641 4783 artem
1662 4745 1735 4794 eam,
1750 4746 1831 4800 quarn

204 4809 233 4853 ta
249 4802 376 4871 positum,
391 4802 512 4858 imbibit:
533 4821 599 4858 num
618 4823 683 4861 vero
703 4824 798 4862 aunrm
817 4809 914 4879 recipit
927 4807 995 4862 illud
1035 4814 1139 4870 vocant,
1152 4807 1311 4862 memorial
1352 4807 1395 4862 De
1409 4808 1454 4862 his
1468 4807 1497 4861 in
1511 4823 1611 4878 genere
1628 4809 1768 4864 monitum
1780 4810 1829 4871 sit;

203 4889 347 4950 argentum
375 4881 466 4935 rivum
489 4883 560 4937 intra
587 4902 624 4949 se,
650 4887 708 4941 sinc
733 4888 891 4942 extensione
914 4888 995 4942 molis
1035 4885 1106 4957 quod
1119 4884 1188 4940 nihil
1202 4887 1237 4940 ad
1251 4887 1364 4941 imbrem
1378 4886 1700 4958 quendaminventornm
1715 4888 1829 4952 utilium

204 4977 266 5024 sura,
283 4969 311 5015 ut
325 4961 372 5015 fiat
385 4978 476 5016 massa
490 4964 613 5033 quaedam
633 4966 694 5034 ipso
713 4982 780 5022 auro
799 4968 994 5038 ponderosiori
1034 4964 1231 5037 eorundemque
1249 4982 1385 5030 novorum,
1404 4966 1488 5021 veluti
1506 4964 1614 5020 coelitus
1632 4965 1830 5030 deducendam,

205 5039 282 5106 Item,
295 5040 421 5096 homines
434 5042 572 5095 memoriae
586 5044 713 5111 serviunt,
728 5045 885 5101 collocando
898 5047 995 5117 imagi-
1034 5052 1138 5098 tanturn
1151 5044 1241 5098 valere
1255 5046 1349 5114 possit,
1364 5053 1501 5115 quantum,
1515 5045 1540 5100 si
1553 5045 1748 5116 experimenta
1760 5063 1829 5101 cotn-

203 5135 252 5173 nes
274 5137 449 5190 personarum
468 5120 498 5173 in
517 5118 593 5176 locis.
634 5125 709 5178 Num
730 5126 811 5179 etiam
832 5127 904 5180 idem
924 5143 996 5179 asse-
1035 5124 1153 5193 plurium
1180 5125 1280 5178 artium
1309 5124 1536 5188 mechanicarum,
1563 5124 1613 5178 ιιι
1639 5124 1759 5190 ιοιιιιι,
1783 5132 1829 5178 aut

204 5209 325 5268 queritur,
340 5200 430 5253 ιιιιιιι
444 5199 521 5266 ιοιιι,
536 5208 564 5254 et
577 5201 730 5271 effingendo
744 5207 864 5259 actiones
883 5214 930 5258 aut
948 5205 996 5258 ba·
1034 5204 1135 5273 paucis,
1152 5204 1196 5273 qui
1211 5203 1370 5258 seinvicem
1392 5203 1533 5275 colloquiis
1557 5220 1655 5258 acuere
1673 5206 1786 5275 possint,
1799 5204 1828 5257 in

203 5278 274 5332 bitus
295 5280 438 5348 personis?
471 5279 562 5352 Atque
575 5281 608 5333 de
622 5284 796 5351 productione
815 5285 996 5354 experimenti
1033 5282 1157 5337 notitiam
1172 5284 1307 5336 venerintr
1329 5292 1358 5337 ut
1375 5299 1424 5352 per
1444 5283 1524 5346 hanc,
1539 5299 1622 5352 quam
1643 5284 1769 5346 dicimus,
1783 5299 1828 5337 ex·

203 5355 343 5413 hactenus.
1034 5362 1245 5431 perimentorum
1257 5361 1465 5426 translationem,
1480 5370 1551 5416 artes
1564 5378 1595 5415 se
1616 5372 1715 5417 mutuo
1728 5362 1827 5426 fovete,

243 5435 397 5493 Translatio
411 5439 591 5510 experimenti
606 5439 721 5510 triplex:
744 5452 819 5496 suta
838 5451 933 5497 natura
953 5442 995 5498 vel
1034 5450 1061 5495 et
1076 5440 1157 5495 veluti
1173 5441 1364 5496 commixtione
1383 5441 1520 5496 radiorum
1540 5442 1688 5496 accendere
1709 5441 1825 5514 possint.
