3800 5875
211 291 268 346 348
725 291 776 347 DE
797 290 1022 346 AUGMENTIS
1044 291 1321 348 SCIENTIARUM.
1708 289 1772 345 Lis.
1788 291 1839 344 lv.
1885 331 1886 374 ;

210 450 418 521 Siquidemnon
439 464 523 542 parva
541 457 585 504 est
602 448 741 504 felicitatis
759 446 934 523 pars(qusm
951 449 1005 540 sibi
1041 449 1214 520 quamcertis
1228 449 1365 541 aliquibus
1378 447 1694 540 prascriptisinsistere3
1687 448 1739 502 ·id
1754 447 1843 503 fallax

210 608 387 672 euthanasia3
421 627 483 679 qum
506 609 589 663 etism
610 608 752 662 observata
772 615 816 661 est
839 607 868 661 in
890 624 1006 662 excessu
1041 608 1131 662 nimis.
1172 606 1253 671 Saue,
1268 607 1515 678 quemadmodum'
1506 606 1689 676 inrepublica
1702 606 1842 670 Romana,
1885 617 1886 650 t

210 687 341 742 Antonini
355 689 407 753 Pii,
423 687 532 759 quando
544 695 669 742 nontam
683 703 752 740 mon
744 686 908 749 videretur,
924 703 1006 757 quam
1042 687 1116 741 cives
1133 695 1211 740 erant
1231 688 1371 742 utilissimi
1386 695 1413 741 et
1434 687 1535 756 optime
1556 686 1708 755 compositi,
1725 686 1775 756 qui
1795 695 1844 742 aut

210 766 283 821 dulci
297 774 325 820 et
337 767 393 822 alto
406 783 503 838 sopore
517 767 617 837 excipi.
659 765 792 820 Scribitur
803 765 886 818 etism
896 765 929 818 de
938 765 1005 835 Epi·
1042 766 1166 820 eonsules
1178 765 1280 836 populo
1294 767 1429 831 favebant,
1439 774 1487 820 aut
1499 765 1599 820 tribuni
1610 766 1638 818 in
1652 774 1748 834 partes
1764 783 1843 818 sena·

210 862 283 910 curo,
299 848 370 917 quod
383 847 435 901 hoc
449 847 539 916 ipsum
553 846 607 900 eibi
626 845 828 915 procuraverit3
849 862 912 898 cum
932 845 1007 898 enim
1042 851 1087 899 tus
1100 844 1286 899 inclinabantr
1307 847 1387 900 itain
1401 845 1453 899 hac
1468 845 1587 907 materia,
1601 844 1635 896 de
1650 861 1706 914 qua
1721 844 1841 915 agimus,
1885 895 1886 898 ,

211 925 321 980 morbus
341 927 400 994 ejus
418 925 563 979 haberetur
584 941 635 994 pro
654 925 807 994 desperato,
828 923 1006 977 ventriculum
1043 924 1162 978 medicos
1172 941 1219 978 eos
1231 926 1386 995 probamus,
1397 926 1443 995 qui
1457 933 1505 978 aut
1517 923 1547 977 in
1562 925 1842 993 magnaeruditione,

211 1010 241 1058 et
261 1021 362 1069 sensus,
385 1005 453 1059 meri
476 1004 595 1075 largiore
617 1003 717 1058 haustu
741 1009 769 1057 et
791 1002 1005 1074 ingurgitatione
1042 1003 1199 1058 traditiones
1223 1005 1399 1073 experientiis
1423 1003 1570 1073 plurimum
1594 1003 1714 1065 iaciunt3
1742 1004 1841 1057 autin
1885 1043 1886 1046 ,

211 1084 307 1139 obruit.
348 1084 427 1138 Unde
441 1083 511 1138 illud
524 1085 554 1138 iu
567 1083 781 1155 epigrammate:
1042 1082 1164 1152 practica
1190 1082 1299 1153 insigni,
1323 1084 1464 1136 methodos
1483 1090 1512 1135 et
1533 1080 1676 1152 generalia
1697 1083 1767 1136 artis
1786 1099 1842 1136 nors

1043 1168 1227 1232 aspernantur
1268 1162 1484 1217 Moditicationes
1496 1177 1561 1215 vero
1580 1161 1783 1216 medicinarum
1803 1164 1841 1222 (si

1043 1241 1151 1310 qnando
1168 1242 1204 1294 sit
1223 1258 1292 1312 opus
1309 1258 1356 1295 eas
1377 1239 1522 1309 adhibere)
1543 1239 1633 1332 potius
1655 1241 1685 1294 in
1704 1241 1841 1295 vehiculis

210 1324 276 1379 vino
298 1325 402 1380 scilicet
424 1325 514 1396 Stygii
538 1323 628 1378 laticis
652 1323 861 1378 amaritudinem
885 1321 1003 1378 sustulit
1042 1336 1136 1374 earum
1150 1321 1309 1376 exercendae
1322 1328 1392 1385 sunt,
1406 1337 1488 1391 quam
1502 1319 1530 1374 in
1544 1321 1607 1390 ipso
1620 1337 1738 1390 corpore
1753 1322 1840 1374 medi·
1885 1299 1886 1388 i

211 1402 248 1457 At
269 1405 368 1458 nostris
394 1405 570 1474 temporibus,
592 1404 705 1458 medicis
729 1403 809 1474 quasi
832 1402 930 1472 religio
953 1408 1004 1467 est,
1042 1398 1180 1464 mnarum
1206 1400 1237 1453 iu
1265 1417 1319 1472 qno
1341 1400 1382 1453 nil
1401 1398 1564 1464 novandum,
1590 1398 1695 1470 absque
1722 1401 1840 1454 evidenti
1885 1401 1886 1468 i

211 1484 328 1553 aegrotis,
342 1491 486 1554 postquam
500 1482 633 1554 deplorati
650 1483 711 1547 sint,
725 1482 863 1546 assidere3
884 1481 930 1536 ubi
944 1498 1007 1536 meo
1041 1479 1211 1535 necessitate.
1254 1480 1351 1535 Hanc
1343 1479 1428 1549 igitur
1441 1485 1556 1549 partem,
1571 1496 1632 1549 qum
1646 1479 1681 1532 de
1696 1479 1841 1533 medicinis
1885 1457 1886 1518 i

208 1563 319 1631 judicio,
340 1563 364 1617 si
387 1563 479 1617 officio
500 1580 556 1628 suo,
578 1570 661 1632 atque
683 1562 752 1615 adeo
771 1560 960 1615 humanitati'
951 1561 1006 1630 ipsi
1042 1557 1205 1613 authenticis
1218 1566 1248 1612 et
1260 1560 1385 1631 positivis
1400 1565 1502 1621 tractet,
1514 1557 1664 1611 desiderari
1678 1560 1841 1613 statuimus.
1885 1551 1886 1634 i

210 1642 304 1696 deesse
318 1640 413 1706 nolint,
428 1650 455 1696 et
469 1651 556 1696 artem
575 1642 696 1696 ediscere
715 1647 743 1696 et
755 1640 925 1712 diligentiam
939 1656 1006 1709 pras-
1041 1653 1085 1691 res
1098 1644 1189 1692 autem
1202 1646 1253 1704 est,
1268 1656 1328 1711 qum
1339 1638 1437 1691 tentari
1451 1653 1506 1690 non
1524 1637 1604 1691 debet
1617 1638 1727 1708 absque
1741 1639 1798 1693 aeri
1813 1641 1886 1691 et

211 1728 282 1775 stare
311 1721 447 1785 deberent,
475 1738 529 1792 qua
554 1722 673 1775 animam
700 1728 814 1792 agentes
841 1718 949 1773 facilius
977 1727 1005 1773 et
1041 1732 1134 1770 severo
1155 1718 1267 1785 judicio,
1291 1726 1320 1773 et
1342 1725 1473 1787 tanquam
1492 1716 1522 1769 in
1544 1716 1650 1785 synodo
1669 1717 1841 1772 medicorum
1885 1695 1886 1734 ¹

211 1801 305 1854 mitius
323 1800 408 1854 evita
425 1801 586 1871 demigrcnt.
628 1800 708 1853 Hanc
726 1807 818 1853 autem
835 1798 1005 1868 partemin·
1041 1796 1210 1851 selectorum.
1885 1791 1886 1806 ¹

211 1880 386 1949 quisitionem
399 1879 743 1934 deeuthanasiaexteriori
759 1879 808 1950 (ad
821 1878 1003 1932 differentiam
1083 1875 1161 1939 Item,
1185 1877 1255 1931 inter
1278 1875 1491 1948 praeparationes
1511 1873 1720 1940 medicinarum,
1746 1875 1840 1930 mirari

211 1959 272 2026 ejus
286 1959 462 2024 euthanasias,
483 1975 545 2029 qum
563 1958 662 2012 animm
679 1958 904 2028 praeparationem
922 1957 1005 2026 respi
1041 1953 1114 2009 subit
1135 1956 1299 2025 (praesrtim
1320 1972 1382 2010 cum
1401 1954 1543 2009 medicinae
1563 1971 1600 2008 ex
1621 1953 1841 2009 mineralibnss
1885 1995 1886 2026 ,

211 2037 263 2106 cit)
273 2036 456 2106 appellamus
477 2054 591 2108 eamque
600 2037 829 2092 intendesrderata
837 2052 1002 2106 repommus
1040 2032 1189 2088 chemicis
1181 2052 1210 2088 ιιι
1219 2042 1321 2090 tantum
1333 2043 1435 2090 evectae
1447 2043 1474 2088 et
1483 2033 1628 2087 celebrata
1639 2032 1712 2087 sint·
1704 2051 1886 2116 ,cumque
1885 2037 1886 2056 ¹

252 2117 341 2170 Item
333 2133 362 2170 ιιι
375 2117 557 2171 curationibus
576 2117 731 2171 morborum
750 2117 818 2170 illud
837 2115 1002 2186 generaliter
1040 2111 1108 2166 tales
1121 2114 1264 2169 metltctnae
1271 2115 1354 2169 tutius
1364 2113 1546 2168 adhibeantur
1553 2112 1589 2166 ad
1598 2114 1886 2184 extenoraquam

211 2196 358 2251 desiderari
386 2196 510 2265 reperio3
545 2196 616 2267 quod
640 2196 737 2249 medici
765 2196 878 2264 hujusce
906 2194 1004 2260 atatis,
1040 2192 1112 2246 intro
1132 2194 1283 2265 sumantur)
1296 2193 1435 2248 neminem
1447 2193 1536 2248 adbuc
1553 2192 1706 2256 inventum,
1721 2193 1771 2264 qni
1793 2210 1841 2262 ρει
1885 2161 1886 2224 l

211 2273 274 2327 licet
288 2272 429 2345 generales
442 2274 606 2330 intentiones
616 2275 784 2330 curationum
797 2291 853 2328 nou
862 2272 934 2327 male
944 2290 1004 2344 per·
1040 2278 1125 2326 artem
1132 2271 1253 2328 thermas
1266 2272 1403 2327 naturales
1412 2280 1440 2327 et
1449 2273 1538 2327 fontes
1548 2270 1749 2326 medicinales
1741 2272 1841 2326 imitari

211 2362 365 2424 sequantur,
387 2352 562 2425 particulares
587 2363 678 2408 tamen
702 2354 858 2416 medicinas,
881 2370 941 2425 quas
968 2352 1004 2407 ad
1040 2352 1157 2406 annixus
1171 2352 1269 2407 fuerit:
1290 2369 1353 2407 cum
1366 2359 1459 2406 tamen
1472 2352 1502 2405 in
1515 2351 1641 2405 confesso
1655 2351 1703 2416 sit,
1718 2351 1841 2406 thermas
1885 2359 1886 2376 ¹

211 2433 364 2486 curationes
382 2433 536 2488 morborum
558 2433 726 2505 singulorum
748 2433 912 2504 proprietate
935 2449 1004 2503 qus-
1039 2428 1102 2484 illas
1123 2439 1152 2484 et
1171 2431 1268 2496 fontes,
1282 2432 1398 2487 ιίιιιιιιι
1414 2449 1478 2487 suas
1495 2448 1532 2485 ex
1550 2430 1627 2484 venis
1653 2430 1840 2495 mineralinm,
1885 2455 1886 2480 ι

211 2511 274 2564 dam
287 2521 422 2582 spectant,
436 2521 549 2567 autnon
568 2513 638 2566 bene
657 2521 762 2579 norunt,
776 2520 823 2566 sut
841 2530 897 2567 non
914 2511 1004 2582 religi·
1039 2525 1089 2579 per
1109 2527 1177 2581 quas
1197 2518 1346 2582 permeant,
1360 2511 1497 2565 nancisci:
1519 2509 1680 2580 quinetiam,
1702 2511 1736 2565 in
1757 2511 1842 2565 maai·
1885 2511 1886 2550 t

211 2607 260 2644 ose
283 2591 433 2645 observant.
473 2593 547 2646 Nam
567 2593 664 2647 medici
683 2592 859 2646 traditionum
875 2599 903 2646 et
918 2608 1003 2661 expe·
1040 2587 1140 2645 testum
1161 2588 1244 2659 huius
1257 2590 1298 2645 rei
1318 2590 1517 2654 documentum,
1538 2589 1607 2643 bene
1624 2590 1702 2643 ¹1⁰1st
1720 2589 1844 2645 hilm&

210 2670 315 2724 rientiae
328 2671 448 2740 probatae
466 2672 584 2726 fructum
601 2672 857 2741 magistralitatibus
877 2672 935 2725 suis
954 2671 1002 2725 de·
1039 2666 1173 2723 industria
1185 2669 1339 2725 discernere
1353 2676 1381 2723 et
1393 2669 1568 2740 distinguere,
1584 2685 1635 2738 per
1650 2670 1841 2738 separationes

210 2755 366 2804 snuxemnt
379 2758 407 2804 et
424 2750 602 2816 sustulerunt3
624 2751 754 2815 addendo,
774 2760 802 2805 et
820 2749 961 2815 demendo,
976 2758 1005 2804 et
1040 2748 1178 2817 quasdam,
1206 2766 1242 2804 ex
1269 2765 1324 2820 quo
1352 2766 1454 2819 genere
1480 2748 1655 2803 mineralium
1682 2748 1843 2817 huiusmodi

210 2829 346 2893 mutando,
367 2829 440 2883 circa
457 2831 614 2895 medicinas,
629 2842 708 2901 prout
728 2831 764 2885 iis
783 2829 893 2884 libitum
911 2830 1003 2894 tuerit,
1040 2843 1118 2897 aquas
1143 2829 1305 2893 inficiantur,
1328 2828 1413 2883 veluti
1435 2845 1471 2882 an
1495 2845 1531 2882 ex
1553 2826 1700 2897 sulphure,
1723 2829 1841 2892 vitriolo,

209 2915 240 2962 et
253 2908 309 2963 iere
322 2908 593 2980 pharmacopnaorum
608 2927 682 2965 more
697 2910 762 2982 quid
776 2926 826 2980 pro
839 2926 893 2981 quo
907 2908 1004 2964 substi-
1040 2905 1163 2978 chalybe,
1177 2915 1225 2963 aut
1244 2908 1336 2980 aliquo
1355 2908 1457 2964 similis
1477 2923 1539 2980 ques
1554 2906 1688 2962 naturalis
1710 2924 1842 2979 aquarum
1885 2927 1886 2943 ι

209 2989 326 3052 tuendo3
347 2988 386 3049 ita
399 2991 514 3058 superbe
528 2992 694 3060 imperantes
706 2990 857 3055 medicinas,
872 2998 902 3044 ut
919 2989 1003 3043 medi·
1040 2986 1164 3053 tincmra,
1193 2988 1217 3043 si
1249 2990 1283 3043 ad
1310 2989 1472 3043 artificiosas
1504 2987 1723 3057 compositiones
1751 2989 1840 3044 reduci
1885 3034 1886 3043 ,

209 3067 272 3121 cina
293 3084 348 3121 ιιοιι
366 3068 483 3139 emplius
504 3070 621 3140 imperet
639 3070 742 3124 morbo.
783 3069 910 3139 Demptis
930 3069 1004 3122 enim
1039 3074 1138 3135 posset,
1154 3067 1238 3122 fuerit
1256 3068 1286 3122 in
1307 3077 1440 3139 potestate
1453 3067 1581 3131 bominis,
1595 3072 1625 3120 et
1641 3068 1729 3137 plura
1740 3085 1841 3140 genera

211 3145 340 3211 theriaca,
364 3157 391 3201 et
411 3149 590 3213 mithridatia,
612 3156 640 3203 et
659 3152 773 3204 sonasse
796 3148 955 3214 disscordio,
977 3157 1004 3201 et
1040 3161 1132 3200 earum
1144 3151 1240 3219 (prout
1249 3164 1315 3203 usus
1327 3146 1459 3219 postulat)
1474 3148 1588 3212 efficere,
1600 3153 1629 3200 et
1641 3157 1841 3219 temperamen-
1885 3202 1886 3221 ,

209 3228 375 3280 coniectione
395 3226 539 3294 alkermes,
554 3236 582 3283 et
602 3230 698 3300 paucis
719 3229 781 3283 aliis
800 3227 954 3293 medicinis,
968 3228 1003 3281 ad
1040 3231 1096 3279 tum
1122 3226 1244 3297 ipsarum
1270 3244 1320 3298 pro
1345 3228 1459 3282 arbitrio
1485 3243 1590 3298 regere.
1646 3226 1732 3281 Hanc
1759 3229 1841 3299 igitar
1885 3248 1886 3295 ι

209 3305 285 3359 nulla
307 3307 364 3360 iere
387 3316 462 3361 certa
482 3307 633 3378 pharmaca
654 3325 684 3363 se
708 3308 836 3379 religiose
858 3314 885 3361 et
907 3323 1003 3361 severe
1039 3312 1152 3374 partem,
1163 3307 1197 3360 de
1211 3307 1363 3362 imitatione
1372 3314 1477 3362 naturae
1490 3307 1520 3361 in
1533 3305 1641 3360 balneis
1652 3307 1840 3361 artificialibus
1885 3320 1886 3333 ¹

210 3385 372 3454 astringunt.
399 3385 475 3441 Nam
488 3388 686 3441 medicamenta
699 3387 755 3452 illa,
771 3405 831 3458 qnae
845 3387 873 3441 in
888 3387 1004 3440 officinis
1041 3387 1083 3453 (re
1104 3385 1281 3455 proculdubio
1301 3385 1411 3441 etutili
1431 3388 1508 3442 etin
1528 3387 1840 3457 promptu)desiderari
1885 3370 1886 3439 i

209 3473 333 3532 prostant
347 3464 461 3529 venalis,
482 3468 573 3535 potius
591 3466 620 3520 in
639 3475 767 3538 promptu
779 3474 843 3522 sunt
860 3465 896 3519 sd
915 3466 1004 3521 intsn-
1040 3480 1191 3521 censemus.
1885 3464 1886 3517 i

210 3544 297 3598 tiones
310 3544 460 3614 generales,
475 3563 556 3616 quam
571 3547 774 3601 accommodata
794 3555 822 3600 et
844 3546 955 3615 propris
969 3545 1004 3599 ad
1080 3545 1124 3599 Ne
1140 3562 1205 3600 sero
1223 3544 1332 3616 singula
1351 3544 1535 3615 scrupulosius
1555 3562 1737 3618 exequamur,
1760 3564 1841 3619 quam
1885 3528 1886 3611 i

209 3624 363 3677 curationes
377 3625 573 3693 particulares3
595 3626 730 3696 siquidem
742 3626 884 3695 speciatim
898 3624 1003 3680 nullum
1041 3623 1084 3678 rel
1104 3623 1227 3679 instituto
1250 3632 1350 3690 nostro,
1375 3624 1419 3679 vel
1442 3625 1556 3693 hujusce
1581 3631 1717 3680 tractatus
1739 3637 1840 3681 nature

209 3704 332 3758 morbum
346 3719 511 3774 magnopere
526 3706 683 3775 respiciunt,
697 3723 791 3760 verum
807 3705 958 3776 generatim
970 3705 1005 3758 ad
1040 3704 1176 3769 convenit,
1191 3704 1348 3760 claudemus
1367 3703 1437 3758 hanc
1459 3712 1565 3775 partem
1584 3704 1709 3760 deiectus
1729 3706 1841 3760 alterius

209 3782 405 3837 obstructiones
418 3784 587 3853 aperiendas,
601 3785 790 3840 concoctiones
803 3783 1003 3848 confortandas,
1040 3783 1180 3851 cujusdam
1203 3784 1413 3848 enumeratione,
1431 3784 1478 3854 qui
1493 3784 1609 3839 maximi
1630 3785 1713 3839 nobis
1734 3786 1841 3840 videtur

209 3861 385 3931 intemperies
399 3861 560 3928 alterandas,
576 3864 722 3934 pertinent
754 3864 844 3933 Atque
858 3863 923 3918 hinc
937 3880 1005 3934 prce·
1040 3864 1188 3918 momenti:
1208 3863 1338 3918 nimirum
1357 3863 1430 3934 quod
1450 3864 1576 3918 medendi
1596 3865 1677 3927 ratio,
1692 3882 1756 3935 quse
1769 3865 1840 3918 obti-

208 3940 287 4010 cipue
301 3941 338 4004 tit,
346 3951 378 3995 nt
386 3943 510 4012 empirici
524 3951 550 3998 et
558 3943 655 3998 vetulas
669 3960 854 4014 sepenumero
867 3944 896 3996 in
910 3961 1005 3998 curau-
1040 3942 1105 4005 nuit,
1125 3942 1160 3995 sit
1182 3943 1267 3997 nimio
1286 3942 1347 4012 plus
1361 3943 1560 4013 compendiosa,
1576 3960 1659 4014 quam
1679 3954 1712 3998 ut
1732 3945 1840 4015 insigne

208 4019 251 4073 dis
264 4020 366 4074 morbis
386 4021 494 4078 felicius
508 4030 662 4093 operentur,
677 4040 759 4093 quam
777 4022 875 4078 medici
893 4023 1002 4088 eruditi,
1040 4021 1144 4092 aliquid
1158 4030 1205 4077 aut
1217 4022 1330 4076 arduum
1345 4032 1472 4092 prestare
1486 4023 1582 4092 possit.
1614 4023 1727 4077 Etenim
1739 4023 1842 4092 judicio

209 4100 274 4168 quia
286 4100 482 4155 medicinamm
492 4102 665 4173 probatamm
677 4102 878 4157 coniectionem
890 4109 920 4156 et
932 4118 1005 4156 com·
1040 4111 1138 4165 nostro,
1146 4101 1239 4171 opinio
1252 4102 1333 4157 fuerit
1345 4102 1435 4171 magis
1445 4101 1552 4165 blanda,
1564 4119 1648 4173 quam
1658 4120 1733 4164 sera,
1745 4104 1767 4156 si
1780 4103 1841 4173 quis

208 4178 370 4247 positionem
384 4179 500 4236 fideliter
510 4190 538 4236 et
552 4181 708 4253 scrupulose
723 4183 848 4236 retinent
868 4180 1004 4251 Equidem
1040 4180 1178 4235 existimet
1186 4181 1411 4235 medicamentum
1421 4180 1530 4253 aliquod
1540 4193 1596 4235 tarn
1607 4190 1763 4251 potensaut
1773 4181 1841 4236 felix

208 4258 328 4322 memini,
349 4259 485 4315 medicum
507 4262 643 4332 quendam
671 4262 744 4332 apud
766 4277 817 4315 nos
840 4262 870 4315 in
893 4260 1003 4332 Anglia,
1040 4259 1099 4313 fieri
1125 4276 1212 4329 posse,
1236 4266 1267 4315 ut
1286 4275 1352 4315 usus
1375 4261 1435 4327 ejus
1459 4260 1578 4331 simplex
1596 4261 1736 4315 curationi
1757 4260 1840 4315 alicui

208 4336 327 4406 practica
339 4337 482 4404 celebrem,
493 4340 625 4411 religione
635 4357 720 4412 prope
730 4339 863 4405 Judaeum,
874 4340 1003 4394 librorum
1040 4338 1179 4408 grandiori
1198 4340 1322 4394 sufficiat.
1363 4338 1501 4394 Mirabilis
1520 4340 1643 4410 proiecto
1657 4340 1731 4394 toret
1745 4342 1840 4403 oratio,

207 4414 324 4469 lectione
335 4421 465 4487 tanquam
479 4419 606 4484 Arabem,
618 4420 729 4474 solitum
742 4420 850 4475 dicere:
873 4419 1001 4474 “Medici
1041 4436 1101 4489 quse
1115 4419 1301 4488 pronunciata,
1321 4425 1369 4472 aut
1388 4419 1471 4473 etiam
1484 4420 1584 4488 sapius
1598 4419 1727 4489 repetita,
1743 4419 1841 4475 sitium

207 4495 289 4549 vestri
316 4494 444 4564 Europaei
471 4506 534 4553 sunt
561 4499 671 4570 quidem
697 4499 750 4553 viri
772 4499 854 4564 docti,
876 4499 925 4553 sed
948 4515 1004 4553 non
1040 4496 1150 4569 aliquod
1163 4499 1255 4552 animo
1268 4497 1377 4569 penitus
1389 4497 1502 4552 insitum
1510 4506 1557 4552 aut
1566 4498 1749 4553 inveteratum
1759 4500 1841 4553 corri-

206 4582 306 4628 norunt
325 4574 501 4643 particulares
521 4579 676 4633 curationes
698 4579 880 4634 morborum.”
921 4578 1004 4638 Quin·
1040 4593 1104 4645 gere
1119 4586 1166 4632 aut
1179 4577 1273 4631 tollere
1288 4577 1383 4647 possit
1424 4575 1520 4648 Longe
1530 4586 1605 4630 certe
1614 4577 1703 4632 abest.
1736 4578 1840 4633 Verum
1885 4580 1886 4593 ¹

208 4652 291 4707 etiam
305 4652 378 4707 idem
396 4651 488 4709 ludere
505 4656 617 4722 solebat,
638 4675 734 4727 parum
752 4659 857 4720 decore,
872 4658 1002 4721 dicendo3
1040 4674 1101 4727 quea
1115 4657 1144 4711 in
1158 4664 1254 4710 natura
1267 4656 1368 4711 eximie
1382 4663 1502 4725 possunt,
1515 4667 1542 4710 et
1555 4655 1669 4725 pollent,
1685 4666 1751 4712 sunt
1764 4659 1838 4721 ordo,

208 4737 224 4763 ‘⁴
239 4732 363 4786 Medicus
377 4741 482 4787 nostros
496 4735 600 4791 similes
614 4752 676 4792 esse
690 4737 834 4807 episcopis,
849 4736 955 4808 ligandi
975 4744 1004 4790 et
1039 4736 1202 4805 prosecutio,
1217 4736 1308 4800 series,
1323 4735 1481 4789 vicissitudo
1494 4736 1652 4790 artificiosa.
1695 4738 1765 4799 Quas
1777 4738 1840 4792 lieet

207 4810 329 4866 solvendi
349 4811 441 4866 claves
455 4812 564 4879 babere,
579 4821 609 4868 et
620 4817 692 4870 nihil
712 4815 857 4886 amplius.'‘
900 4815 955 4871 Sed
973 4823 1004 4871 ut
1040 4815 1128 4883 majus
1155 4815 1291 4886 quoddam
1318 4814 1347 4868 in
1371 4814 1554 4885 precipiendo
1578 4812 1725 4889 judicium,
1754 4818 1839 4885 majo·

207 4891 279 4945 serio
292 4890 364 4961 quod
378 4907 422 4945 res
437 4893 627 4959 estdicamus3
643 4895 1004 4965 plurimumreierrecense-
1040 4911 1151 4965 remque
1175 4895 1204 4948 in
1225 4894 1345 4964 parendo
1363 4894 1542 4948 constantiam
1560 4894 1723 4964 requirant3
1749 4905 1838 4950 tamen

206 4988 276 5036 mus,
290 4972 313 5024 si
327 4971 426 5025 medici
440 4971 534 5041 aliqui,
545 4980 572 5027 et
581 4973 732 5029 eruditione
744 4983 772 5028 et
785 4976 906 5045 practica
918 4974 1003 5045 insig·
1040 4973 1186 5028 effectuum
1213 4973 1398 5043 magnitudine
1429 4973 1537 5028 abunde
1562 4990 1621 5027 rem
1648 4983 1836 5045 compensant

205 5051 304 5114 niores,
315 5067 383 5120 opus
393 5050 504 5121 aliquod
516 5052 668 5118 conficiant,
678 5053 713 5107 de
723 5055 866 5108 medicinis
879 5054 1002 5124 probatis
1040 5052 1100 5107 Etsi
1114 5061 1206 5106 sutem
1228 5070 1264 5107 ex
1282 5069 1366 5123 opera
1378 5053 1545 5107 mediconno
1562 5053 1734 5123 quotidiana,
1750 5071 1836 5124 qnam,

206 5137 234 5184 et
247 5130 514 5199 experimentalibus,
528 5131 563 5185 ad
577 5132 686 5187 morbos
699 5133 887 5202 particulares.
927 5134 1003 5188 Nam
1038 5131 1188 5194 invisendo,
1198 5132 1349 5195 assidendo,
1361 5132 1567 5200 prescribenda
1576 5132 1690 5203 egrotis
1703 5141 1836 5203 prestant,

205 5209 278 5278 quod
295 5211 419 5279 speciosa
433 5209 497 5281 quis
516 5210 621 5264 ratione
642 5211 733 5275 nixus,
748 5212 887 5267 existimet
906 5212 1003 5266 decere
1040 5219 1150 5282 putaret
1171 5210 1315 5282 quispiam,
1339 5210 1413 5265 haud
1432 5212 1555 5282 segniter
1574 5211 1652 5281 ipsos
1672 5213 1836 5266 curationem

205 5288 340 5343 medicum
350 5289 458 5343 doctum
473 5289 580 5361 (habita
590 5288 695 5344 ratione
704 5290 904 5361 complexionis
918 5307 1003 5361 oegro-
1039 5291 1174 5361 persequi,
1189 5299 1271 5360 atqus
1291 5289 1321 5344 in
1341 5290 1444 5355 eadem,
1458 5298 1534 5344 certa
1552 5291 1673 5360 quadam
1686 5291 1741 5356 ria,
1761 5291 1836 5344 insis-

205 5383 274 5430 rum,
295 5369 392 5433 astatis,
420 5368 591 5438 tempestatis
619 5369 693 5435 anni,
721 5371 947 5424 consuetudinum
974 5378 1003 5423 et
1040 5378 1114 5423 tere:
1136 5370 1266 5424 tamensi
1282 5370 1344 5440 quis
1364 5386 1404 5433 ea,
1420 5387 1481 5440 qum
1497 5369 1677 5439 praescribere
1699 5378 1728 5425 et
1748 5370 1836 5426 minis·

205 5444 374 5519 hujusmodi)
401 5448 491 5518 potins
518 5448 667 5503 medicinas
694 5465 731 5502 ex
750 5456 874 5519 tempore
898 5457 1002 5518 aptare,
1039 5457 1111 5504 trare
1132 5447 1239 5504 soleant
1260 5447 1370 5515 medici,
1387 5449 1494 5503 acubus
1514 5446 1697 5521 introspiciat,
1717 5450 1835 5505 inveniet

355 1214 474 1261 ‘-Hine
486 1214 582 1277 Stygias
591 1213 668 1262 ebrius
678 1212 754 1261 haurit
764 1213 861 1273 aquas,”
