<?xml version="1.0" encoding="UTF-8"?>
<!DOCTYPE html PUBLIC "-//W3C//DTD XHTML 1.0 Transitional//EN"
    "http://www.w3.org/TR/xhtml1/DTD/xhtml1-transitional.dtd">
<html xmlns="http://www.w3.org/1999/xhtml" xml:lang="en" lang="en">
 <head>
  <title>
</title>
<meta http-equiv="Content-Type" content="text/html;charset=utf-8" />
  <meta name='ocr-system' content='tesseract 3.04.00' />
  <meta name='ocr-capabilities' content='ocr_page ocr_carea ocr_par ocr_line ocrx_word'/>
</head>
<body>
  <div class='ocr_page' id='page_1' title='image "./workslordbaconw00bacogoog_0657.png"; bbox 0 0 3800 5875; ppageno 0'>
   <div class='ocr_carea' id='block_1_1' title="bbox 582 316 1703 375">
    <p class='ocr_par' dir='ltr' id='par_1_1' title="bbox 582 316 1703 375">
     <span class='ocr_line' id='line_1_1' title="bbox 582 316 1703 375; baseline 0 -3"><span class='ocrx_word' id='word_1_1' title='bbox 582 318 633 375; x_wconf 76' lang='lat' dir='ltr'>DE</span> <span class='ocrx_word' id='word_1_2' title='bbox 654 317 783 373; x_wconf 78' lang='lat' dir='ltr'>FLUXU</span> <span class='ocrx_word' id='word_1_3' title='bbox 806 316 854 371; x_wconf 82' lang='grc' dir='ltr'>ΕΤ</span> <span class='ocrx_word' id='word_1_4' title='bbox 876 316 1058 372; x_wconf 81' lang='lat' dir='ltr'><strong>REFLUXU</strong></span> <span class='ocrx_word' id='word_1_5' title='bbox 1080 316 1209 371; x_wconf 77' lang='lat' dir='ltr'>Manis.</span> <span class='ocrx_word' id='word_1_6' title='bbox 1649 317 1703 372; x_wconf 81' lang='lat'>631</span> 
     </span>
    </p>
   </div>
   <div class='ocr_carea' id='block_1_2' title="bbox 59 473 1706 5615">
    <p class='ocr_par' dir='ltr' id='par_1_2' title="bbox 59 473 1706 5615">
     <span class='ocr_line' id='line_1_2' title="bbox 68 473 1705 545; baseline -0.001 -13"><span class='ocrx_word' id='word_1_7' title='bbox 68 476 224 532; x_wconf 80' lang='lat' dir='ltr'>secationis</span> <span class='ocrx_word' id='word_1_8' title='bbox 246 475 281 529; x_wconf 86' lang='lat' dir='ltr'>ab</span> <span class='ocrx_word' id='word_1_9' title='bbox 300 475 404 530; x_wconf 89' lang='lat' dir='ltr'>oriente</span> <span class='ocrx_word' id='word_1_10' title='bbox 427 475 455 531; x_wconf 91' lang='lat' dir='ltr'>in</span> <span class='ocrx_word' id='word_1_11' title='bbox 475 474 661 531; x_wconf 88' lang='lat' dir='ltr'>occidentem:</span> <span class='ocrx_word' id='word_1_12' title='bbox 682 484 713 530; x_wconf 89' lang='lat' dir='ltr'>ut</span> <span class='ocrx_word' id='word_1_13' title='bbox 733 474 873 530; x_wconf 88' lang='lat' dir='ltr'>verissime</span> <span class='ocrx_word' id='word_1_14' title='bbox 913 490 977 529; x_wconf 86' lang='lat' dir='ltr'>vero</span> <span class='ocrx_word' id='word_1_15' title='bbox 991 474 1079 543; x_wconf 88' lang='lat' dir='ltr'>magis</span> <span class='ocrx_word' id='word_1_16' title='bbox 1097 474 1132 527; x_wconf 89' lang='lat' dir='ltr'>sd</span> <span class='ocrx_word' id='word_1_17' title='bbox 1150 474 1261 527; x_wconf 88' lang='lat' dir='ltr'>boream</span> <span class='ocrx_word' id='word_1_18' title='bbox 1282 475 1431 545; x_wconf 89' lang='lat' dir='ltr'>(usquead</span> <span class='ocrx_word' id='word_1_19' title='bbox 1451 473 1566 528; x_wconf 90' lang='lat' dir='ltr'>limitem</span> <span class='ocrx_word' id='word_1_20' title='bbox 1587 492 1705 531; x_wconf 91' lang='lat' dir='ltr'>commu·</span> 
     </span>
     <span class='ocr_line' id='line_1_3' title="bbox 67 552 1706 631; baseline -0.001 -21"><span class='ocrx_word' id='word_1_21' title='bbox 67 557 187 611; x_wconf 82' lang='lat' dir='ltr'>omnino</span> <span class='ocrx_word' id='word_1_22' title='bbox 200 555 324 625; x_wconf 87' lang='lat' dir='ltr'>capiatur</span> <span class='ocrx_word' id='word_1_23' title='bbox 338 563 427 609; x_wconf 87' lang='lat' dir='ltr'>motus</span> <span class='ocrx_word' id='word_1_24' title='bbox 440 570 520 608; x_wconf 89' lang='lat' dir='ltr'>verus</span> <span class='ocrx_word' id='word_1_25' title='bbox 533 555 711 624; x_wconf 86' lang='lat' dir='ltr'>aquarumsb</span> <span class='ocrx_word' id='word_1_26' title='bbox 723 555 791 619; x_wconf 87' lang='lat' dir='ltr'>istis,</span> <span class='ocrx_word' id='word_1_27' title='bbox 806 571 874 624; x_wconf 86' lang='lat' dir='ltr'>quas</span> <span class='ocrx_word' id='word_1_28' title='bbox 912 560 983 631; x_wconf 74' lang='lat' dir='ltr'>dem,</span> <span class='ocrx_word' id='word_1_29' title='bbox 1007 553 1055 606; x_wconf 91' lang='lat' dir='ltr'>ubi</span> <span class='ocrx_word' id='word_1_30' title='bbox 1075 552 1247 624; x_wconf 89' lang='lat' dir='ltr'>repelluntur,</span> <span class='ocrx_word' id='word_1_31' title='bbox 1269 569 1286 605; x_wconf 91' lang='lat' dir='ltr'>a</span> <span class='ocrx_word' id='word_1_32' title='bbox 1304 555 1411 624; x_wconf 80' lang='lat' dir='ltr'>gurgite</span> <span class='ocrx_word' id='word_1_33' title='bbox 1435 554 1601 623; x_wconf 89' lang='lat' dir='ltr'>antistropho</span> <span class='ocrx_word' id='word_1_34' title='bbox 1624 557 1706 609; x_wconf 88' lang='lat' dir='ltr'>marie</span> 
     </span>
     <span class='ocr_line' id='line_1_4' title="bbox 66 631 1706 704; baseline 0.001 -17"><span class='ocrx_word' id='word_1_35' title='bbox 66 635 204 699; x_wconf 77' lang='lat' dir='ltr'>diximus,</span> <span class='ocrx_word' id='word_1_36' title='bbox 219 633 436 688; x_wconf 86' lang='lat' dir='ltr'>extremitatibus</span> <span class='ocrx_word' id='word_1_37' title='bbox 448 633 530 697; x_wconf 88' lang='lat' dir='ltr'>orbis,</span> <span class='ocrx_word' id='word_1_38' title='bbox 544 634 591 687; x_wconf 93' lang='lat' dir='ltr'>ubi</span> <span class='ocrx_word' id='word_1_39' title='bbox 605 650 660 687; x_wconf 90' lang='lat' dir='ltr'>non</span> <span class='ocrx_word' id='word_1_40' title='bbox 680 634 873 704; x_wconf 89' lang='lat' dir='ltr'>impediuntur,</span> <span class='ocrx_word' id='word_1_41' title='bbox 913 631 1047 701; x_wconf 76' lang='lat' dir='ltr'>Scythici)</span> <span class='ocrx_word' id='word_1_42' title='bbox 1062 648 1094 685; x_wconf 88' lang='lat' dir='ltr'>eo</span> <span class='ocrx_word' id='word_1_43' title='bbox 1108 631 1209 686; x_wconf 90' lang='lat' dir='ltr'>tardius</span> <span class='ocrx_word' id='word_1_44' title='bbox 1222 639 1305 703; x_wconf 88' lang='lat' dir='ltr'>atque</span> <span class='ocrx_word' id='word_1_45' title='bbox 1320 633 1559 703; x_wconf 87' lang='lat' dir='ltr'>insubsequentia.</span> <span class='ocrx_word' id='word_1_46' title='bbox 1600 633 1706 688; x_wconf 90' lang='lat' dir='ltr'>idvero</span> 
     </span>
     <span class='ocr_line' id='line_1_5' title="bbox 67 710 1706 783; baseline -0.001 -15"><span class='ocrx_word' id='word_1_47' title='bbox 67 715 122 768; x_wconf 87' lang='lat' dir='ltr'>sed</span> <span class='ocrx_word' id='word_1_48' title='bbox 141 720 293 782; x_wconf 85' lang='lat' dir='ltr'>permeant.</span> <span class='ocrx_word' id='word_1_49' title='bbox 334 713 426 783; x_wconf 82' lang='lat' dir='ltr'>Atque</span> <span class='ocrx_word' id='word_1_50' title='bbox 445 711 564 782; x_wconf 89' lang='lat' dir='ltr'>primum</span> <span class='ocrx_word' id='word_1_51' title='bbox 585 712 802 782; x_wconf 78' lang='lat' dir='ltr'>experimentum</span> <span class='ocrx_word' id='word_1_52' title='bbox 822 711 874 767; x_wconf 92' lang='lat' dir='ltr'>hu·</span> <span class='ocrx_word' id='word_1_53' title='bbox 911 712 952 765; x_wconf 91' lang='lat' dir='ltr'>ita</span> <span class='ocrx_word' id='word_1_54' title='bbox 966 711 1023 765; x_wconf 86' lang='lat' dir='ltr'>fieri</span> <span class='ocrx_word' id='word_1_55' title='bbox 1039 712 1255 780; x_wconf 81' lang='lat' dir='ltr'>experimentum</span> <span class='ocrx_word' id='word_1_56' title='bbox 1269 711 1341 765; x_wconf 90' lang='lat' dir='ltr'>istud</span> <span class='ocrx_word' id='word_1_57' title='bbox 1355 729 1541 783; x_wconf 78' lang='lat' dir='ltr'>progressura</span> <span class='ocrx_word' id='word_1_58' title='bbox 1554 710 1706 767; x_wconf 83' lang='lat' dir='ltr'>iretoiler-</span> 
     </span>
     <span class='ocr_line' id='line_1_6' title="bbox 62 789 1705 862; baseline -0.002 -15"><span class='ocrx_word' id='word_1_59' title='bbox 62 792 192 861; x_wconf 81' lang='lat' dir='ltr'>jusmodi</span> <span class='ocrx_word' id='word_1_60' title='bbox 206 801 257 847; x_wconf 84' lang='lat' dir='ltr'>est.</span> <span class='ocrx_word' id='word_1_61' title='bbox 299 791 453 846; x_wconf 88' lang='lat' dir='ltr'>Secundum</span> <span class='ocrx_word' id='word_1_62' title='bbox 466 798 557 845; x_wconf 88' lang='lat' dir='ltr'>autem</span> <span class='ocrx_word' id='word_1_63' title='bbox 574 791 637 845; x_wconf 86' lang='lat' dir='ltr'>tale.</span> <span class='ocrx_word' id='word_1_64' title='bbox 911 789 990 846; x_wconf 89' lang='lat' dir='ltr'>culeo</span> <span class='ocrx_word' id='word_1_65' title='bbox 1017 790 1051 842; x_wconf 89' lang='lat' dir='ltr'>ad</span> <span class='ocrx_word' id='word_1_66' title='bbox 1077 791 1175 844; x_wconf 76' lang='lat' dir='ltr'>fretum</span> <span class='ocrx_word' id='word_1_67' title='bbox 1202 790 1397 856; x_wconf 88' lang='lat' dir='ltr'>Britannicum,</span> <span class='ocrx_word' id='word_1_68' title='bbox 1423 791 1504 862; x_wconf 88' lang='lat' dir='ltr'>plane</span> <span class='ocrx_word' id='word_1_69' title='bbox 1532 792 1705 846; x_wconf 87' lang='lat' dir='ltr'>demonstrat.</span> 
     </span>
     <span class='ocr_line' id='line_1_7' title="bbox 111 868 1706 942; baseline -0.002 -15"><span class='ocrx_word' id='word_1_70' title='bbox 111 872 290 942; x_wconf 74' lang='lat' dir='ltr'>supponatur</span> <span class='ocrx_word' id='word_1_71' title='bbox 303 872 406 925; x_wconf 85' lang='lat' dir='ltr'>fluxum</span> <span class='ocrx_word' id='word_1_72' title='bbox 417 870 500 925; x_wconf 75' lang='lat' dir='ltr'>mans</span> <span class='ocrx_word' id='word_1_73' title='bbox 513 870 548 925; x_wconf 91' lang='lat' dir='ltr'>ad</span> <span class='ocrx_word' id='word_1_74' title='bbox 561 871 660 924; x_wconf 73' lang='grc' dir='ltr'>οιιίιιιιι</span> <span class='ocrx_word' id='word_1_75' title='bbox 671 869 731 924; x_wconf 79' lang='lat' dir='ltr'>freti</span> <span class='ocrx_word' id='word_1_76' title='bbox 743 869 872 925; x_wconf 89' lang='lat' dir='ltr'>Herculei</span> <span class='ocrx_word' id='word_1_77' title='bbox 913 870 1009 940; x_wconf 91' lang='lat' dir='ltr'>ltaque</span> <span class='ocrx_word' id='word_1_78' title='bbox 1023 869 1184 923; x_wconf 76' lang='lat' dir='ltr'>arbitramur</span> <span class='ocrx_word' id='word_1_79' title='bbox 1198 871 1279 922; x_wconf 90' lang='lat' dir='ltr'>etiam</span> <span class='ocrx_word' id='word_1_80' title='bbox 1295 869 1398 924; x_wconf 86' lang='lat' dir='ltr'>fluxum</span> <span class='ocrx_word' id='word_1_81' title='bbox 1412 872 1484 924; x_wconf 87' lang='lat' dir='ltr'>circa</span> <span class='ocrx_word' id='word_1_82' title='bbox 1497 868 1588 923; x_wconf 89' lang='lat' dir='ltr'>littora</span> <span class='ocrx_word' id='word_1_83' title='bbox 1606 871 1706 924; x_wconf 81' lang='lat' dir='ltr'>Airicae</span> 
     </span>
     <span class='ocr_line' id='line_1_8' title="bbox 67 948 1705 1020; baseline -0.001 -15"><span class='ocrx_word' id='word_1_84' title='bbox 67 951 130 1005; x_wconf 79' lang='lat' dir='ltr'>fieri</span> <span class='ocrx_word' id='word_1_85' title='bbox 157 951 194 1005; x_wconf 86' lang='lat' dir='ltr'>ad</span> <span class='ocrx_word' id='word_1_86' title='bbox 217 950 314 1004; x_wconf 87' lang='lat' dir='ltr'>horem</span> <span class='ocrx_word' id='word_1_87' title='bbox 337 949 458 1020; x_wconf 90' lang='lat' dir='ltr'>aliquam</span> <span class='ocrx_word' id='word_1_88' title='bbox 481 956 593 1012; x_wconf 85' lang='lat' dir='ltr'>certam,</span> <span class='ocrx_word' id='word_1_89' title='bbox 617 957 722 1004; x_wconf 88' lang='lat' dir='ltr'>constat</span> <span class='ocrx_word' id='word_1_90' title='bbox 744 949 872 1003; x_wconf 79' lang='lat' dir='ltr'>accedere</span> <span class='ocrx_word' id='word_1_91' title='bbox 911 956 1080 1003; x_wconf 78' lang='lat' dir='ltr'>antevertere</span> <span class='ocrx_word' id='word_1_92' title='bbox 1095 949 1197 1002; x_wconf 86' lang='lat' dir='ltr'>fluxum</span> <span class='ocrx_word' id='word_1_93' title='bbox 1206 948 1278 1002; x_wconf 89' lang='lat' dir='ltr'>eirca</span> <span class='ocrx_word' id='word_1_94' title='bbox 1286 948 1385 1003; x_wconf 82' lang='lat' dir='ltr'>fretum</span> <span class='ocrx_word' id='word_1_95' title='bbox 1398 948 1569 1011; x_wconf 87' lang='lat' dir='ltr'>Herculeum,</span> <span class='ocrx_word' id='word_1_96' title='bbox 1580 957 1614 1013; x_wconf 88' lang='lat' dir='ltr'>et,</span> <span class='ocrx_word' id='word_1_97' title='bbox 1626 967 1705 1004; x_wconf 83' lang='lat' dir='ltr'>verso</span> 
     </span>
     <span class='ocr_line' id='line_1_9' title="bbox 68 1027 1703 1099; baseline 0 -16"><span class='ocrx_word' id='word_1_98' title='bbox 68 1030 180 1084; x_wconf 80' lang='lat' dir='ltr'>fluxum</span> <span class='ocrx_word' id='word_1_99' title='bbox 195 1030 230 1083; x_wconf 90' lang='lat' dir='ltr'>sd</span> <span class='ocrx_word' id='word_1_100' title='bbox 243 1036 325 1098; x_wconf 88' lang='lat' dir='ltr'>caput</span> <span class='ocrx_word' id='word_1_101' title='bbox 339 1030 426 1084; x_wconf 87' lang='lat' dir='ltr'>sancti</span> <span class='ocrx_word' id='word_1_102' title='bbox 448 1028 587 1083; x_wconf 86' lang='lat' dir='ltr'>Vincentii</span> <span class='ocrx_word' id='word_1_103' title='bbox 604 1028 716 1092; x_wconf 89' lang='lat' dir='ltr'>tardius,</span> <span class='ocrx_word' id='word_1_104' title='bbox 736 1044 818 1099; x_wconf 90' lang='lat' dir='ltr'>quam</span> <span class='ocrx_word' id='word_1_105' title='bbox 838 1028 873 1081; x_wconf 88' lang='lat' dir='ltr'>ad</span> <span class='ocrx_word' id='word_1_106' title='bbox 911 1028 1012 1091; x_wconf 88' lang='lat' dir='ltr'>ordine,</span> <span class='ocrx_word' id='word_1_107' title='bbox 1028 1028 1130 1081; x_wconf 88' lang='lat' dir='ltr'>fluxum</span> <span class='ocrx_word' id='word_1_108' title='bbox 1149 1027 1221 1080; x_wconf 86' lang='lat' dir='ltr'>circa</span> <span class='ocrx_word' id='word_1_109' title='bbox 1235 1029 1400 1097; x_wconf 82' lang='lat' dir='ltr'>Norregianr</span> <span class='ocrx_word' id='word_1_110' title='bbox 1421 1036 1586 1082; x_wconf 83' lang='lat' dir='ltr'>antevertere</span> <span class='ocrx_word' id='word_1_111' title='bbox 1601 1030 1703 1083; x_wconf 88' lang='lat' dir='ltr'>fluxum</span> 
     </span>
     <span class='ocr_line' id='line_1_10' title="bbox 66 1106 1704 1178; baseline 0 -16"><span class='ocrx_word' id='word_1_112' title='bbox 66 1109 171 1163; x_wconf 78' lang='grc' dir='ltr'>ωιίιιιιι</span> <span class='ocrx_word' id='word_1_113' title='bbox 191 1107 277 1172; x_wconf 77' lang='lat' dir='ltr'>illud3</span> <span class='ocrx_word' id='word_1_114' title='bbox 298 1109 334 1163; x_wconf 89' lang='lat' dir='ltr'>sd</span> <span class='ocrx_word' id='word_1_115' title='bbox 354 1114 438 1177; x_wconf 89' lang='lat' dir='ltr'>caput</span> <span class='ocrx_word' id='word_1_116' title='bbox 459 1107 637 1171; x_wconf 75' lang='lat' dir='ltr'>Finis-terrm,</span> <span class='ocrx_word' id='word_1_117' title='bbox 660 1107 770 1172; x_wconf 86' lang='lat' dir='ltr'>tardius,</span> <span class='ocrx_word' id='word_1_118' title='bbox 790 1123 873 1178; x_wconf 89' lang='lat' dir='ltr'>quam</span> <span class='ocrx_word' id='word_1_119' title='bbox 910 1106 984 1163; x_wconf 89' lang='lat' dir='ltr'>circa</span> <span class='ocrx_word' id='word_1_120' title='bbox 1001 1107 1144 1170; x_wconf 69' lang='lat' dir='ltr'>Suedium</span> <span class='ocrx_word' id='word_1_121' title='bbox 1166 1106 1214 1160; x_wconf 88' lang='lat' dir='ltr'>sed</span> <span class='ocrx_word' id='word_1_122' title='bbox 1231 1107 1259 1160; x_wconf 93' lang='lat' dir='ltr'>id</span> <span class='ocrx_word' id='word_1_123' title='bbox 1279 1107 1358 1161; x_wconf 88' lang='lat' dir='ltr'>nobis</span> <span class='ocrx_word' id='word_1_124' title='bbox 1378 1107 1565 1178; x_wconf 87' lang='lat' dir='ltr'>experimento</span> <span class='ocrx_word' id='word_1_125' title='bbox 1579 1114 1626 1162; x_wconf 93' lang='lat' dir='ltr'>aut</span> <span class='ocrx_word' id='word_1_126' title='bbox 1646 1107 1704 1162; x_wconf 88' lang='lat' dir='ltr'>his·</span> 
     </span>
     <span class='ocr_line' id='line_1_11' title="bbox 65 1185 1293 1258; baseline 0.001 -19"><span class='ocrx_word' id='word_1_127' title='bbox 65 1188 106 1241; x_wconf 85' lang='lat' dir='ltr'>ad</span> <span class='ocrx_word' id='word_1_128' title='bbox 114 1196 202 1258; x_wconf 85' lang='lat' dir='ltr'>eaput</span> <span class='ocrx_word' id='word_1_129' title='bbox 211 1186 300 1243; x_wconf 83' lang='lat' dir='ltr'>sancti</span> <span class='ocrx_word' id='word_1_130' title='bbox 311 1185 464 1249; x_wconf 68' lang='lat' dir='ltr'>Vincentiir</span> <span class='ocrx_word' id='word_1_131' title='bbox 481 1186 516 1241; x_wconf 88' lang='lat' dir='ltr'>sd</span> <span class='ocrx_word' id='word_1_132' title='bbox 531 1186 653 1241; x_wconf 76' lang='lat' dir='ltr'>Insulam</span> <span class='ocrx_word' id='word_1_133' title='bbox 665 1186 751 1255; x_wconf 78' lang='lat' dir='ltr'>Regis</span> <span class='ocrx_word' id='word_1_134' title='bbox 762 1186 871 1250; x_wconf 89' lang='lat' dir='ltr'>tardius,</span> <span class='ocrx_word' id='word_1_135' title='bbox 911 1186 981 1239; x_wconf 85' lang='lat' dir='ltr'>toria</span> <span class='ocrx_word' id='word_1_136' title='bbox 994 1193 1161 1255; x_wconf 85' lang='lat' dir='ltr'>compertum</span> <span class='ocrx_word' id='word_1_137' title='bbox 1174 1202 1229 1239; x_wconf 90' lang='lat' dir='ltr'>non</span> <span class='ocrx_word' id='word_1_138' title='bbox 1243 1195 1293 1240; x_wconf 90' lang='lat' dir='ltr'>est.</span> 
     </span>
     <span class='ocr_line' id='line_1_12' title="bbox 65 1264 1703 1336; baseline 0.001 -16"><span class='ocrx_word' id='word_1_139' title='bbox 65 1282 156 1336; x_wconf 88' lang='lat' dir='ltr'>quam</span> <span class='ocrx_word' id='word_1_140' title='bbox 168 1267 206 1320; x_wconf 83' lang='lat' dir='ltr'>ad</span> <span class='ocrx_word' id='word_1_141' title='bbox 217 1272 299 1335; x_wconf 87' lang='lat' dir='ltr'>caput</span> <span class='ocrx_word' id='word_1_142' title='bbox 311 1266 494 1330; x_wconf 72' lang='lat' dir='ltr'>Finis-terrear</span> <span class='ocrx_word' id='word_1_143' title='bbox 514 1265 550 1319; x_wconf 86' lang='lat' dir='ltr'>ad</span> <span class='ocrx_word' id='word_1_144' title='bbox 563 1264 680 1320; x_wconf 74' lang='lat' dir='ltr'>iamlam</span> <span class='ocrx_word' id='word_1_145' title='bbox 696 1265 807 1319; x_wconf 85' lang='lat' dir='ltr'>Hechae</span> <span class='ocrx_word' id='word_1_146' title='bbox 821 1272 872 1319; x_wconf 88' lang='lat' dir='ltr'>tar-</span> <span class='ocrx_word' id='word_1_147' title='bbox 949 1264 1069 1319; x_wconf 88' lang='lat' dir='ltr'>Tertium</span> <span class='ocrx_word' id='word_1_148' title='bbox 1085 1264 1301 1335; x_wconf 83' lang='lat' dir='ltr'>experimentum</span> <span class='ocrx_word' id='word_1_149' title='bbox 1316 1272 1357 1318; x_wconf 88' lang='lat' dir='ltr'>est</span> <span class='ocrx_word' id='word_1_150' title='bbox 1370 1265 1440 1329; x_wconf 72' lang='lat' dir='ltr'>tale,</span> <span class='ocrx_word' id='word_1_151' title='bbox 1462 1266 1548 1318; x_wconf 84' lang='lat' dir='ltr'>maria</span> <span class='ocrx_word' id='word_1_152' title='bbox 1561 1264 1654 1321; x_wconf 86' lang='lat' dir='ltr'>clausa</span> <span class='ocrx_word' id='word_1_153' title='bbox 1667 1284 1703 1321; x_wconf 88' lang='lat' dir='ltr'>ex</span> 
     </span>
     <span class='ocr_line' id='line_1_13' title="bbox 64 1341 1704 1417; baseline 0.001 -19"><span class='ocrx_word' id='word_1_154' title='bbox 64 1346 140 1410; x_wconf 86' lang='lat' dir='ltr'>dius,</span> <span class='ocrx_word' id='word_1_155' title='bbox 154 1362 237 1417; x_wconf 72' lang='grc' dir='ltr'>φιιω</span> <span class='ocrx_word' id='word_1_156' title='bbox 250 1345 285 1398; x_wconf 87' lang='lat' dir='ltr'>sd</span> <span class='ocrx_word' id='word_1_157' title='bbox 299 1343 419 1401; x_wconf 85' lang='lat' dir='ltr'>Insulam</span> <span class='ocrx_word' id='word_1_158' title='bbox 434 1344 533 1414; x_wconf 84' lang='lat' dir='ltr'>Regis;</span> <span class='ocrx_word' id='word_1_159' title='bbox 554 1344 589 1398; x_wconf 91' lang='lat' dir='ltr'>ad</span> <span class='ocrx_word' id='word_1_160' title='bbox 601 1344 756 1414; x_wconf 89' lang='lat' dir='ltr'>ingressum</span> <span class='ocrx_word' id='word_1_161' title='bbox 769 1343 871 1399; x_wconf 91' lang='lat' dir='ltr'>canalis</span> <span class='ocrx_word' id='word_1_162' title='bbox 909 1341 994 1397; x_wconf 89' lang='lat' dir='ltr'>altera</span> <span class='ocrx_word' id='word_1_163' title='bbox 1007 1352 1090 1413; x_wconf 90' lang='lat' dir='ltr'>parte,</span> <span class='ocrx_word' id='word_1_164' title='bbox 1100 1361 1161 1413; x_wconf 83' lang='lat' dir='ltr'>quse</span> <span class='ocrx_word' id='word_1_165' title='bbox 1174 1345 1248 1397; x_wconf 85' lang='lat' dir='ltr'>sinus</span> <span class='ocrx_word' id='word_1_166' title='bbox 1262 1360 1396 1408; x_wconf 86' lang='lat' dir='ltr'>vocamus,</span> <span class='ocrx_word' id='word_1_167' title='bbox 1409 1346 1431 1397; x_wconf 89' lang='lat' dir='ltr'>si</span> <span class='ocrx_word' id='word_1_168' title='bbox 1443 1346 1652 1415; x_wconf 81' lang='lat' dir='ltr'>exporrigentur</span> <span class='ocrx_word' id='word_1_169' title='bbox 1664 1347 1704 1400; x_wconf 91' lang='lat' dir='ltr'>in·</span> 
     </span>
     <span class='ocr_line' id='line_1_14' title="bbox 62 1421 1702 1495; baseline -0.001 -17"><span class='ocrx_word' id='word_1_170' title='bbox 62 1423 183 1495; x_wconf 77' lang='lat' dir='ltr'>Anglici</span> <span class='ocrx_word' id='word_1_171' title='bbox 204 1424 314 1489; x_wconf 86' lang='lat' dir='ltr'>tardius,</span> <span class='ocrx_word' id='word_1_172' title='bbox 333 1440 416 1495; x_wconf 84' lang='lat' dir='ltr'>quam</span> <span class='ocrx_word' id='word_1_173' title='bbox 438 1424 474 1476; x_wconf 90' lang='lat' dir='ltr'>ad</span> <span class='ocrx_word' id='word_1_174' title='bbox 498 1423 627 1487; x_wconf 87' lang='lat' dir='ltr'>Hechas;</span> <span class='ocrx_word' id='word_1_175' title='bbox 649 1423 684 1477; x_wconf 89' lang='lat' dir='ltr'>ad</span> <span class='ocrx_word' id='word_1_176' title='bbox 704 1423 780 1478; x_wconf 89' lang='lat' dir='ltr'>littus</span> <span class='ocrx_word' id='word_1_177' title='bbox 798 1424 870 1478; x_wconf 88' lang='lat' dir='ltr'>Nor·</span> <span class='ocrx_word' id='word_1_178' title='bbox 908 1422 1053 1478; x_wconf 84' lang='lat' dir='ltr'>clinatione</span> <span class='ocrx_word' id='word_1_179' title='bbox 1072 1421 1164 1492; x_wconf 87' lang='lat' dir='ltr'>aliqua</span> <span class='ocrx_word' id='word_1_180' title='bbox 1178 1422 1212 1475; x_wconf 90' lang='lat' dir='ltr'>ab</span> <span class='ocrx_word' id='word_1_181' title='bbox 1226 1422 1329 1476; x_wconf 87' lang='lat' dir='ltr'>oriente</span> <span class='ocrx_word' id='word_1_182' title='bbox 1349 1423 1378 1475; x_wconf 93' lang='lat' dir='ltr'>in</span> <span class='ocrx_word' id='word_1_183' title='bbox 1401 1424 1578 1488; x_wconf 87' lang='lat' dir='ltr'>occidentem,</span> <span class='ocrx_word' id='word_1_184' title='bbox 1593 1442 1653 1495; x_wconf 81' lang='lat' dir='ltr'>qum</span> <span class='ocrx_word' id='word_1_185' title='bbox 1674 1425 1702 1477; x_wconf 91' lang='lat' dir='ltr'>in</span> 
     </span>
     <span class='ocr_line' id='line_1_15' title="bbox 60 1500 1703 1573; baseline -0.001 -15"><span class='ocrx_word' id='word_1_186' title='bbox 60 1505 228 1558; x_wconf 79' lang='lat' dir='ltr'>mannicum</span> <span class='ocrx_word' id='word_1_187' title='bbox 259 1502 369 1566; x_wconf 86' lang='lat' dir='ltr'>tardius,</span> <span class='ocrx_word' id='word_1_188' title='bbox 398 1519 481 1573; x_wconf 85' lang='lat' dir='ltr'>quam</span> <span class='ocrx_word' id='word_1_189' title='bbox 507 1503 542 1557; x_wconf 87' lang='lat' dir='ltr'>ad</span> <span class='ocrx_word' id='word_1_190' title='bbox 575 1502 729 1573; x_wconf 87' lang='lat' dir='ltr'>ingressum</span> <span class='ocrx_word' id='word_1_191' title='bbox 756 1500 868 1557; x_wconf 88' lang='lat' dir='ltr'>canalis.</span> <span class='ocrx_word' id='word_1_192' title='bbox 908 1502 1101 1573; x_wconf 72' lang='lat' dir='ltr'>consequentia</span> <span class='ocrx_word' id='word_1_193' title='bbox 1121 1510 1164 1556; x_wconf 89' lang='lat' dir='ltr'>est</span> <span class='ocrx_word' id='word_1_194' title='bbox 1185 1518 1246 1556; x_wconf 90' lang='lat' dir='ltr'>cnm</span> <span class='ocrx_word' id='word_1_195' title='bbox 1270 1509 1343 1556; x_wconf 88' lang='lat' dir='ltr'>motu</span> <span class='ocrx_word' id='word_1_196' title='bbox 1364 1519 1429 1555; x_wconf 90' lang='lat' dir='ltr'>vero</span> <span class='ocrx_word' id='word_1_197' title='bbox 1449 1520 1587 1573; x_wconf 85' lang='lat' dir='ltr'>aquarum,</span> <span class='ocrx_word' id='word_1_198' title='bbox 1602 1503 1703 1556; x_wconf 88' lang='lat' dir='ltr'>habent</span> 
     </span>
     <span class='ocr_line' id='line_1_16' title="bbox 65 1579 1702 1654; baseline 0 -19"><span class='ocrx_word' id='word_1_199' title='bbox 65 1582 223 1654; x_wconf 86' lang='lat' dir='ltr'>Hucusque</span> <span class='ocrx_word' id='word_1_200' title='bbox 243 1581 407 1645; x_wconf 69' lang='lat' dir='ltr'>ordinatim</span> <span class='ocrx_word' id='word_1_201' title='bbox 429 1580 464 1636; x_wconf 82' lang='lat' dir='ltr'>etl</span> <span class='ocrx_word' id='word_1_202' title='bbox 486 1580 679 1650; x_wconf 85' lang='lat' dir='ltr'>Gravelingam</span> <span class='ocrx_word' id='word_1_203' title='bbox 701 1598 772 1645; x_wconf 89' lang='lat' dir='ltr'>vero,</span> <span class='ocrx_word' id='word_1_204' title='bbox 791 1599 870 1636; x_wconf 89' lang='lat' dir='ltr'>verso</span> <span class='ocrx_word' id='word_1_205' title='bbox 908 1580 997 1635; x_wconf 79' lang='lat' dir='ltr'>domis</span> <span class='ocrx_word' id='word_1_206' title='bbox 1010 1579 1132 1650; x_wconf 84' lang='lat' dir='ltr'>rigentes</span> <span class='ocrx_word' id='word_1_207' title='bbox 1145 1590 1173 1634; x_wconf 91' lang='lat' dir='ltr'>et</span> <span class='ocrx_word' id='word_1_208' title='bbox 1188 1581 1285 1634; x_wconf 82' lang='lat' dir='ltr'>sortes:</span> <span class='ocrx_word' id='word_1_209' title='bbox 1307 1581 1329 1634; x_wconf 91' lang='lat' dir='ltr'>si</span> <span class='ocrx_word' id='word_1_210' title='bbox 1343 1598 1407 1637; x_wconf 81' lang='lat' dir='ltr'>uero</span> <span class='ocrx_word' id='word_1_211' title='bbox 1421 1581 1595 1636; x_wconf 85' lang='lat' dir='ltr'>inclinatione</span> <span class='ocrx_word' id='word_1_212' title='bbox 1610 1582 1702 1635; x_wconf 91' lang='lat' dir='ltr'>adver-</span> 
     </span>
     <span class='ocr_line' id='line_1_17' title="bbox 62 1656 1701 1734; baseline 0.001 -20"><span class='ocrx_word' id='word_1_213' title='bbox 62 1678 182 1732; x_wconf 83' lang='lat' dir='ltr'>prorsus</span> <span class='ocrx_word' id='word_1_214' title='bbox 197 1661 291 1715; x_wconf 91' lang='lat' dir='ltr'>ordine</span> <span class='ocrx_word' id='word_1_215' title='bbox 308 1659 406 1734; x_wconf 88' lang='lat' dir='ltr'>(idque</span> <span class='ocrx_word' id='word_1_216' title='bbox 426 1677 526 1731; x_wconf 89' lang='lat' dir='ltr'>magno</span> <span class='ocrx_word' id='word_1_217' title='bbox 543 1656 631 1734; x_wconf 87' lang='lat' dir='ltr'>saltu)</span> <span class='ocrx_word' id='word_1_218' title='bbox 651 1660 728 1731; x_wconf 87' lang='lat' dir='ltr'>quasi</span> <span class='ocrx_word' id='word_1_219' title='bbox 749 1661 783 1714; x_wconf 87' lang='lat' dir='ltr'>ad</span> <span class='ocrx_word' id='word_1_220' title='bbox 804 1677 869 1714; x_wconf 88' lang='lat' dir='ltr'>ean·</span> <span class='ocrx_word' id='word_1_221' title='bbox 907 1676 945 1723; x_wconf 82' lang='lat' dir='ltr'>sa,</span> <span class='ocrx_word' id='word_1_222' title='bbox 961 1659 1105 1729; x_wconf 87' lang='lat' dir='ltr'>languidos</span> <span class='ocrx_word' id='word_1_223' title='bbox 1118 1667 1146 1714; x_wconf 90' lang='lat' dir='ltr'>et</span> <span class='ocrx_word' id='word_1_224' title='bbox 1159 1660 1295 1714; x_wconf 91' lang='lat' dir='ltr'>obscuros.</span> <span class='ocrx_word' id='word_1_225' title='bbox 1323 1659 1397 1713; x_wconf 90' lang='lat' dir='ltr'>Nam</span> <span class='ocrx_word' id='word_1_226' title='bbox 1409 1668 1434 1713; x_wconf 90' lang='lat' dir='ltr'>et</span> <span class='ocrx_word' id='word_1_227' title='bbox 1444 1678 1518 1715; x_wconf 85' lang='lat' dir='ltr'>mare</span> <span class='ocrx_word' id='word_1_228' title='bbox 1530 1660 1701 1730; x_wconf 79' lang='lat' dir='ltr'>Erythraeum</span> 
     </span>
     <span class='ocr_line' id='line_1_18' title="bbox 62 1738 1701 1809; baseline -0.001 -16"><span class='ocrx_word' id='word_1_229' title='bbox 62 1740 132 1795; x_wconf 89' lang='lat' dir='ltr'>dem</span> <span class='ocrx_word' id='word_1_230' title='bbox 159 1740 259 1795; x_wconf 86' lang='lat' dir='ltr'>horam</span> <span class='ocrx_word' id='word_1_231' title='bbox 281 1756 343 1794; x_wconf 87' lang='lat' dir='ltr'>cum</span> <span class='ocrx_word' id='word_1_232' title='bbox 367 1739 436 1794; x_wconf 92' lang='lat' dir='ltr'>ostio</span> <span class='ocrx_word' id='word_1_233' title='bbox 463 1740 527 1794; x_wconf 79' lang='lat' dir='ltr'>freti</span> <span class='ocrx_word' id='word_1_234' title='bbox 552 1739 690 1794; x_wconf 86' lang='lat' dir='ltr'>Herculei.</span> <span class='ocrx_word' id='word_1_235' title='bbox 739 1739 800 1793; x_wconf 88' lang='lat' dir='ltr'>Hoc</span> <span class='ocrx_word' id='word_1_236' title='bbox 824 1756 870 1794; x_wconf 89' lang='lat' dir='ltr'>ex·</span> <span class='ocrx_word' id='word_1_237' title='bbox 907 1738 992 1793; x_wconf 89' lang='lat' dir='ltr'>habet</span> <span class='ocrx_word' id='word_1_238' title='bbox 1009 1739 1112 1793; x_wconf 86' lang='lat' dir='ltr'>fluxum</span> <span class='ocrx_word' id='word_1_239' title='bbox 1126 1739 1195 1793; x_wconf 89' lang='lat' dir='ltr'>bene</span> <span class='ocrx_word' id='word_1_240' title='bbox 1209 1755 1345 1809; x_wconf 87' lang='lat' dir='ltr'>magnum,</span> <span class='ocrx_word' id='word_1_241' title='bbox 1360 1748 1387 1793; x_wconf 89' lang='lat' dir='ltr'>et</span> <span class='ocrx_word' id='word_1_242' title='bbox 1403 1740 1478 1794; x_wconf 91' lang='lat' dir='ltr'>sinus</span> <span class='ocrx_word' id='word_1_243' title='bbox 1500 1739 1626 1794; x_wconf 91' lang='lat' dir='ltr'>Persicus</span> <span class='ocrx_word' id='word_1_244' title='bbox 1645 1757 1701 1794; x_wconf 88' lang='lat' dir='ltr'>ma-</span> 
     </span>
     <span class='ocr_line' id='line_1_19' title="bbox 61 1817 1701 1890; baseline -0.002 -16"><span class='ocrx_word' id='word_1_245' title='bbox 61 1821 255 1890; x_wconf 86' lang='lat' dir='ltr'>perimentum</span> <span class='ocrx_word' id='word_1_246' title='bbox 280 1819 428 1874; x_wconf 87' lang='lat' dir='ltr'>secundum</span> <span class='ocrx_word' id='word_1_247' title='bbox 452 1817 487 1871; x_wconf 89' lang='lat' dir='ltr'>ad</span> <span class='ocrx_word' id='word_1_248' title='bbox 510 1819 726 1889; x_wconf 77' lang='lat' dir='ltr'>experimentum</span> <span class='ocrx_word' id='word_1_249' title='bbox 748 1819 867 1889; x_wconf 91' lang='lat' dir='ltr'>primum</span> <span class='ocrx_word' id='word_1_250' title='bbox 906 1818 950 1888; x_wconf 90' lang='lat' dir='ltr'>gis</span> <span class='ocrx_word' id='word_1_251' title='bbox 970 1826 1043 1872; x_wconf 90' lang='lat' dir='ltr'>recta</span> <span class='ocrx_word' id='word_1_252' title='bbox 1063 1825 1159 1886; x_wconf 88' lang='lat' dir='ltr'>petens</span> <span class='ocrx_word' id='word_1_253' title='bbox 1179 1818 1354 1882; x_wconf 88' lang='lat' dir='ltr'>occidentem,</span> <span class='ocrx_word' id='word_1_254' title='bbox 1375 1818 1463 1872; x_wconf 89' lang='lat' dir='ltr'>adhuc</span> <span class='ocrx_word' id='word_1_255' title='bbox 1481 1820 1622 1887; x_wconf 87' lang='lat' dir='ltr'>majorem.</span> <span class='ocrx_word' id='word_1_256' title='bbox 1664 1818 1701 1871; x_wconf 89' lang='lat' dir='ltr'>At</span> 
     </span>
     <span class='ocr_line' id='line_1_20' title="bbox 64 1895 1700 1978; baseline -0.001 -26"><span class='ocrx_word' id='word_1_257' title='bbox 64 1898 217 1978; x_wconf 72' lang='lat' dir='ltr'>trahimus.</span> <span class='ocrx_word' id='word_1_258' title='bbox 260 1898 545 1953; x_wconf 83' lang='lat' dir='ltr'>Existimamusenim</span> <span class='ocrx_word' id='word_1_259' title='bbox 559 1897 798 1968; x_wconf 82' lang='lat' dir='ltr'>(quemadmodum</span> <span class='ocrx_word' id='word_1_260' title='bbox 808 1895 868 1973; x_wconf 90' lang='lat' dir='ltr'>jam</span> <span class='ocrx_word' id='word_1_261' title='bbox 906 1913 981 1951; x_wconf 86' lang='lat' dir='ltr'>mare</span> <span class='ocrx_word' id='word_1_262' title='bbox 1002 1896 1240 1961; x_wconf 87' lang='lat' dir='ltr'>Mediterraneum,</span> <span class='ocrx_word' id='word_1_263' title='bbox 1255 1897 1327 1968; x_wconf 92' lang='lat' dir='ltr'>quod</span> <span class='ocrx_word' id='word_1_264' title='bbox 1341 1904 1382 1951; x_wconf 92' lang='lat' dir='ltr'>est</span> <span class='ocrx_word' id='word_1_265' title='bbox 1396 1898 1504 1952; x_wconf 91' lang='lat' dir='ltr'>sinuum</span> <span class='ocrx_word' id='word_1_266' title='bbox 1517 1898 1660 1961; x_wconf 87' lang='lat' dir='ltr'>maximus,</span> <span class='ocrx_word' id='word_1_267' title='bbox 1673 1906 1700 1950; x_wconf 90' lang='lat' dir='ltr'>et</span> 
     </span>
     <span class='ocr_line' id='line_1_21' title="bbox 65 1975 1701 2047; baseline -0.001 -16"><span class='ocrx_word' id='word_1_268' title='bbox 65 1977 172 2033; x_wconf 86' lang='lat' dir='ltr'>dictum</span> <span class='ocrx_word' id='word_1_269' title='bbox 198 1977 253 2044; x_wconf 88' lang='lat' dir='ltr'>est)</span> <span class='ocrx_word' id='word_1_270' title='bbox 278 1977 307 2031; x_wconf 91' lang='lat' dir='ltr'>in</span> <span class='ocrx_word' id='word_1_271' title='bbox 331 1977 401 2032; x_wconf 89' lang='lat' dir='ltr'>mari</span> <span class='ocrx_word' id='word_1_272' title='bbox 425 1976 525 2042; x_wconf 89' lang='lat' dir='ltr'>Indico,</span> <span class='ocrx_word' id='word_1_273' title='bbox 549 1984 577 2031; x_wconf 87' lang='lat' dir='ltr'>et</span> <span class='ocrx_word' id='word_1_274' title='bbox 598 1977 628 2031; x_wconf 92' lang='lat' dir='ltr'>in</span> <span class='ocrx_word' id='word_1_275' title='bbox 647 1976 716 2031; x_wconf 91' lang='lat' dir='ltr'>mari</span> <span class='ocrx_word' id='word_1_276' title='bbox 740 1976 869 2047; x_wconf 82' lang='lat' dir='ltr'>Scythico</span> <span class='ocrx_word' id='word_1_277' title='bbox 906 1976 989 2045; x_wconf 88' lang='lat' dir='ltr'>hujus</span> <span class='ocrx_word' id='word_1_278' title='bbox 1008 1984 1101 2046; x_wconf 90' lang='lat' dir='ltr'>partes</span> <span class='ocrx_word' id='word_1_279' title='bbox 1120 1976 1298 2047; x_wconf 83' lang='lat' dir='ltr'>Tyrrhenum,</span> <span class='ocrx_word' id='word_1_280' title='bbox 1319 1975 1430 2040; x_wconf 84' lang='lat' dir='ltr'>Pontus,</span> <span class='ocrx_word' id='word_1_281' title='bbox 1451 1985 1480 2031; x_wconf 91' lang='lat' dir='ltr'>et</span> <span class='ocrx_word' id='word_1_282' title='bbox 1499 1975 1651 2047; x_wconf 89' lang='lat' dir='ltr'>Propontis,</span> <span class='ocrx_word' id='word_1_283' title='bbox 1673 1985 1701 2030; x_wconf 89' lang='lat' dir='ltr'>et</span> 
     </span>
     <span class='ocr_line' id='line_1_22' title="bbox 66 2054 1699 2127; baseline -0.001 -17"><span class='ocrx_word' id='word_1_284' title='bbox 66 2074 149 2113; x_wconf 85' lang='lat' dir='ltr'>veros</span> <span class='ocrx_word' id='word_1_285' title='bbox 163 2072 227 2111; x_wconf 87' lang='lat' dir='ltr'>esse</span> <span class='ocrx_word' id='word_1_286' title='bbox 241 2072 335 2111; x_wconf 90' lang='lat' dir='ltr'>cursus</span> <span class='ocrx_word' id='word_1_287' title='bbox 349 2073 490 2127; x_wconf 86' lang='lat' dir='ltr'>aquarum,</span> <span class='ocrx_word' id='word_1_288' title='bbox 501 2056 537 2109; x_wconf 89' lang='lat' dir='ltr'>ab</span> <span class='ocrx_word' id='word_1_289' title='bbox 550 2055 654 2110; x_wconf 89' lang='lat' dir='ltr'>oriente</span> <span class='ocrx_word' id='word_1_290' title='bbox 665 2054 770 2110; x_wconf 89' lang='lat' dir='ltr'>scilicet</span> <span class='ocrx_word' id='word_1_291' title='bbox 781 2056 811 2110; x_wconf 93' lang='lat' dir='ltr'>in</span> <span class='ocrx_word' id='word_1_292' title='bbox 825 2073 868 2110; x_wconf 91' lang='lat' dir='ltr'>oc·</span> <span class='ocrx_word' id='word_1_293' title='bbox 906 2054 1032 2110; x_wconf 87' lang='lat' dir='ltr'>similiter</span> <span class='ocrx_word' id='word_1_294' title='bbox 1049 2072 1124 2109; x_wconf 88' lang='lat' dir='ltr'>mare</span> <span class='ocrx_word' id='word_1_295' title='bbox 1145 2056 1290 2120; x_wconf 88' lang='lat' dir='ltr'>Balticnm,</span> <span class='ocrx_word' id='word_1_296' title='bbox 1311 2073 1371 2126; x_wconf 80' lang='lat' dir='ltr'>quae</span> <span class='ocrx_word' id='word_1_297' title='bbox 1390 2057 1481 2109; x_wconf 90' lang='lat' dir='ltr'>omnia</span> <span class='ocrx_word' id='word_1_298' title='bbox 1499 2057 1640 2110; x_wconf 85' lang='lat' dir='ltr'>reflectunt</span> <span class='ocrx_word' id='word_1_299' title='bbox 1665 2057 1699 2109; x_wconf 87' lang='lat' dir='ltr'>ad</span> 
     </span>
     <span class='ocr_line' id='line_1_23' title="bbox 64 2134 1699 2206; baseline -0.001 -16"><span class='ocrx_word' id='word_1_300' title='bbox 64 2136 217 2200; x_wconf 75' lang='lat' dir='ltr'>ridentem,</span> <span class='ocrx_word' id='word_1_301' title='bbox 239 2135 346 2205; x_wconf 87' lang='lat' dir='ltr'>pervios</span> <span class='ocrx_word' id='word_1_302' title='bbox 365 2141 393 2190; x_wconf 90' lang='lat' dir='ltr'>et</span> <span class='ocrx_word' id='word_1_303' title='bbox 412 2136 551 2206; x_wconf 71' lang='lat' dir='ltr'>integrosr</span> <span class='ocrx_word' id='word_1_304' title='bbox 581 2143 610 2189; x_wconf 87' lang='lat' dir='ltr'>at</span> <span class='ocrx_word' id='word_1_305' title='bbox 628 2135 658 2189; x_wconf 89' lang='lat' dir='ltr'>in</span> <span class='ocrx_word' id='word_1_306' title='bbox 678 2134 764 2190; x_wconf 87' lang='lat' dir='ltr'>alveis</span> <span class='ocrx_word' id='word_1_307' title='bbox 784 2136 868 2190; x_wconf 90' lang='lat' dir='ltr'>maris</span> <span class='ocrx_word' id='word_1_308' title='bbox 905 2135 1047 2199; x_wconf 87' lang='lat' dir='ltr'>orientem,</span> <span class='ocrx_word' id='word_1_309' title='bbox 1061 2134 1242 2189; x_wconf 88' lang='lat' dir='ltr'>destituuntur</span> <span class='ocrx_word' id='word_1_310' title='bbox 1255 2135 1319 2200; x_wconf 84' lang='lat' dir='ltr'>iere,</span> <span class='ocrx_word' id='word_1_311' title='bbox 1340 2141 1367 2189; x_wconf 91' lang='lat' dir='ltr'>et</span> <span class='ocrx_word' id='word_1_312' title='bbox 1380 2135 1470 2189; x_wconf 87' lang='lat' dir='ltr'>fluxus</span> <span class='ocrx_word' id='word_1_313' title='bbox 1489 2134 1592 2190; x_wconf 87' lang='lat' dir='ltr'>habent</span> <span class='ocrx_word' id='word_1_314' title='bbox 1613 2134 1699 2189; x_wconf 92' lang='lat' dir='ltr'>imbe-</span> 
     </span>
     <span class='ocr_line' id='line_1_24' title="bbox 64 2213 1700 2285; baseline -0.001 -16"><span class='ocrx_word' id='word_1_315' title='bbox 64 2215 203 2269; x_wconf 84' lang='lat' dir='ltr'>Atlsutici</span> <span class='ocrx_word' id='word_1_316' title='bbox 214 2221 295 2285; x_wconf 90' lang='lat' dir='ltr'>atque</span> <span class='ocrx_word' id='word_1_317' title='bbox 308 2214 434 2269; x_wconf 69' lang='lat' dir='ltr'>summbs</span> <span class='ocrx_word' id='word_1_318' title='bbox 448 2213 601 2284; x_wconf 88' lang='lat' dir='ltr'>compulsos</span> <span class='ocrx_word' id='word_1_319' title='bbox 615 2220 643 2268; x_wconf 90' lang='lat' dir='ltr'>et</span> <span class='ocrx_word' id='word_1_320' title='bbox 653 2221 829 2279; x_wconf 87' lang='lat' dir='ltr'>transversos,</span> <span class='ocrx_word' id='word_1_321' title='bbox 840 2222 867 2269; x_wconf 90' lang='lat' dir='ltr'>et</span> <span class='ocrx_word' id='word_1_322' title='bbox 905 2213 993 2269; x_wconf 87' lang='lat' dir='ltr'>cilios.</span> <span class='ocrx_word' id='word_1_323' title='bbox 1038 2215 1074 2268; x_wconf 92' lang='lat' dir='ltr'>At</span> <span class='ocrx_word' id='word_1_324' title='bbox 1087 2214 1140 2269; x_wconf 92' lang='lat' dir='ltr'>ista</span> <span class='ocrx_word' id='word_1_325' title='bbox 1153 2213 1306 2269; x_wconf 78' lang='lat' dir='ltr'>differentia</span> <span class='ocrx_word' id='word_1_326' title='bbox 1318 2214 1438 2269; x_wconf 88' lang='lat' dir='ltr'>maxime</span> <span class='ocrx_word' id='word_1_327' title='bbox 1452 2213 1580 2269; x_wconf 89' lang='lat' dir='ltr'>elucescit</span> <span class='ocrx_word' id='word_1_328' title='bbox 1597 2214 1627 2266; x_wconf 91' lang='lat' dir='ltr'>in</span> <span class='ocrx_word' id='word_1_329' title='bbox 1639 2231 1700 2284; x_wconf 91' lang='lat' dir='ltr'>par-</span> 
     </span>
     <span class='ocr_line' id='line_1_25' title="bbox 63 2292 1698 2365; baseline -0.002 -15"><span class='ocrx_word' id='word_1_330' title='bbox 63 2294 201 2350; x_wconf 79' lang='lat' dir='ltr'>rel&#39;ractos</span> <span class='ocrx_word' id='word_1_331' title='bbox 215 2294 252 2347; x_wconf 89' lang='lat' dir='ltr'>ab</span> <span class='ocrx_word' id='word_1_332' title='bbox 265 2294 373 2361; x_wconf 79' lang='lat' dir='ltr'>obiectu</span> <span class='ocrx_word' id='word_1_333' title='bbox 386 2301 527 2358; x_wconf 88' lang='lat' dir='ltr'>terrarum,</span> <span class='ocrx_word' id='word_1_334' title='bbox 542 2311 603 2365; x_wconf 81' lang='lat' dir='ltr'>qum</span> <span class='ocrx_word' id='word_1_335' title='bbox 615 2293 742 2364; x_wconf 90' lang='lat' dir='ltr'>utrinqne</span> <span class='ocrx_word' id='word_1_336' title='bbox 760 2294 790 2347; x_wconf 94' lang='lat' dir='ltr'>in</span> <span class='ocrx_word' id='word_1_337' title='bbox 811 2293 867 2348; x_wconf 91' lang='lat' dir='ltr'>lon·</span> <span class='ocrx_word' id='word_1_338' title='bbox 905 2293 978 2349; x_wconf 89' lang='lat' dir='ltr'>tibus</span> <span class='ocrx_word' id='word_1_339' title='bbox 992 2292 1194 2359; x_wconf 85' lang='lat' dir='ltr'>Mediterranei,</span> <span class='ocrx_word' id='word_1_340' title='bbox 1208 2311 1269 2364; x_wconf 81' lang='lat' dir='ltr'>quse</span> <span class='ocrx_word' id='word_1_341' title='bbox 1283 2293 1413 2364; x_wconf 89' lang='lat' dir='ltr'>quamdiu</span> <span class='ocrx_word' id='word_1_342' title='bbox 1426 2302 1542 2364; x_wconf 89' lang='lat' dir='ltr'>vergunt</span> <span class='ocrx_word' id='word_1_343' title='bbox 1554 2294 1589 2346; x_wconf 90' lang='lat' dir='ltr'>ad</span> <span class='ocrx_word' id='word_1_344' title='bbox 1610 2294 1698 2347; x_wconf 90' lang='lat' dir='ltr'>orien-</span> 
     </span>
     <span class='ocr_line' id='line_1_26' title="bbox 62 2371 1699 2445; baseline 0 -18"><span class='ocrx_word' id='word_1_345' title='bbox 62 2390 131 2444; x_wconf 87' lang='lat' dir='ltr'>gum</span> <span class='ocrx_word' id='word_1_346' title='bbox 141 2374 180 2427; x_wconf 93' lang='lat' dir='ltr'>ab</span> <span class='ocrx_word' id='word_1_347' title='bbox 190 2380 284 2428; x_wconf 88' lang='lat' dir='ltr'>austro</span> <span class='ocrx_word' id='word_1_348' title='bbox 294 2373 329 2426; x_wconf 89' lang='lat' dir='ltr'>ad</span> <span class='ocrx_word' id='word_1_349' title='bbox 341 2373 451 2428; x_wconf 86' lang='lat' dir='ltr'>boream</span> <span class='ocrx_word' id='word_1_350' title='bbox 462 2373 677 2444; x_wconf 89' lang='lat' dir='ltr'>exporriguntur,</span> <span class='ocrx_word' id='word_1_351' title='bbox 688 2380 716 2426; x_wconf 90' lang='lat' dir='ltr'>et</span> <span class='ocrx_word' id='word_1_352' title='bbox 724 2388 865 2444; x_wconf 85' lang='lat' dir='ltr'>nusquam,</span> <span class='ocrx_word' id='word_1_353' title='bbox 904 2379 967 2437; x_wconf 88' lang='lat' dir='ltr'>tem,</span> <span class='ocrx_word' id='word_1_354' title='bbox 988 2379 1036 2426; x_wconf 88' lang='lat' dir='ltr'>aut</span> <span class='ocrx_word' id='word_1_355' title='bbox 1055 2373 1168 2427; x_wconf 85' lang='lat' dir='ltr'>flectunt</span> <span class='ocrx_word' id='word_1_356' title='bbox 1183 2373 1219 2426; x_wconf 85' lang='lat' dir='ltr'>ad</span> <span class='ocrx_word' id='word_1_357' title='bbox 1239 2373 1435 2444; x_wconf 76' lang='lat' dir='ltr'>septentriones</span> <span class='ocrx_word' id='word_1_358' title='bbox 1449 2373 1492 2445; x_wconf 91' lang='lat' dir='ltr'>(ut</span> <span class='ocrx_word' id='word_1_359' title='bbox 1506 2374 1535 2427; x_wconf 88' lang='lat' dir='ltr'>iu</span> <span class='ocrx_word' id='word_1_360' title='bbox 1556 2371 1699 2442; x_wconf 81' lang='lat' dir='ltr'>Tyrrheno</span> 
     </span>
     <span class='ocr_line' id='line_1_27' title="bbox 61 2450 1698 2523; baseline 0.002 -18"><span class='ocrx_word' id='word_1_361' title='bbox 61 2453 117 2507; x_wconf 89' lang='lat' dir='ltr'>nisi</span> <span class='ocrx_word' id='word_1_362' title='bbox 132 2469 231 2507; x_wconf 89' lang='lat' dir='ltr'>versus</span> <span class='ocrx_word' id='word_1_363' title='bbox 245 2451 437 2517; x_wconf 86' lang='lat' dir='ltr'>extremitates,</span> <span class='ocrx_word' id='word_1_364' title='bbox 451 2451 567 2506; x_wconf 89' lang='lat' dir='ltr'>liberum</span> <span class='ocrx_word' id='word_1_365' title='bbox 581 2452 646 2506; x_wconf 88' lang='lat' dir='ltr'>dant</span> <span class='ocrx_word' id='word_1_366' title='bbox 659 2452 763 2507; x_wconf 89' lang='lat' dir='ltr'>exitum</span> <span class='ocrx_word' id='word_1_367' title='bbox 776 2453 864 2523; x_wconf 88' lang='lat' dir='ltr'>aquis.</span> <span class='ocrx_word' id='word_1_368' title='bbox 904 2458 931 2506; x_wconf 90' lang='lat' dir='ltr'>et</span> <span class='ocrx_word' id='word_1_369' title='bbox 944 2451 1030 2516; x_wconf 90' lang='lat' dir='ltr'>iniis,</span> <span class='ocrx_word' id='word_1_370' title='bbox 1045 2470 1105 2523; x_wconf 83' lang='lat' dir='ltr'>quse</span> <span class='ocrx_word' id='word_1_371' title='bbox 1116 2451 1243 2515; x_wconf 83' lang='lat' dir='ltr'>diximus,</span> <span class='ocrx_word' id='word_1_372' title='bbox 1257 2450 1390 2521; x_wconf 91' lang='lat' dir='ltr'>maribus)</span> <span class='ocrx_word' id='word_1_373' title='bbox 1404 2452 1493 2523; x_wconf 90' lang='lat' dir='ltr'>quiete</span> <span class='ocrx_word' id='word_1_374' title='bbox 1505 2461 1587 2523; x_wconf 86' lang='lat' dir='ltr'>agunt</span> <span class='ocrx_word' id='word_1_375' title='bbox 1597 2452 1698 2523; x_wconf 86' lang='lat' dir='ltr'>absque</span> 
     </span>
     <span class='ocr_line' id='line_1_28' title="bbox 62 2529 1698 2603; baseline 0.001 -19"><span class='ocrx_word' id='word_1_376' title='bbox 62 2531 170 2587; x_wconf 85' lang='lat' dir='ltr'>Verum</span> <span class='ocrx_word' id='word_1_377' title='bbox 198 2530 350 2602; x_wconf 85' lang='lat' dir='ltr'>compulsio</span> <span class='ocrx_word' id='word_1_378' title='bbox 376 2531 425 2585; x_wconf 91' lang='lat' dir='ltr'>illa</span> <span class='ocrx_word' id='word_1_379' title='bbox 447 2533 587 2602; x_wconf 70' lang='lat' dir='ltr'>aquarum,</span> <span class='ocrx_word' id='word_1_380' title='bbox 610 2548 672 2603; x_wconf 80' lang='lat' dir='ltr'>qum</span> <span class='ocrx_word' id='word_1_381' title='bbox 697 2539 823 2586; x_wconf 86' lang='lat' dir='ltr'>causatur</span> <span class='ocrx_word' id='word_1_382' title='bbox 849 2549 866 2586; x_wconf 89' lang='lat' dir='ltr'>a</span> <span class='ocrx_word' id='word_1_383' title='bbox 903 2537 974 2585; x_wconf 84' lang='lat' dir='ltr'>aestu</span> <span class='ocrx_word' id='word_1_384' title='bbox 988 2529 1090 2585; x_wconf 85' lang='lat' dir='ltr'>multo:</span> <span class='ocrx_word' id='word_1_385' title='bbox 1105 2538 1133 2585; x_wconf 89' lang='lat' dir='ltr'>at</span> <span class='ocrx_word' id='word_1_386' title='bbox 1143 2539 1285 2601; x_wconf 85' lang='lat' dir='ltr'>postquam</span> <span class='ocrx_word' id='word_1_387' title='bbox 1299 2548 1328 2585; x_wconf 90' lang='lat' dir='ltr'>se</span> <span class='ocrx_word' id='word_1_388' title='bbox 1342 2532 1521 2585; x_wconf 84' lang='lat' dir='ltr'>converterint</span> <span class='ocrx_word' id='word_1_389' title='bbox 1529 2531 1564 2585; x_wconf 90' lang='lat' dir='ltr'>ad</span> <span class='ocrx_word' id='word_1_390' title='bbox 1577 2531 1698 2585; x_wconf 86' lang='lat' dir='ltr'>occiden-</span> 
     </span>
     <span class='ocr_line' id='line_1_29' title="bbox 61 2605 1698 2682; baseline -0.002 -16"><span class='ocrx_word' id='word_1_391' title='bbox 61 2612 135 2666; x_wconf 87' lang='lat' dir='ltr'>mari</span> <span class='ocrx_word' id='word_1_392' title='bbox 153 2611 253 2665; x_wconf 89' lang='lat' dir='ltr'>Indico</span> <span class='ocrx_word' id='word_1_393' title='bbox 270 2626 363 2664; x_wconf 88' lang='lat' dir='ltr'>versus</span> <span class='ocrx_word' id='word_1_394' title='bbox 382 2610 503 2676; x_wconf 89' lang='lat' dir='ltr'>boream,</span> <span class='ocrx_word' id='word_1_395' title='bbox 523 2617 552 2665; x_wconf 90' lang='lat' dir='ltr'>et</span> <span class='ocrx_word' id='word_1_396' title='bbox 571 2605 606 2682; x_wconf 57' lang='lat' dir='ltr'>inJ</span> <span class='ocrx_word' id='word_1_397' title='bbox 620 2610 746 2682; x_wconf 90' lang='lat' dir='ltr'>opposito</span> <span class='ocrx_word' id='word_1_398' title='bbox 766 2627 784 2664; x_wconf 89' lang='lat' dir='ltr'>a</span> <span class='ocrx_word' id='word_1_399' title='bbox 797 2612 865 2666; x_wconf 90' lang='lat' dir='ltr'>mari</span> <span class='ocrx_word' id='word_1_400' title='bbox 905 2617 969 2675; x_wconf 88' lang='lat' dir='ltr'>tem,</span> <span class='ocrx_word' id='word_1_401' title='bbox 991 2610 1063 2681; x_wconf 89' lang='lat' dir='ltr'>quod</span> <span class='ocrx_word' id='word_1_402' title='bbox 1084 2611 1116 2664; x_wconf 87' lang='lat' dir='ltr'>tit</span> <span class='ocrx_word' id='word_1_403' title='bbox 1134 2611 1164 2664; x_wconf 90' lang='lat' dir='ltr'>in</span> <span class='ocrx_word' id='word_1_404' title='bbox 1180 2610 1249 2664; x_wconf 89' lang='lat' dir='ltr'>mari</span> <span class='ocrx_word' id='word_1_405' title='bbox 1270 2609 1416 2673; x_wconf 82' lang='lat' dir='ltr'>Adriatico,</span> <span class='ocrx_word' id='word_1_406' title='bbox 1431 2610 1566 2681; x_wconf 82' lang='lat' dir='ltr'>insignem</span> <span class='ocrx_word' id='word_1_407' title='bbox 1587 2627 1698 2680; x_wconf 87' lang='lat' dir='ltr'>recupe-</span> 
     </span>
     <span class='ocr_line' id='line_1_30' title="bbox 62 2688 1697 2760; baseline 0 -16"><span class='ocrx_word' id='word_1_408' title='bbox 62 2690 186 2759; x_wconf 82' lang='lat' dir='ltr'>Sytlrieo</span> <span class='ocrx_word' id='word_1_409' title='bbox 206 2705 301 2744; x_wconf 89' lang='lat' dir='ltr'>versus</span> <span class='ocrx_word' id='word_1_410' title='bbox 319 2696 448 2756; x_wconf 87' lang='lat' dir='ltr'>austrum,</span> <span class='ocrx_word' id='word_1_411' title='bbox 469 2689 565 2760; x_wconf 90' lang='lat' dir='ltr'>spatiis</span> <span class='ocrx_word' id='word_1_412' title='bbox 588 2689 753 2746; x_wconf 89' lang='lat' dir='ltr'>immensum</span> <span class='ocrx_word' id='word_1_413' title='bbox 771 2690 865 2745; x_wconf 81' lang='lat' dir='ltr'>differ·</span> <span class='ocrx_word' id='word_1_414' title='bbox 903 2696 966 2743; x_wconf 85' lang='lat' dir='ltr'>rant</span> <span class='ocrx_word' id='word_1_415' title='bbox 978 2689 1092 2744; x_wconf 85' lang='lat' dir='ltr'>fluxum.</span> <span class='ocrx_word' id='word_1_416' title='bbox 1135 2689 1187 2744; x_wconf 86' lang='lat' dir='ltr'>Cui</span> <span class='ocrx_word' id='word_1_417' title='bbox 1200 2689 1305 2743; x_wconf 87' lang='lat' dir='ltr'>accedit</span> <span class='ocrx_word' id='word_1_418' title='bbox 1319 2698 1347 2743; x_wconf 91' lang='lat' dir='ltr'>et</span> <span class='ocrx_word' id='word_1_419' title='bbox 1360 2688 1697 2760; x_wconf 86' lang='lat' dir='ltr'>illud,quodinMediter·</span> 
     </span>
     <span class='ocr_line' id='line_1_31' title="bbox 60 2768 1698 2840; baseline -0.002 -16"><span class='ocrx_word' id='word_1_420' title='bbox 60 2777 113 2824; x_wconf 91' lang='lat' dir='ltr'>nnt</span> <span class='ocrx_word' id='word_1_421' title='bbox 134 2770 173 2823; x_wconf 92' lang='lat' dir='ltr'>ob</span> <span class='ocrx_word' id='word_1_422' title='bbox 191 2768 363 2823; x_wconf 79' lang='lat' dir='ltr'>differentem</span> <span class='ocrx_word' id='word_1_423' title='bbox 382 2768 438 2823; x_wconf 86' lang='lat' dir='ltr'>rim</span> <span class='ocrx_word' id='word_1_424' title='bbox 455 2776 484 2824; x_wconf 88' lang='lat' dir='ltr'>et</span> <span class='ocrx_word' id='word_1_425' title='bbox 503 2768 597 2839; x_wconf 89' lang='lat' dir='ltr'>copias</span> <span class='ocrx_word' id='word_1_426' title='bbox 617 2785 757 2840; x_wconf 87' lang='lat' dir='ltr'>aquarum</span> <span class='ocrx_word' id='word_1_427' title='bbox 799 2770 865 2824; x_wconf 91' lang='lat' dir='ltr'>Uni·</span> <span class='ocrx_word' id='word_1_428' title='bbox 903 2784 987 2823; x_wconf 89' lang='lat' dir='ltr'>raneo</span> <span class='ocrx_word' id='word_1_429' title='bbox 1007 2769 1129 2823; x_wconf 82' lang='lat' dir='ltr'>refluxus</span> <span class='ocrx_word' id='word_1_430' title='bbox 1150 2768 1196 2822; x_wconf 87' lang='lat' dir='ltr'>ille</span> <span class='ocrx_word' id='word_1_431' title='bbox 1214 2768 1304 2823; x_wconf 89' lang='lat' dir='ltr'>tenuis</span> <span class='ocrx_word' id='word_1_432' title='bbox 1323 2768 1424 2839; x_wconf 87' lang='lat' dir='ltr'>(qualis</span> <span class='ocrx_word' id='word_1_433' title='bbox 1438 2768 1585 2835; x_wconf 87' lang='lat' dir='ltr'>invenitur)</span> <span class='ocrx_word' id='word_1_434' title='bbox 1601 2769 1698 2838; x_wconf 90' lang='lat' dir='ltr'>incipit</span> 
     </span>
     <span class='ocr_line' id='line_1_32' title="bbox 60 2847 1697 2923; baseline 0.001 -23"><span class='ocrx_word' id='word_1_435' title='bbox 60 2865 163 2904; x_wconf 72' lang='lat' dir='ltr'>vmeus</span> <span class='ocrx_word' id='word_1_436' title='bbox 177 2849 265 2919; x_wconf 88' lang='lat' dir='ltr'>igitur</span> <span class='ocrx_word' id='word_1_437' title='bbox 277 2864 394 2903; x_wconf 88' lang='lat' dir='ltr'>oceanus</span> <span class='ocrx_word' id='word_1_438' title='bbox 408 2847 561 2903; x_wconf 76' lang='lat' dir='ltr'>Atlanticus</span> <span class='ocrx_word' id='word_1_439' title='bbox 573 2864 657 2923; x_wconf 88' lang='lat' dir='ltr'>usque</span> <span class='ocrx_word' id='word_1_440' title='bbox 670 2849 705 2902; x_wconf 84' lang='lat' dir='ltr'>ad</span> <span class='ocrx_word' id='word_1_441' title='bbox 718 2865 793 2904; x_wconf 89' lang='lat' dir='ltr'>mare</span> <span class='ocrx_word' id='word_1_442' title='bbox 806 2849 865 2904; x_wconf 89' lang='lat' dir='ltr'>Bri·</span> <span class='ocrx_word' id='word_1_443' title='bbox 903 2848 938 2901; x_wconf 91' lang='lat' dir='ltr'>ab</span> <span class='ocrx_word' id='word_1_444' title='bbox 952 2864 1062 2912; x_wconf 85' lang='lat' dir='ltr'>oceano,</span> <span class='ocrx_word' id='word_1_445' title='bbox 1076 2848 1167 2902; x_wconf 89' lang='lat' dir='ltr'>fluxus</span> <span class='ocrx_word' id='word_1_446' title='bbox 1188 2864 1205 2901; x_wconf 88' lang='lat' dir='ltr'>a</span> <span class='ocrx_word' id='word_1_447' title='bbox 1225 2848 1359 2901; x_wconf 89' lang='lat' dir='ltr'>contraria</span> <span class='ocrx_word' id='word_1_448' title='bbox 1373 2855 1456 2917; x_wconf 90' lang='lat' dir='ltr'>parte,</span> <span class='ocrx_word' id='word_1_449' title='bbox 1470 2856 1500 2901; x_wconf 91' lang='lat' dir='ltr'>ut</span> <span class='ocrx_word' id='word_1_450' title='bbox 1519 2864 1590 2918; x_wconf 88' lang='lat' dir='ltr'>aqua</span> <span class='ocrx_word' id='word_1_451' title='bbox 1609 2849 1697 2918; x_wconf 88' lang='lat' dir='ltr'>magis</span> 
     </span>
     <span class='ocr_line' id='line_1_33' title="bbox 62 2926 1697 3000; baseline -0.002 -16"><span class='ocrx_word' id='word_1_452' title='bbox 62 2929 208 2984; x_wconf 79' lang='lat' dir='ltr'>tsnrricnm</span> <span class='ocrx_word' id='word_1_453' title='bbox 222 2927 295 2983; x_wconf 86' lang='lat' dir='ltr'>cedit</span> <span class='ocrx_word' id='word_1_454' title='bbox 307 2926 464 2998; x_wconf 90' lang='lat' dir='ltr'>impulsioni</span> <span class='ocrx_word' id='word_1_455' title='bbox 477 2927 561 2983; x_wconf 85' lang='lat' dir='ltr'>maris</span> <span class='ocrx_word' id='word_1_456' title='bbox 576 2927 682 2994; x_wconf 87' lang='lat' dir='ltr'>Indici;</span> <span class='ocrx_word' id='word_1_457' title='bbox 700 2933 730 2982; x_wconf 85' lang='lat' dir='ltr'>at</span> <span class='ocrx_word' id='word_1_458' title='bbox 741 2928 865 3000; x_wconf 86' lang='lat' dir='ltr'>superior</span> <span class='ocrx_word' id='word_1_459' title='bbox 903 2934 1033 2999; x_wconf 90' lang='lat' dir='ltr'>sequatur</span> <span class='ocrx_word' id='word_1_460' title='bbox 1046 2945 1154 2983; x_wconf 89' lang='lat' dir='ltr'>cursum</span> <span class='ocrx_word' id='word_1_461' title='bbox 1172 2926 1207 2981; x_wconf 89' lang='lat' dir='ltr'>ab</span> <span class='ocrx_word' id='word_1_462' title='bbox 1224 2926 1335 2993; x_wconf 86' lang='lat' dir='ltr'>oriente,</span> <span class='ocrx_word' id='word_1_463' title='bbox 1351 2944 1432 2999; x_wconf 89' lang='lat' dir='ltr'>quam</span> <span class='ocrx_word' id='word_1_464' title='bbox 1452 2926 1618 2982; x_wconf 80' lang='lat' dir='ltr'>refusionem</span> <span class='ocrx_word' id='word_1_465' title='bbox 1639 2944 1697 2981; x_wconf 89' lang='lat' dir='ltr'>oce-</span> 
     </span>
     <span class='ocr_line' id='line_1_34' title="bbox 60 3005 1697 3079; baseline -0.001 -18"><span class='ocrx_word' id='word_1_466' title='bbox 60 3015 174 3063; x_wconf 88' lang='lat' dir='ltr'>tsntum</span> <span class='ocrx_word' id='word_1_467' title='bbox 188 3005 319 3062; x_wconf 87' lang='lat' dir='ltr'>Atlantici</span> <span class='ocrx_word' id='word_1_468' title='bbox 333 3008 417 3063; x_wconf 88' lang='lat' dir='ltr'>maris</span> <span class='ocrx_word' id='word_1_469' title='bbox 430 3024 502 3077; x_wconf 86' lang='lat' dir='ltr'>pars,</span> <span class='ocrx_word' id='word_1_470' title='bbox 516 3007 646 3062; x_wconf 90' lang='lat' dir='ltr'>nimirum</span> <span class='ocrx_word' id='word_1_471' title='bbox 664 3023 698 3062; x_wconf 87' lang='lat' dir='ltr'>ea</span> <span class='ocrx_word' id='word_1_472' title='bbox 715 3025 777 3079; x_wconf 78' lang='lat' dir='ltr'>quie</span> <span class='ocrx_word' id='word_1_473' title='bbox 791 3009 866 3076; x_wconf 90' lang='lat' dir='ltr'>jacet</span> <span class='ocrx_word' id='word_1_474' title='bbox 903 3008 958 3063; x_wconf 92' lang='lat' dir='ltr'>ani.</span> <span class='ocrx_word' id='word_1_475' title='bbox 999 3007 1089 3078; x_wconf 81' lang='lat' dir='ltr'>Atque</span> <span class='ocrx_word' id='word_1_476' title='bbox 1104 3008 1148 3061; x_wconf 87' lang='lat' dir='ltr'>his</span> <span class='ocrx_word' id='word_1_477' title='bbox 1161 3014 1266 3061; x_wconf 91' lang='lat' dir='ltr'>tautum</span> <span class='ocrx_word' id='word_1_478' title='bbox 1279 3006 1364 3060; x_wconf 90' lang='lat' dir='ltr'>tribus</span> <span class='ocrx_word' id='word_1_479' title='bbox 1378 3006 1573 3076; x_wconf 83' lang='lat' dir='ltr'>experimentis</span> <span class='ocrx_word' id='word_1_480' title='bbox 1587 3007 1615 3059; x_wconf 92' lang='lat' dir='ltr'>iu</span> <span class='ocrx_word' id='word_1_481' title='bbox 1630 3023 1697 3077; x_wconf 81' lang='lat' dir='ltr'>prae-</span> 
     </span>
     <span class='ocr_line' id='line_1_35' title="bbox 60 3083 1629 3159; baseline -0.002 -17"><span class='ocrx_word' id='word_1_482' title='bbox 60 3104 161 3142; x_wconf 87' lang='lat' dir='ltr'>versus</span> <span class='ocrx_word' id='word_1_483' title='bbox 176 3087 297 3140; x_wconf 90' lang='lat' dir='ltr'>Daniam</span> <span class='ocrx_word' id='word_1_484' title='bbox 307 3092 335 3141; x_wconf 90' lang='lat' dir='ltr'>et</span> <span class='ocrx_word' id='word_1_485' title='bbox 345 3083 522 3159; x_wconf 86' lang='lat' dir='ltr'>Norvegiam,</span> <span class='ocrx_word' id='word_1_486' title='bbox 531 3086 603 3141; x_wconf 86' lang='lat' dir='ltr'>cedit</span> <span class='ocrx_word' id='word_1_487' title='bbox 610 3086 769 3157; x_wconf 86' lang='lat' dir='ltr'>impulsioni</span> <span class='ocrx_word' id='word_1_488' title='bbox 783 3088 864 3142; x_wconf 85' lang='lat' dir='ltr'>maris</span> <span class='ocrx_word' id='word_1_489' title='bbox 902 3087 992 3141; x_wconf 87' lang='lat' dir='ltr'>sentia</span> <span class='ocrx_word' id='word_1_490' title='bbox 1004 3095 1110 3142; x_wconf 88' lang='lat' dir='ltr'>utemur</span> <span class='ocrx_word' id='word_1_491' title='bbox 1123 3087 1158 3141; x_wconf 88' lang='lat' dir='ltr'>ad</span> <span class='ocrx_word' id='word_1_492' title='bbox 1171 3086 1372 3156; x_wconf 88' lang='lat' dir='ltr'>inquisitionem</span> <span class='ocrx_word' id='word_1_493' title='bbox 1386 3085 1463 3140; x_wconf 91' lang='lat' dir='ltr'>iilam</span> <span class='ocrx_word' id='word_1_494' title='bbox 1476 3086 1629 3140; x_wconf 89' lang='lat' dir='ltr'>secundam.</span> 
     </span>
     <span class='ocr_line' id='line_1_36' title="bbox 61 3164 1697 3237; baseline -0.001 -17"><span class='ocrx_word' id='word_1_495' title='bbox 61 3166 201 3236; x_wconf 73' lang='lat' dir='ltr'>Scythici.</span> <span class='ocrx_word' id='word_1_496' title='bbox 244 3165 305 3221; x_wconf 83' lang='lat' dir='ltr'>Hoc</span> <span class='ocrx_word' id='word_1_497' title='bbox 319 3182 385 3221; x_wconf 85' lang='lat' dir='ltr'>vero</span> <span class='ocrx_word' id='word_1_498' title='bbox 399 3166 440 3220; x_wconf 86' lang='lat' dir='ltr'>its</span> <span class='ocrx_word' id='word_1_499' title='bbox 457 3166 517 3220; x_wconf 81' lang='lat' dir='ltr'>fieri</span> <span class='ocrx_word' id='word_1_500' title='bbox 530 3182 640 3221; x_wconf 89' lang='lat' dir='ltr'>necesse</span> <span class='ocrx_word' id='word_1_501' title='bbox 662 3172 712 3221; x_wconf 92' lang='lat' dir='ltr'>est.</span> <span class='ocrx_word' id='word_1_502' title='bbox 754 3167 863 3221; x_wconf 84' lang='lat' dir='ltr'>Etenim</span> <span class='ocrx_word' id='word_1_503' title='bbox 942 3164 1036 3221; x_wconf 90' lang='lat' dir='ltr'>Possit</span> <span class='ocrx_word' id='word_1_504' title='bbox 1048 3173 1139 3220; x_wconf 92' lang='lat' dir='ltr'>tamen</span> <span class='ocrx_word' id='word_1_505' title='bbox 1154 3165 1234 3234; x_wconf 83' lang='lat' dir='ltr'>adjici</span> <span class='ocrx_word' id='word_1_506' title='bbox 1250 3166 1374 3235; x_wconf 88' lang='lat' dir='ltr'>probatio</span> <span class='ocrx_word' id='word_1_507' title='bbox 1384 3165 1507 3237; x_wconf 86' lang='lat' dir='ltr'>quaedam</span> <span class='ocrx_word' id='word_1_508' title='bbox 1517 3173 1697 3219; x_wconf 88' lang='lat' dir='ltr'>consentanea</span> 
     </span>
     <span class='ocr_line' id='line_1_37' title="bbox 59 3244 1695 3317; baseline -0.001 -17"><span class='ocrx_word' id='word_1_509' title='bbox 59 3246 125 3300; x_wconf 81' lang='lat' dir='ltr'>dure</span> <span class='ocrx_word' id='word_1_510' title='bbox 139 3260 251 3317; x_wconf 82' lang='lat' dir='ltr'>mogum</span> <span class='ocrx_word' id='word_1_511' title='bbox 267 3244 364 3300; x_wconf 77' lang='lat' dir='ltr'>insulae</span> <span class='ocrx_word' id='word_1_512' title='bbox 377 3244 477 3299; x_wconf 88' lang='lat' dir='ltr'>veteris</span> <span class='ocrx_word' id='word_1_513' title='bbox 497 3245 570 3299; x_wconf 91' lang='lat' dir='ltr'>orbis</span> <span class='ocrx_word' id='word_1_514' title='bbox 589 3254 617 3300; x_wconf 87' lang='lat' dir='ltr'>et</span> <span class='ocrx_word' id='word_1_515' title='bbox 634 3246 698 3299; x_wconf 88' lang='lat' dir='ltr'>novi</span> <span class='ocrx_word' id='word_1_516' title='bbox 717 3246 790 3301; x_wconf 92' lang='lat' dir='ltr'>orbis</span> <span class='ocrx_word' id='word_1_517' title='bbox 803 3262 863 3301; x_wconf 89' lang='lat' dir='ltr'>eam</span> <span class='ocrx_word' id='word_1_518' title='bbox 902 3245 1031 3311; x_wconf 88' lang='lat' dir='ltr'>cumbis,</span> <span class='ocrx_word' id='word_1_519' title='bbox 1047 3262 1108 3316; x_wconf 81' lang='lat' dir='ltr'>quae</span> <span class='ocrx_word' id='word_1_520' title='bbox 1121 3245 1195 3299; x_wconf 86' lang='lat' dir='ltr'>dicta</span> <span class='ocrx_word' id='word_1_521' title='bbox 1208 3252 1277 3310; x_wconf 88' lang='lat' dir='ltr'>sunt,</span> <span class='ocrx_word' id='word_1_522' title='bbox 1298 3244 1346 3299; x_wconf 91' lang='lat' dir='ltr'>sed</span> <span class='ocrx_word' id='word_1_523' title='bbox 1367 3244 1538 3299; x_wconf 87' lang='lat' dir='ltr'>abstrusioris</span> <span class='ocrx_word' id='word_1_524' title='bbox 1555 3244 1695 3313; x_wconf 86' lang='lat' dir='ltr'>cujusdam</span> 
     </span>
     <span class='ocr_line' id='line_1_38' title="bbox 59 3323 1696 3396; baseline -0.002 -16"><span class='ocrx_word' id='word_1_525' title='bbox 59 3332 128 3380; x_wconf 84' lang='lat' dir='ltr'>suat</span> <span class='ocrx_word' id='word_1_526' title='bbox 142 3326 246 3380; x_wconf 73' lang='lat' dir='ltr'>sortitas</span> <span class='ocrx_word' id='word_1_527' title='bbox 259 3324 383 3396; x_wconf 84' lang='lat' dir='ltr'>figuram,</span> <span class='ocrx_word' id='word_1_528' title='bbox 398 3330 479 3396; x_wconf 88' lang='lat' dir='ltr'>atque</span> <span class='ocrx_word' id='word_1_529' title='bbox 494 3324 535 3378; x_wconf 85' lang='lat' dir='ltr'>ita</span> <span class='ocrx_word' id='word_1_530' title='bbox 547 3324 767 3395; x_wconf 87' lang='lat' dir='ltr'>exporriguntur,</span> <span class='ocrx_word' id='word_1_531' title='bbox 783 3332 812 3379; x_wconf 90' lang='lat' dir='ltr'>ut</span> <span class='ocrx_word' id='word_1_532' title='bbox 828 3326 862 3378; x_wconf 91' lang='lat' dir='ltr'>ad</span> <span class='ocrx_word' id='word_1_533' title='bbox 902 3331 1020 3391; x_wconf 71' lang='lat' dir='ltr'>notura,</span> <span class='ocrx_word' id='word_1_534' title='bbox 1041 3333 1133 3388; x_wconf 89' lang='lat' dir='ltr'>esest,</span> <span class='ocrx_word' id='word_1_535' title='bbox 1146 3331 1177 3379; x_wconf 92' lang='lat' dir='ltr'>ut</span> <span class='ocrx_word' id='word_1_536' title='bbox 1189 3331 1298 3393; x_wconf 89' lang='lat' dir='ltr'>petatur</span> <span class='ocrx_word' id='word_1_537' title='bbox 1311 3331 1498 3394; x_wconf 86' lang='lat' dir='ltr'>argumentum</span> <span class='ocrx_word' id='word_1_538' title='bbox 1511 3323 1623 3392; x_wconf 81' lang='lat' dir='ltr'>hujusce</span> <span class='ocrx_word' id='word_1_539' title='bbox 1638 3340 1696 3376; x_wconf 90' lang='lat' dir='ltr'>mo·</span> 
     </span>
     <span class='ocr_line' id='line_1_39' title="bbox 60 3403 1695 3475; baseline -0.001 -16"><span class='ocrx_word' id='word_1_540' title='bbox 60 3404 267 3475; x_wconf 85' lang='lat' dir='ltr'>septentriones</span> <span class='ocrx_word' id='word_1_541' title='bbox 284 3404 357 3468; x_wconf 80' lang='lat' dir='ltr'>lata,</span> <span class='ocrx_word' id='word_1_542' title='bbox 371 3403 407 3458; x_wconf 89' lang='lat' dir='ltr'>ad</span> <span class='ocrx_word' id='word_1_543' title='bbox 423 3411 544 3458; x_wconf 85' lang='lat' dir='ltr'>austrum</span> <span class='ocrx_word' id='word_1_544' title='bbox 564 3412 652 3458; x_wconf 78' lang='lat' dir='ltr'>acute</span> <span class='ocrx_word' id='word_1_545' title='bbox 670 3403 732 3458; x_wconf 87' lang='lat' dir='ltr'>sint.</span> <span class='ocrx_word' id='word_1_546' title='bbox 773 3404 864 3459; x_wconf 87' lang='lat' dir='ltr'>Maria</span> <span class='ocrx_word' id='word_1_547' title='bbox 902 3410 947 3458; x_wconf 88' lang='lat' dir='ltr'>tus</span> <span class='ocrx_word' id='word_1_548' title='bbox 958 3405 993 3458; x_wconf 86' lang='lat' dir='ltr'>ab</span> <span class='ocrx_word' id='word_1_549' title='bbox 1003 3404 1106 3458; x_wconf 90' lang='lat' dir='ltr'>oriente</span> <span class='ocrx_word' id='word_1_550' title='bbox 1117 3404 1145 3457; x_wconf 92' lang='lat' dir='ltr'>in</span> <span class='ocrx_word' id='word_1_551' title='bbox 1155 3403 1329 3467; x_wconf 85' lang='lat' dir='ltr'>occidentem,</span> <span class='ocrx_word' id='word_1_552' title='bbox 1342 3420 1423 3475; x_wconf 91' lang='lat' dir='ltr'>quem</span> <span class='ocrx_word' id='word_1_553' title='bbox 1433 3403 1513 3473; x_wconf 87' lang='lat' dir='ltr'>aquis</span> <span class='ocrx_word' id='word_1_554' title='bbox 1523 3403 1695 3467; x_wconf 87' lang='lat' dir='ltr'>astruximus,</span> 
     </span>
     <span class='ocr_line' id='line_1_40' title="bbox 59 3480 1694 3558; baseline -0.001 -21"><span class='ocrx_word' id='word_1_555' title='bbox 59 3485 152 3554; x_wconf 84' lang='lat' dir='ltr'>igitur</span> <span class='ocrx_word' id='word_1_556' title='bbox 164 3490 262 3538; x_wconf 86' lang='lat' dir='ltr'>contra</span> <span class='ocrx_word' id='word_1_557' title='bbox 275 3483 310 3538; x_wconf 86' lang='lat' dir='ltr'>sd</span> <span class='ocrx_word' id='word_1_558' title='bbox 322 3490 445 3538; x_wconf 84' lang='lat' dir='ltr'>anstrum</span> <span class='ocrx_word' id='word_1_559' title='bbox 457 3499 559 3554; x_wconf 83' lang='lat' dir='ltr'>magns</span> <span class='ocrx_word' id='word_1_560' title='bbox 571 3489 706 3553; x_wconf 85' lang='lat' dir='ltr'>occupant</span> <span class='ocrx_word' id='word_1_561' title='bbox 718 3483 814 3553; x_wconf 90' lang='lat' dir='ltr'>spatia,</span> <span class='ocrx_word' id='word_1_562' title='bbox 829 3484 864 3539; x_wconf 86' lang='lat' dir='ltr'>sd</span> <span class='ocrx_word' id='word_1_563' title='bbox 901 3500 957 3537; x_wconf 91' lang='lat' dir='ltr'>nou</span> <span class='ocrx_word' id='word_1_564' title='bbox 970 3482 1057 3538; x_wconf 89' lang='lat' dir='ltr'>solum</span> <span class='ocrx_word' id='word_1_565' title='bbox 1071 3499 1088 3536; x_wconf 90' lang='lat' dir='ltr'>a</span> <span class='ocrx_word' id='word_1_566' title='bbox 1101 3499 1237 3537; x_wconf 86' lang='lat' dir='ltr'>consensu</span> <span class='ocrx_word' id='word_1_567' title='bbox 1247 3483 1308 3537; x_wconf 86' lang='lat' dir='ltr'>coeli</span> <span class='ocrx_word' id='word_1_568' title='bbox 1323 3481 1372 3558; x_wconf 84' lang='lat' dir='ltr'>(de</span> <span class='ocrx_word' id='word_1_569' title='bbox 1386 3500 1440 3554; x_wconf 90' lang='lat' dir='ltr'>quo</span> <span class='ocrx_word' id='word_1_570' title='bbox 1451 3483 1509 3550; x_wconf 84' lang='lat' dir='ltr'>jam</span> <span class='ocrx_word' id='word_1_571' title='bbox 1522 3483 1622 3536; x_wconf 87' lang='lat' dir='ltr'>dictum</span> <span class='ocrx_word' id='word_1_572' title='bbox 1637 3480 1694 3555; x_wconf 84' lang='lat' dir='ltr'>est)</span> 
     </span>
     <span class='ocr_line' id='line_1_41' title="bbox 59 3558 1695 3637; baseline -0.002 -20"><span class='ocrx_word' id='word_1_573' title='bbox 59 3562 266 3633; x_wconf 82' lang='lat' dir='ltr'>septentriones</span> <span class='ocrx_word' id='word_1_574' title='bbox 286 3578 352 3617; x_wconf 86' lang='lat' dir='ltr'>vero</span> <span class='ocrx_word' id='word_1_575' title='bbox 366 3558 417 3637; x_wconf 88' lang='lat' dir='ltr'>(sd</span> <span class='ocrx_word' id='word_1_576' title='bbox 436 3562 546 3617; x_wconf 88' lang='lat' dir='ltr'>dorsum</span> <span class='ocrx_word' id='word_1_577' title='bbox 563 3562 681 3632; x_wconf 80' lang='lat' dir='ltr'>Europes</span> <span class='ocrx_word' id='word_1_578' title='bbox 696 3567 725 3616; x_wconf 93' lang='lat' dir='ltr'>et</span> <span class='ocrx_word' id='word_1_579' title='bbox 737 3560 812 3618; x_wconf 76' lang='lat' dir='ltr'>Asiae</span> <span class='ocrx_word' id='word_1_580' title='bbox 825 3571 863 3618; x_wconf 88' lang='lat' dir='ltr'>at·</span> <span class='ocrx_word' id='word_1_581' title='bbox 904 3562 950 3616; x_wconf 93' lang='lat' dir='ltr'>ubi</span> <span class='ocrx_word' id='word_1_582' title='bbox 965 3562 1635 3633; x_wconf 83' lang='lat' dir='ltr'>istemotusiutioreestactortitudinepraecipua,</span> <span class='ocrx_word' id='word_1_583' title='bbox 1647 3561 1695 3614; x_wconf 90' lang='lat' dir='ltr'>sed</span> 
     </span>
     <span class='ocr_line' id='line_1_42' title="bbox 60 3637 1696 3715; baseline -0.002 -19"><span class='ocrx_word' id='word_1_584' title='bbox 60 3659 116 3712; x_wconf 90' lang='lat' dir='ltr'>que</span> <span class='ocrx_word' id='word_1_585' title='bbox 128 3637 383 3715; x_wconf 80' lang='lat' dir='ltr'>Amerioae)parvs.</span> <span class='ocrx_word' id='word_1_586' title='bbox 413 3642 510 3712; x_wconf 88' lang='lat' dir='ltr'>itaque</span> <span class='ocrx_word' id='word_1_587' title='bbox 518 3641 616 3713; x_wconf 88' lang='lat' dir='ltr'>ingens</span> <span class='ocrx_word' id='word_1_588' title='bbox 626 3641 675 3695; x_wconf 91' lang='lat' dir='ltr'>illa</span> <span class='ocrx_word' id='word_1_589' title='bbox 685 3642 771 3697; x_wconf 87' lang='lat' dir='ltr'>moles</span> <span class='ocrx_word' id='word_1_590' title='bbox 782 3658 863 3713; x_wconf 84' lang='lat' dir='ltr'>aqua·</span> <span class='ocrx_word' id='word_1_591' title='bbox 902 3641 985 3696; x_wconf 87' lang='lat' dir='ltr'>etiam</span> <span class='ocrx_word' id='word_1_592' title='bbox 999 3649 1108 3705; x_wconf 82' lang='lat' dir='ltr'>eterra,</span> <span class='ocrx_word' id='word_1_593' title='bbox 1119 3641 1166 3696; x_wconf 88' lang='lat' dir='ltr'>nbi</span> <span class='ocrx_word' id='word_1_594' title='bbox 1180 3643 1302 3711; x_wconf 91' lang='lat' dir='ltr'>protinus</span> <span class='ocrx_word' id='word_1_595' title='bbox 1316 3642 1420 3696; x_wconf 88' lang='lat' dir='ltr'>videtur</span> <span class='ocrx_word' id='word_1_596' title='bbox 1428 3658 1542 3705; x_wconf 88' lang='lat' dir='ltr'>cessare,</span> <span class='ocrx_word' id='word_1_597' title='bbox 1553 3640 1593 3693; x_wconf 88' lang='lat' dir='ltr'>ita</span> <span class='ocrx_word' id='word_1_598' title='bbox 1603 3648 1633 3693; x_wconf 93' lang='lat' dir='ltr'>ut</span> <span class='ocrx_word' id='word_1_599' title='bbox 1641 3639 1696 3694; x_wconf 90' lang='lat' dir='ltr'>ista</span> 
     </span>
     <span class='ocr_line' id='line_1_43' title="bbox 59 3719 1694 3794; baseline -0.002 -18"><span class='ocrx_word' id='word_1_600' title='bbox 59 3739 132 3784; x_wconf 83' lang='lat' dir='ltr'>ram,</span> <span class='ocrx_word' id='word_1_601' title='bbox 144 3738 209 3791; x_wconf 80' lang='lat' dir='ltr'>quas</span> <span class='ocrx_word' id='word_1_602' title='bbox 220 3721 293 3775; x_wconf 87' lang='lat' dir='ltr'>venit</span> <span class='ocrx_word' id='word_1_603' title='bbox 307 3721 342 3774; x_wconf 87' lang='lat' dir='ltr'>ab</span> <span class='ocrx_word' id='word_1_604' title='bbox 350 3736 453 3776; x_wconf 85' lang='lat' dir='ltr'>oceano</span> <span class='ocrx_word' id='word_1_605' title='bbox 466 3719 569 3794; x_wconf 84' lang='lat' dir='ltr'>Indico,</span> <span class='ocrx_word' id='word_1_606' title='bbox 580 3727 607 3776; x_wconf 94' lang='lat' dir='ltr'>et</span> <span class='ocrx_word' id='word_1_607' title='bbox 619 3720 735 3775; x_wconf 86' lang='lat' dir='ltr'>reflectit</span> <span class='ocrx_word' id='word_1_608' title='bbox 743 3722 774 3775; x_wconf 91' lang='lat' dir='ltr'>in</span> <span class='ocrx_word' id='word_1_609' title='bbox 786 3738 862 3777; x_wconf 88' lang='lat' dir='ltr'>mare</span> <span class='ocrx_word' id='word_1_610' title='bbox 902 3719 1041 3775; x_wconf 90' lang='lat' dir='ltr'>inclinatio</span> <span class='ocrx_word' id='word_1_611' title='bbox 1052 3722 1108 3776; x_wconf 89' lang='lat' dir='ltr'>sive</span> <span class='ocrx_word' id='word_1_612' title='bbox 1122 3727 1210 3776; x_wconf 87' lang='lat' dir='ltr'>motus</span> <span class='ocrx_word' id='word_1_613' title='bbox 1223 3739 1285 3775; x_wconf 90' lang='lat' dir='ltr'>vere</span> <span class='ocrx_word' id='word_1_614' title='bbox 1293 3721 1328 3775; x_wconf 92' lang='lat' dir='ltr'>sit</span> <span class='ocrx_word' id='word_1_615' title='bbox 1337 3721 1477 3785; x_wconf 89' lang='lat' dir='ltr'>cosmicus,</span> <span class='ocrx_word' id='word_1_616' title='bbox 1487 3727 1567 3791; x_wconf 88' lang='lat' dir='ltr'>atque</span> <span class='ocrx_word' id='word_1_617' title='bbox 1578 3719 1694 3773; x_wconf 88' lang='lat' dir='ltr'>omniaa</span> 
     </span>
     <span class='ocr_line' id='line_1_44' title="bbox 60 3798 1692 3871; baseline 0 -17"><span class='ocrx_word' id='word_1_618' title='bbox 60 3800 243 3864; x_wconf 84' lang='lat' dir='ltr'>Atlanticum,</span> <span class='ocrx_word' id='word_1_619' title='bbox 256 3799 329 3869; x_wconf 90' lang='lat' dir='ltr'>potis</span> <span class='ocrx_word' id='word_1_620' title='bbox 342 3806 386 3855; x_wconf 87' lang='lat' dir='ltr'>est</span> <span class='ocrx_word' id='word_1_621' title='bbox 398 3799 562 3870; x_wconf 83' lang='lat' dir='ltr'>compellere</span> <span class='ocrx_word' id='word_1_622' title='bbox 581 3806 610 3854; x_wconf 86' lang='lat' dir='ltr'>et</span> <span class='ocrx_word' id='word_1_623' title='bbox 627 3800 733 3854; x_wconf 87' lang='lat' dir='ltr'>trudere</span> <span class='ocrx_word' id='word_1_624' title='bbox 755 3817 862 3856; x_wconf 86' lang='lat' dir='ltr'>curnrm</span> <span class='ocrx_word' id='word_1_625' title='bbox 902 3800 1022 3871; x_wconf 83' lang='lat' dir='ltr'>fastigiis</span> <span class='ocrx_word' id='word_1_626' title='bbox 1031 3798 1093 3854; x_wconf 89' lang='lat' dir='ltr'>coeli</span> <span class='ocrx_word' id='word_1_627' title='bbox 1106 3817 1191 3871; x_wconf 89' lang='lat' dir='ltr'>usque</span> <span class='ocrx_word' id='word_1_628' title='bbox 1205 3801 1240 3854; x_wconf 91' lang='lat' dir='ltr'>ad</span> <span class='ocrx_word' id='word_1_629' title='bbox 1253 3800 1382 3854; x_wconf 89' lang='lat' dir='ltr'>interiora</span> <span class='ocrx_word' id='word_1_630' title='bbox 1395 3807 1473 3854; x_wconf 70' lang='lat' dir='ltr'>terrae</span> <span class='ocrx_word' id='word_1_631' title='bbox 1487 3798 1692 3854; x_wconf 84' lang='lat' dir='ltr'>transverberet.</span> 
     </span>
     <span class='ocr_line' id='line_1_45' title="bbox 59 3878 1692 3950; baseline -0.002 -16"><span class='ocrx_word' id='word_1_632' title='bbox 59 3895 199 3950; x_wconf 84' lang='lat' dir='ltr'>aquarum</span> <span class='ocrx_word' id='word_1_633' title='bbox 221 3878 347 3933; x_wconf 77' lang='lat' dir='ltr'>connum</span> <span class='ocrx_word' id='word_1_634' title='bbox 361 3880 533 3935; x_wconf 82' lang='lat' dir='ltr'>successione</span> <span class='ocrx_word' id='word_1_635' title='bbox 551 3878 630 3950; x_wconf 89' lang='lat' dir='ltr'>quasi</span> <span class='ocrx_word' id='word_1_636' title='bbox 652 3879 687 3933; x_wconf 89' lang='lat' dir='ltr'>ad</span> <span class='ocrx_word' id='word_1_637' title='bbox 708 3896 783 3935; x_wconf 89' lang='lat' dir='ltr'>mare</span> <span class='ocrx_word' id='word_1_638' title='bbox 800 3880 862 3934; x_wconf 90' lang='lat' dir='ltr'>Bri-</span> <span class='ocrx_word' id='word_1_639' title='bbox 903 3879 1084 3950; x_wconf 87' lang='lat' dir='ltr'>Intelligimus</span> <span class='ocrx_word' id='word_1_640' title='bbox 1106 3879 1180 3933; x_wconf 91' lang='lat' dir='ltr'>enim</span> <span class='ocrx_word' id='word_1_641' title='bbox 1200 3879 1404 3933; x_wconf 89' lang='lat' dir='ltr'>conversionem</span> <span class='ocrx_word' id='word_1_642' title='bbox 1427 3880 1508 3933; x_wconf 90' lang='lat' dir='ltr'>istam</span> <span class='ocrx_word' id='word_1_643' title='bbox 1531 3878 1566 3932; x_wconf 92' lang='lat' dir='ltr'>ab</span> <span class='ocrx_word' id='word_1_644' title='bbox 1589 3878 1692 3932; x_wconf 90' lang='lat' dir='ltr'>oriente</span> 
     </span>
     <span class='ocr_line' id='line_1_46' title="bbox 59 3956 1694 4033; baseline -0.001 -20"><span class='ocrx_word' id='word_1_645' title='bbox 59 3959 287 4028; x_wconf 74' lang='lat' dir='ltr'>laminamque</span> <span class='ocrx_word' id='word_1_646' title='bbox 297 3958 482 4013; x_wconf 87' lang='lat' dir='ltr'>successioest</span> <span class='ocrx_word' id='word_1_647' title='bbox 493 3974 591 4028; x_wconf 72' lang='lat' dir='ltr'>persus</span> <span class='ocrx_word' id='word_1_648' title='bbox 604 3958 723 4013; x_wconf 88' lang='lat' dir='ltr'>boream.</span> <span class='ocrx_word' id='word_1_649' title='bbox 764 3958 800 4013; x_wconf 88' lang='lat' dir='ltr'>At</span> <span class='ocrx_word' id='word_1_650' title='bbox 814 3959 862 4016; x_wconf 91' lang='lat' dir='ltr'>ills</span> <span class='ocrx_word' id='word_1_651' title='bbox 900 3958 929 4012; x_wconf 92' lang='lat' dir='ltr'>in</span> <span class='ocrx_word' id='word_1_652' title='bbox 951 3959 1119 4013; x_wconf 90' lang='lat' dir='ltr'>occidentem</span> <span class='ocrx_word' id='word_1_653' title='bbox 1138 3958 1197 4012; x_wconf 84' lang='lat' dir='ltr'>fieri</span> <span class='ocrx_word' id='word_1_654' title='bbox 1218 3957 1322 4013; x_wconf 90' lang='lat' dir='ltr'>scilicet</span> <span class='ocrx_word' id='word_1_655' title='bbox 1342 3956 1582 4033; x_wconf 90' lang='lat' dir='ltr'>(quemadmodum</span> <span class='ocrx_word' id='word_1_656' title='bbox 1600 3973 1694 4011; x_wconf 90' lang='lat' dir='ltr'>revera</span> 
     </span>
     <span class='ocr_line' id='line_1_47' title="bbox 59 4033 1692 4111; baseline -0.002 -18"><span class='ocrx_word' id='word_1_657' title='bbox 59 4036 502 4109; x_wconf 76' lang='lat' dir='ltr'>longaminorportioaquarum,</span> <span class='ocrx_word' id='word_1_658' title='bbox 517 4054 579 4108; x_wconf 80' lang='lat' dir='ltr'>qum</span> <span class='ocrx_word' id='word_1_659' title='bbox 592 4038 667 4093; x_wconf 89' lang='lat' dir='ltr'>venit</span> <span class='ocrx_word' id='word_1_660' title='bbox 680 4039 779 4092; x_wconf 90' lang='lat' dir='ltr'>amari</span> <span class='ocrx_word' id='word_1_661' title='bbox 794 4038 861 4109; x_wconf 83' lang='lat' dir='ltr'>Sey·</span> <span class='ocrx_word' id='word_1_662' title='bbox 900 4033 1052 4111; x_wconf 84' lang='lat' dir='ltr'>invenitur)</span> <span class='ocrx_word' id='word_1_663' title='bbox 1066 4054 1148 4108; x_wconf 87' lang='lat' dir='ltr'>super</span> <span class='ocrx_word' id='word_1_664' title='bbox 1161 4036 1237 4106; x_wconf 93' lang='lat' dir='ltr'>polos</span> <span class='ocrx_word' id='word_1_665' title='bbox 1251 4035 1397 4092; x_wconf 88' lang='lat' dir='ltr'>australem</span> <span class='ocrx_word' id='word_1_666' title='bbox 1410 4045 1438 4102; x_wconf 83' lang='lat' dir='ltr'>et</span> <span class='ocrx_word' id='word_1_667' title='bbox 1451 4037 1598 4091; x_wconf 87' lang='lat' dir='ltr'>borealem.</span> <span class='ocrx_word' id='word_1_668' title='bbox 1638 4037 1692 4090; x_wconf 86' lang='lat' dir='ltr'>Ve-</span> 
     </span>
     <span class='ocr_line' id='line_1_48' title="bbox 59 4115 1691 4188; baseline -0.002 -16"><span class='ocrx_word' id='word_1_669' title='bbox 59 4117 149 4181; x_wconf 87' lang='lat' dir='ltr'>thioo,</span> <span class='ocrx_word' id='word_1_670' title='bbox 163 4132 279 4187; x_wconf 77' lang='lat' dir='ltr'>qumque</span> <span class='ocrx_word' id='word_1_671' title='bbox 301 4116 385 4171; x_wconf 88' lang='lat' dir='ltr'>etiarn</span> <span class='ocrx_word' id='word_1_672' title='bbox 404 4116 521 4171; x_wconf 89' lang='lat' dir='ltr'>liberum</span> <span class='ocrx_word' id='word_1_673' title='bbox 541 4116 598 4170; x_wconf 82' lang='lat' dir='ltr'>iere</span> <span class='ocrx_word' id='word_1_674' title='bbox 617 4115 700 4171; x_wconf 88' lang='lat' dir='ltr'>habet</span> <span class='ocrx_word' id='word_1_675' title='bbox 715 4118 818 4172; x_wconf 87' lang='lat' dir='ltr'>exitum</span> <span class='ocrx_word' id='word_1_676' title='bbox 832 4119 861 4172; x_wconf 90' lang='lat' dir='ltr'>in</span> <span class='ocrx_word' id='word_1_677' title='bbox 899 4116 1007 4172; x_wconf 90' lang='lat' dir='ltr'>rissime</span> <span class='ocrx_word' id='word_1_678' title='bbox 1020 4123 1112 4171; x_wconf 89' lang='lat' dir='ltr'>autern</span> <span class='ocrx_word' id='word_1_679' title='bbox 1132 4115 1274 4188; x_wconf 89' lang='lat' dir='ltr'>diligentia</span> <span class='ocrx_word' id='word_1_680' title='bbox 1288 4117 1402 4171; x_wconf 87' lang='lat' dir='ltr'>Gilberti</span> <span class='ocrx_word' id='word_1_681' title='bbox 1416 4116 1558 4171; x_wconf 91' lang='lat' dir='ltr'>nobishoc</span> <span class='ocrx_word' id='word_1_682' title='bbox 1579 4116 1691 4186; x_wconf 85' lang='lat' dir='ltr'>reperit;</span> 
     </span>
     <span class='ocr_line' id='line_1_49' title="bbox 61 4195 1692 4267; baseline -0.001 -16"><span class='ocrx_word' id='word_1_683' title='bbox 61 4212 146 4251; x_wconf 87' lang='lat' dir='ltr'>cursu</span> <span class='ocrx_word' id='word_1_684' title='bbox 173 4212 225 4250; x_wconf 88' lang='lat' dir='ltr'>suo</span> <span class='ocrx_word' id='word_1_685' title='bbox 247 4196 358 4266; x_wconf 91' lang='lat' dir='ltr'>proprio</span> <span class='ocrx_word' id='word_1_686' title='bbox 381 4212 475 4252; x_wconf 84' lang='lat' dir='ltr'>versus</span> <span class='ocrx_word' id='word_1_687' title='bbox 499 4196 665 4250; x_wconf 86' lang='lat' dir='ltr'>occidentem</span> <span class='ocrx_word' id='word_1_688' title='bbox 694 4195 729 4250; x_wconf 90' lang='lat' dir='ltr'>ad</span> <span class='ocrx_word' id='word_1_689' title='bbox 752 4196 862 4254; x_wconf 88' lang='lat' dir='ltr'>dorsum</span> <span class='ocrx_word' id='word_1_690' title='bbox 900 4213 1009 4252; x_wconf 90' lang='lat' dir='ltr'>omnem</span> <span class='ocrx_word' id='word_1_691' title='bbox 1029 4204 1136 4261; x_wconf 88' lang='lat' dir='ltr'>terram,</span> <span class='ocrx_word' id='word_1_692' title='bbox 1150 4203 1178 4250; x_wconf 86' lang='lat' dir='ltr'>et</span> <span class='ocrx_word' id='word_1_693' title='bbox 1196 4203 1321 4250; x_wconf 86' lang='lat' dir='ltr'>naturam</span> <span class='ocrx_word' id='word_1_694' title='bbox 1342 4198 1437 4267; x_wconf 88' lang='lat' dir='ltr'>(quam</span> <span class='ocrx_word' id='word_1_695' title='bbox 1450 4195 1620 4266; x_wconf 89' lang='lat' dir='ltr'>appellamus</span> <span class='ocrx_word' id='word_1_696' title='bbox 1641 4204 1692 4250; x_wconf 93' lang='lat' dir='ltr'>ter·</span> 
     </span>
     <span class='ocr_line' id='line_1_50' title="bbox 60 4272 1693 4346; baseline 0 -17"><span class='ocrx_word' id='word_1_697' title='bbox 60 4273 209 4338; x_wconf 78' lang='lat' dir='ltr'>Ameriam,</span> <span class='ocrx_word' id='word_1_698' title='bbox 222 4290 277 4328; x_wconf 90' lang='lat' dir='ltr'>non</span> <span class='ocrx_word' id='word_1_699' title='bbox 290 4276 361 4345; x_wconf 85' lang='lat' dir='ltr'>potis</span> <span class='ocrx_word' id='word_1_700' title='bbox 373 4280 417 4330; x_wconf 90' lang='lat' dir='ltr'>est</span> <span class='ocrx_word' id='word_1_701' title='bbox 429 4291 537 4330; x_wconf 91' lang='lat' dir='ltr'>cursum</span> <span class='ocrx_word' id='word_1_702' title='bbox 551 4291 682 4345; x_wconf 89' lang='lat' dir='ltr'>aquarum</span> <span class='ocrx_word' id='word_1_703' title='bbox 700 4274 861 4345; x_wconf 87' lang='lat' dir='ltr'>compellere</span> <span class='ocrx_word' id='word_1_704' title='bbox 900 4276 1027 4344; x_wconf 85' lang='lat' dir='ltr'>restrem)</span> <span class='ocrx_word' id='word_1_705' title='bbox 1037 4291 1092 4329; x_wconf 93' lang='lat' dir='ltr'>non</span> <span class='ocrx_word' id='word_1_706' title='bbox 1102 4275 1242 4330; x_wconf 86' lang='lat' dir='ltr'>delinitam</span> <span class='ocrx_word' id='word_1_707' title='bbox 1252 4275 1299 4329; x_wconf 90' lang='lat' dir='ltr'>sed</span> <span class='ocrx_word' id='word_1_708' title='bbox 1313 4275 1437 4346; x_wconf 88' lang='lat' dir='ltr'>rigidam,</span> <span class='ocrx_word' id='word_1_709' title='bbox 1448 4282 1481 4340; x_wconf 88' lang='lat' dir='ltr'>et,</span> <span class='ocrx_word' id='word_1_710' title='bbox 1491 4282 1522 4330; x_wconf 89' lang='lat' dir='ltr'>ut</span> <span class='ocrx_word' id='word_1_711' title='bbox 1535 4275 1593 4345; x_wconf 89' lang='lat' dir='ltr'>ipse</span> <span class='ocrx_word' id='word_1_712' title='bbox 1607 4272 1693 4344; x_wconf 90' lang='lat' dir='ltr'>loqui·</span> 
     </span>
     <span class='ocr_line' id='line_1_51' title="bbox 59 4353 1692 4425; baseline -0.001 -15"><span class='ocrx_word' id='word_1_713' title='bbox 59 4371 160 4410; x_wconf 81' lang='lat' dir='ltr'>versus</span> <span class='ocrx_word' id='word_1_714' title='bbox 173 4359 302 4419; x_wconf 87' lang='lat' dir='ltr'>anstrum,</span> <span class='ocrx_word' id='word_1_715' title='bbox 313 4354 367 4409; x_wconf 87' lang='lat' dir='ltr'>nisi</span> <span class='ocrx_word' id='word_1_716' title='bbox 381 4354 416 4408; x_wconf 89' lang='lat' dir='ltr'>nd</span> <span class='ocrx_word' id='word_1_717' title='bbox 429 4370 498 4417; x_wconf 77' lang='lat' dir='ltr'>mm,</span> <span class='ocrx_word' id='word_1_718' title='bbox 513 4369 594 4425; x_wconf 89' lang='lat' dir='ltr'>quam</span> <span class='ocrx_word' id='word_1_719' title='bbox 609 4354 736 4418; x_wconf 90' lang='lat' dir='ltr'>diximus,</span> <span class='ocrx_word' id='word_1_720' title='bbox 751 4364 860 4421; x_wconf 78' lang='lat' dir='ltr'>metam,</span> <span class='ocrx_word' id='word_1_721' title='bbox 900 4360 952 4419; x_wconf 88' lang='lat' dir='ltr'>tur,</span> <span class='ocrx_word' id='word_1_722' title='bbox 966 4356 1112 4419; x_wconf 87' lang='lat' dir='ltr'>robustam,</span> <span class='ocrx_word' id='word_1_723' title='bbox 1127 4353 1229 4409; x_wconf 85' lang='lat' dir='ltr'>habere</span> <span class='ocrx_word' id='word_1_724' title='bbox 1249 4354 1425 4409; x_wconf 88' lang='lat' dir='ltr'>directionem</span> <span class='ocrx_word' id='word_1_725' title='bbox 1443 4355 1500 4407; x_wconf 89' lang='lat' dir='ltr'>sive</span> <span class='ocrx_word' id='word_1_726' title='bbox 1514 4354 1692 4408; x_wconf 86' lang='lat' dir='ltr'>verticitatem</span> 
     </span>
     <span class='ocr_line' id='line_1_52' title="bbox 61 4430 1692 4505; baseline -0.001 -17"><span class='ocrx_word' id='word_1_727' title='bbox 61 4450 165 4504; x_wconf 83' lang='lat' dir='ltr'>nempe</span> <span class='ocrx_word' id='word_1_728' title='bbox 178 4433 253 4486; x_wconf 89' lang='lat' dir='ltr'>circa</span> <span class='ocrx_word' id='word_1_729' title='bbox 270 4430 369 4488; x_wconf 81' lang='lat' dir='ltr'>fretum</span> <span class='ocrx_word' id='word_1_730' title='bbox 381 4432 575 4489; x_wconf 86' lang='lat' dir='ltr'>Britannicum.</span> <span class='ocrx_word' id='word_1_731' title='bbox 615 4434 739 4488; x_wconf 89' lang='lat' dir='ltr'>Necesse</span> <span class='ocrx_word' id='word_1_732' title='bbox 758 4444 799 4488; x_wconf 87' lang='lat' dir='ltr'>est</span> <span class='ocrx_word' id='word_1_733' title='bbox 812 4452 860 4489; x_wconf 91' lang='lat' dir='ltr'>su·</span> <span class='ocrx_word' id='word_1_734' title='bbox 899 4432 1036 4499; x_wconf 88' lang='lat' dir='ltr'>latentem,</span> <span class='ocrx_word' id='word_1_735' title='bbox 1051 4434 1097 4488; x_wconf 89' lang='lat' dir='ltr'>sed</span> <span class='ocrx_word' id='word_1_736' title='bbox 1118 4441 1209 4488; x_wconf 85' lang='lat' dir='ltr'>tamen</span> <span class='ocrx_word' id='word_1_737' title='bbox 1229 4432 1413 4505; x_wconf 88' lang='lat' dir='ltr'>perplurima</span> <span class='ocrx_word' id='word_1_738' title='bbox 1432 4434 1567 4505; x_wconf 85' lang='lat' dir='ltr'>exquisita</span> <span class='ocrx_word' id='word_1_739' title='bbox 1586 4435 1692 4504; x_wconf 89' lang='lat' dir='ltr'>experi-</span> 
     </span>
     <span class='ocr_line' id='line_1_53' title="bbox 61 4512 1689 4585; baseline 0 -19"><span class='ocrx_word' id='word_1_740' title='bbox 61 4519 121 4568; x_wconf 86' lang='lat' dir='ltr'>tern</span> <span class='ocrx_word' id='word_1_741' title='bbox 139 4519 172 4567; x_wconf 91' lang='lat' dir='ltr'>nt</span> <span class='ocrx_word' id='word_1_742' title='bbox 183 4512 214 4566; x_wconf 91' lang='lat' dir='ltr'>in</span> <span class='ocrx_word' id='word_1_743' title='bbox 233 4512 352 4567; x_wconf 87' lang='lat' dir='ltr'>motibus</span> <span class='ocrx_word' id='word_1_744' title='bbox 365 4512 426 4567; x_wconf 90' lang='lat' dir='ltr'>istis</span> <span class='ocrx_word' id='word_1_745' title='bbox 444 4512 578 4583; x_wconf 89' lang='lat' dir='ltr'>oppositis</span> <span class='ocrx_word' id='word_1_746' title='bbox 591 4512 626 4566; x_wconf 91' lang='lat' dir='ltr'>sit</span> <span class='ocrx_word' id='word_1_747' title='bbox 640 4513 749 4567; x_wconf 89' lang='lat' dir='ltr'>tandem</span> <span class='ocrx_word' id='word_1_748' title='bbox 768 4512 860 4585; x_wconf 86' lang='lat' dir='ltr'>aliqua</span> <span class='ocrx_word' id='word_1_749' title='bbox 900 4523 992 4567; x_wconf 89' lang='lat' dir='ltr'>menta</span> <span class='ocrx_word' id='word_1_750' title='bbox 1014 4530 1044 4568; x_wconf 91' lang='lat' dir='ltr'>se</span> <span class='ocrx_word' id='word_1_751' title='bbox 1068 4512 1235 4583; x_wconf 88' lang='lat' dir='ltr'>prodentem,</span> <span class='ocrx_word' id='word_1_752' title='bbox 1258 4529 1352 4567; x_wconf 91' lang='lat' dir='ltr'>versus</span> <span class='ocrx_word' id='word_1_753' title='bbox 1375 4520 1496 4567; x_wconf 88' lang='lat' dir='ltr'>austrum</span> <span class='ocrx_word' id='word_1_754' title='bbox 1519 4521 1548 4566; x_wconf 91' lang='lat' dir='ltr'>et</span> <span class='ocrx_word' id='word_1_755' title='bbox 1570 4512 1689 4567; x_wconf 89' lang='lat' dir='ltr'>boream.</span> 
     </span>
     <span class='ocr_line' id='line_1_54' title="bbox 61 4590 1692 4663; baseline -0.001 -17"><span class='ocrx_word' id='word_1_756' title='bbox 61 4601 146 4656; x_wconf 86' lang='lat' dir='ltr'>saeta,</span> <span class='ocrx_word' id='word_1_757' title='bbox 167 4591 216 4646; x_wconf 89' lang='lat' dir='ltr'>ubi</span> <span class='ocrx_word' id='word_1_758' title='bbox 236 4599 379 4646; x_wconf 87' lang='lat' dir='ltr'>occurrant</span> <span class='ocrx_word' id='word_1_759' title='bbox 398 4597 426 4646; x_wconf 88' lang='lat' dir='ltr'>et</span> <span class='ocrx_word' id='word_1_760' title='bbox 446 4591 645 4655; x_wconf 86' lang='lat' dir='ltr'>conflictentur,</span> <span class='ocrx_word' id='word_1_761' title='bbox 659 4598 740 4662; x_wconf 91' lang='lat' dir='ltr'>atque</span> <span class='ocrx_word' id='word_1_762' title='bbox 762 4593 808 4647; x_wconf 91' lang='lat' dir='ltr'>nbi</span> <span class='ocrx_word' id='word_1_763' title='bbox 831 4593 860 4647; x_wconf 92' lang='lat' dir='ltr'>in</span> <span class='ocrx_word' id='word_1_764' title='bbox 899 4591 988 4663; x_wconf 90' lang='lat' dir='ltr'>Atque</span> <span class='ocrx_word' id='word_1_765' title='bbox 999 4593 1069 4646; x_wconf 87' lang='lat' dir='ltr'>hanc</span> <span class='ocrx_word' id='word_1_766' title='bbox 1079 4599 1168 4646; x_wconf 66' lang='lat' dir='ltr'>umen</span> <span class='ocrx_word' id='word_1_767' title='bbox 1178 4590 1391 4646; x_wconf 87' lang='lat' dir='ltr'>observationem</span> <span class='ocrx_word' id='word_1_768' title='bbox 1400 4591 1480 4663; x_wconf 89' lang='lat' dir='ltr'>plane</span> <span class='ocrx_word' id='word_1_769' title='bbox 1489 4591 1643 4656; x_wconf 88' lang='lat' dir='ltr'>minuimus,</span> <span class='ocrx_word' id='word_1_770' title='bbox 1654 4600 1692 4645; x_wconf 89' lang='lat' dir='ltr'>at·</span> 
     </span>
     <span class='ocr_line' id='line_1_55' title="bbox 61 4668 1691 4742; baseline -0.001 -17"><span class='ocrx_word' id='word_1_771' title='bbox 61 4671 192 4742; x_wconf 83' lang='lat' dir='ltr'>proximo</span> <span class='ocrx_word' id='word_1_772' title='bbox 205 4677 325 4725; x_wconf 90' lang='lat' dir='ltr'>mutetur</span> <span class='ocrx_word' id='word_1_773' title='bbox 338 4668 428 4725; x_wconf 89' lang='lat' dir='ltr'>subito</span> <span class='ocrx_word' id='word_1_774' title='bbox 444 4670 509 4725; x_wconf 91' lang='lat' dir='ltr'>ordo</span> <span class='ocrx_word' id='word_1_775' title='bbox 531 4670 712 4735; x_wconf 68' lang='lat' dir='ltr'>accessionisr</span> <span class='ocrx_word' id='word_1_776' title='bbox 735 4673 860 4741; x_wconf 86' lang='lat' dir='ltr'>quemad·</span> <span class='ocrx_word' id='word_1_777' title='bbox 899 4689 952 4742; x_wconf 88' lang='lat' dir='ltr'>que</span> <span class='ocrx_word' id='word_1_778' title='bbox 971 4673 1011 4725; x_wconf 89' lang='lat' dir='ltr'>ita</span> <span class='ocrx_word' id='word_1_779' title='bbox 1031 4671 1200 4741; x_wconf 88' lang='lat' dir='ltr'>corrigimus,</span> <span class='ocrx_word' id='word_1_780' title='bbox 1214 4677 1244 4724; x_wconf 90' lang='lat' dir='ltr'>ut</span> <span class='ocrx_word' id='word_1_781' title='bbox 1261 4671 1313 4725; x_wconf 87' lang='lat' dir='ltr'>hoc</span> <span class='ocrx_word' id='word_1_782' title='bbox 1335 4679 1470 4726; x_wconf 87' lang='lat' dir='ltr'>asseratur</span> <span class='ocrx_word' id='word_1_783' title='bbox 1481 4679 1584 4726; x_wconf 88' lang='lat' dir='ltr'>tantum</span> <span class='ocrx_word' id='word_1_784' title='bbox 1598 4672 1631 4724; x_wconf 90' lang='lat' dir='ltr'>de</span> <span class='ocrx_word' id='word_1_785' title='bbox 1646 4687 1691 4724; x_wconf 90' lang='lat' dir='ltr'>ex·</span> 
     </span>
     <span class='ocr_line' id='line_1_56' title="bbox 60 4748 1692 4821; baseline -0.001 -17"><span class='ocrx_word' id='word_1_786' title='bbox 60 4750 177 4804; x_wconf 85' lang='lat' dir='ltr'>modum</span> <span class='ocrx_word' id='word_1_787' title='bbox 198 4749 271 4803; x_wconf 90' lang='lat' dir='ltr'>circa</span> <span class='ocrx_word' id='word_1_788' title='bbox 293 4748 485 4820; x_wconf 83' lang='lat' dir='ltr'>Gravelingam</span> <span class='ocrx_word' id='word_1_789' title='bbox 505 4749 564 4804; x_wconf 83' lang='lat' dir='ltr'>lieri</span> <span class='ocrx_word' id='word_1_790' title='bbox 578 4749 705 4814; x_wconf 88' lang='lat' dir='ltr'>diximus,</span> <span class='ocrx_word' id='word_1_791' title='bbox 719 4748 807 4805; x_wconf 88' lang='lat' dir='ltr'>limite</span> <span class='ocrx_word' id='word_1_792' title='bbox 821 4750 860 4804; x_wconf 88' lang='lat' dir='ltr'>vi·</span> <span class='ocrx_word' id='word_1_793' title='bbox 900 4751 1043 4805; x_wconf 91' lang='lat' dir='ltr'>terioribus</span> <span class='ocrx_word' id='word_1_794' title='bbox 1062 4751 1276 4805; x_wconf 86' lang='lat' dir='ltr'>concretionibus</span> <span class='ocrx_word' id='word_1_795' title='bbox 1289 4750 1362 4804; x_wconf 91' lang='lat' dir='ltr'>circa</span> <span class='ocrx_word' id='word_1_796' title='bbox 1379 4750 1550 4821; x_wconf 87' lang='lat' dir='ltr'>superficiem</span> <span class='ocrx_word' id='word_1_797' title='bbox 1563 4760 1649 4813; x_wconf 83' lang='lat' dir='ltr'>terrae,</span> <span class='ocrx_word' id='word_1_798' title='bbox 1664 4757 1692 4803; x_wconf 89' lang='lat' dir='ltr'>et</span> 
     </span>
     <span class='ocr_line' id='line_1_57' title="bbox 61 4825 1691 4901; baseline -0.001 -17"><span class='ocrx_word' id='word_1_799' title='bbox 61 4828 165 4884; x_wconf 87' lang='lat' dir='ltr'>delicet</span> <span class='ocrx_word' id='word_1_800' title='bbox 178 4827 342 4884; x_wconf 84' lang='lat' dir='ltr'>accessionis</span> <span class='ocrx_word' id='word_1_801' title='bbox 359 4825 460 4883; x_wconf 83' lang='lat' dir='ltr'>ludicre</span> <span class='ocrx_word' id='word_1_802' title='bbox 480 4835 508 4882; x_wconf 91' lang='lat' dir='ltr'>et</span> <span class='ocrx_word' id='word_1_803' title='bbox 529 4827 672 4900; x_wconf 79' lang='lat' dir='ltr'>Scythicae.</span> <span class='ocrx_word' id='word_1_804' title='bbox 713 4827 806 4900; x_wconf 86' lang='lat' dir='ltr'>Atque.</span> <span class='ocrx_word' id='word_1_805' title='bbox 821 4830 861 4883; x_wconf 87' lang='lat' dir='ltr'>in·</span> <span class='ocrx_word' id='word_1_806' title='bbox 898 4829 1010 4885; x_wconf 90' lang='lat' dir='ltr'>minime</span> <span class='ocrx_word' id='word_1_807' title='bbox 1031 4829 1194 4900; x_wconf 87' lang='lat' dir='ltr'>producatur</span> <span class='ocrx_word' id='word_1_808' title='bbox 1216 4829 1250 4882; x_wconf 90' lang='lat' dir='ltr'>ad</span> <span class='ocrx_word' id='word_1_809' title='bbox 1271 4830 1374 4884; x_wconf 83' lang='lat' dir='ltr'>viscera</span> <span class='ocrx_word' id='word_1_810' title='bbox 1394 4831 1480 4901; x_wconf 88' lang='lat' dir='ltr'>ipsius</span> <span class='ocrx_word' id='word_1_811' title='bbox 1507 4837 1587 4883; x_wconf 83' lang='lat' dir='ltr'>terrm</span> <span class='ocrx_word' id='word_1_812' title='bbox 1614 4831 1691 4896; x_wconf 90' lang='lat' dir='ltr'>(nam</span> 
     </span>
     <span class='ocr_line' id='line_1_58' title="bbox 60 4907 1691 4979; baseline -0.001 -17"><span class='ocrx_word' id='word_1_813' title='bbox 60 4907 152 4962; x_wconf 88' lang='lat' dir='ltr'>veniri</span> <span class='ocrx_word' id='word_1_814' title='bbox 164 4907 288 4979; x_wconf 89' lang='lat' dir='ltr'>euripum</span> <span class='ocrx_word' id='word_1_815' title='bbox 303 4908 437 4978; x_wconf 91' lang='lat' dir='ltr'>quendam</span> <span class='ocrx_word' id='word_1_816' title='bbox 451 4924 486 4962; x_wconf 93' lang='lat' dir='ltr'>ex</span> <span class='ocrx_word' id='word_1_817' title='bbox 500 4907 641 4962; x_wconf 87' lang='lat' dir='ltr'>contrariis</span> <span class='ocrx_word' id='word_1_818' title='bbox 655 4907 774 4962; x_wconf 89' lang='lat' dir='ltr'>fluxibus</span> <span class='ocrx_word' id='word_1_819' title='bbox 787 4908 860 4963; x_wconf 88' lang='lat' dir='ltr'>cirea</span> <span class='ocrx_word' id='word_1_820' title='bbox 898 4909 970 4979; x_wconf 92' lang='lat' dir='ltr'>quod</span> <span class='ocrx_word' id='word_1_821' title='bbox 984 4916 1054 4964; x_wconf 87' lang='lat' dir='ltr'>terra</span> <span class='ocrx_word' id='word_1_822' title='bbox 1068 4908 1103 4963; x_wconf 88' lang='lat' dir='ltr'>sit</span> <span class='ocrx_word' id='word_1_823' title='bbox 1116 4925 1228 4979; x_wconf 90' lang='lat' dir='ltr'>magnes</span> <span class='ocrx_word' id='word_1_824' title='bbox 1238 4910 1346 4963; x_wconf 88' lang='lat' dir='ltr'>interim</span> <span class='ocrx_word' id='word_1_825' title='bbox 1360 4908 1413 4963; x_wconf 85' lang='lat' dir='ltr'>levi</span> <span class='ocrx_word' id='word_1_826' title='bbox 1427 4908 1536 4963; x_wconf 92' lang='lat' dir='ltr'>omnino</span> <span class='ocrx_word' id='word_1_827' title='bbox 1546 4907 1691 4978; x_wconf 89' lang='lat' dir='ltr'>phantasia</span> 
     </span>
     <span class='ocr_line' id='line_1_59' title="bbox 63 4985 1691 5060; baseline -0.003 -17"><span class='ocrx_word' id='word_1_828' title='bbox 63 4987 251 5051; x_wconf 85' lang='lat' dir='ltr'>Hollandiam,</span> <span class='ocrx_word' id='word_1_829' title='bbox 263 5003 318 5041; x_wconf 88' lang='lat' dir='ltr'>non</span> <span class='ocrx_word' id='word_1_830' title='bbox 331 4987 418 5042; x_wconf 90' lang='lat' dir='ltr'>solum</span> <span class='ocrx_word' id='word_1_831' title='bbox 431 5003 467 5042; x_wconf 88' lang='lat' dir='ltr'>ex</span> <span class='ocrx_word' id='word_1_832' title='bbox 478 5003 511 5041; x_wconf 88' lang='lat' dir='ltr'>ea</span> <span class='ocrx_word' id='word_1_833' title='bbox 525 4989 620 5059; x_wconf 91' lang='lat' dir='ltr'>(quam</span> <span class='ocrx_word' id='word_1_834' title='bbox 631 4986 763 5056; x_wconf 90' lang='lat' dir='ltr'>diximus)</span> <span class='ocrx_word' id='word_1_835' title='bbox 774 4987 860 5043; x_wconf 88' lang='lat' dir='ltr'>iuver·</span> <span class='ocrx_word' id='word_1_836' title='bbox 897 4995 1035 5058; x_wconf 87' lang='lat' dir='ltr'>arreptum</span> <span class='ocrx_word' id='word_1_837' title='bbox 1049 4994 1108 5052; x_wconf 87' lang='lat' dir='ltr'>est;</span> <span class='ocrx_word' id='word_1_838' title='bbox 1129 4987 1187 5042; x_wconf 83' lang='lat' dir='ltr'>fieri</span> <span class='ocrx_word' id='word_1_839' title='bbox 1202 4988 1274 5042; x_wconf 89' lang='lat' dir='ltr'>enim</span> <span class='ocrx_word' id='word_1_840' title='bbox 1286 5005 1395 5058; x_wconf 88' lang='lat' dir='ltr'>prorsus</span> <span class='ocrx_word' id='word_1_841' title='bbox 1406 4988 1508 5060; x_wconf 90' lang='lat' dir='ltr'>nequit,</span> <span class='ocrx_word' id='word_1_842' title='bbox 1517 4994 1548 5040; x_wconf 92' lang='lat' dir='ltr'>ut</span> <span class='ocrx_word' id='word_1_843' title='bbox 1561 4985 1691 5039; x_wconf 90' lang='lat' dir='ltr'>interiora</span> 
     </span>
     <span class='ocr_line' id='line_1_60' title="bbox 61 5064 1689 5136; baseline -0.002 -14"><span class='ocrx_word' id='word_1_844' title='bbox 61 5068 140 5122; x_wconf 89' lang='lat' dir='ltr'>sione</span> <span class='ocrx_word' id='word_1_845' title='bbox 156 5065 259 5120; x_wconf 89' lang='lat' dir='ltr'>ordinis</span> <span class='ocrx_word' id='word_1_846' title='bbox 277 5065 407 5120; x_wconf 90' lang='lat' dir='ltr'>horarum</span> <span class='ocrx_word' id='word_1_847' title='bbox 426 5066 552 5130; x_wconf 86' lang='lat' dir='ltr'>influxu,</span> <span class='ocrx_word' id='word_1_848' title='bbox 567 5065 714 5120; x_wconf 90' lang='lat' dir='ltr'>sedetiam</span> <span class='ocrx_word' id='word_1_849' title='bbox 727 5066 859 5135; x_wconf 87' lang='lat' dir='ltr'>peculiari</span> <span class='ocrx_word' id='word_1_850' title='bbox 897 5076 976 5122; x_wconf 80' lang='lat' dir='ltr'>terrae</span> <span class='ocrx_word' id='word_1_851' title='bbox 998 5066 1101 5121; x_wconf 91' lang='lat' dir='ltr'>similia</span> <span class='ocrx_word' id='word_1_852' title='bbox 1125 5066 1179 5121; x_wconf 89' lang='lat' dir='ltr'>sint</span> <span class='ocrx_word' id='word_1_853' title='bbox 1200 5065 1281 5122; x_wconf 91' lang='lat' dir='ltr'>alicui</span> <span class='ocrx_word' id='word_1_854' title='bbox 1302 5067 1469 5130; x_wconf 75' lang='lat' dir='ltr'>substantia,</span> <span class='ocrx_word' id='word_1_855' title='bbox 1492 5082 1573 5136; x_wconf 89' lang='lat' dir='ltr'>quam</span> <span class='ocrx_word' id='word_1_856' title='bbox 1596 5064 1689 5119; x_wconf 91' lang='lat' dir='ltr'>oculus</span> 
     </span>
     <span class='ocr_line' id='line_1_61' title="bbox 61 5143 1691 5216; baseline -0.002 -15"><span class='ocrx_word' id='word_1_857' title='bbox 61 5153 92 5201; x_wconf 90' lang='lat' dir='ltr'>et</span> <span class='ocrx_word' id='word_1_858' title='bbox 112 5144 219 5200; x_wconf 84' lang='lat' dir='ltr'>risibili</span> <span class='ocrx_word' id='word_1_859' title='bbox 238 5146 434 5215; x_wconf 86' lang='lat' dir='ltr'>experimento,</span> <span class='ocrx_word' id='word_1_860' title='bbox 449 5162 467 5198; x_wconf 91' lang='lat' dir='ltr'>a</span> <span class='ocrx_word' id='word_1_861' title='bbox 478 5145 604 5215; x_wconf 91' lang='lat' dir='ltr'>plurimis</span> <span class='ocrx_word' id='word_1_862' title='bbox 619 5145 792 5201; x_wconf 88' lang='lat' dir='ltr'>observatum</span> <span class='ocrx_word' id='word_1_863' title='bbox 806 5153 857 5200; x_wconf 87' lang='lat' dir='ltr'>est.</span> <span class='ocrx_word' id='word_1_864' title='bbox 897 5145 1033 5201; x_wconf 87' lang='lat' dir='ltr'>humanus</span> <span class='ocrx_word' id='word_1_865' title='bbox 1047 5145 1126 5211; x_wconf 86' lang='lat' dir='ltr'>videt,</span> <span class='ocrx_word' id='word_1_866' title='bbox 1141 5146 1275 5216; x_wconf 91' lang='lat' dir='ltr'>siquidem</span> <span class='ocrx_word' id='word_1_867' title='bbox 1297 5148 1388 5201; x_wconf 90' lang='lat' dir='ltr'>omnia</span> <span class='ocrx_word' id='word_1_868' title='bbox 1401 5145 1472 5216; x_wconf 89' lang='lat' dir='ltr'>apud</span> <span class='ocrx_word' id='word_1_869' title='bbox 1488 5161 1539 5199; x_wconf 86' lang='lat' dir='ltr'>nos</span> <span class='ocrx_word' id='word_1_870' title='bbox 1553 5161 1570 5197; x_wconf 91' lang='lat' dir='ltr'>a</span> <span class='ocrx_word' id='word_1_871' title='bbox 1583 5143 1641 5197; x_wconf 91' lang='lat' dir='ltr'>sole</span> <span class='ocrx_word' id='word_1_872' title='bbox 1662 5151 1691 5198; x_wconf 88' lang='lat' dir='ltr'>et</span> 
     </span>
     <span class='ocr_line' id='line_1_62' title="bbox 61 5221 1690 5290; baseline -0.001 -10"><span class='ocrx_word' id='word_1_873' title='bbox 61 5225 141 5288; x_wconf 87' lang='lat' dir='ltr'>Quod</span> <span class='ocrx_word' id='word_1_874' title='bbox 156 5225 180 5278; x_wconf 89' lang='lat' dir='ltr'>si</span> <span class='ocrx_word' id='word_1_875' title='bbox 195 5221 255 5279; x_wconf 72' lang='lat' dir='ltr'>hnc</span> <span class='ocrx_word' id='word_1_876' title='bbox 270 5224 309 5277; x_wconf 91' lang='lat' dir='ltr'>ita</span> <span class='ocrx_word' id='word_1_877' title='bbox 329 5225 402 5288; x_wconf 87' lang='lat' dir='ltr'>tisnt,</span> <span class='ocrx_word' id='word_1_878' title='bbox 417 5224 520 5278; x_wconf 87' lang='lat' dir='ltr'>reditur</span> <span class='ocrx_word' id='word_1_879' title='bbox 541 5225 576 5278; x_wconf 90' lang='lat' dir='ltr'>ad</span> <span class='ocrx_word' id='word_1_880' title='bbox 595 5225 632 5289; x_wconf 91' lang='lat' dir='ltr'>id,</span> <span class='ocrx_word' id='word_1_881' title='bbox 645 5232 677 5279; x_wconf 90' lang='lat' dir='ltr'>ut</span> <span class='ocrx_word' id='word_1_882' title='bbox 693 5241 804 5279; x_wconf 88' lang='lat' dir='ltr'>necesse</span> <span class='ocrx_word' id='word_1_883' title='bbox 822 5225 860 5279; x_wconf 91' lang='lat' dir='ltr'>sit</span> <span class='ocrx_word' id='word_1_884' title='bbox 897 5224 1051 5280; x_wconf 78' lang='lat' dir='ltr'>cmlesnbus</span> <span class='ocrx_word' id='word_1_885' title='bbox 1064 5223 1164 5288; x_wconf 89' lang='lat' dir='ltr'>laxata,</span> <span class='ocrx_word' id='word_1_886' title='bbox 1179 5225 1298 5290; x_wconf 89' lang='lat' dir='ltr'>subacta,</span> <span class='ocrx_word' id='word_1_887' title='bbox 1313 5231 1360 5280; x_wconf 88' lang='lat' dir='ltr'>ant</span> <span class='ocrx_word' id='word_1_888' title='bbox 1378 5225 1493 5278; x_wconf 81' lang='lat' dir='ltr'>infracta</span> <span class='ocrx_word' id='word_1_889' title='bbox 1507 5223 1570 5287; x_wconf 88' lang='lat' dir='ltr'>sint,</span> <span class='ocrx_word' id='word_1_890' title='bbox 1584 5230 1613 5276; x_wconf 91' lang='lat' dir='ltr'>nt</span> <span class='ocrx_word' id='word_1_891' title='bbox 1626 5240 1690 5279; x_wconf 88' lang='lat' dir='ltr'>cum</span> 
     </span>
     <span class='ocr_line' id='line_1_63' title="bbox 61 5301 1690 5376; baseline -0.002 -16"><span class='ocrx_word' id='word_1_892' title='bbox 61 5305 132 5370; x_wconf 85' lang='lat' dir='ltr'>tisri,</span> <span class='ocrx_word' id='word_1_893' title='bbox 146 5311 179 5357; x_wconf 88' lang='lat' dir='ltr'>ut</span> <span class='ocrx_word' id='word_1_894' title='bbox 192 5320 247 5373; x_wconf 90' lang='lat' dir='ltr'>quo</span> <span class='ocrx_word' id='word_1_895' title='bbox 259 5310 351 5373; x_wconf 86' lang='lat' dir='ltr'>partes</span> <span class='ocrx_word' id='word_1_896' title='bbox 364 5302 495 5357; x_wconf 81' lang='lat' dir='ltr'>Atlantici</span> <span class='ocrx_word' id='word_1_897' title='bbox 509 5311 537 5358; x_wconf 89' lang='lat' dir='ltr'>et</span> <span class='ocrx_word' id='word_1_898' title='bbox 556 5303 650 5357; x_wconf 91' lang='lat' dir='ltr'>littora</span> <span class='ocrx_word' id='word_1_899' title='bbox 662 5304 752 5375; x_wconf 86' lang='lat' dir='ltr'>magis</span> <span class='ocrx_word' id='word_1_900' title='bbox 765 5311 859 5359; x_wconf 89' lang='lat' dir='ltr'>exten·</span> <span class='ocrx_word' id='word_1_901' title='bbox 897 5303 939 5369; x_wconf 91' lang='lat' dir='ltr'>iis,</span> <span class='ocrx_word' id='word_1_902' title='bbox 955 5321 1016 5376; x_wconf 80' lang='lat' dir='ltr'>qum</span> <span class='ocrx_word' id='word_1_903' title='bbox 1029 5303 1111 5359; x_wconf 87' lang='lat' dir='ltr'>talem</span> <span class='ocrx_word' id='word_1_904' title='bbox 1129 5312 1210 5358; x_wconf 90' lang='lat' dir='ltr'>nacta</span> <span class='ocrx_word' id='word_1_905' title='bbox 1223 5312 1286 5358; x_wconf 89' lang='lat' dir='ltr'>sunt</span> <span class='ocrx_word' id='word_1_906' title='bbox 1304 5303 1402 5368; x_wconf 90' lang='lat' dir='ltr'>locum,</span> <span class='ocrx_word' id='word_1_907' title='bbox 1417 5319 1471 5375; x_wconf 91' lang='lat' dir='ltr'>quo</span> <span class='ocrx_word' id='word_1_908' title='bbox 1484 5302 1525 5356; x_wconf 85' lang='lat' dir='ltr'>ris</span> <span class='ocrx_word' id='word_1_909' title='bbox 1538 5301 1690 5356; x_wconf 86' lang='lat' dir='ltr'>coelestium</span> 
     </span>
     <span class='ocr_line' id='line_1_64' title="bbox 63 5381 1689 5455; baseline -0.002 -16"><span class='ocrx_word' id='word_1_910' title='bbox 63 5384 166 5439; x_wconf 79' lang='lat' dir='ltr'>duntm</span> <span class='ocrx_word' id='word_1_911' title='bbox 184 5382 221 5435; x_wconf 87' lang='lat' dir='ltr'>ad</span> <span class='ocrx_word' id='word_1_912' title='bbox 243 5389 413 5446; x_wconf 78' lang='lat' dir='ltr'>nostramet</span> <span class='ocrx_word' id='word_1_913' title='bbox 433 5383 652 5453; x_wconf 89' lang='lat' dir='ltr'>appropinquant</span> <span class='ocrx_word' id='word_1_914' title='bbox 672 5384 741 5437; x_wconf 88' lang='lat' dir='ltr'>mari</span> <span class='ocrx_word' id='word_1_915' title='bbox 758 5384 858 5448; x_wconf 89' lang='lat' dir='ltr'>Indico,</span> <span class='ocrx_word' id='word_1_916' title='bbox 897 5399 950 5436; x_wconf 91' lang='lat' dir='ltr'>non</span> <span class='ocrx_word' id='word_1_917' title='bbox 978 5389 1109 5453; x_wconf 88' lang='lat' dir='ltr'>penetret,</span> <span class='ocrx_word' id='word_1_918' title='bbox 1138 5383 1296 5455; x_wconf 85' lang='lat' dir='ltr'>neutiquam</span> <span class='ocrx_word' id='word_1_919' title='bbox 1321 5382 1473 5437; x_wconf 90' lang='lat' dir='ltr'>consentire</span> <span class='ocrx_word' id='word_1_920' title='bbox 1500 5381 1617 5452; x_wconf 89' lang='lat' dir='ltr'>possint)</span> <span class='ocrx_word' id='word_1_921' title='bbox 1641 5382 1689 5436; x_wconf 88' lang='lat' dir='ltr'>sed</span> 
     </span>
     <span class='ocr_line' id='line_1_65' title="bbox 62 5460 1690 5535; baseline -0.002 -17"><span class='ocrx_word' id='word_1_922' title='bbox 62 5480 98 5518; x_wconf 90' lang='lat' dir='ltr'>eo</span> <span class='ocrx_word' id='word_1_923' title='bbox 114 5462 208 5531; x_wconf 86' lang='lat' dir='ltr'>magis</span> <span class='ocrx_word' id='word_1_924' title='bbox 228 5461 317 5516; x_wconf 85' lang='lat' dir='ltr'>fluxus</span> <span class='ocrx_word' id='word_1_925' title='bbox 339 5466 487 5516; x_wconf 84' lang='lat' dir='ltr'>antevertat</span> <span class='ocrx_word' id='word_1_926' title='bbox 505 5460 534 5515; x_wconf 90' lang='lat' dir='ltr'>in</span> <span class='ocrx_word' id='word_1_927' title='bbox 555 5462 743 5531; x_wconf 70' lang='lat' dir='ltr'>precedentis,</span> <span class='ocrx_word' id='word_1_928' title='bbox 764 5470 859 5535; x_wconf 92' lang='lat' dir='ltr'>utpote</span> <span class='ocrx_word' id='word_1_929' title='bbox 897 5462 969 5534; x_wconf 92' lang='lat' dir='ltr'>quod</span> <span class='ocrx_word' id='word_1_930' title='bbox 982 5478 1052 5516; x_wconf 82' lang='lat' dir='ltr'>nrrnc</span> <span class='ocrx_word' id='word_1_931' title='bbox 1065 5462 1161 5533; x_wconf 89' lang='lat' dir='ltr'>agitur,</span> <span class='ocrx_word' id='word_1_932' title='bbox 1175 5462 1328 5532; x_wconf 90' lang='lat' dir='ltr'>superiores</span> <span class='ocrx_word' id='word_1_933' title='bbox 1338 5461 1543 5515; x_wconf 86' lang='lat' dir='ltr'>incrustationes</span> <span class='ocrx_word' id='word_1_934' title='bbox 1557 5461 1614 5515; x_wconf 88' lang='lat' dir='ltr'>sive</span> <span class='ocrx_word' id='word_1_935' title='bbox 1628 5478 1690 5516; x_wconf 91' lang='lat' dir='ltr'>con·</span> 
     </span>
     <span class='ocr_line' id='line_1_66' title="bbox 64 5539 1690 5615; baseline -0.002 -17"><span class='ocrx_word' id='word_1_936' title='bbox 64 5543 111 5615; x_wconf 91' lang='lat' dir='ltr'>qui</span> <span class='ocrx_word' id='word_1_937' title='bbox 129 5541 236 5597; x_wconf 86' lang='lat' dir='ltr'>oriatur</span> <span class='ocrx_word' id='word_1_938' title='bbox 255 5556 272 5596; x_wconf 93' lang='lat' dir='ltr'>a</span> <span class='ocrx_word' id='word_1_939' title='bbox 293 5546 370 5598; x_wconf 89' lang='lat' dir='ltr'>motu</span> <span class='ocrx_word' id='word_1_940' title='bbox 390 5540 439 5596; x_wconf 92' lang='lat' dir='ltr'>illo</span> <span class='ocrx_word' id='word_1_941' title='bbox 457 5556 523 5596; x_wconf 88' lang='lat' dir='ltr'>vero</span> <span class='ocrx_word' id='word_1_942' title='bbox 541 5541 571 5596; x_wconf 91' lang='lat' dir='ltr'>in</span> <span class='ocrx_word' id='word_1_943' title='bbox 590 5540 659 5596; x_wconf 89' lang='lat' dir='ltr'>mari</span> <span class='ocrx_word' id='word_1_944' title='bbox 675 5541 785 5610; x_wconf 85' lang='lat' dir='ltr'>ludico;</span> <span class='ocrx_word' id='word_1_945' title='bbox 806 5558 861 5613; x_wconf 89' lang='lat' dir='ltr'>quo</span> <span class='ocrx_word' id='word_1_946' title='bbox 895 5542 1030 5598; x_wconf 88' lang='lat' dir='ltr'>cretiones</span> <span class='ocrx_word' id='word_1_947' title='bbox 1045 5548 1124 5599; x_wconf 79' lang='lat' dir='ltr'>terra</span> <span class='ocrx_word' id='word_1_948' title='bbox 1133 5542 1257 5598; x_wconf 87' lang='lat' dir='ltr'>videntur</span> <span class='ocrx_word' id='word_1_949' title='bbox 1270 5539 1422 5597; x_wconf 88' lang='lat' dir='ltr'>consentire</span> <span class='ocrx_word' id='word_1_950' title='bbox 1436 5558 1498 5597; x_wconf 88' lang='lat' dir='ltr'>cum</span> <span class='ocrx_word' id='word_1_951' title='bbox 1509 5541 1690 5597; x_wconf 79' lang='lat' dir='ltr'>conversioni·</span> 
     </span>
    </p>
   </div>
   <div class='ocr_carea' id='block_1_3' title="bbox 0 0 1904 5875">
    <p class='ocr_par' dir='ltr' id='par_1_3' title="bbox 0 0 1904 5875">
     <span class='ocr_line' id='line_1_67' title="bbox 0 0 1904 5875; baseline 0 1"><span class='ocrx_word' id='word_1_952' title='bbox 0 0 1904 5875; x_wconf 95' lang='lat' dir='ltr'> </span> 
     </span>
    </p>
   </div>
  </div>
 </body>
</html>
