3800 5875
200 295 257 350 664
877 293 1015 350 ruatis
1037 294 1146 351 COELl.

194 455 266 519 dere,
285 461 366 525 atque
386 452 543 521 hujusmodi
562 469 719 524 processum
740 452 892 519 altemsrer
915 454 995 509 aliter
1034 454 1115 511 ducta
1136 460 1178 507 est
1197 469 1215 507 a
1234 452 1344 508 Telesio
1362 452 1424 525 (qni
1443 452 1604 509 imiamins
1624 453 1822 524 philosophiam

196 534 272 589 nulla
286 541 378 603 posset
391 534 450 587 fieri
470 533 581 596 fabrica,
596 534 619 586 si
634 549 684 604 per
701 533 802 604 gradus
821 533 994 588 insensibiles
1033 532 1204 588 Parmenidis
1218 539 1245 585 et
1265 532 1466 604 disputationes
1478 532 1509 586 in
1529 532 1601 587 libro
1620 534 1654 586 de
1669 535 1758 604 primo
1774 535 1822 589 iri·

193 623 325 684 perpetuo
335 613 534 683 procederetur.
574 611 697 672 Quantus
707 613 781 666 enim
791 613 876 667 saltus
890 614 994 683 (quoad
1032 615 1109 684 gido)
1124 612 1153 666 in
1167 620 1292 666 naturam
1306 628 1362 666 non
1374 621 1447 668 certe
1461 612 1678 667 coemnuuim
1691 621 1718 667 et
1736 615 1824 682 conju·

193 693 405 762 explicationem
426 689 592 761 materiae)a
612 702 684 746 terra
705 702 734 746 et
754 709 826 763 aqua
847 693 881 746 ad
901 696 993 747 adrem
1032 694 1114 762 gatio,
1130 691 1276 762 (quodille
1289 691 1368 760 vult)
1381 692 1429 746 aed
1444 700 1536 745 tamen
1546 693 1665 746 affinitas
1679 696 1823 763 etoonspi·

194 774 237 826 vel
261 774 381 826 maxime
402 789 522 827 crassum
545 778 574 825 et
596 771 776 826 nebulosum?
813 770 905 843 Atque
933 771 993 825 baec
1032 773 1109 836 ratio,
1123 772 1250 825 videlicet
1263 789 1299 826 ex
1320 772 1406 826 altera
1418 781 1503 842 parte,
1517 771 1608 835 calidi,
1626 772 1717 837 lucidi,
1730 774 1822 837 tenuia

193 862 397 906 tamennatura
417 863 471 905 tam
491 852 620 904 distantia
641 868 754 921 corpora
775 851 835 905 loco
854 862 882 905 et
900 869 994 921 super-
1031 861 1059 905 et
1084 850 1208 906 mobilis:
1229 857 1265 915 et,
1290 868 1327 906 ex
1353 860 1430 921 parte
1455 853 1591 920 opposita,
1616 853 1717 922 frigidi,
1739 852 1822 923 opaci,

193 932 254 985 ficie
268 933 474 1001 conjunguntur,
490 932 549 985 sine
564 932 654 985 medio
672 941 719 985 aut
736 930 888 986 intervallo.
931 931 992 985 Nec
1031 931 1115 995 densi,
1131 939 1159 984 et
1172 930 1319 985 immobilis
1330 953 1337 995 3
1349 930 1475 999 ponendo
1488 930 1580 984 sedem
1590 932 1825 1002 primaeeonspire

192 1011 280 1065 minor
290 1011 375 1065 saltus
385 1011 485 1082 (quoad
494 1010 992 1081 naturamsubstantialem)aregione
1031 1012 1112 1065 tionis
1127 1012 1155 1065 in
1169 1010 1247 1073 coelo,
1266 1010 1391 1064 secunda
1411 1010 1441 1063 in
1456 1019 1536 1064 terra.
1581 1010 1659 1070 Quod
1673 1013 1699 1064 si
1712 1024 1825 1081 ponatur

193 1090 265 1145 aeris
289 1091 324 1143 ad
351 1092 491 1162 regionem
515 1089 595 1157 lunae,
618 1090 715 1161 ingens
736 1091 863 1145 similiter
884 1108 901 1145 a
922 1089 993 1144 coelo
1031 1092 1109 1160 quies
1123 1099 1151 1143 et
1164 1088 1311 1153 immobile,
1328 1090 1435 1144 videtur
1448 1090 1531 1143 etiam
1545 1091 1612 1159 poni
1626 1091 1727 1145 debere
1741 1102 1824 1145 motae

191 1169 263 1225 lunia
277 1172 312 1225 ad
325 1169 423 1224 coslum
436 1170 582 1224 stellatum.
624 1169 718 1240 Itaque
728 1170 750 1223 si
762 1170 825 1241 quis
834 1171 991 1224 continuum
1031 1170 1134 1241 absque
1145 1170 1263 1223 termino
1276 1177 1303 1222 et
1316 1185 1421 1223 summe
1431 1168 1541 1234 mobile,
1553 1170 1676 1225 maxime
1690 1171 1719 1225 in
1727 1173 1825 1226 mturir

192 1258 219 1303 et
232 1251 389 1320 contiguum
403 1250 539 1319 acceperit
552 1266 606 1303 non
625 1268 661 1304 ea
680 1249 760 1303 modo
778 1266 875 1315 nexus,
889 1250 937 1304 sed
955 1266 991 1304 ex
1030 1249 1171 1319 oppositis.
1214 1249 1344 1303 lamotus
1358 1249 1469 1302 estsere
1483 1250 1635 1312 rotationis,
1651 1250 1825 1321 qnalisiuve·

192 1329 347 1384 diversitate
371 1346 515 1400 corporum
539 1345 731 1394 connexorum,
756 1338 810 1383 tres
830 1328 901 1393 illas,
923 1346 991 1399 quas
1029 1330 1102 1382 nitur
1114 1329 1144 1383 in
1159 1345 1260 1399 genere
1275 1329 1304 1382 in
1312 1327 1476 1382 scelestibus.
1518 1327 1642 1398 Agimus
1653 1331 1730 1384 eninr
1741 1332 1826 1385 incir-

191 1409 318 1472 diximus,
332 1410 458 1481 regiones
472 1410 502 1462 in
514 1409 647 1462 limitibus
661 1409 718 1463 suis
730 1410 923 1479 procontiguis
934 1419 991 1463 tan·
1029 1407 1090 1462 culo
1117 1408 1262 1462 terminum
1288 1407 1457 1472 nonhabet,
1481 1417 1512 1462 et
1530 1406 1639 1462 videtur
1659 1426 1771 1463 manare
1791 1428 1825 1467 ex

192 1497 249 1542 tum
264 1488 359 1543 haberi
375 1499 483 1560 queant
525 1487 589 1541 Jam
602 1505 667 1541 vero
680 1488 825 1543 videndum
841 1487 947 1559 liquido
961 1498 990 1542 et
1028 1488 1151 1557 appetitu
1165 1487 1293 1557 corporis,
1302 1488 1374 1559 quod
1386 1494 1478 1541 moret
1490 1486 1663 1542 solummodo
1673 1496 1825 1555 utmovear,

192 1568 342 1639 perspicue,
356 1569 416 1623 baec
431 1575 522 1623 nostra
535 1567 569 1621 de
581 1568 739 1622 substantiis
760 1571 915 1638 systematis
929 1568 990 1621 the·
1028 1576 1056 1620 et
1069 1584 1099 1621 se
1113 1575 1248 1637 sequatur,
1262 1575 1290 1621 et
1303 1568 1428 1637 proprios
1442 1574 1518 1636 petat
1532 1567 1690 1637 amplexus,
1704 1578 1734 1623 et
1751 1578 1826 1624 nata·

191 1647 257 1712 oria,
273 1656 375 1718 quaet
389 1647 480 1719 qualia
493 1655 584 1718 neget,
598 1653 626 1700 et
640 1663 700 1717 qua
714 1655 741 1701 et
755 1647 848 1718 qualia
866 1649 989 1711 affirmet,
1029 1663 1086 1701 ram
1100 1663 1177 1701 susm
1191 1646 1300 1711 excitet,
1308 1663 1395 1717 eaque
1409 1645 1524 1710 fruatur,
1539 1653 1567 1700 et
1579 1648 1726 1717 propriam
1739 1666 1826 1719 operr-

190 1734 222 1779 ut
245 1727 353 1781 facilius
378 1728 465 1781 teneri
486 1726 530 1781 vel
550 1727 653 1781 destrui
672 1728 766 1796 possit.
806 1728 899 1798 Negat
921 1726 989 1781 illud
1029 1726 1128 1780 tionem
1140 1733 1284 1790 exerceat;
1304 1744 1367 1781 cum
1380 1735 1481 1790 contra,
1496 1725 1564 1779 latio
1577 1727 1607 1780 in
1621 1736 1709 1791 recta,
1724 1729 1828 1782 itinera-

190 1804 340 1876 rulgatum,
354 1804 833 1871 flammamesseadremincensum
855 1808 990 1861 affirman-
1027 1806 1070 1859 ria
1093 1805 1223 1871 videatur,
1246 1813 1274 1859 et
1298 1823 1407 1859 movere
1428 1806 1464 1859 ad
1488 1806 1636 1860 terminum
1662 1809 1827 1873 camboni,

191 1884 226 1938 do
238 1903 352 1955 corpora
365 1885 414 1939 illa
431 1886 492 1951 dno,
511 1888 603 1939 adrem
617 1894 645 1938 et
660 1886 807 1950 flammam,
825 1886 906 1957 plane
928 1904 989 1941 esse
1027 1886 1085 1938 sive
1099 1886 1209 1955 quietis,
1224 1893 1251 1939 et
1266 1894 1295 1939 ut
1308 1884 1412 1955 aliquid
1421 1894 1591 1955 assequatur,
1601 1895 1630 1939 et
1644 1886 1713 1940 dein
1727 1897 1827 1942 motum

190 1963 381 2036 heterogenea,
395 1966 481 2019 instar
494 1982 572 2035 aquae
586 1972 614 2018 et
633 1963 693 2029 olei,
713 1964 852 2035 sulphuris
871 1977 898 2019 et
915 1984 988 2020 mer·
1027 1982 1106 2019 suum
1120 1965 1247 2035 deponat
1289 1965 1384 2035 ltaque
1398 1965 1432 2019 de
1453 1975 1528 2019 motu
1547 1965 1601 2018 isto
1615 1967 1770 2029 mistionis,
1784 1968 1827 2038 qni

189 2044 267 2099 curii.
309 2045 403 2114 Negat
425 2061 540 2100 vacuum
567 2043 634 2098 illud
657 2052 843 2098 coacervatum
873 2045 988 2100 Gilberti
1027 2053 1068 2099 est
1088 2053 1179 2099 motus
1203 2061 1283 2098 verns
1306 2054 1335 2097 et
1358 2045 1493 2114 perennis,
1515 2052 1543 2098 et
1564 2042 1728 2099 coelestibns
1748 2047 1827 2117 vulgo

189 2123 260 2176 inter
274 2122 370 2193 globos
384 2140 501 2192 sparsos,
516 2123 565 2179 sed
583 2123 673 2193 spatia
685 2123 729 2177 vel
749 2127 830 2178 siren
850 2125 894 2179 vel
914 2126 989 2180 tiam-
1028 2134 1137 2193 putatur
1150 2125 1285 2197 proprius,
1296 2123 1441 2178 videndum
1456 2125 1593 2195 quomodo
1607 2141 1639 2178 se
1649 2126 1787 2196 expediat,
1800 2135 1827 2180 et

190 2219 252 2255 mea
278 2212 374 2258 natura
401 2202 508 2272 repleri.
561 2202 657 2274 Negat
683 2203 774 2258 lunam
803 2221 863 2258 esse
890 2221 989 2274 corpus
1027 2221 1081 2273 quo
1094 2204 1278 2257 moderamine
1292 2220 1321 2257 se
1336 2203 1440 2267 incitet,
1455 2213 1484 2257 et
1498 2203 1604 2267 tranet,
1620 2213 1650 2257 et
1665 2206 1825 2275 qualisom·

190 2298 315 2350 aqueum,
344 2280 389 2335 vel
410 2282 523 2337 densum
547 2281 591 2335 vel
613 2282 737 2348 solidum,
761 2284 810 2337 sed
833 2301 868 2339 ex
891 2293 989 2338 natura
1026 2283 1091 2337 nino
1105 2284 1233 2352 patiatur.
1275 2283 1342 2343 Qua
1355 2281 1613 2353 dumexplicsmus,
1630 2284 1826 2340 formositatem

191 2361 324 2424 flammea,
339 2360 404 2414 licet
418 2361 499 2426 lenta,
514 2369 542 2416 et
556 2362 655 2426 enervi.
668 2363 784 2431 primum
797 2363 902 2417 seilicet
915 2364 988 2418 rudi·
1026 2360 1101 2415 illam
1112 2362 1390 2430 mathematicsmtut
1399 2363 1660 2417 m0¹⁰⁸red¹¹⁰⁸ntur
1669 2364 1706 2417 td
1715 2366 1826 2419 circulo·

190 2449 311 2494 mentum
324 2449 352 2493 et
370 2440 549 2495 sedimentum
566 2442 691 2495 ultimum
714 2442 832 2498 flamma
853 2442 986 2508 coelestis3
1026 2441 1167 2511 perfectos,
1195 2442 1253 2497 sive
1281 2442 1454 2506 eccentrieos,
1483 2444 1540 2496 sive
1564 2444 1777 2512 concentrieoa)
1800 2454 1826 2498 et

190 2537 251 2573 cum
278 2520 388 2574 flamma
416 2522 575 2587 (secundnm
605 2521 783 2591 densitatem)
809 2539 866 2576 non
897 2524 988 2578 minus
1026 2520 1243 2591 magniloquium
1261 2520 1335 2584 illud,
1358 2520 1444 2591 (quod
1466 2529 1540 2576 terra
1560 2522 1595 2575 sit
1616 2533 1747 2593 respectu
1767 2525 1826 2578 eoeli

190 2614 272 2670 quam
293 2597 341 2653 adr
359 2608 387 2653 et
405 2599 531 2669 liquores,
551 2602 580 2654 in
598 2616 725 2656 numeros
742 2602 856 2672 recipiat
878 2602 987 2673 gradus.
1025 2599 1111 2655 instar
1131 2601 1234 2670 puncti,
1247 2617 1302 2654 non
1322 2601 1408 2654 instar
1428 2601 1545 2671 quanti)
1566 2608 1594 2655 et
1616 2603 1762 2672 complura
1773 2605 1826 2658 alia

189 2678 323 2741 Affirmat,
338 2679 475 2733 flammam
489 2697 552 2734 vere
573 2688 601 2732 et
618 2679 735 2735 libenter
754 2680 872 2736 locatam
892 2681 939 2753 figi
959 2689 988 2736 et
1026 2687 1240 2734 astronomorum
1261 2682 1371 2734 inventa
1390 2681 1586 2745 commentitia,
1601 2681 1638 2735 ad
1658 2682 1780 2738 calculos
1797 2694 1826 2737 et

131 2829 133 2832 Α
189 2767 321 2822 constare,
341 2776 396 2812 non
413 2760 504 2813 minus
524 2776 607 2830 quam
628 2759 720 2816 adrem
741 2760 786 2815 vel
806 2776 913 2831 aquam,
936 2777 987 2815 nec
1026 2758 1131 2813 tabulas
1154 2758 1344 2829 relegabimus
1387 2759 1423 2813 At
1442 2761 1532 2831 primo
1555 2770 1648 2815 motus
1676 2762 1825 2817 eoelestinrn

190 2855 250 2891 esse
268 2856 325 2892 rear
348 2847 563 2892 momentaneam
583 2846 612 2894 et
632 2841 814 2895 successivam
834 2849 937 2895 tantum
959 2842 988 2895 in
1026 2838 1195 2894 dividemus:
1217 2838 1264 2892 alii
1278 2838 1388 2893 cosmici
1403 2848 1473 2903 sunt,
1487 2839 1535 2893 alii
1549 2839 1585 2893 sd
1598 2840 1730 2897 invicem.
1772 2842 1825 2896 Eos

190 2917 262 2972 mole
277 2935 333 2982 arra,
348 2937 397 2990 per
410 2919 614 2973 renovationem
628 2926 656 2973 et
673 2919 840 2986 alimentum,
855 2920 944 2975 uthis
958 2922 988 2975 fit
1026 2918 1141 2974 dicimus
1160 2919 1302 2986 cosmicns,
1322 2935 1391 2990 quos
1408 2918 1531 2974 coelestia
1555 2935 1592 2974 ex
1614 2938 1754 2977 consensa
1774 2939 1825 2976 non

190 2998 262 3068 apud
276 3015 334 3052 nos,
375 2999 499 3053 Affirmat
513 2999 651 3053 flammam
671 2999 772 3053 habere
791 3008 915 3055 naturam
933 3002 988 3056 coi·
1027 2997 1178 3052 coelestium
1200 3006 1312 3062 tantum,
1336 2998 1384 3052 sed
1403 3000 1588 3053 universitatis
1607 3017 1701 3055 rerum
1718 3004 1824 3056 mucis—

191 3078 272 3132 rivam
287 3077 331 3130 vel
349 3078 570 3149 congregativum
591 3079 621 3133 in
638 3078 742 3150 globos,
762 3079 987 3149 quemadmodum
1026 3085 1128 3133 cuntur.
1169 3077 1225 3131 Eos
1251 3079 1286 3132 ad
1309 3079 1433 3143 invicem,
1457 3079 1611 3149 inquibus
1634 3080 1693 3134 alia
1713 3099 1826 3151 corpora

189 3167 287 3211 natura
309 3166 404 3221 terrea,
425 3158 537 3212 minime
558 3158 674 3213 similem
694 3159 752 3213 adri
772 3167 801 3213 et
820 3176 905 3230 equae,
927 3178 988 3231 quae
1026 3158 1198 3212 coelestiaex
1211 3157 1409 3227 aliispendent.
1450 3159 1542 3230 Atque
1551 3176 1616 3214 vers
1630 3168 1658 3215 et
1672 3163 1825 3215 neceam

190 3244 388 3310 congregantur
401 3238 430 3291 in
443 3238 552 3293 orbibus
566 3246 595 3291 et
607 3239 760 3293 interstitiis
774 3238 924 3309 globorum,
939 3240 988 3295 sed
1026 3246 1068 3292 est
1078 3238 1131 3290 ista
1144 3237 1249 3292 divisio.
1290 3238 1376 3291 Terra
1389 3239 1481 3308 itaque
1496 3248 1594 3302 stante,
1611 3240 1653 3309 (id
1667 3241 1742 3295 enim
1755 3258 1823 3294 nune

189 3332 325 3386 nusquam
339 3317 367 3370 in
383 3316 478 3386 globos
490 3317 620 3388 integros.
661 3318 794 3382 affirmat,
809 3320 923 3374 eandem
936 3335 987 3372 na·
1026 3317 1104 3370 nobis
1118 3317 1224 3371 videtur
1239 3317 1351 3385 venua)
1370 3318 1545 3372 manifestum
1565 3327 1609 3374 est
1629 3319 1733 3374 eoelnm
1753 3331 1823 3374 motu

190 3405 277 3448 turam
291 3397 446 3450 flammeam
459 3397 487 3449 in
501 3396 563 3451 loco
579 3397 689 3467 proprio
711 3398 751 3465 (id
764 3395 818 3465 est)
839 3399 909 3452 coelo
921 3397 987 3454 stel-
1025 3397 1122 3451 diurno
1135 3395 1396 3465 circumscribamus
1409 3405 1499 3451 motus
1512 3414 1642 3454 mensnra
1655 3410 1698 3453 est
1708 3402 1823 3470 spatium

189 3474 245 3527 lato
266 3477 358 3546 spargi
381 3476 624 3546 glomerationibus
644 3477 766 3541 infinitis,
789 3478 829 3530 ita
847 3484 939 3532 tamen
959 3485 989 3534 ut
1026 3476 1125 3547 viginti
1148 3484 1262 3546 quatuor
1276 3476 1404 3531 horarum
1418 3475 1462 3529 vel
1482 3478 1609 3543 circitare
1630 3482 1824 3551 consequentis

190 3570 245 3607 non
259 3565 373 3609 exuatur
387 3555 502 3609 dualitas
517 3555 732 3619 illa,aetheriset
746 3557 912 3621 sideris‚nec
925 3575 988 3611 eon·
1026 3565 1118 3610 autem
1138 3556 1173 3609 ab
1194 3556 1298 3609 oriente
1320 3556 1349 3610 in
1369 3557 1554 3621 occidentem
1576 3561 1720 3613 conversio
1745 3575 1826 3630 snper

189 3633 309 3688 tinnetnr
321 3636 432 3688 flamma
444 3635 474 3688 in
492 3652 650 3704 empyreum
670 3637 813 3707 integrum.
856 3636 987 3702 affirmat,
1026 3642 1214 3705 punctacerta,
1227 3639 1308 3706 (quos
1322 3634 1398 3704 polos
1407 3638 1524 3702 vocant)
1536 3637 1656 3692 australe
1666 3648 1695 3693 et
1707 3638 1822 3694 boreale.

190 3713 278 3767 sidera
293 3731 369 3769 veras
388 3715 512 3768 flammas
532 3731 602 3780 esse,
617 3715 664 3768 sed
683 3717 804 3771 actiones
822 3715 940 3771 flammae
959 3718 987 3771 ia
1026 3714 1134 3768 Etenim
1149 3731 1204 3768 non
1213 3715 1353 3783 jactantur
1365 3713 1428 3768 coeli
1443 3731 1527 3786 super
1542 3716 1621 3787 polos
1633 3717 1758 3782 mobiles,
1773 3735 1823 3772 nec

189 3792 345 3847 coelestibus
358 3794 516 3864 neutiquam
530 3794 677 3848 trahendas
691 3794 725 3848 ad
735 3795 855 3849 actiones
869 3795 987 3850 flammas
1026 3811 1118 3848 mrsns
1132 3794 1186 3847 alia
1199 3803 1261 3848 sunt
1274 3802 1373 3863 puncta
1388 3812 1469 3865 qnam
1490 3813 1551 3865 quas
1563 3797 1695 3852 diximus.
1736 3799 1823 3869 Atque

190 3881 298 3938 nostra,
314 3891 428 3943 quarum
442 3872 578 3944 pleresque
592 3891 642 3942 per
655 3875 781 3929 accidens
800 3882 904 3929 tantum
924 3892 987 3945 per·
1026 3872 1071 3926 hic
1085 3882 1174 3927 motus
1186 3890 1249 3928 vere
1264 3873 1368 3928 ridetur
1381 3875 1523 3940 cosmicns,
1538 3883 1621 3947 atque
1641 3876 1706 3930 ideo
1718 3879 1822 3942 uniens,

190 3951 345 4021 iunguntur.
400 3953 526 4006 affirmat
558 3954 687 4007 ratherem
719 3953 928 4008 interstellarem
960 3961 988 4009 et
1025 3953 1079 4006 nisi
1094 3964 1226 4024 quatenus
1241 3953 1337 4023 recipit
1345 3962 1373 4007 et
1386 3953 1558 4008 decrementa
1571 3965 1601 4009 et
1614 3955 1822 4022 declinationem

190 4031 280 4084 sidera
293 4032 394 4086 habere
409 4032 528 4086 rationes
541 4033 576 4087 ad
589 4033 706 4088 invicem
725 4033 797 4087 a'e'ris
816 4043 844 4087 et
861 4035 987 4098 flamma,
1026 4033 1173 4086 secundum
1188 4050 1250 4104 quse
1262 4032 1433 4087 decrementa
1441 4040 1469 4086 et
1482 4033 1680 4090 declinationes
1694 4043 1822 4091 transver-

190 4110 238 4162 sed
252 4111 411 4165 sublimatas
426 4119 453 4166 et
468 4112 636 4167 rectificatss.
678 4113 766 4184 Atque
785 4112 818 4167 de
837 4113 988 4168 substantia
1025 4111 1102 4166 berst
1116 4120 1205 4166 motus
1215 4113 1266 4166 iste
1279 4112 1436 4166 universum
1449 4130 1541 4167 rernm
1556 4115 1711 4180 mobilium,
1724 4125 1752 4169 et
1765 4133 1822 4186 per-

190 4188 318 4243 thematis
338 4191 394 4244 sive
414 4192 567 4260 systematis
594 4192 722 4257 universi,
741 4191 896 4261 hujusmodi
916 4211 988 4264 quae·
1025 4198 1100 4245 meat
1113 4208 1131 4245 a
1143 4191 1214 4246 ooelo
1231 4191 1338 4246 stellato
1359 4208 1444 4263 usque
1465 4193 1501 4247 ad
1519 4193 1628 4248 viscera
1647 4204 1675 4248 et
1697 4196 1822 4249 interiora

190 4267 252 4321 dam
266 4279 414 4325 occurrunt
456 4271 538 4324 Nunc
553 4270 586 4324 de
601 4271 719 4324 motibus
732 4271 882 4326 ooelestium
895 4272 987 4326 dicem
1027 4278 1123 4335 terram
1148 4288 1202 4325 non
1222 4279 1303 4341 raptu
1322 4270 1415 4342 aliquo
1434 4272 1606 4342 prehensivo,
1624 4282 1673 4329 ant
1689 4275 1820 4341 sentiro,

190 4348 262 4410 dum,
278 4351 354 4415 cujus
375 4350 465 4418 gratia
479 4349 539 4404 haec
558 4350 728 4405 adduximus.
769 4351 988 4406 Consentaneum
1026 4349 1073 4403 sed
1094 4367 1227 4405 consensu
1247 4358 1387 4422 perpetuo.
1428 4351 1518 4425 Atque
1532 4353 1584 4408 iste
1604 4363 1696 4408 motus
1710 4354 1738 4409 io
1752 4354 1821 4409 coeto

190 4426 296 4479 ridetur
310 4438 339 4481 ut
354 4429 431 4498 quies
444 4444 499 4482 non
512 4429 622 4484 tollatur
635 4446 651 4484 e
663 4437 767 4495 natura,
778 4431 926 4485 secundum
940 4431 989 4484 ali-
1026 4429 1134 4483 stellato
1151 4430 1287 4501 perfectos
1304 4438 1347 4484 est
1359 4437 1387 4484 et
1403 4430 1518 4502 integer,
1538 4440 1595 4486 tam
1609 4449 1739 4487 mensura
1750 4436 1823 4502 justa

190 4506 262 4577 quod
277 4511 450 4575 totum(nam
464 4508 497 4561 de
511 4509 653 4577 particulis
668 4526 738 4564 nunc
752 4526 807 4563 noa
820 4519 862 4564 est
875 4513 986 4577 sermo).
1026 4510 1162 4579 temporis,
1190 4526 1272 4580 quam
1299 4510 1466 4565 restitutione
1489 4509 1571 4581 plena
1598 4510 1661 4567 loci.
1716 4513 1822 4573 Quanto

191 4586 253 4640 Hoc
269 4587 372 4654 (missis
386 4587 499 4657 argutiis
510 4588 661 4646 dialecticis
675 4596 702 4642 et
721 4589 935 4657 mathematicis)
952 4608 988 4644 cx
1025 4597 1115 4643 autem
1139 4589 1278 4644 deceditur
1291 4607 1306 4643 e
1321 4587 1438 4653 sublimi,
1453 4598 1530 4645 tanto
1548 4591 1602 4645 iste
1622 4600 1714 4647 motus
1727 4593 1822 4663 impet·

190 4682 224 4719 eo
248 4666 367 4719 maxime
389 4666 481 4738 liquet,
502 4668 574 4742 quod
594 4669 767 4723 incitationes
788 4676 815 4723 et
834 4669 987 4723 celeritates
1026 4667 1123 4722 tecoor
1147 4677 1196 4732 est,
1216 4678 1342 4738 respectu
1368 4669 1513 4734 tarditatis,
1535 4679 1563 4725 et
1586 4681 1718 4742 respectu
1742 4675 1821 4727 etism

190 4753 313 4800 motuum
328 4745 478 4799 coelestium
493 4748 633 4801 remittant
646 4764 676 4801 se
690 4764 740 4818 per
753 4749 861 4818 gradus,
876 4757 904 4802 ut
918 4749 988 4803 desi·
1025 4748 1203 4802 aberrationis
1213 4757 1312 4803 amotu
1325 4748 1462 4805 circulari.
1494 4749 1534 4803 Ac
1548 4752 1638 4819 primo
1651 4752 1686 4805 de
1700 4752 1821 4806 tarditate

190 4833 258 4878 turre
279 4826 309 4878 in
324 4825 435 4897 aliquod
456 4826 605 4891 immobile,
620 4834 647 4881 et
666 4827 739 4899 quod
760 4828 844 4884 etiam
864 4827 988 4882 coelestia
1025 4826 1169 4882 dicendum
1188 4829 1343 4897 separatim.
1384 4827 1559 4884 affirmamus
1580 4829 1730 4885 Saturnum
1750 4841 1821 4887 motu

190 4905 357 4974 participant
371 4922 406 4958 ex
420 4905 512 4976 quiete
531 4906 679 4961 secundum
699 4907 793 4976 polos3
815 4915 844 4960 et
863 4908 943 4978 qnod,
963 4908 987 4961 si
1025 4906 1124 4961 diurno
1144 4907 1247 4962 tardius
1269 4907 1379 4971 moveri,
1397 4924 1478 4978 quam
1498 4917 1529 4962 ut
1549 4909 1759 4966 circumferatur
1779 4919 1821 4965 ant

190 4983 300 5038 tollatur
320 4984 469 5049 immobile,
484 4985 639 5039 dissolvitur
657 4994 685 5038 et
705 4987 844 5057 spargitur
860 4995 986 5056 systema
1026 4987 1185 5041 restituatur
1203 4987 1238 5040 ad
1260 4986 1332 5041 idem
1351 4996 1481 5057 punctum
1499 4987 1571 5042 intra
1585 4989 1687 5060 viginti
1711 5000 1821 5062 quatuor

191 5062 267 5122 Quod
284 5063 308 5116 si
331 5065 367 5116 sit
384 5064 555 5118 coacervatio
573 5064 697 5134 quadam
720 5073 748 5118 et
769 5082 861 5120 massa
882 5075 988 5122 naturas
1025 5065 1123 5130 horas;
1145 5066 1193 5120 sed
1206 5065 1306 5120 coelirm
1320 5065 1458 5120 stellatum
1472 5067 1610 5122 incitatius
1625 5070 1700 5132 ferri,
1715 5077 1743 5123 et
1756 5087 1820 5140 pra·

190 5141 345 5205 immobilis,
360 5160 415 5197 non
429 5143 536 5197 videtur
549 5143 662 5196 ulterius
676 5146 858 5214 quarendum,
874 5146 939 5216 quin
954 5162 988 5199 ss
1025 5155 1129 5199 vertere
1144 5146 1290 5200 Saturnum
1299 5162 1333 5200 eo
1346 5162 1468 5210 excessu,
1479 5147 1525 5217 qui
1536 5148 1609 5201 intra
1622 5156 1666 5202 tot
1677 5148 1745 5213 dies,
1759 5157 1820 5221 quot

191 5220 225 5273 sit
239 5219 335 5290 globus
350 5228 437 5277 terrae.
479 5222 640 5291 Compactio
655 5223 729 5276 enim
742 5223 827 5278 densa
843 5234 871 5278 et
884 5234 988 5279 arctata
1025 5241 1113 5279 annos
1140 5226 1288 5279 conficiunt
1314 5225 1434 5296 triginta.
1462 5227 1590 5281 universo
1615 5228 1682 5282 coeli
1710 5228 1818 5282 ambitui

191 5301 313 5358 materia
333 5301 435 5355 inducit
448 5301 654 5371 dispositionem
672 5318 739 5371 erga
758 5313 861 5357 motum
881 5298 986 5374 torpes-
1026 5304 1195 5374 respondeat.
1224 5304 1357 5359 Similiter
1370 5304 1403 5358 de
1417 5303 1531 5376 reliquis
1542 5304 1661 5376 planetis
1671 5307 1818 5370 dicendum,

190 5386 296 5432 centem
308 5390 481 5444 eteversam;
498 5380 725 5452 quemadmodum
736 5390 829 5435 contra
840 5382 988 5453 explicatio
1026 5401 1076 5455 pro
1094 5384 1250 5438 diversitate
1265 5385 1438 5455 periodorum
1453 5385 1583 5457 cujusque
1597 5386 1735 5457 planetae3
1755 5387 1819 5440 adeo

190 5455 262 5523 laxo,
282 5467 437 5528 promptam
450 5460 494 5516 vel
514 5458 645 5515 habilem.
692 5460 791 5531 Neque
809 5461 880 5516 male
900 5462 987 5518 intro·
1025 5471 1055 5517 ut
1082 5472 1172 5519 motus
1198 5463 1310 5519 diurnus
1331 5463 1396 5518 ooeli
1419 5463 1520 5519 stellati
1547 5466 1590 5539 (in
1615 5467 1678 5537 ipsa
1705 5466 1817 5539 periodo
