3800 5875
216 300 274 364 704
929 297 1140 357 reuelato,

213 477 321 516 scrrrum
335 475 395 516 esse
410 458 523 530 potest?
544 475 605 513 cum
620 457 706 513 Metis
719 474 790 513 uxor
810 456 888 513 lovis
906 458 988 530 plane
1009 457 1155 514 consilium
1175 462 1267 525 sonet,
1289 458 1407 530 Typhon
1426 468 1579 523 tumoremr
1600 457 1660 513 Pan
1681 456 1856 522 univermmr

212 540 340 596 Nemesis
351 539 514 604 vindictam
536 547 564 593 et
578 537 687 593 similia
728 538 828 609 Neque
849 537 919 592 illud
936 555 1095 611 quenquam
1108 547 1225 604 moveat,
1240 539 1263 593 ai
1282 539 1384 611 aliquid
1404 541 1539 594 interdum
1561 538 1683 592 historiae
1699 536 1858 603 subsitam

212 620 238 676 si
258 619 390 675 nonnulla
411 618 563 675 ornamenti
583 617 673 690 gratia
691 616 784 672 addita
805 617 867 684 sint,
882 627 930 673 ant
950 619 975 674 si
998 628 1122 688 tempora
1141 619 1347 684 contundantur,
1361 627 1410 674 aut
1431 619 1506 674 siex
1524 636 1579 673 una
1602 617 1695 672 fabula
1715 617 1857 689 quippiam

212 699 389 755 transferatur
401 698 429 752 in
445 698 536 765 aliam,
553 705 581 752 et
593 713 664 752 nova
684 696 816 769 allegoria
829 696 984 753 inducatur.
1025 698 1148 753 Necesse
1162 700 1237 754 enim
1256 699 1306 753 fuit
1319 699 1380 754 broc
1393 699 1460 763 tieri,
1475 716 1539 753 cum
1555 698 1667 752 inventa
1686 696 1809 751 virorum
1820 697 1858 750 fra

212 780 293 845 erint,
314 780 361 851 qui
381 785 410 832 et
429 785 510 832 aetate
532 778 667 846 disjuncti,
682 784 710 832 et
730 777 855 831 instituto
872 778 972 832 diversi
995 783 1086 844 erant,
1108 795 1171 833 cum
1189 778 1238 833 alii
1252 779 1429 850 antiquiores,
1442 778 1489 832 alii
1505 777 1671 832 recentiores
1685 776 1796 839 inerint,
1809 776 1856 830 alii

211 875 304 914 rursus
318 866 442 913 naturam
456 875 554 924 rerum,
568 855 616 911 alii
630 873 674 912 res
688 856 784 913 civiles
798 856 852 911 sibi
866 863 1059 929 proponerent
1095 857 1237 913 Habemus
1248 858 1330 916 etiarn
1346 867 1373 912 et
1386 857 1462 912 aliud
1476 875 1572 912 sensus
1587 857 1688 911 occulti
1702 862 1731 910 et
1744 855 1855 911 involuti

211 939 321 1011 signum
330 954 385 993 nou
398 954 520 1008 parvum,
532 937 604 1008 qnod
612 936 750 992 nonnullae
763 952 799 991 ex
814 936 913 992 fabulis
926 943 983 991 tam
996 936 1120 991 absurdas
1134 938 1289 993 narratione
1299 939 1361 1008 ipsa
1373 945 1402 993 et
1415 937 1527 992 insulare
1539 937 1724 1000 inveniantur,
1737 943 1768 990 ut
1781 950 1856 1006 para·

212 1018 303 1073 bolam
317 1017 400 1072 etiam
414 1034 450 1072 ex
462 1017 613 1089 longinquo
626 1024 769 1081 ostentent,
787 1023 813 1071 et
826 1016 910 1071 veluti
930 1015 1055 1072 clament.
1096 1017 1164 1078 Qum
1184 1018 1257 1071 enim
1271 1016 1421 1088 probabilis
1441 1024 1483 1072 est
1503 1016 1605 1081 fabula,
1619 1016 1706 1070 etiam
1720 1015 1756 1070 sd
1768 1015 1856 1086 volup

212 1104 297 1153 tatem
311 1104 337 1152 et
351 1097 472 1152 historiar
484 1096 690 1152 similitudinem
705 1096 819 1150 conficta
832 1096 983 1151 existimari
997 1104 1104 1166 potest:
1126 1096 1200 1167 qnod
1214 1105 1305 1151 autem
1318 1096 1388 1151 nulli
1401 1097 1431 1151 in
1452 1106 1575 1151 mentem
1588 1096 1712 1150 venioeet
1732 1096 1854 1165 cogitare,

212 1187 390 1242 autnarrare,
404 1177 433 1230 id
446 1177 475 1231 in
489 1175 558 1230 alios
573 1193 637 1231 usus
655 1177 798 1249 quesitum
818 1177 933 1231 videtur.
977 1174 1062 1237 Quale
1082 1176 1155 1231 enim
1176 1176 1337 1247 figmentum
1359 1176 1441 1241 illud,
1464 1176 1562 1231 Jovem
1585 1175 1679 1231 Metin
1696 1175 1727 1227 ia
1748 1192 1855 1229 uxorem

212 1258 359 1328 accepisse,
375 1273 489 1328 eamque
502 1256 596 1311 statim
606 1263 637 1310 ut
650 1256 790 1327 gravidam
805 1256 934 1311 sensisset
948 1256 1107 1320 comedisse,
1121 1258 1193 1311 uada
1207 1256 1266 1327 ipae
1280 1257 1408 1328 gravidus
1422 1256 1482 1311 fieri
1499 1256 1591 1326 coepit,
1606 1264 1635 1310 et
1654 1253 1798 1309 Palladem
1816 1270 1855 1308 ar·

211 1345 314 1392 matam
328 1355 364 1392 ex
377 1337 466 1409 capite
480 1336 611 1407 peperit?
650 1335 787 1408 Equidem
797 1335 925 1390 existimo
934 1335 1002 1391 nulli
1014 1335 1170 1390 mortalium
1178 1335 1305 1391 obvenire
1317 1336 1361 1391 vel
1371 1335 1508 1390 somnium
1522 1343 1580 1390 tam
1593 1344 1675 1390 extra
1687 1334 1854 1405 cogitafimh

211 1418 271 1471 vias
284 1417 368 1473 situm
382 1424 411 1471 et
425 1425 614 1471 monstrosum.
656 1415 728 1470 Ante
744 1416 836 1470 omnia
846 1414 914 1470 illud
927 1415 1001 1486 apud
1015 1431 1064 1470 noa
1078 1417 1199 1471 maxime
1212 1415 1305 1481 valuit,
1319 1425 1347 1471 et
1357 1415 1510 1486 plurimum
1526 1415 1659 1485 ponderis
1673 1413 1777 1479 habuit,
1788 1413 1854 1485 qnod

211 1514 248 1552 ex
259 1496 359 1551 tabulis
371 1495 524 1566 complures
537 1494 613 1551 nullo
626 1496 707 1550 modo
716 1495 796 1550 nobis
809 1495 932 1549 videntur
945 1495 982 1548 ab
994 1495 1035 1548 eis
1047 1494 1173 1561 inventa,
1186 1512 1204 1550 a
1217 1495 1316 1567 quibua
1328 1496 1478 1550 recitantur
1489 1503 1516 1549 et
1529 1493 1715 1560 celebrantur,
1731 1493 1852 1554 Homero,

213 1576 343 1641 Hesiodo,
355 1576 485 1648 reliquis,
506 1576 530 1630 si
542 1576 615 1630 enim
629 1575 735 1648 liquido
748 1574 827 1630 nobis
841 1575 1008 1629 constitisset
1021 1591 1069 1629 eas
1081 1574 1176 1629 abillo
1189 1582 1269 1631 aetate
1283 1582 1364 1646 atque
1378 1573 1435 1629 illia
1449 1573 1605 1629 auctoribus
1617 1590 1758 1639 manasse,
1771 1573 1852 1644 aqui·

210 1655 262 1712 bus
273 1664 516 1710 commemorantur
530 1665 557 1711 et
571 1656 606 1710 sd
619 1672 669 1710 nos
682 1656 856 1720 devenenrnt,
872 1654 911 1709 nil
925 1653 1021 1726 magni
1034 1661 1107 1709 certe
1120 1664 1167 1710 aut
1180 1655 1285 1710 excelsi
1299 1655 1334 1709 eb
1348 1653 1508 1723 hujusmodi
1523 1653 1632 1724 origine
1647 1653 1731 1708 nobis
1746 1656 1787 1723 (at
1797 1669 1852 1707 aas

211 1743 255 1790 tra
269 1736 321 1791 tert
333 1734 501 1807 conjectura)
515 1743 675 1806 exspectare
689 1743 737 1791 sut
751 1734 884 1805 suspicari
897 1735 926 1789 in
940 1740 1062 1789 mentem
1075 1735 1204 1790 venisset.
1247 1736 1357 1800 Venrm,
1371 1734 1468 1805 niquis
1478 1735 1610 1789 attentius
1624 1750 1686 1788 rem
1699 1732 1850 1795 eonsideret,

211 1815 361 1887 apparebit,
375 1814 437 1869 illas
451 1815 521 1869 tradi
535 1824 563 1869 et
576 1815 671 1870 reterri
685 1823 815 1886 tanquam
829 1814 904 1886 prius
917 1814 1042 1878 creditas,
1057 1821 1084 1868 et
1097 1822 1230 1885 receptas,
1243 1831 1298 1870 non
1312 1822 1443 1886 tauquam
1459 1820 1518 1869 tum
1532 1814 1623 1884 primo
1641 1814 1811 1884 excogitatas
1828 1824 1852 1867 et

211 1895 324 1950 oblatas.
366 1893 522 1956 Quinetiam
536 1912 598 1949 cum
611 1894 727 1949 diversis
741 1893 829 1949 modis
842 1911 859 1948 a
873 1893 1052 1965 scriptoribus
1065 1893 1122 1949 iere
1136 1894 1236 1950 coaevis
1248 1894 1406 1958 referantur,
1417 1893 1498 1948 facile
1509 1910 1616 1959 cernas,
1630 1894 1706 1964 quod
1716 1909 1851 1948 commune

213 1973 323 2041 babent,
338 1992 374 2029 ex
387 1975 471 2028 veteri
486 1975 618 2028 memoris
631 1974 822 2044 desumptum
844 1974 873 2027 iu
887 1991 941 2045 quo
955 1974 1070 2041 remant,
1084 1991 1121 2028 ex
1138 1973 1308 2046 singulorum
1327 1982 1424 2029 ornatu
1443 1973 1576 2028 additum.
1619 1974 1712 2044 Atque
1735 1972 1796 2028 hoe
1814 1988 1853 2026 res

210 2054 441 2109 existimationem
455 2070 549 2109 earum
563 2054 635 2124 apud
644 2071 695 2108 nos
709 2053 795 2117 auxit,
809 2069 841 2107 ac
855 2053 879 2107 si
892 2069 942 2107 nec
957 2054 1052 2118 atatis,
1067 2069 1117 2108 uec
1131 2053 1296 2110 inventionis
1315 2056 1454 2123 poetarum
1475 2053 1599 2123 ipsorum
1614 2061 1727 2108 essent:
1748 2051 1798 2107 sed
1808 2068 1850 2105 re·

210 2132 261 2187 luti
276 2133 399 2203 reliquie
412 2149 504 2197 aaerre,
515 2140 543 2186 et
555 2150 629 2188 aurae
642 2141 744 2196 tenues,
756 2141 908 2203 temporum
922 2132 1079 2197 meliorum3
1094 2151 1155 2205 quae
1169 2152 1205 2189 ex
1219 2132 1408 2188 traditionibus
1421 2133 1564 2187 nationum
1579 2133 1672 2203 magis
1684 2132 1850 2203 antiquarum

210 2212 240 2267 in
251 2212 406 2267 Graecorum
418 2212 496 2267 tubas
506 2220 534 2267 et
543 2210 647 2267 fistulas
656 2211 823 2267 incidissent.
864 2211 976 2274 Quodsi
985 2214 1046 2284 quis
1057 2213 1191 2269 obstinato
1201 2214 1293 2268 animo
1302 2213 1455 2277 contendat,
1468 2211 1630 2283 allegoriam
1641 2212 1670 2265 in
1684 2212 1777 2266 tahida
1786 2228 1850 2265 sem·

210 2308 261 2363 per
274 2292 443 2347 subdititiam
457 2300 484 2347 et
497 2292 661 2362 impositam,
675 2309 726 2346 nec
739 2292 851 2346 omnino
863 2294 986 2347 nativam
1007 2299 1036 2346 et
1048 2293 1196 2363 genuinam
1209 2293 1293 2348 tuisse
1306 2314 1312 2348 :
1334 2292 1359 2346 ei
1373 2292 1480 2346 molesti
1494 2308 1550 2346 non
1563 2291 1676 2356 erimus,
1687 2291 1738 2346 sed
1745 2291 1853 2363 gravita-

210 2379 266 2425 tem
286 2370 363 2425 illam
379 2371 483 2439 judicii,
498 2389 579 2444 quam
600 2372 716 2435 affectat,
730 2370 796 2426 licet
817 2370 988 2427 hebetiorem
1006 2381 1034 2425 et
1054 2372 1109 2428 iere
1130 2372 1295 2443 plumbeam,
1309 2372 1500 2437 remittemuar
1521 2380 1604 2442 atque
1624 2369 1705 2426 illum
1720 2372 1757 2444 (si
1778 2370 1852 2424 modo

210 2450 309 2521 dignus
324 2449 372 2519 sit)
387 2450 442 2505 alio
456 2451 544 2517 modo,
559 2460 690 2524 tanquam
703 2451 737 2506 dc
751 2452 860 2522 integro
873 2450 1036 2506 adoriemur.
1078 2452 1189 2523 Duplex
1203 2452 1276 2523 apud
1290 2452 1414 2506 homines
1428 2459 1553 2523 repertus
1566 2457 1611 2505 est
1624 2459 1709 2521 atque
1722 2450 1851 2504 increbuit

210 2529 401 2600 parabolarum
414 2548 487 2597 usus,
502 2540 592 2603 atque,
607 2532 679 2603 quod
693 2532 781 2603 magis
795 2533 895 2587 mirum
907 2532 950 2597 sit,
966 2530 1000 2584 ad
1014 2532 1149 2586 coenaria
1162 2531 1314 2587 adhibetur.
1356 2530 1473 2586 Faciunt
1485 2530 1561 2585 enim
1574 2529 1717 2601 parabolae
1731 2530 1765 2583 ad
1779 2530 1851 2583 invo-

209 2608 315 2664 lucrum
334 2617 362 2664 et
381 2610 489 2677 velumr
510 2611 611 2666 iaciunt
630 2612 714 2666 etiam
736 2611 771 2665 ad
790 2610 883 2665 lumen
905 2622 933 2666 et
949 2611 1165 2668 illustrationem
1207 2615 1298 2685 Atque
1311 2612 1396 2666 misso
1409 2610 1459 2665 illo
1471 2628 1523 2665 usu
1537 2610 1638 2682 priore,
1655 2610 1760 2681 (potins
1774 2625 1851 2680 quam

210 2689 273 2745 lites
286 2689 490 2761 suscipiamus)
504 2698 533 2746 et
547 2692 663 2763 receptis
676 2691 776 2746 fabulis
789 2691 916 2763 antiquis,
930 2699 1060 2761 tanquam
1074 2692 1155 2747 rebus
1169 2691 1247 2763 vagis
1262 2700 1290 2746 et
1303 2692 1337 2746 ad
1350 2689 1562 2745 delectationem
1576 2689 1752 2760 compositis3
1766 2696 1853 2744 maaet

210 2776 302 2825 tamen
317 2769 496 2840 proculdubio
509 2772 642 2841 posterior
655 2772 706 2826 iste
719 2788 793 2837 usus,
808 2788 895 2842 neque
908 2770 966 2826 ulla
978 2771 1083 2842 ingenii
1097 2771 1227 2827 violentia
1245 2771 1326 2827 nobis
1340 2770 1498 2841 extorqueri
1512 2770 1607 2840 possit,
1622 2786 1714 2840 neque
1728 2769 1852 2840 impediet

211 2849 362 2921 quisquam,
378 2851 437 2921 (qui
452 2849 487 2905 sit
500 2850 672 2907 mediocriter
691 2851 805 2919 doctus.)
821 2852 886 2923 quin
899 2851 1023 2920 protinus
1040 2852 1188 2922 recipiatur
1201 2851 1297 2906 modus
1310 2851 1363 2906 iste
1377 2848 1500 2915 docendi,
1515 2857 1649 2921 tanquam
1662 2866 1708 2905 res
1721 2850 1812 2920 gravia
1828 2856 1853 2902 et

210 2930 308 2995 sobria,
323 2939 404 3003 atque
420 2931 509 2987 omnis
519 2930 648 2986 vanitatis
662 2947 769 3001 expers,
784 2940 812 2985 et
826 2930 947 2987 scientiis
961 2930 1085 3002 apprime
1100 2930 1185 2998 utilis,
1199 2933 1256 2987 imo
1269 2939 1297 2987 et
1310 2930 1471 3004 quandoque
1485 2929 1660 2994 necessarias
1682 2930 1811 2999 nimirum
1823 2937 1851 2982 nt

210 3010 239 3064 in
253 3011 369 3066 inventia
382 3011 468 3076 nobis,
484 3019 512 3066 et
524 3010 560 3065 ab
576 3012 748 3082 opinionibus
761 3010 919 3082 vulgaribus
931 3012 1045 3066 remotis
1058 3018 1086 3065 et
1098 3013 1209 3081 penitus
1222 3012 1359 3076 absmuaia,
1373 3010 1465 3065 aditus
1477 3012 1512 3065 ad
1525 3010 1696 3066 intellectum
1710 3010 1853 3065 hamam

209 3091 298 3161 magia
312 3090 401 3145 facilis
414 3098 441 3144 et
455 3091 590 3163 benignus
603 3108 653 3161 per
666 3089 811 3162 parabolas
825 3098 969 3161 quaeratur.
1012 3091 1106 3162 ltaque
1120 3093 1241 3165 antiquis
1260 3091 1368 3156 seculis,
1381 3108 1444 3145 eum
1464 3090 1582 3145 rationis
1596 3089 1726 3145 humanm
1739 3090 1851 3150 ἱΜϋ,

209 3176 239 3223 et
251 3170 439 3224 conclusiones
453 3172 535 3226 etiam
549 3187 589 3226 era
603 3188 664 3242 quaa
684 3186 755 3225 nunc
775 3171 845 3224 trita
865 3177 894 3226 et
913 3169 1033 3242 vulgatis
1054 3179 1123 3236 sunt,
1138 3181 1202 3226 tunc
1222 3172 1352 3242 temporis
1370 3188 1449 3225 nova
1467 3177 1495 3224 et
1512 3170 1630 3225 insueto
1650 3169 1852 3235 montemnis

210 3248 363 3304 fabularum
381 3251 566 3321 omnigenum,
590 3259 617 3305 at
641 3251 824 3322 aenigmatum,
845 3258 873 3305 et
893 3249 1093 3320 parabolarum,
1114 3259 1142 3305 et
1161 3251 1370 3306 similitudinum
1391 3250 1476 3321 plena
1496 3257 1592 3304 erant:
1624 3257 1709 3321 atque
1729 3265 1780 3320 per
1798 3248 1851 3303 bar

210 3328 323 3383 docendi
337 3330 413 3393 ratio,
428 3346 483 3384 non
496 3330 648 3385 occultandi
658 3329 811 3394 artificium,
826 3330 971 3401 quaesitum
986 3338 1044 3394 cst;
1065 3330 1177 3385 rudibus
1187 3329 1293 3385 scilieet
1306 3339 1370 3386 tunc
1383 3329 1515 3401 temporis
1529 3329 1676 3384 hominnm
1689 3328 1814 3400 ingeniis
1827 3337 1852 3381 et

210 3409 376 3472 subtilitatis,
384 3410 438 3464 nisi
452 3428 514 3482 quar
527 3411 578 3465 sub
591 3426 703 3466 sensum
716 3409 839 3474 cadebat,
850 3409 1056 3480 impatientibus
1068 3417 1097 3464 et
1110 3409 1166 3465 iere
1180 3411 1365 3482 incapacibus.
1406 3410 1480 3464 Nam
1490 3416 1522 3463 nt
1536 3408 1750 3481 hieroglyphice
1762 3408 1850 3471 literis,

210 3489 250 3542 ita
263 3489 401 3559 parabolis
420 3490 589 3560 argumentis
602 3498 679 3544 erant
693 3489 872 3560 antiquiores.
913 3489 1002 3561 Atque
1017 3490 1100 3544 etiam
1113 3506 1193 3555 nunc,
1207 3491 1231 3545 ai
1247 3490 1308 3562 quis
1321 3506 1419 3545 novam
1432 3489 1462 3543 in
1476 3488 1616 3560 aliquibus
1630 3487 1722 3544 lucem
1733 3489 1852 3545 humanis

209 3569 346 3624 mentibus
359 3567 497 3623 effundere
512 3570 587 3635 velit,
601 3570 683 3641 idque
696 3585 751 3624 non
765 3568 934 3623 incommode
947 3577 977 3624 et
991 3585 1094 3640 aspere,
1109 3586 1219 3638 prorsus
1234 3570 1328 3624 eadem
1342 3571 1387 3623 via
1406 3568 1589 3623 insistendum
1609 3576 1660 3632 est,
1675 3569 1750 3623 etad
1764 3566 1852 3622 m‘mili·

209 3648 332 3703 tudinum
346 3648 450 3702 auxilia
462 3649 682 3721 confugiendum.
723 3648 812 3711 Quare
826 3666 888 3720 quar
897 3648 971 3703 dicta
983 3657 1054 3714 suut,
1068 3650 1107 3703 ita
1120 3649 1284 3704 claudemus.
1326 3649 1467 3719 Sapientia
1481 3648 1565 3719 prisci
1580 3648 1740 3713 aetoliam
1757 3663 1852 3718 magn

210 3736 256 3782 aut
270 3728 338 3783 felix
350 3728 419 3783 ibit:
442 3745 549 3800 magna,
564 3730 587 3784 si
603 3730 636 3784 de
654 3723 789 3783 industria
810 3730 969 3801 excogitata
990 3738 1031 3783 eat
1047 3730 1135 3800 ligura
1153 3730 1210 3784 sive
1225 3739 1336 3801 tropus:
1358 3728 1433 3794 felix,
1448 3729 1472 3782 si
1492 3728 1629 3793 homines,
1644 3728 1721 3784 aliud
1737 3737 1851 3800 aputu.

209 3808 351 3862 materiam
365 3809 575 3864 etoccasionem
594 3816 676 3863 tantm
692 3808 950 3879 contemplationum
964 3809 1090 3880 dignitati
1110 3809 1261 3879 praebuere.
1303 3810 1422 3880 Operam
1436 3816 1530 3862 autem
1550 3815 1674 3863 nostram
1697 3809 1734 3876 (ai
1749 3806 1811 3878 qnid
1823 3806 1849 3858 in

210 3904 244 3942 ea
257 3888 295 3942 sit
308 3889 380 3959 quod
396 3888 487 3956 jaret)
502 3889 532 3943 in
545 3896 643 3944 neutra
652 3904 682 3943 re
694 3889 766 3943 male
780 3887 939 3942 collocatam
953 3888 1133 3944 censebimus.
1174 3889 1230 3944 Aut
1239 3890 1312 3944 enim
1324 3889 1515 3961 antiquitatem
1529 3887 1738 3952 illustrabimus,
1752 3895 1797 3941 ant
1809 3900 1848 3939 rea

210 3967 292 4038 ipsas.
333 3969 433 4039 Neque
446 3970 555 4024 nescius
568 3985 628 4024 esse
638 3985 747 4039 possem
761 3968 833 4022 hanc
847 3985 906 4023 rem
919 3969 955 4022 ab
968 3969 1031 4022 aliia
1045 3976 1177 4023 tentatam
1192 3986 1269 4023 esse:
1291 3970 1339 4024 sed
1349 3977 1447 4033 tamen,
1461 3976 1499 4031 ut,
1511 3967 1583 4037 quod
1598 3968 1727 4032 sentiam,
1739 3967 1848 4037 eloquar.

210 4046 291 4118 idque
305 4064 360 4102 noa
374 4047 523 4114 fastidiose,
537 4050 585 4103 sed
599 4050 692 4113 libere,
708 4048 767 4116 ejus
781 4049 863 4102 decos
877 4056 903 4102 et
915 4049 1002 4102 virtus
1016 4065 1052 4102 ex
1066 4048 1221 4117 hujusmodi
1242 4049 1388 4113 laboribus,
1402 4048 1469 4102 licet
1488 4046 1598 4117 magnis
1613 4055 1642 4101 et
1656 4047 1785 4117 operosis,
1798 4045 1849 4099 tere

211 4127 310 4197 periit;
331 4127 396 4182 dum
410 4128 544 4194 homines,
555 4146 646 4184 rerum
656 4128 776 4199 imperiti
791 4134 819 4183 et
828 4144 882 4182 non
897 4128 971 4183 ultre
983 4127 1059 4182 locos
1073 4136 1162 4183 certos
1174 4145 1332 4184 communes
1345 4128 1424 4193 docti,
1437 4125 1629 4198 parabolarum
1643 4143 1742 4182 sensns
1753 4126 1787 4180 ad
1798 4122 1848 4178 vol·

210 4207 288 4278 garis
301 4207 426 4278 quadam
439 4215 467 4263 et
480 4209 620 4280 generalis
634 4208 845 4280 applicaverunt,
861 4216 943 4278 atque
957 4207 1105 4263 earundem
1120 4208 1176 4261 vim
1191 4226 1293 4272 veram,
1305 4218 1332 4263 et
1350 4209 1543 4280 proprietatem
1563 4206 1723 4278 genuinam,
1739 4224 1769 4260 ae
1782 4203 1848 4259 inda·

209 4287 348 4358 gationem
362 4286 492 4353 altiorem,
506 4304 561 4342 nou
575 4288 731 4360 attigerunt.
772 4289 833 4342 Nos
845 4297 936 4343 autem
952 4288 1055 4343 erimus
1070 4285 1115 4362 (ni
1135 4284 1270 4363 fallimur)
1285 4290 1314 4344 in
1326 4289 1408 4344 rebus
1421 4285 1541 4358 vulgatis
1561 4286 1646 4351 novi3
1668 4295 1697 4341 et
1717 4292 1808 4359 aperta
1823 4289 1848 4336 et

210 4365 294 4438 plana
307 4383 324 4421 a
338 4374 415 4438 tergo
428 4366 619 4439 relinquentes,
634 4368 811 4424 adulteriora
828 4377 857 4422 et
869 4368 1006 4424 nobiliora
1020 4367 1172 4424 teodemus.

785 4796 804 4837 1.
827 4796 1009 4846 cassaneam,
1031 4796 1095 4835 ΜΕ
1117 4795 1284 4835 Praeneste.

250 4940 394 4995 Nessana
409 4938 593 4996 Cassandram
607 4940 643 4994 ab
663 4939 790 5011 Apolline
804 4939 960 4995 adamatam
975 4941 1014 4996 t'u·
1049 4956 1112 4994 nam
1127 4939 1279 5003 addidisser
1300 4947 1330 4993 ut
1343 4938 1392 4993 illa
1409 4937 1520 5010 quidem
1540 4955 1607 4992 vera
1626 4954 1738 5008 semper
1760 4936 1847 5010 predi·

211 5021 273 5085 isse,
298 5029 380 5092 atque
401 5021 486 5074 variis
505 5020 628 5075 artificiis
652 5021 711 5089 ejus
732 5020 867 5075 desideria
891 5020 1013 5084 elusisse,
1049 5029 1129 5084 ceret,
1144 5020 1192 5074 sed
1211 5035 1292 5074 nemo
1315 5018 1340 5073 ei
1364 5019 1505 5073 erederet:
1527 5019 1623 5090 itaque
1643 5018 1783 5073 vaticiniis
1800 5018 1848 5087 ejus

211 5116 275 5170 spes
285 5099 463 5154 nihilominus
472 5101 570 5154 fovisse
580 5116 720 5173 quousque
730 5099 830 5154 donum
840 5099 1014 5154 divinationis
1050 5100 1150 5153 veritas
1173 5099 1270 5163 affuit3
1293 5099 1360 5153 tides
1381 5099 1482 5152 deluit:
1504 5099 1577 5171 quod
1599 5097 1647 5151 illa
1663 5106 1798 5169 perpetuo
1811 5115 1848 5152 ex·

212 5179 247 5233 ab
262 5196 295 5234 eo
310 5180 486 5245 extorsisset,
509 5189 565 5234 tum
580 5195 652 5245 vero,
667 5187 775 5233 nactam
797 5179 868 5251 quod
885 5180 921 5233 ab
934 5180 1015 5234 initio
1049 5189 1126 5249 perta
1140 5189 1181 5234 est
1197 5180 1281 5233 etiam
1296 5179 1325 5232 in
1339 5178 1447 5233 excidio
1461 5181 1555 5249 patriae
1569 5195 1635 5244 sure,
1645 5177 1680 5230 de
1691 5179 1848 5249 qussaepios

212 5258 429 5313 dissimulatione
453 5277 503 5314 aua
525 5259 702 5331 quasivisset,
725 5275 820 5329 preces
839 5259 899 5328 ejus
920 5268 1013 5330 aperte
1049 5268 1200 5323 monuerat,
1216 5257 1326 5312 nemine
1340 5258 1510 5312 auscultante
1525 5265 1572 5312 aut
1584 5258 1722 5311 credente

212 5337 351 5405 rejecisse:
372 5338 459 5402 illum,
471 5357 532 5393 oum
543 5340 614 5410 quod
629 5348 730 5392 temere
742 5338 857 5408 largitus
866 5348 923 5392 erat
938 5338 1014 5394 nullo
1089 5339 1195 5392 Fabula
1209 5339 1242 5393 de
1258 5339 1449 5408 intempestiva
1462 5344 1489 5392 et
1503 5335 1592 5391 inutili
1607 5337 1735 5391 libertate
1748 5335 1852 5390 eonsili-

212 5415 293 5468 modo
307 5433 432 5471 revocare
448 5426 547 5488 posset,
558 5427 586 5471 et
599 5427 690 5472 tamen
702 5417 821 5470 vindicta
834 5419 951 5482 arderet,
963 5437 1013 5472 nec
1049 5435 1125 5472 orum
1142 5428 1170 5472 et
1185 5419 1348 5473 monitorum
1360 5418 1476 5472 conficta
1486 5417 1610 5472 videtur:
1632 5418 1679 5488 qui
1691 5417 1765 5470 enim
1779 5416 1852 5485 inge

213 5491 331 5548 immines
345 5494 452 5550 callidae
466 5496 584 5553 ludibrio
598 5514 657 5553 evae
671 5496 761 5563 vellet,
775 5498 880 5552 muneri
895 5515 945 5553 auo
959 5515 1014 5568 pos-
1049 5499 1096 5552 nio
1109 5506 1172 5553 sunt
1185 5498 1320 5568 pervicaci
1335 5507 1361 5553 et
1375 5514 1480 5570 aspero,
1496 5514 1547 5552 nec
1566 5514 1596 5553 ae
1611 5495 1741 5568 Apollini,
1757 5494 1783 5550 id
1803 5503 1848 5554 est,
