3800 5875
50 280 179 337 Lrs:ll.
705 284 850 342 NOVUM
872 288 1075 345 ORGANUM.
1654 293 1712 358 479

47 442 185 504 dentem
219 444 260 498 ita
283 452 383 508 tamen,
407 453 439 499 ιιι
456 443 500 499 bis
519 444 549 498 in
571 444 616 500 die
641 447 866 516 repercutiantur.
906 465 962 503 uon
975 451 1092 505 cessavit
1102 452 1195 519 jacere
1203 451 1302 507 multos
1316 452 1434 524 lapillos,
1444 470 1494 525 per
1507 471 1575 526 quos
1586 465 1713 528 surgeret

49 523 156 594 ltaque
170 524 196 578 si
210 523 273 578 bac
287 524 368 578 itase
379 524 696 589 babeantmaniiestum
708 533 750 581 est
763 537 867 582 motum
906 538 936 583 ct
957 531 1117 585 ascenderet
1137 547 1216 604 aqua,
1229 540 1259 587 ut
1280 533 1374 588 bibere
1393 543 1503 604 possete
1524 536 1598 606 quod
1615 546 1711 607 postea

47 604 139 658 istum
162 604 312 658 rotationis
335 620 391 658 non
411 605 555 659 terminari
579 607 609 660 in
630 606 795 672 coelestibus,
818 609 867 662 sed
906 612 989 663 cessit
1003 611 1031 664 in
1047 613 1230 681 proverbium.

46 685 257 739 communicari
274 684 331 738 aeri
347 695 375 739 et
388 701 476 757 aqum.
946 689 1078 746 Similiter
1098 692 1134 745 sit
1158 702 1256 746 natura
1279 693 1417 765 inquisita,
1432 693 1552 749 visibile.
1595 695 1710 752 Videtur

88 763 190 818 Etiam
205 766 261 818 ista
275 766 429 836 proprietas
439 765 549 829 levium,
563 765 691 821 niminrm
706 774 735 821 ut
744 767 866 823 ferantur
905 771 1020 824 omnino
1041 788 1101 825 esse
1126 771 1225 826 divisio
1244 790 1309 827 vera
1330 782 1358 829 et
1381 782 1463 838 certa,
1485 773 1563 839 lucis,
1588 794 1651 846 quae
1667 786 1710 831 est

46 862 171 906 sursum.
187 844 301 899 vacillat
314 845 451 900 nonnihil.
495 848 586 917 Atque
605 847 633 899 in
656 846 716 912 hoc,
731 848 802 901 sumi
817 866 865 918 ρο-
905 850 1013 905 visibile
1028 850 1170 922 originale,
1185 861 1213 906 et
1233 853 1350 922 primam
1366 855 1473 924 copiam
1489 854 1557 908 facit
1569 856 1659 910 visui:
1681 865 1709 911 et

47 934 102 979 test
126 941 183 995 pro
204 927 342 980 iaetantia
362 926 490 999 soederis,
509 925 586 980 bulla
604 943 695 997 aquae.
737 927 768 981 Si
790 928 863 983 enirn
904 929 1011 994 coluris,
1020 932 1067 1002 qui
1081 940 1122 986 est
1136 931 1243 986 visibile
1257 934 1454 998 secundarium,
1464 941 1493 988 et
1507 936 1567 989 aine
1581 935 1642 990 luce
1652 953 1708 991 non

45 1006 97 1061 aer
110 1005 202 1059 inerit
214 1007 311 1060 subter
329 1022 436 1076 aquam,
452 1006 576 1059 ascendit
598 1008 693 1077 rapide
708 1024 802 1063 versus
822 1025 863 1063 su·
903 1012 1032 1075 cernitur,
1042 1012 1081 1065 ita
1094 1019 1126 1067 ut
1140 1012 1264 1067 videatur
1278 1013 1318 1068 nil
1334 1013 1492 1079 aliudesse,
1513 1031 1594 1086 quam
1614 1016 1708 1088 imago

45 1086 195 1155 perficiem
209 1102 299 1156 aqum,
313 1102 363 1155 per
382 1094 487 1140 motum
501 1085 579 1140 illum
596 1089 694 1158 plagca
709 1090 804 1159 (quam
819 1105 864 1143 vo
903 1098 952 1144 aut
976 1092 1142 1146 modificatio
1165 1091 1243 1147 lucis.
1285 1092 1413 1148 Attamen
1435 1111 1471 1149 ex
1490 1103 1606 1167 utraque
1627 1106 1706 1165 parte

44 1174 91 1218 eat
105 1165 302 1232 Democritus)
317 1183 464 1237 perquam
478 1182 550 1236 aqua
563 1168 732 1221 descendens
746 1168 864 1238 percutit
902 1170 976 1224 circa
995 1171 1047 1229 hoc
1061 1173 1188 1226 videntur
1202 1190 1263 1228 esse
1278 1176 1418 1229 instantiae
1429 1176 1550 1247 soederis
1558 1198 1570 1241 ;
1594 1176 1705 1241 scilicet,

44 1257 71 1299 et
83 1247 196 1300 attollit
210 1245 303 1302 serem
318 1262 442 1309 ιιιιιιιιιις
463 1263 519 1300 non
533 1256 624 1301 autem
647 1264 696 1317 per
709 1249 862 1302 contentio-
901 1250 951 1305 nix
970 1251 999 1304 in
1018 1269 1119 1323 magna
1139 1253 1299 1324 quantitate,
1319 1264 1346 1308 et
1365 1256 1475 1308 flamma
1498 1254 1655 1325 sulphuris:
1675 1257 1706 1311 in

43 1344 109 1380 nem
126 1335 179 1382 aut
193 1328 291 1381 nixum
306 1325 378 1380 aeris
392 1327 488 1397 ipsius.
531 1326 614 1397 Atqui
629 1328 675 1382 ubi
691 1327 726 1379 ad
746 1329 861 1400 superli-
902 1348 1016 1402 quarum
1035 1331 1120 1387 alters
1134 1333 1241 1388 uidetur
1260 1350 1319 1388 esse
1342 1336 1418 1388 color
1433 1335 1581 1405 primulum
1601 1335 1704 1401 lucens,

42 1408 118 1461 ciem
133 1408 229 1478 ipsam
245 1424 324 1478 aqum
343 1417 453 1461 ventum
474 1407 563 1472 luerit,
579 1416 635 1460 tum
652 1406 796 1463 cohibetur
814 1408 862 1464 aiir
900 1410 929 1464 in
943 1411 1030 1466 altera
1044 1411 1093 1467 lux
1107 1429 1224 1484 vergens
1238 1413 1274 1467 ad
1287 1413 1415 1469 colorem.

42 1488 79 1540 ab
94 1487 234 1541 ulteriore
255 1503 371 1541 ascensu
389 1503 439 1557 per
460 1485 550 1541 levem
572 1487 763 1551 resistentiam,
778 1506 861 1560 quam

42 1569 153 1638 reperit
167 1569 197 1621 in
213 1583 286 1639 aqua
297 1583 351 1621 non
362 1568 456 1621 statim
465 1566 597 1622 tolerante
608 1584 637 1622 se
648 1569 860 1625 discontinuari:

41 1648 83 1702 ita
94 1657 126 1702 ut
136 1647 223 1702 exilis
233 1647 380 1701 admodum
389 1648 425 1701 sit
435 1648 570 1718 appetitus
581 1649 653 1702 a'e'ris
663 1649 699 1701 ad
709 1650 859 1719 superiora.
940 1648 1018 1704 Inter
1031 1650 1226 1720 praerogativas
1236 1650 1431 1705 instantiarum
1437 1666 1571 1720 ponemus
1584 1650 1645 1705 loco
1654 1652 1703 1706 de·

83 1725 231 1782 Similiter
245 1729 282 1782 sit
295 1735 393 1782 natura
406 1728 543 1798 inquisita,
556 1729 672 1798 pondus.
714 1728 765 1782 Est
779 1729 859 1799 plane
898 1728 972 1783 cimo
994 1740 1090 1800 quarto
1110 1732 1259 1787 instantior
1279 1732 1379 1795 crucis,
1394 1730 1526 1785 translato
1539 1731 1672 1787 vocabulo
1685 1749 1703 1786 a

42 1807 149 1861 divisio
171 1816 302 1878 recepta3
324 1815 355 1861 ut
373 1807 458 1862 densa
472 1816 501 1861 et
519 1807 608 1863 solida
626 1809 746 1862 ferantur
767 1826 860 1865 versus
899 1810 1034 1873 amerius,
1056 1828 1118 1881 quae
1132 1818 1230 1865 erectae
1251 1811 1282 1864 in
1304 1811 1394 1873 biviis,
1417 1811 1537 1864 indicant
1551 1818 1579 1865 et
1592 1811 1703 1882 signant

41 1895 175 1943 centrum
186 1894 274 1951 terrae,
287 1903 349 1941 rara
362 1897 452 1941 autem
469 1895 496 1942 et
509 1890 602 1943 tenuia
615 1906 711 1943 versus
726 1889 859 1945 ambitum
898 1889 1005 1944 viarum
1019 1890 1215 1960 separationes.
1259 1890 1319 1944 Has
1333 1891 1416 1944 etiam
1430 1892 1579 1944 instantius
1598 1892 1702 1947 decisc-

41 1968 125 2032 coe1i3
147 1978 283 2041 tanquam
306 1967 340 2020 ad
363 1966 425 2021 loca
448 1984 499 2023 sua
519 1970 639 2039 propria.
683 1970 773 2041 litque
798 1971 859 2024 loca
897 1971 957 2024 rias
970 1978 999 2023 et
1007 1971 1168 2040 judiciales,
1181 1978 1209 2025 et
1222 1970 1250 2025 in
1265 1971 1375 2025 casibus
1389 1969 1536 2035 nonnullis,
1551 1972 1702 2026 instantias

42 2048 121 2119 quod
135 2048 238 2103 attinet
253 2048 330 2117 (licet
343 2048 373 2101 in
387 2047 490 2102 scholis
504 2047 662 2117 hujusmodi
677 2066 721 2103 res
735 2049 857 2119 valeant)
898 2051 1005 2103 oraculi
1017 2058 1045 2105 et
1058 2051 1188 2115 mandati,
1198 2049 1340 2121 appellare
1356 2050 1556 2105 consuevimus.
1597 2050 1702 2106 Earum

42 2129 131 2198 plane
146 2129 248 2199 inepta
261 2137 289 2182 et
303 2126 418 2198 puerilis
436 2129 567 2199 cogitatio
582 2138 631 2192 est,
646 2129 737 2184 locum
751 2130 857 2201 aliquid
897 2120 968 2183 r'atio
982 2130 1045 2185 talis
1059 2138 1109 2185 est.
1152 2131 1221 2185 Cum
1234 2131 1262 2185 ιιι
1274 2131 1450 2201 inquisitione
1464 2139 1568 2185 naturae
1577 2129 1701 2199 alicujus,

42 2225 137 2279 posse.
196 2209 294 2280 itaque
316 2216 453 2278 nugantur
476 2208 645 2280 philosophi,
670 2227 733 2264 cum
755 2211 857 2276 dicunt,
896 2210 1052 2264 intellectus
1073 2211 1184 2280 ponitur
1201 2219 1333 2282 tanquam
1348 2211 1375 2264 in
1390 2211 1552 2281 aequilibrio,
1568 2219 1596 2264 ιιι
1611 2212 1701 2265 incer·

42 2288 127 2360 quod,
143 2288 168 2342 si
184 2288 324 2360 perforata
338 2296 412 2343 esset
426 2295 506 2352 terra,
524 2306 639 2359 corpora
653 2291 748 2361 gravia
762 2307 791 2344 se
805 2292 857 2345 ais·
897 2296 940 2344 tus
955 2292 998 2355 sit,
1014 2291 1066 2344 utri
1082 2302 1239 2346 naturarum
1253 2308 1268 2345 c
1281 2290 1394 2354 duabus,
1409 2290 1453 2344 vel
1464 2291 1625 2362 quandoque
1639 2290 1701 2362 plu·

43 2376 136 2423 terent
144 2369 258 2441 quando
268 2378 378 2423 ventum
387 2378 459 2422 esset
468 2369 502 2422 ad
516 2380 649 2425 centrum.
690 2369 772 2425 Esset
782 2372 855 2426 enim
896 2369 978 2435 ribus,
998 2388 1080 2424 causa
1093 2382 1199 2426 naturae
1219 2371 1357 2443 inquisitae
1378 2371 1487 2425 attribui
1503 2379 1550 2424 aut
1564 2372 1700 2442 assignari

42 2457 119 2504 certe
136 2450 294 2504 virtuosum
319 2447 402 2519 plane
423 2456 452 2502 et
472 2449 572 2505 efficax
594 2467 682 2521 genus
703 2450 792 2515 nihili,
809 2460 857 2507 aut
895 2450 1001 2515 debeat,
1026 2461 1138 2522 propter
1159 2451 1339 2520 complurium
1360 2459 1519 2506 naturarum
1540 2467 1700 2507 concursum

41 2529 138 2600 puncti
147 2528 356 2593 mathematici;
373 2530 445 2601 quod
454 2537 502 2583 aut
511 2529 755 2594 aliaafliceret,aut
763 2549 856 2586 rursus
896 2530 1067 2601 frequentem
1091 2540 1117 2585 et
1136 2532 1319 2594 ordinarium
1343 2532 1485 2585 instantia
1505 2535 1597 2586 crescis
1611 2540 1701 2588 osten·

42 2610 118 2681 quod
130 2608 187 2664 alia
199 2617 378 2681 appeterent:
394 2626 493 2680 corpas
502 2611 574 2664 eninr
587 2628 640 2665 non
650 2611 856 2682 aisiacorpore
895 2610 962 2665 dunt
978 2613 1144 2666 consortium
1167 2611 1248 2666 unius
1269 2629 1305 2665 ex
1326 2611 1432 2665 naturis
1446 2611 1549 2683 (quoad
1572 2622 1699 2667 naturam

42 2691 158 2759 patitur.
175 2689 856 2759 Verumisteappetitusascendendietdescenden-
894 2690 1065 2761 inquisitam)
1090 2692 1172 2745 fidum
1197 2699 1224 2746 et
1247 2691 1444 2752 indissolubile,
1470 2690 1583 2745 alterius
1606 2699 1698 2747 autem

42 2770 80 2829 di,
92 2779 194 2824 anteat
209 2771 239 2823 in
250 2769 653 2842 schematismocorporisquod
663 2781 794 2834 movetur,
809 2778 856 2828 aut
893 2773 1000 2826 varium
1017 2780 1044 2826 et
1059 2772 1228 2842 separabile;
1251 2771 1323 2825 unda
1348 2772 1509 2826 terminatur
1528 2772 1649 2842 quaestio,
1672 2772 1705 2826 et'

1253 1556 1352 1597 navt.

43 2851 71 2903 in
82 2851 246 2921 sympathia
260 2849 318 2904 sire
333 2867 467 2904 consensu
477 2868 540 2905 cum
551 2850 736 2924 aliocorpore.
778 2852 856 2914 Quod
894 2853 1025 2922 recipitur
1039 2862 1135 2906 natura
1149 2852 1197 2906 illa
1217 2853 1291 2922 prior
1305 2868 1356 2922 pro
1369 2868 1460 2914 causa,
1475 2852 1560 2905 missa
1571 2850 1657 2905 altera
1671 2860 1700 2907 ct

43 2931 241 2986 siinveniatur
251 2930 363 3003 aliquod
376 2949 474 3002 corpus
485 2931 636 2988 densumet
648 2932 855 3006 solidum,quod
893 2932 1044 3003 repudiata.
1089 2933 1185 3005 ltaque
1204 2931 1363 3001 huiusmodi
1383 2931 1522 2988 instantia
1544 2940 1607 2986 sunt
1622 2949 1699 2989 max·

43 3011 227 3066 nihilominus
241 3028 297 3065 non
311 3011 415 3066 ieratur
428 3012 461 3064 ad
477 3019 592 3077 terram;
614 3013 788 3069 confunditur
802 3014 854 3068 bu·
894 3013 957 3068 imae
971 3012 1048 3078 lucis,
1063 3027 1091 3067 et
1105 3013 1183 3083 qussi
1205 3030 1313 3085 magnae
1336 3013 1521 3076 auctoritatis;
1543 3012 1583 3066 ita
1596 3022 1627 3067 ut
1639 3031 1699 3067 cur·

41 3093 165 3158 jusmodi
187 3091 297 3146 divisio.
340 3091 377 3146 At
398 3092 421 3145 si
445 3093 595 3163 recipiatur
618 3094 712 3164 opinio
727 3095 853 3160 Gilberti,
894 3092 1009 3147 riculum
1024 3094 1258 3165 interpretationis
1278 3093 1440 3165 quaudoque
1454 3093 1483 3146 in
1499 3092 1561 3146 illas
1582 3092 1696 3158 desinat,

44 3173 119 3243 quod
132 3174 290 3243 magnetica
299 3172 341 3226 vis
356 3182 435 3227 terroe
447 3174 481 3226 sd
497 3172 672 3228 alliciendum
684 3175 786 3246 gravia,
798 3193 854 3230 non
893 3180 922 3227 et
935 3190 985 3244 per
1003 3174 1066 3229 illas
1087 3174 1250 3245 perficiatur.
1294 3174 1432 3228 Interdum
1448 3181 1538 3227 sutem
1553 3174 1698 3230 instantior

43 3253 211 3307 extendatur
230 3252 303 3307 ultra
322 3252 416 3306 orbem
430 3254 538 3308 virtutis
556 3272 613 3310 suaa
629 3258 704 3326 (quae
726 3266 854 3327 operatur
893 3256 984 3309 crucis
997 3254 1052 3309 illae
1062 3263 1213 3318 occurrunt,
1225 3262 1252 3309 et
1260 3254 1435 3309 inveniuntur
1449 3253 1521 3307 inter
1531 3254 1697 3323 jampridem

43 3350 155 3404 semper
170 3334 206 3388 sd
220 3333 377 3387 distantiam
398 3341 508 3398 certam,
523 3341 553 3388 et
571 3352 627 3388 non
646 3335 731 3404 ultra)
745 3336 854 3408 hocque
892 3341 1014 3398 notatam
1037 3345 1066 3389 at
1079 3344 1110 3389 ut
1127 3335 1276 3406 plurimum
1294 3351 1372 3388 novae
1387 3343 1458 3397 sunt,
1473 3343 1500 3386 et
1515 3334 1548 3387 de
1563 3333 1698 3389 industria

44 3430 94 3482 per
115 3413 240 3484 aliquam
261 3413 420 3467 instantiam
434 3413 602 3480 verificetur3
624 3431 658 3469 ea
672 3415 781 3471 demum
803 3417 854 3471 erit
892 3421 976 3486 atque
1000 3433 1036 3470 ex
1053 3417 1205 3486 composito
1225 3415 1346 3486 quaesitae
1366 3422 1395 3468 et
1414 3413 1565 3484 applicatae,
1586 3421 1614 3468 et
1634 3414 1696 3469 dili·

45 3495 182 3547 instaatr‘u
196 3495 319 3568 soederia
335 3493 409 3547 circa
427 3494 478 3547 hoc
494 3495 655 3563 subjectum.
696 3496 796 3567 Neque
814 3505 853 3550 ta-
892 3496 987 3565 gentia
1001 3496 1097 3551 sedula
1111 3504 1140 3549 et
1153 3495 1210 3550 acri
1225 3497 1334 3549 tandem
1349 3503 1441 3549 erutae.

44 3590 108 3627 men
123 3574 242 3628 uccunit
256 3573 503 3643 impraesentiarum
521 3573 614 3647 aliqua
627 3576 757 3631 instantia
770 3594 854 3647 super
931 3575 1061 3646 Exempli
1077 3577 1181 3648 gratia;
1204 3576 1238 3629 sit
1251 3586 1349 3629 natura
1362 3574 1494 3646 inquisita
1508 3573 1600 3628 fluxus
1615 3581 1642 3627 et
1656 3591 1697 3628 re·

45 3653 97 3707 boc
112 3663 188 3708 certa
203 3661 230 3707 et
244 3654 399 3709 manifesta.
442 3654 570 3710 Proxime
585 3655 710 3711 videntur
724 3658 852 3711 accedere
892 3654 983 3710 fluxus
998 3656 1144 3719 mariaille
1159 3656 1201 3710 bis
1215 3655 1347 3727 repetitus
1360 3656 1389 3708 in
1404 3655 1455 3719 die,
1470 3663 1551 3724 atque
1566 3653 1697 3709 sexbora·

46 3744 189 3788 cataractae
203 3733 275 3798 coeli,
291 3752 353 3806 quae
368 3734 397 3787 in
409 3735 630 3805 navigationibus
650 3754 700 3809 per
720 3754 852 3793 oceanum
892 3734 956 3800 rius,
971 3738 999 3798 iu
1014 3737 1168 3791 accessibus
1184 3746 1213 3790 et
1223 3736 1376 3790 recessibus
1390 3733 1514 3804 singulis,
1529 3751 1591 3788 cum
1605 3734 1696 3789 differ·

47 3811 218 3869 Atlanticum
234 3831 329 3868 versus
345 3814 438 3868 indias
452 3823 579 3886 utrasque
594 3833 667 3886 saepe
682 3817 853 3888 conspiciun-
892 3817 965 3869 entia
976 3816 1114 3881 nonnulla,
1126 3833 1179 3888 que
1190 3816 1355 3869 coinciditin
1364 3815 1473 3870 modum
1484 3815 1571 3868 lunae:
1592 3813 1697 3870 bivium

46 3901 95 3948 tur.
137 3895 229 3948 Tanta
241 3895 316 3948 enirn
325 3894 430 3949 videtur
444 3911 504 3950 esse
515 3896 557 3949 vis
568 3904 596 3950 et
610 3896 697 3951 moles
711 3914 851 3969 aquarum,
891 3896 966 3949 circa
979 3896 1050 3951 hanc
1064 3906 1189 3952 naturam
1204 3895 1259 3950 tale
1274 3905 1324 3950 est.

48 3991 107 4043 qure
128 3992 179 4045 per
199 3974 359 4043 hujusmodi
381 3983 532 4029 cataractas
546 3976 637 4031 subito
654 3977 807 4043 effunditur,
823 3988 853 4034 ut
930 3976 1054 4031 Necesse
1074 3994 1186 4049 prorsus
1200 3984 1253 4042 est,
1269 3987 1298 4030 ut
1311 3976 1362 4029 iate
1385 3981 1476 4028 motus
1496 3974 1636 4040 efficiatur,
1651 3976 1697 4031 vel

46 4054 169 4109 rideatur
190 4054 321 4109 collectio
340 4072 472 4127 aquarum
489 4055 573 4110 inisse
590 4064 654 4112 ante
674 4058 755 4122 facta,
770 4067 851 4130 atque
891 4057 926 4110 ab
940 4074 1074 4128 aquarum
1093 4074 1240 4128 progressu
1260 4064 1287 4109 et
1300 4072 1435 4126 regressu,
1449 4056 1478 4107 in
1492 4054 1602 4109 modurn
1616 4071 1697 4127 aquae

48 4134 75 4186 in
88 4134 133 4189 hia
146 4134 217 4189 Iocis
231 4134 347 4189 haesisse
358 4143 386 4189 et
399 4135 540 4200 mansisse,
551 4144 580 4190 et
591 4143 686 4208 postea
700 4139 791 4208 potius
802 4157 852 4210 per
891 4136 919 4189 ιιι
934 4137 1008 4207 pelvi
1025 4137 1144 4208 agitatae,
1159 4154 1221 4208 quse
1243 4135 1351 4207 quaudo
1364 4135 1437 4188 latus
1450 4152 1536 4189 unum
1551 4133 1639 4206 pelvis
1654 4135 1696 4191 al·

47 4230 156 4269 causam
170 4214 319 4269 violentam
334 4216 441 4283 dejecta
455 4225 483 4268 et
497 4215 607 4272 detrusa
624 4235 693 4283 esse,
707 4235 791 4290 quam
804 4236 851 4272 na-
891 4216 949 4282 luit,
965 4217 1066 4271 deserit
1079 4217 1212 4281 alterum;
1233 4215 1305 4271 vela
1319 4215 1472 4270 sublatione
1484 4223 1512 4269 et
1525 4215 1696 4271 subsidentia

49 4294 125 4348 turali
154 4304 233 4349 motu
256 4294 402 4366 gravitatis
428 4296 577 4352 cecidisse:
604 4298 673 4353 adeo
696 4309 727 4353 ut
751 4300 850 4369 conjici
891 4313 1024 4369 aquarum
1039 4315 1054 4350 e
1069 4297 1212 4369 profundo,
1225 4297 1256 4350 iu
1269 4296 1380 4351 modum
1394 4312 1474 4365 aquae
1489 4294 1652 4360 ebullientis,
1666 4304 1696 4351 et

48 4375 131 4441 possit
144 4392 306 4446 corpoream
322 4375 430 4440 molem,
445 4376 558 4431 densam
573 4386 654 4450 atque
670 4388 850 4450 compactam,
891 4394 984 4432 rursus
1005 4378 1188 4433 subsidentis:
1210 4378 1265 4431 utri
1287 4393 1353 4430 vero
1378 4393 1468 4442 causae
1490 4375 1580 4431 fluxus
1601 4384 1629 4430 et
1654 4394 1695 4431 re-

48 4455 74 4506 in
89 4472 191 4527 magns
205 4455 368 4510 distantias
387 4465 467 4521 terra,
490 4458 546 4512 iore
571 4458 706 4527 pensilem
722 4467 851 4532 tanquam
891 4457 982 4512 fluxus
996 4457 1044 4513 ille
1059 4457 1193 4530 assignari
1208 4457 1313 4521 debeat,
1329 4456 1413 4512 oritur
1430 4454 1573 4511 dubitatio.
1617 4455 1695 4518 Quod

50 4543 146 4591 terram
157 4537 263 4606 ιριιιιιις
278 4552 330 4589 nec
341 4553 473 4601 casuram,
484 4536 537 4591 nisi
549 4537 704 4606 dejiciatur.
747 4540 850 4596 Verum
890 4538 914 4592 si
929 4539 1076 4609 recipiatur
1093 4539 1168 4609 prior
1191 4537 1314 4600 assertio,
1333 4553 1444 4591 necesse
1467 4543 1559 4600 estut
1575 4554 1637 4591 cum
1658 4537 1695 4592 sit

49 4614 80 4668 de
94 4614 146 4674 boe
160 4616 201 4670 nil
223 4616 291 4669 certi
314 4617 489 4672 affirmamus.
534 4619 646 4673 Interim
660 4620 689 4674 in
704 4619 766 4685 boc,
781 4630 809 4674 et
822 4622 850 4676 iu
891 4618 982 4674 durrus
996 4619 1025 4673 ιιι
1040 4619 1110 4674 mari
1124 4636 1161 4673 ex
1175 4635 1230 4672 una
1249 4626 1336 4688 parte,
1351 4617 1400 4671 fiat
1418 4617 1470 4671 sub
1490 4617 1563 4671 idem
1585 4624 1694 4688 tempus

49 4696 139 4750 multis
152 4696 217 4751 aliis
228 4695 309 4751 iacile
318 4697 470 4767 apparebit,
483 4714 565 4769 quam
580 4700 677 4769 inopes
691 4700 776 4757 simus
791 4700 849 4756 bis·
890 4698 992 4753 alicubi
1006 4699 1035 4753 iu
1049 4699 1117 4753 mari
1136 4698 1256 4753 refluxus
1270 4714 1307 4752 ex
1320 4696 1383 4751 alia
1427 4696 1522 4768 ltaque
1536 4696 1571 4750 ad
1585 4697 1636 4751 hoc
1650 4715 1694 4752 re·

49 4775 271 4841 concesseratis,
282 4794 345 4831 cum
355 4777 415 4832 loco
426 4777 616 4834 instantiarum
628 4788 771 4846 certarum,
782 4798 851 4836 non·
890 4780 998 4834 ducitur
1018 4778 1168 4851 inquisitio.
1210 4777 1295 4850 Atqui
1319 4778 1473 4832 observavit
1498 4775 1607 4841 scona,
1629 4793 1694 4830 cum

49 4856 849 4933 uunquamsuppositionesafferreproexempliscogamur.
890 4859 953 4914 aliis
980 4858 1121 4914 nonnullis
1144 4857 1282 4929 (diligenti
1302 4859 1374 4912 iacta
1400 4857 1592 4928 inquisitione)
1621 4856 1695 4927 quod

87 4936 220 4991 Similiter
234 4937 271 4991 sit
293 4946 393 4991 natura
414 4938 554 5010 inquisita,
574 4941 712 4996 discursus
735 4942 849 5013 ingenii.
890 4940 925 4993 ad
938 4939 1032 4994 littora
1050 4938 1177 5002 Florida,
1191 4946 1219 4993 et
1237 4938 1273 4992 ad
1292 4939 1386 4994 littora
1405 4938 1519 4992 adversa
1540 4936 1693 5006 Hispanias,

50 5012 161 5071 Videtur
182 5017 296 5072 omuino
319 5018 420 5072 divisio
441 5036 513 5084 vera,
535 5021 650 5075 rationis
672 5020 807 5084 humanas,
824 5030 852 5077 et
890 5032 918 5074 et
938 5020 1049 5084 Africae,
1072 5021 1139 5074 fiant
1158 5019 1249 5074 fluxus
1268 5019 1352 5074 maris
1376 5018 1412 5072 ad
1438 5018 1534 5072 eadem
1559 5024 1692 5085 tempora,

50 5093 163 5152 solertiae
175 5098 330 5154 brutorum.
371 5097 499 5154 Attamen
517 5108 581 5155 sunt
594 5099 733 5156 nonnullae
751 5103 851 5156 iustam
890 5111 919 5154 et
944 5100 1066 5155 refluxus
1089 5100 1183 5154 itidem
1205 5099 1240 5154 ad
1264 5099 1362 5154 eadem
1383 5107 1524 5168 tempores
1552 5111 1607 5148 non
1630 5112 1694 5150 eon·

50 5174 92 5230 ties
105 5178 252 5241 actionum,
268 5195 331 5250 quae
345 5178 460 5233 eduntur
474 5196 491 5233 a
504 5180 598 5246 brutis,
613 5199 663 5252 per
677 5199 746 5252 quas
759 5182 851 5237 viden·
890 5188 939 5243 tra,
968 5180 1041 5252 quod
1064 5197 1127 5234 cum
1147 5179 1240 5235 fluxus
1268 5181 1299 5234 lit
1320 5180 1355 5234 ad
1377 5178 1469 5236 littora
1492 5175 1619 5238 Floridae,
1646 5176 1694 5230 liat

52 5261 92 5310 lus
103 5259 187 5312 etiarn
202 5258 283 5313 bruta
295 5258 374 5329 quasi
391 5259 571 5332 syllogizare:
594 5271 624 5317 ut
637 5262 776 5317 memoriae
789 5279 851 5333 pro-
890 5262 1011 5315 refluxus
1027 5261 1063 5314 ad
1080 5260 1172 5315 littora
1194 5260 1339 5331 Hispaniae
1357 5265 1385 5313 et
1404 5257 1513 5312 Airicae.
1562 5255 1693 5311 Attamen

50 5333 130 5394 ditum
143 5349 186 5394 est
200 5337 234 5392 dc
253 5356 350 5405 αιτιοι
372 5340 420 5411 qui
445 5357 494 5410 per
506 5358 622 5413 magnas
643 5342 779 5397 ιιιιιιιιιιι
793 5344 850 5397 iere
890 5340 979 5395 adbuc
1000 5340 1160 5410 diligentius
1173 5339 1333 5404 attendenti,
1346 5355 1400 5392 nou
1420 5353 1471 5406 per
1492 5335 1546 5389 hoc
1559 5335 1694 5391 evincitur

51 5429 156 5472 erectas
170 5419 229 5484 siti,
241 5420 387 5490 conspexit
394 5421 530 5492 squamin
542 5431 638 5479 trunco
649 5439 717 5477 cavo
728 5423 850 5489 arboris)
890 5429 980 5476 motus
998 5421 1133 5486 attollens,
1155 5429 1184 5475 et
1203 5420 1355 5491 abnegatur
1377 5415 1513 5472 motusic
1535 5432 1692 5488 progressu.

52 5505 129 5568 atque
141 5515 207 5555 cum
220 5515 277 5557 non
290 5499 403 5556 daretur
416 5500 444 5555 ei
458 5501 560 5559 intrare
573 5509 686 5575 propter
699 5504 851 5576 angustias,
890 5503 965 5559 Fieri
979 5503 1054 5559 enim
1072 5510 1170 5575 potest,
1185 5500 1258 5573 quod
1279 5499 1316 5557 sit
1332 5505 1423 5553 motus
1436 5513 1568 5569 aquarum
1581 5497 1612 5553 in
1632 5514 1694 5570 pro·
