3800 5875
51 302 121 359 Car.
144 304 184 359 Π.
556 304 607 362 DE
628 305 854 363 AUGMENTIS
875 304 1151 363 scientiaeaut.
1610 304 1671 362 393

51 463 138 531 (more
166 458 299 534 Lucisni)
327 462 424 533 potius,
452 480 534 533 quam
562 465 634 518 serio
661 472 688 518 et
715 466 844 536 graviter.
881 466 956 518 sione
970 464 1019 518 illa
1032 480 1126 519 severa
1139 471 1167 518 et
1180 464 1264 519 atroci
1279 463 1311 518 L.
1322 462 1409 527 Bruti,
1419 468 1513 518 sonna
1522 463 1593 519 filios
1606 481 1669 521 snos

51 541 165 601 Etenim,
179 541 242 611 plus
256 557 348 611 operte
366 542 536 612 impenditur,
551 550 581 597 ut
594 543 723 614 pleraque
737 545 765 598 in
780 547 845 599 arti·
881 543 958 598 illam
972 561 989 597 a
1003 544 1140 614 plerisque
1154 543 1183 597 in
1197 544 1296 598 omium
1309 541 1434 619 laudibus
1447 543 1551 609 efferris
1565 550 1595 597 at
1607 543 1678 600 alius

49 619 107 681 bers,
120 621 199 674 etiam
216 621 295 674 utilia
309 629 335 675 et
349 638 423 684 sana,
437 622 559 692 maligno
578 623 658 676 dente
676 623 844 687 vellicentur,
882 624 1018 693 quispiam
1034 624 1119 678 dixitt
1213 664 1217 675 .

50 707 76 751 et
85 699 118 751 sd
132 698 279 754 ludibrium
293 700 638 771 hominibusexponantar,
648 718 728 772 quarn
739 710 770 756 ut
783 720 844 773 qum

50 779 78 830 in
91 777 186 833 iisdem
201 786 329 847 corrupta
341 788 404 833 sunt
417 787 444 833 et
456 780 561 843 vitiosa,
575 790 752 835 secernantur
769 797 786 833 a
800 798 843 835 sa-

50 857 170 912 lubribus
184 866 213 911 et
222 858 395 929 incorruptis.
425 859 461 913 At
469 860 571 930 optime
582 858 727 914 Salomon:
742 866 758 892 “
770 877 844 931 quoe.
884 852 914 905 ld
928 853 1019 924 ipsum
1031 853 1096 908 licei
1109 854 1209 908 intueri
1220 854 1249 908 ln
1263 871 1341 908 coenit
1355 854 1411 918 illa,
1426 855 1460 908 dd
1474 871 1556 924 qudm
1570 855 1677 911 inritati

50 937 115 989 renti
134 938 248 991 derisuri
270 938 422 1001 scientiam,
437 938 497 1007 ipsa
516 955 546 993 se
563 939 710 1001 abscondit,
725 939 773 992 ped
787 949 843 993 stu.
881 941 944 986 aunt
965 932 1007 987 M.
1029 933 1139 997 Brutus,
1163 933 1194 988 C.
1220 933 1340 997 Cassius,
1361 940 1390 987 el
1413 932 1469 987 alii.
1512 935 1572 988 illie
1592 936 1675 1003 enlm,

49 1014 123 1069 diosc
144 1017 175 1070 fit
197 1017 334 1070 0bviam.”
375 1016 532 1088 Quicunque
554 1018 627 1071 enim
650 1018 684 1070 sd
701 1017 843 1073 seientiam
881 1028 942 1065 cum
956 1011 992 1065 ad
1005 1013 1109 1066 animos
1123 1012 1310 1083 explorandos,
1322 1014 1395 1065 circa
1408 1014 1633 1083 conspirationem
1647 1015 1677 1070 in

50 1096 159 1148 secedat
171 1096 265 1149 auimo
277 1095 408 1149 irridendi
423 1104 450 1149 et
463 1096 633 1167 aspernandi,
648 1097 767 1151 inveniet
780 1114 844 1166 pro-
880 1099 962 1160 caput
981 1091 1097 1148 omaus
1116 1091 1254 1156 intentam,
1269 1092 1382 1163 quaetio
1397 1101 1482 1147 wille
1503 1101 1576 1146 ”10¹⁸
1596 1101 1675 1159 meis

49 1172 175 1228 euldubio
198 1191 260 1246 qum
283 1174 428 1229 cavilletur
451 1174 576 1245 plurima,
601 1176 756 1246 exquibus
780 1193 844 1231 vero
880 1170 957 1225 Num
977 1170 1082 1225 licitum
1104 1171 1172 1224 sorel
1195 1180 1337 1241 tyranuum
1358 1173 1501 1227 occidere?
1522 1173 1596 1227 ibant
1610 1190 1675 1227 eon·

48 1252 150 1307 doctior
169 1255 225 1318 fist,
239 1270 388 1324 perpauca,
429 1253 540 1318 Verum,
555 1255 679 1309 rescistis
698 1255 788 1325 hujus,
809 1256 842 1310 de
881 1250 949 1304 visae
962 1250 992 1303 in
1004 1249 1147 1320 opiniones
1161 1250 1296 1316 diversas3
1316 1251 1380 1306 dum
1391 1252 1438 1306 alii
1450 1252 1579 1316 dicerent,
1593 1254 1675 1322 plane

48 1332 259 1403 quoloquimur,
282 1334 442 1404 argumenti,
464 1334 556 1404 gravis
576 1342 604 1387 et
621 1333 746 1404 prudens,
759 1341 842 1406 atque
880 1328 971 1392 licere,
993 1329 1065 1399 quod
1084 1328 1198 1383 servitus
1220 1330 1344 1385 ultimum
1368 1340 1440 1386 esset
1458 1330 1605 1386 malorum:
1625 1333 1674 1387 alii

48 1428 106 1464 eum
120 1412 279 1482 integritate
295 1412 412 1482 quadam
427 1421 456 1466 et
468 1413 622 1468 sinceritate
636 1413 788 1481 conjuncta,
799 1415 842 1467 in·
880 1407 1000 1472 minime.
1020 1407 1093 1479 ‘1¹¹0‘l
1111 1416 1242 1477 timum
1256 1409 1345 1464 minu·
1362 1408 1482 1465 exiiiffl⁸
1499 1419 1577 1475 emis
1592 1427 1675 1481 <imm

48 1491 287 1545 termnnitissima
300 1492 409 1546 virtutis
429 1508 461 1545 sc
475 1491 617 1562 probitatis
638 1492 843 1563 propugnacula
880 1485 982 1541 bellum
1002 1487 1090 1542 civile.
1148 1488 1270 1543 Tertium
1292 1496 1383 1544 auum
1411 1506 1504 1560 genus,
1528 1489 1611 1544 veluti
1638 1509 1675 1547 ex

47 1569 151 1624 ridetur
165 1572 343 1625 numeranda.
383 1572 457 1625 Nam
468 1572 538 1626 sieut
550 1570 672 1626 isbnlose
685 1571 843 1642 perhibetur
880 1565 975 1619 schola
996 1566 1116 1637 Epicuri,
1135 1568 1279 1631 asserebat,
1292 1568 1434 1639 indignum
1454 1585 1513 1623 esse
1527 1570 1674 1639 prudentes

47 1648 78 1701 de
92 1648 231 1713 basilisco,
245 1651 269 1704 si
284 1651 391 1721 primus
405 1651 560 1721 quempiam
574 1651 754 1721 conspexerit,
768 1650 843 1706 illico
880 1645 1029 1713 periclitari
1049 1662 1099 1715 pro
1119 1646 1219 1701 stultis.
1260 1647 1362 1701 Vanum
1381 1646 1492 1718 plurimi
1511 1657 1575 1702 sunt
1594 1666 1675 1705 casus

47 1727 185 1782 homiuem
209 1730 336 1799 perimit,
370 1730 395 1784 si
419 1731 481 1800 quis
498 1729 576 1784 illum
595 1731 677 1801 prior,
701 1729 842 1785 basiliscus
880 1724 913 1778 de
927 1725 1024 1779 officiis
1037 1726 1217 1795 comparatiss
1238 1726 1309 1780 inter
1322 1742 1390 1797 quos
1403 1727 1614 1797 frequenterille
1628 1730 1672 1783 ιιι-

47 1808 131 1876 perit:
153 1809 214 1877 pari
228 1809 342 1873 ratium,
357 1808 472 1873 fraudes,
486 1809 651 1879 impostura,
665 1813 692 1863 et
706 1809 786 1863 malm
799 1826 843 1863 ar·
880 1805 1010 1858 terrenis:
1032 1804 1129 1858 Utrum
1143 1805 1277 1872 ajustitis
1297 1805 1493 1860 deflectendum
1507 1808 1548 1869 sit,
1562 1816 1674 1878 propter

46 1887 125 1951 lessi
140 1888 203 1957 quis
217 1904 265 1942 eas
279 1888 354 1958 prior
367 1888 506 1951 detexerit,
519 1889 635 1942 nocendi
650 1887 778 1942 facultate
786 1888 843 1959 pri·
880 1882 996 1937 talaiam
1019 1883 1122 1954 patrie,
1137 1892 1184 1937 ⁸¹11
1203 1883 1358 1952 hujusmodi
1376 1885 1486 1956 aliquod
1505 1886 1612 1956 insigne
1624 1887 1671 1942 bo-

46 1974 161 2031 rantur3
190 1967 311 2037 quodsi
334 1966 389 2021 illm
410 1969 597 2038 prevenerint,
619 1976 677 2022 tum
697 1984 769 2033 sero,
788 1984 842 2021 non
879 1979 944 2016 uum
959 1962 988 2016 in
1008 1963 1117 2017 tuurot
1158 1961 1239 2017 Circa
1258 1980 1338 2034 quem
1359 1963 1444 2018 Jason
1462 1963 1609 2021 Thessalus
1631 1967 1672 2021 di·

47 2044 122 2107 alias,
143 2044 297 2115 periculum
316 2054 418 2101 creant.
459 2047 511 2101 Est
530 2047 623 2117 itaque
646 2046 717 2117 quod
741 2048 843 2119 gratias
880 2058 940 2095 cere
955 2040 1074 2097 solebat:
1096 2041 1272 2113 Aliquasunt
1285 2043 1384 2111 injuste
1399 2043 1530 2108 iacienda,
1545 2051 1574 2098 ιιι
1587 2045 1673 2100 multa

47 2140 160 2193 agamus
174 2124 371 2190 Msehisvello,
385 2135 413 2181 st
425 2125 581 2195 hujusmodi
599 2126 780 2196 scriptoribus,
796 2126 842 2197 qui
877 2120 950 2187 juste
973 2119 1031 2174 fieri
1054 2121 1167 2191 possint.
1209 2122 1312 2176 Verum
1331 2122 1474 2192 replicatio
1494 2123 1523 2176 in
1544 2134 1672 2196 promptu

48 2212 139 2273 spme
160 2211 190 2257 et
207 2204 440 2260 indissimulanter
462 2206 609 2276 proferunt,
630 2205 695 2275 quid
716 2203 843 2259 homines
880 2207 939 2255 est:
961 2200 1257 2270 Auctoremprasentis
1268 2203 1383 2269 justitia
1396 2201 1493 2265 habeas
1515 2218 1672 2273 sponsorem

47 2282 133 2337 lasere
148 2283 265 2347 soleam,
283 2301 339 2338 non
354 2284 553 2355 quiddebeant.
593 2284 666 2338 Fieri
681 2284 753 2339 enim
767 2284 843 2339 nullo
881 2279 978 2333 tumre
1001 2295 1056 2332 non
1082 2278 1175 2334 habes.
1216 2280 1372 2351 Sequuntur
1395 2281 1526 2346 homines,
1555 2299 1617 2353 quae
1642 2285 1674 2339 in

48 2362 126 2416 modo
139 2372 239 2433 potest,
254 2373 285 2418 ur
298 2366 479 2436 conjungatur
492 2364 648 2435 serpentina
660 2363 709 2417 ills
730 2363 843 2434 prades.
881 2359 1025 2428 prasentia
1038 2358 1109 2412 bona
1122 2366 1151 2413 et
1168 2359 1242 2428 justa
1255 2366 1336 2425 suuis
1357 2360 1448 2416 futura
1464 2361 1563 2415 divinae
1582 2364 1672 2433 prori-

47 2443 159 2497 tiecam
173 2442 332 2497 maerentis
345 2444 507 2508 columbina,
521 2443 574 2497 nisi
593 2443 654 2513 quis
674 2442 738 2496 mali
756 2443 843 2513 ipsius
880 2438 979 2492 denuc
991 2438 1165 2493 remittentes.
1205 2438 1295 2509 Atque
1316 2440 1390 2494 circa
1409 2439 1557 2495 doctrinam
1576 2442 1610 2497 de
1624 2459 1674 2497 ex·

47 2528 170 2575 usturam
191 2524 301 2592 penitus
320 2531 469 2593 pernoscat
510 2523 620 2593 Absque
642 2522 695 2576 hoc
709 2523 782 2576 enim
795 2522 843 2577 de·
880 2516 1003 2590 emplari,
1018 2517 1075 2572 sive
1089 2517 1122 2572 de
1136 2518 1216 2582 bono,
1234 2518 1294 2573 hac
1308 2518 1454 2575 dictasint

47 2612 124 2654 erant
136 2601 231 2654 virtuti
245 2618 296 2656 sua
308 2602 434 2672 praesidis
452 2612 481 2660 et
498 2602 673 2657 munimenta
716 2602 782 2667 Imo,
795 2617 842 2655 nc·

48 2698 97 2749 qne
117 2679 175 2733 nllo
195 2681 279 2734 modo
292 2682 378 2750 possit
398 2682 439 2735 ιιι
452 2681 539 2735 honus
552 2689 580 2735 et
593 2680 695 2751 probus
709 2680 794 2735 malos
815 2687 843 2734 et

47 2759 184 2828 improbos
209 2760 347 2831 corrigere
371 2768 399 2814 et
423 2761 574 2824 emendare,
599 2760 652 2814 nisi
676 2760 743 2831 ipse,
767 2761 843 2831 prius
1110 2754 1234 2812 CAPUT
1255 2756 1440 2812 TERTIUM.

48 2839 138 2891 amnia
163 2837 278 2893 mahtim
305 2838 419 2894 latibula
445 2850 472 2894 et
495 2839 629 2910 protunda
652 2839 842 2910 exploraverit

49 2916 163 2981 Etenim,
178 2918 227 2989 qui
238 2918 344 2987 judicio
357 2918 438 2990 plane
448 2927 574 2991 corrupto
587 2925 657 2984 sunt,
671 2927 699 2976 et
711 2919 842 2990 deprava.
881 2913 1004 2969 Partitis
1024 2915 1156 2972 doctrina
1176 2915 1208 2969 ds
1222 2915 1330 2969 cultura
1351 2916 1437 2970 animi
1443 2937 1455 2976 ,-
1475 2916 1506 2969 in
1525 2916 1672 2974 doctrinata

48 3005 82 3060 to,
96 2996 150 3051 hoc
164 2997 276 3062 habent,
290 3005 320 3053 ut
337 3007 546 3069 prnsupponant
566 2999 736 3055 honestatem
750 3001 779 3053 in
793 2999 842 3054 ho-
918 2996 951 3048 ds
965 2995 1165 3051 characteribus
1182 2997 1348 3055 crimmum,-
1369 2995 1401 3048 de
1414 2996 1556 3067 affectibus
1563 3019 1577 3063 ,-
1599 2999 1671 3053 etde

48 3077 165 3130 minibus
178 3077 215 3130 ab
228 3077 338 3131 inscitia
353 3089 381 3132 et
401 3079 577 3149 simplicitate
599 3079 715 3149 quadam
736 3096 842 3134 morum
918 3076 1052 3139 remediis,
1065 3076 1123 3129 nes
1137 3074 1332 3130 curatioribus.
1373 3076 1522 3146 Appositis
1541 3077 1671 3132 doetrieoe

47 3155 125 3218 oriri3
162 3163 245 3226 atque
273 3156 308 3210 ab
332 3174 366 3212 eo
387 3167 499 3223 tantum,
523 3159 595 3230 quod
620 3159 687 3213 fides
709 3158 843 3213 habeatnr
918 3155 1083 3224 ejssdeads
1104 3156 1273 3228 cmgruitats
1288 3156 1359 3208 iuter
1372 3155 1570 3221 bossmaaisu',
1584 3166 1609 3210 et
1628 3157 1672 3210 do·

47 3235 291 3298 condonatoribns,
306 3244 333 3290 et
347 3238 520 3308 pedagogia
541 3238 608 3292 item
626 3237 711 3302 libris,
725 3254 842 3308 praecep
918 3252 981 3288 sess
992 3232 1121 3306 carpana

48 3314 80 3367 tis
93 3313 252 3378 moralibus,
263 3323 291 3369 et
304 3316 347 3380 iis,
359 3318 405 3387 qni
418 3317 501 3387 vulgo
514 3317 694 3387 predicantur
708 3326 735 3370 et
746 3318 842 3372 decan·

48 3401 141 3458 untur,
157 3395 349 3449 sermonibus:
370 3396 440 3450 adeo
453 3405 489 3460 ut,
504 3398 556 3450 uisi
570 3395 651 3466 plane
669 3396 841 3466 perspiciant,
918 3394 1007 3447 Nunc
1020 3392 1111 3464 igitur,
1125 3399 1269 3465 postquam
1289 3393 1323 3448 de
1337 3393 1426 3448 fructa
1437 3392 1500 3449 vitm
1515 3391 1612 3470 (sensu
1629 3394 1672 3449 in-

47 3472 189 3541 opiniones
204 3489 269 3527 suas
284 3489 389 3542 pravas,
404 3492 435 3528 ac
456 3483 583 3545 corrupta
597 3483 625 3529 et
645 3475 748 3529 detorta
766 3477 841 3545 prin·
879 3471 1028 3542 telligimus
1042 3468 1248 3546 philosophico)
1263 3473 1345 3528 verbs
1358 3473 1519 3538 fecerimuss
1540 3481 1670 3544 superest,

48 3552 128 3621 cipis,
142 3569 200 3606 non
225 3553 317 3607 minus
338 3552 462 3625 illisqui
482 3554 627 3609 hortantur
643 3562 670 3609 et
687 3555 841 3619 admonent,
879 3558 910 3605 ιιι
923 3551 1074 3606 decultum
1088 3552 1179 3617 animi,
1195 3570 1255 3623 qum
1269 3553 1295 3607 ei
1315 3552 1433 3616 debetm,
1455 3553 1590 3608 dicamus:
1611 3554 1670 3608 siue

47 3648 126 3700 quam
147 3632 203 3685 sibi
225 3632 302 3701 ipsis,
326 3649 386 3688 esse
404 3633 546 3705 explorata
561 3641 588 3687 et
608 3635 725 3705 cognita,
750 3634 841 3705 probi·
880 3647 933 3701 qua
955 3647 1018 3700 pars
1040 3632 1115 3702 prior
1138 3631 1210 3685 nihil
1233 3631 1306 3686 aliud
1328 3631 1444 3696 ridetur,
1469 3649 1551 3703 quam
1578 3633 1672 3703 imago

48 3719 126 3765 tatem
145 3727 257 3765 omnem
280 3727 384 3766 morum
403 3720 430 3767 et
449 3712 621 3767 consiliorum
645 3722 840 3783 capessentum
879 3710 1011 3781 quoedam,
1033 3719 1080 3765 aut
1096 3717 1191 3776 statua,
1214 3711 1328 3781 pulchra
1349 3711 1457 3781 quidem
1481 3718 1599 3781 aspectu,
1623 3712 1671 3766 sed

45 3788 123 3855 juxta
144 3789 287 3844 maculam
308 3789 377 3845 illud
397 3790 549 3846 Salomonis
573 3792 716 3857 mirabile,
747 3798 763 3825 “
776 3793 841 3848 Non
878 3799 953 3844 motu
974 3790 1074 3844 etrite
1095 3790 1230 3844 destituta.
1273 3789 1325 3845 Cui
1346 3790 1488 3844 sententiar
1510 3790 1671 3847 Aristoteles

48 3870 145 3939 recipit
158 3869 260 3923 stultus
276 3869 358 3923 verba
371 3870 527 3940 prudentias,
542 3871 595 3925 nisi
610 3889 643 3926 ea
656 3872 765 3937 dixeris,
781 3890 841 3944 quse
879 3869 937 3937 ipse
948 3868 1056 3923 disertis
1069 3869 1159 3924 verbis
1172 3868 1349 3940 suffragatur:
1372 3871 1517 3924 “Necesse
1531 3876 1571 3924 est
1584 3869 1671 3941 igitur

48 3956 190 4002 seruntur
204 3948 234 4001 in
249 3948 426 4019 cordeejus.'’
469 3951 548 4005 Hanc
564 3958 656 4005 autem
674 3960 786 4022 partem,
808 3952 841 4006 de
878 3947 911 4002 de
925 3949 1022 4002 virtute
1042 3948 1140 4012 dicere,
1151 3948 1254 4019 etquid
1266 3950 1308 4013 sit,
1323 3956 1352 4003 et
1371 3966 1407 4003 ex
1421 3949 1518 4019 quibus
1533 3951 1670 4020 gignatur.

48 4027 166 4090 antelis
182 4034 211 4082 et
224 4027 298 4081 vitiis
312 4029 478 4098 respectisis,
489 4030 561 4084 inter
572 4030 723 4084 desiderata
736 4046 841 4085 numer·
881 4028 978 4082 lnutile
993 4028 1067 4081 enim
1085 4028 1141 4082 fere
1155 4027 1243 4093 fuerit,
1256 4029 1381 4082 virtutem
1398 4028 1506 4099 quidem
1523 4045 1610 4093 nosse,
1625 4046 1671 4084 sc·

48 4122 137 4160 amns:
160 4123 277 4178 eamque
296 4108 405 4162 nomine
425 4109 518 4163 satiris
538 4109 624 4174 seria,
637 4110 694 4164 sire
714 4117 841 4164 uectatus
879 4107 1016 4178 quireudm
1030 4114 1122 4162 autem
1136 4106 1195 4175 ejus
1209 4109 1303 4163 modos
1316 4116 1344 4160 et
1357 4107 1415 4162 sias
1430 4108 1565 4177 ignorare.
1606 4110 1672 4164 Non

48 4184 79 4238 ds
93 4186 272 4240 interioribus
283 4204 381 4252 reram,
392 4188 600 4258 appellabimus.
879 4186 953 4240 enim
966 4186 1000 4240 de
1012 4186 1111 4240 virtute
1131 4193 1245 4254 tantum,
1260 4203 1314 4263 qua
1332 4187 1423 4256 specie
1437 4187 1480 4251 sit,
1496 4188 1671 4257 quarendum

84 4265 177 4319 Etiam
197 4265 233 4319 ad
251 4264 401 4321 doctrinam
414 4267 448 4321 de
466 4267 563 4322 officiis
584 4267 746 4337 respectisis
760 4267 842 4338 perti·
879 4273 926 4329 est,
944 4266 993 4320 sed
1012 4273 1039 4319 et
1060 4266 1195 4335 quomodo
1216 4266 1257 4320 sui
1275 4266 1381 4336 copiam
1403 4265 1498 4320 iaciat:
1526 4274 1670 4339 utrumque

997 746 1013 769 “
1024 741 1117 802 infelix,
1128 752 1247 804 utcunque
1256 743 1332 790 ferent
1341 758 1370 790 ea
1379 743 1427 790 iata
1436 742 1566 791 minores.”

47 4351 110 4397 nent
127 4344 222 4398 allicis
235 4352 338 4409 mama,
351 4345 421 4400 inter
433 4347 560 4401 maritum
574 4354 602 4401 et
615 4364 736 4412 uxorem,
746 4363 842 4417 paren·
879 4345 953 4398 enim
966 4343 1096 4409 volumus,
1112 4352 1140 4398 et
1150 4361 1209 4398 rem
1222 4346 1309 4415 ipsam
1322 4361 1409 4409 nosse,
1420 4351 1448 4399 et
1461 4347 1520 4414 eius
1533 4355 1672 4418 compotes

47 4431 85 4476 tes
97 4432 125 4477 et
140 4423 251 4487 liberos,
265 4424 404 4480 dominum
424 4434 452 4480 et
473 4443 600 4480 servum:
621 4426 747 4481 similiter
765 4426 841 4497 leges
880 4424 954 4479 fieri:
975 4424 1027 4478 hoc
1040 4433 1130 4482 autem
1144 4440 1181 4477 ex
1192 4432 1255 4479 voto
1267 4441 1322 4478 non
1335 4425 1468 4490 succedet,
1477 4426 1530 4481 uisi
1543 4427 1670 4493 sciamus,

46 4503 182 4566 amicitiae,
190 4512 220 4556 et
230 4502 419 4573 gratitudinis3
433 4521 483 4559 nec
493 4521 547 4559 non
554 4504 650 4559 civiles
662 4505 841 4575 obligationes
879 4512 906 4556 et
919 4521 955 4558 ex
969 4504 1076 4575 quibus,
1087 4511 1115 4557 et
1129 4520 1183 4574 quo
1196 4505 1302 4560 modo.”
1336 4504 1435 4559 Verbis
1447 4505 1516 4559 adeo
1525 4507 1671 4577 expressis,

46 4581 253 4646 maranum,
274 4581 466 4653 collegiorum
488 4584 572 4639 etiam
586 4584 739 4648 vicinitatis,
755 4601 787 4638 ac
806 4586 842 4639 si·
879 4590 959 4652 atque
980 4584 1060 4637 etiam
1080 4583 1185 4648 iterato,
1209 4584 1280 4637 hanc
1299 4592 1404 4653 partem
1425 4585 1558 4649 inculcst3
1589 4603 1670 4657 quam

45 4660 169 4716 milium:
189 4678 287 4716 serum
309 4661 476 4734 intelligatur
495 4662 547 4717 hoc
572 4680 687 4735 semper,
711 4663 760 4717 illa
777 4664 840 4719 istic
879 4669 969 4716 tamen
991 4662 1050 4732 ipse
1074 4678 1129 4716 non
1149 4662 1328 4733 persequitur.
1370 4664 1432 4718 Hoc
1455 4665 1581 4719 similiter
1603 4664 1671 4719 illud

46 4740 162 4804 nectari,
175 4757 232 4794 non
246 4747 381 4811 quatenus
401 4750 464 4796 sunt
484 4751 575 4813 partes
596 4744 734 4796 soc.etatis
753 4742 841 4798 civilis
879 4748 927 4804 est,
942 4742 1014 4813 quod
1029 4740 1126 4796 Cicero
1142 4741 1240 4796 Catoni
1254 4742 1366 4810 juniori,
1381 4743 1467 4798 veluti
1487 4744 1595 4798 laudem
1615 4760 1672 4798 non

46 4817 89 4887 (id
105 4820 180 4874 enim
201 4819 238 4874 ad
259 4819 398 4889 politicam
418 4821 544 4889 refertur)
562 4822 610 4876 sed
630 4830 762 4891 quatenus
782 4824 841 4876 aui·
879 4820 1025 4892 vulgarem,
1054 4820 1195 4887 attribuite
1230 4822 1302 4893 quod
1333 4823 1437 4878 scilicet
1466 4822 1670 4894 philosophiam

45 4900 80 4952 mi
93 4898 276 4971 ungularum,
291 4898 327 4952 ad
341 4898 538 4955 illasocietatis
552 4900 659 4956 vincula
672 4902 780 4967 tuenda,
801 4901 841 4955 in·
879 4900 1023 4970 amplexus
1044 4907 1124 4964 esset,
1147 4915 1203 4954 non
1225 4901 1383 4972 disputandi
1406 4919 1496 4966 causa
1518 4908 1547 4956 ut
1570 4918 1672 4972 magna

46 4979 110 5032 arui
124 4986 154 5033 et
167 4978 336 5048 prmdisponi
350 4978 476 5034 debeam.
879 4995 949 5049 pars,
971 4979 1019 5033 sed
1041 4980 1081 5032 ita
1100 4979 1216 5035 vivendi.
1257 4981 1386 5043 Quamvis
1410 4991 1508 5045 autem,
1530 4996 1580 5050 pro
1601 4988 1670 5034 tem-

83 5057 256 5112 Atdoctrina
266 5057 300 5111 de
311 5057 384 5111 bono
394 5059 588 5114 communionis
599 5059 840 5130 (quemadmodum
880 5075 983 5128 porum,
997 5058 1026 5112 in
1040 5059 1137 5128 quibus
1150 5058 1275 5125 visimus,
1290 5062 1420 5125 socordis,
1435 5060 1529 5132 paucis
1541 5075 1613 5113 curn
1625 5060 1669 5125 sit,

46 5145 71 5188 et
93 5136 143 5190 iila
166 5143 194 5190 et
217 5131 396 5210 individuali)
418 5137 518 5192 bonum
536 5147 641 5202 tractat,
661 5155 716 5193 non
737 5146 841 5193 tantum
879 5145 909 5192 ut
922 5138 1042 5192 animum
1055 5136 1150 5192 sedulo
1166 5138 1256 5193 colant
1277 5148 1306 5195 et
1325 5147 1495 5211 componant,
1509 5146 1537 5193 et
1553 5138 1616 5191 sitis
1629 5155 1671 5192 ra·

47 5215 214 5286 simpliciter,
223 5215 272 5269 sed
280 5223 488 5285 etcomparate:
504 5233 558 5288 quo
567 5225 673 5287 spectat
682 5218 772 5272 officia
781 5234 841 5289 per·
880 5216 980 5270 tionem
1002 5216 1036 5270 ad
1057 5234 1181 5272 normam
1202 5219 1322 5291 aliquam
1345 5220 1487 5274 instituant
1510 5217 1671 5288 (secundum

46 5296 168 5362 pendme,
182 5295 257 5348 inter
273 5292 413 5350 hominem
432 5301 459 5348 et
476 5294 631 5361 hominem
653 5296 726 5352 inter
748 5314 842 5352 casum
880 5295 947 5350 illud
962 5295 1081 5362 Seneca,
1097 5296 1163 5350 “De
1178 5299 1301 5368 partibus
1313 5299 1376 5352 ritoe
1391 5298 1505 5369 quisque
1519 5295 1668 5362 deliberati

45 5383 71 5424 et
91 5391 206 5438 resume
227 5373 301 5427 inter
324 5373 432 5442 privata
449 5380 477 5427 et
498 5375 620 5443 publica;
642 5377 713 5430 inter
734 5384 842 5446 tempus
879 5375 913 5430 de
927 5392 1033 5430 summa
1046 5377 1165 5430 nemo:'’
1187 5377 1256 5432 adeo
1269 5385 1300 5432 ut
1313 5377 1373 5432 hcc
1386 5393 1450 5446 pars
1465 5375 1570 5429 censeri
1583 5377 1672 5446 possit

46 5469 161 5522 presens
175 5461 204 5509 et
217 5453 358 5507 intusum:
379 5452 447 5507 sient
461 5452 551 5507 videre
566 5462 607 5509 est
623 5456 653 5510 in
671 5456 841 5511 animadver·
880 5455 1060 5527 supervacua)
1074 5454 1140 5510 illud
1154 5462 1245 5511 umen
1258 5457 1370 5514 minime
1384 5471 1435 5510 nos
1451 5461 1549 5521 movet,
1563 5465 1596 5512 ut
1608 5472 1671 5512 eam
