3800 5875
71 305 135 363 Lrs.
151 307 171 362 l.
593 309 644 365 DE
664 310 890 367 AUGMENTIS
911 313 1189 370 SCIENTIARUM.
1642 315 1696 373 ³⁰1

71 481 154 536 qaam
168 465 258 520 adhuc
273 466 384 521 sinemo
401 467 600 537 copularentur.
642 468 708 529 Qua
722 476 794 525 certe
808 487 872 524 con·
911 472 997 528 “Fiat
1011 473 1251 540 coelumetterra,”
1263 474 1332 529 sicut
1345 473 1562 545 decequentibus
1573 476 1702 545 operibus

66 545 174 612 junctio
196 545 258 599 talis
280 545 360 610 soret,
385 546 474 618 qualis
491 555 533 601 est
552 563 740 622 supremorum
758 549 871 604 duorum
909 552 1081 608 dictumest:
1102 555 1150 607 sed
1164 554 1234 609 nude
1253 563 1333 626 atque
1348 555 1496 619 actualiter,
1512 559 1528 585 “
1539 553 1615 608 Deus
1629 572 1702 609 crea-

70 624 242 693 plsnetarom
256 627 381 697 syzygia,
396 644 457 680 cum
481 626 619 691 Saturnus,
635 629 735 697 quietis
756 635 785 682 et
805 646 870 683 con·
909 631 948 684 sit
963 631 1061 687 crelam
1078 639 1108 686 et
1125 635 1257 687 terram2'’
1278 635 1317 687 ita
1331 643 1360 688 ut
1373 633 1488 688 materia
1501 631 1623 688 videatrir
1644 642 1701 687 tan-

71 703 257 774 templatiouis
278 707 346 770 dux,
360 723 422 760 cum
446 705 523 769 Jove,
539 707 606 759 duce
627 708 764 761 societatis
785 725 869 779 agen·
909 727 989 780 quam
1012 728 1094 766 manu
1116 712 1205 776 lacta;
1236 713 1329 768 lormae
1343 730 1407 768 vero
1428 712 1589 768 introductio
1601 712 1701 783 stylum

70 783 159 853 dique,
175 786 326 855 conspirat.
370 785 531 855 Quanquam
555 803 617 840 cum
637 787 671 839 de
691 787 770 856 praxi
789 797 870 858 atque
907 789 1009 843 habeat
1021 789 1099 861 legis,
1114 800 1161 844 aut
1174 791 1285 847 decreti.

71 864 176 917 setium
190 863 296 934 loquor,
313 864 392 919 nullo
413 866 495 919 modo
514 865 549 919 ad
571 865 720 919 doctrinam
733 866 868 935 professo·
947 867 1096 939 Pergamus
1110 888 1127 923 a
1141 870 1202 925 Deo
1215 872 1250 925 ad
1263 869 1393 943 Angelos,
1405 888 1520 943 quorum
1533 877 1630 924 natura
1642 870 1701 942 dig-

71 944 137 996 riam
162 951 190 996 et
211 941 349 997 lucrosam
374 944 465 999 innuo.
506 945 605 1015 Neque
628 946 701 999 enim
724 963 767 999 me
792 946 868 1016 sugit,
907 948 1016 1001 natione
1039 956 1081 1002 est
1102 949 1162 1003 Deo
1185 951 1317 1020 proxima.
1358 951 1489 1005 Videmus
1509 951 1539 1004 in
1561 950 1700 1004 ordinibus

71 1031 236 1092 quantopere
258 1021 312 1076 hoc
338 1023 430 1094 ipsum
454 1026 672 1094 progressionem
692 1024 820 1079 docuinc
842 1033 870 1079 et
907 1027 1074 1097 Angelorum
1099 1031 1244 1098 (quatenus
1268 1030 1334 1084 tides
1348 1030 1508 1084 adhibenda
1528 1029 1633 1083 coelesti
1656 1028 1699 1083 illi

70 1100 453 1170 amplificationemmoretun
476 1104 587 1173 perinde
599 1104 707 1174 quidem
718 1111 748 1157 ut
757 1120 869 1158 aureum
906 1105 1068 1161 hierarchia
1089 1126 1150 1178 quas
1164 1107 1289 1178 Dionysii
1311 1109 1483 1180 Areopagitae
1504 1109 1612 1163 nomine
1627 1108 1699 1162 evul-

70 1180 171 1235 malaru
192 1189 259 1234 aute
283 1182 380 1237 oculos
403 1181 538 1236 Atalanta
562 1184 720 1252 projectum,
744 1183 816 1253 quod
840 1192 870 1238 ut
906 1185 999 1255 gatar)
1020 1186 1136 1255 primurn
1157 1187 1246 1242 locum
1267 1188 1388 1243 obtinere
1409 1185 1562 1257 Seraphim,
1577 1187 1698 1258 Angelos

70 1258 153 1324 tollat,
168 1260 236 1314 dum
250 1260 335 1315 flectit
348 1278 387 1326 se,
402 1278 496 1315 cursus
510 1262 615 1315 interea
629 1262 789 1331 impeditur:
906 1265 1012 1319 scilicet
1024 1268 1142 1331 amorisy
1164 1266 1312 1322 secundum
1327 1267 1483 1332 Cherubim,
1499 1267 1619 1337 Angelos
1637 1265 1699 1322 illu·

171 1377 408 1426 „mmm
426 1380 766 1441 aurumquavolubitatollit”
906 1344 1080 1408 minationis,
1114 1346 1224 1400 tertium
1250 1353 1341 1401 autem
1368 1347 1459 1400 locum
1486 1352 1515 1399 et
1541 1354 1695 1415 sequentes,

408 1417 415 1437 ’
909 1421 1032 1488 Tironis,
1049 1422 1265 1495 Principatibua
1276 1426 1434 1496 caeterisque
1445 1423 1559 1494 Angelis
1569 1425 1697 1495 potentiss

107 1500 211 1572 Neque
222 1518 315 1556 mrsus
330 1502 399 1556 mihi
416 1505 445 1558 in
460 1505 550 1558 animo
564 1511 612 1568 eat,
628 1505 699 1574 quod
712 1505 746 1558 de
758 1504 866 1560 Socrate
905 1509 932 1555 et
959 1503 1103 1558 ministerii
1125 1503 1252 1568 concedl;
1283 1513 1314 1559 ut
1340 1522 1377 1559 ex
1402 1503 1454 1558 hoc
1469 1503 1529 1573 ipso
1549 1503 1642 1557 ordine
1663 1519 1696 1558 ac

68 1578 173 1634 dietrtm
195 1592 263 1645 erat,
284 1581 518 1652 “Philosophiam
538 1583 669 1638 devocare
689 1585 723 1638 de
746 1584 822 1648 cralo,
838 1594 867 1639 ut
904 1580 1091 1636 distributione
1105 1582 1207 1638 clarum
1225 1583 1267 1647 sit,
1283 1582 1403 1655 Angelos
1417 1583 1538 1638 scientiae
1551 1590 1580 1637 et
1592 1582 1695 1637 illumi·

69 1660 258 1714 tantummodo
271 1670 425 1715 versaretur
445 1663 473 1715 in
492 1663 571 1716 terris
585 1663 616 1718 :”
638 1663 690 1717 hoc
705 1671 754 1728 eat,
769 1663 865 1733 physi-
903 1660 1022 1715 nationis
1044 1661 1157 1733 Angelis
1170 1662 1279 1733 imperii
1292 1670 1320 1716 et
1339 1664 1467 1733 potentia
1486 1663 1616 1732 praeponi.

68 1756 128 1791 cam
143 1739 251 1809 seponi,
266 1749 297 1793 ut
308 1740 419 1794 moralis
429 1740 610 1811 philosophia,
626 1750 654 1797 et
668 1742 781 1812 politica
793 1742 864 1797 cele·
943 1738 968 1793 A
982 1740 1121 1811 spiritibus
1133 1749 1162 1794 et
1182 1739 1369 1812 intelligentiis
1383 1741 1418 1795 ad
1436 1741 1537 1796 formas
1551 1741 1695 1798 sensibiles

68 1817 195 1872 bearetur
209 1818 288 1883 sola;
309 1820 357 1873 sed
379 1820 604 1890 quemadmodum
627 1821 726 1876 coelum
746 1836 773 1875 et
795 1830 866 1877 terra
903 1825 931 1872 et
944 1820 1100 1874 materiatae
1118 1819 1318 1883 descendentes,
1333 1820 1449 1892 legimus
1463 1822 1577 1891 primam
1597 1821 1694 1875 torma-

69 1897 150 1951 simul
164 1899 323 1967 conspirant
342 1907 370 1953 et
390 1900 569 1965 consentiunt,
584 1901 620 1954 ad
633 1900 773 1955 hominurn
788 1909 864 1956 tuen·
903 1914 962 1952 rum
976 1908 1126 1954 creatamm
1139 1898 1222 1954 luisse
1235 1899 1339 1964 lucem;
1362 1918 1421 1970 quae
1439 1900 1467 1953 in
1481 1899 1647 1954 naturalibus
1667 1908 1696 1954 ει

69 1976 129 2030 darn
146 1978 234 2032 sitam
249 1986 330 2048 atque
348 1976 516 2053 jurandame
538 1981 576 2033 ita
590 1996 655 2035 sane
669 1979 714 2034 hic
729 1981 790 2034 linis
804 1998 864 2036 esse
902 1978 1039 2048 corporeis
1053 1978 1174 2033 scientim
1187 1979 1217 2034 iu
1230 1979 1417 2050 spiritualibus
1431 1987 1512 2049 atque
1529 1979 1694 2050 incorporeis

68 2056 148 2110 debet
163 2057 308 2128 utriusque
325 2057 517 2128 philosophiae,
532 2065 569 2124 ut,
583 2059 693 2127 rejectis
707 2061 783 2114 vanis
800 2077 864 2131 spe·
902 2058 1055 2126 respondet.

68 2135 263 2200 culationibus,
277 2146 304 2191 et
325 2138 454 2209 quicquid
473 2138 554 2192 inane
576 2155 607 2191 ac
623 2137 714 2193 sterile
735 2147 784 2203 est,
798 2157 863 2193 con·
942 2136 988 2191 Sic
1008 2136 1037 2190 in
1060 2136 1246 2192 distributione
1269 2136 1379 2200 dicrum,
1394 2136 1516 2190 videmus
1536 2135 1617 2202 diem,
1639 2154 1694 2208 qua
1778 2149 1786 2168 ·

69 2225 192 2270 serretur
207 2217 336 2288 quicquid
347 2218 464 2271 solidum
475 2226 516 2270 eat
526 2233 558 2271 ac
568 2217 750 2283 {mutuorum
772 2227 801 2273 ut
812 2218 864 2273 hoc
902 2216 1037 2285 requievit
1050 2216 1124 2271 Deua
1138 2224 1167 2270 et
1179 2215 1378 2286 contemplatus
1391 2223 1433 2270 est
1446 2231 1529 2285 opera
1542 2231 1597 2280 sua,
1612 2216 1694 2271 hene·

68 2305 155 2365 pacto,
172 2296 288 2349 scientia
300 2313 355 2350 non
370 2298 407 2350 sit
421 2305 549 2367 tanquam
566 2304 682 2351 scortum
698 2298 732 2352 ad
745 2297 864 2369 volupta·
902 2294 1001 2350 dictam
1017 2296 1100 2350 fuisse
1114 2312 1196 2365 supra
1209 2311 1303 2350 omnes
1316 2295 1382 2360 dies,
1397 2295 1494 2366 quibus
1508 2301 1598 2349 creata
1612 2303 1653 2351 εει
1666 2305 1694 2350 ει

68 2385 129 2438 tem,
141 2383 190 2430 aut
205 2384 335 2446 tauquam
349 2376 451 2430 anciila
464 2376 498 2430 ad
513 2384 660 2448 quaesturae
675 2377 722 2431 sed
736 2386 863 2448 tanquam
901 2374 1031 2444 disposita
1044 2374 1146 2429 fabrica
1158 2375 1287 2430 universi.

68 2454 224 2523 sponsasti
247 2456 463 2525 generationem,
486 2456 610 2521 fructum,
632 2464 712 2526 atque
736 2457 862 2512 solatium
940 2454 1008 2509 Post
1033 2454 1196 2509 creationem
1224 2452 1383 2518 absolutam,
1410 2452 1527 2524 legimus
1553 2452 1692 2510 homiuem

68 2532 225 2589 honestum.
901 2533 1027 2588 collocari
1039 2535 1069 2588 in
1082 2534 1216 2604 paradiso,
1230 2541 1260 2588 ut
1273 2532 1329 2587 illic
1344 2541 1513 2603 operaretur:
1543 2534 1613 2605 quod
1635 2535 1693 2606 qui-

901 2611 963 2666 dem
974 2629 1042 2684 opus
1052 2613 1126 2668 aliud
1136 2629 1195 2667 ease
1205 2629 1259 2667 non
1270 2618 1382 2683 poterat,
1394 2628 1475 2682 quani
1486 2612 1566 2682 quale
1576 2614 1694 2683 pertinet

105 2691 168 2745 Jaar
180 2693 333 2763 explicasse
343 2692 445 2756 videor,
455 2701 482 2746 et
492 2692 738 2764 quasidissectione
746 2693 863 2764 quadam
901 2691 936 2744 sd
958 2693 1212 2763 contemplandum:
1243 2692 1295 2747 hoc
1320 2697 1369 2755 est,
1391 2692 1468 2759 cujus
1494 2691 1555 2746 finis
1578 2708 1633 2746 nou
1656 2692 1692 2746 ad

67 2772 217 2841 aperuisse,
233 2773 346 2826 vitiosos
361 2771 424 2826 illos
442 2771 578 2839 humores,
593 2781 641 2827 aut
660 2773 755 2828 saltem
770 2790 862 2827 eorum
900 2772 1088 2825 necessitatem
1111 2771 1237 2842 aliquam,
1251 2771 1299 2826 aed
1312 2770 1348 2824 ad
1360 2769 1565 2825 delectationem
1586 2781 1614 2825 ει
1628 2773 1692 2825 acti-

67 2850 230 2920 praecipuos,
245 2853 291 2923 qui
305 2870 361 2906 non
376 2851 462 2906 solum
477 2851 606 2907 obstitere
620 2852 751 2922 profectui
766 2852 861 2906 litera-
900 2851 1013 2904 vitatem
1025 2851 1084 2905 sine
1097 2851 1230 2915 molestia,
1242 2850 1336 2905 relcrri
1349 2849 1449 2919 possit:
1471 2866 1532 2904 cum
1546 2850 1619 2904 enirn
1629 2859 1691 2905 tunc

66 2948 135 2995 rum,
149 2933 344 2987 verumetiam
365 2929 505 3003 culpandis
525 2931 622 2987 iisdem
643 2949 735 2987 ausam
755 2932 861 2988 dedere.
900 2930 1029 3001 temporis
1052 2929 1128 2986 nulla
1155 2930 1272 3001 potuerit
1298 2946 1357 2986 εεεε
1382 2934 1512 2984 creaturas
1540 2928 1691 2997 reluctatio,

66 3010 145 3070 Quod
159 3011 271 3082 quidem
286 3013 309 3067 si
324 3012 407 3066 nimis
419 3012 453 3065 ad
467 3013 558 3066 vivum
574 3012 693 3077 fecerim,
708 3012 862 3068 meminisse
899 3010 990 3065 nullus
1016 3010 1097 3065 sudor
1117 2992 1218 3075 initus,
1246 3009 1399 3065 necessario
1425 3009 1546 3079 sequitur
1572 3010 1692 3065 actiones

66 3101 183 3159 oportet,
199 3098 216 3122 ‘⁸
228 3090 335 3146 Fidelis
345 3091 457 3146 vulnera
470 3092 595 3156 amantis,
606 3092 653 3147 sed
664 3091 757 3147 dolosa
770 3091 862 3146 oscula
900 3088 1032 3145 humanas
1046 3090 1081 3144 ad
1092 3090 1258 3161 voluptatem
1272 3097 1300 3144 ει
1313 3088 1573 3159 contemplationem,
1588 3105 1642 3143 nou
1656 3090 1692 3144 ad

66 3170 275 3240 malignantis.”
316 3171 461 3242 Utcunque
475 3171 526 3225 hoc
541 3180 612 3225 certe
627 3170 696 3226 mihi
710 3172 801 3224 videor
815 3189 861 3226 as-
899 3167 1441 3241 laboremautopus,comparatasiuisse.
1483 3167 1587 3222 Rursus
1596 3168 1692 3238 primm

68 3258 187 3312 secutus,
201 3258 232 3304 ut
248 3266 355 3305 merear
369 3251 449 3304 tidem
465 3251 494 3303 in
509 3251 632 3321 sequenti
647 3251 788 3321 praeconio,
799 3268 860 3305 cum
899 3247 1020 3303 hominis
1040 3250 1169 3313 actiones,
1192 3266 1260 3320 quas
1281 3250 1310 3303 in
1332 3247 1458 3317 paradiso
1480 3247 1609 3312 exercuit,
1624 3248 1690 3302 duas

66 3329 93 3382 iu
107 3329 245 3399 superiori
259 3346 374 3384 censura
388 3336 444 3383 tarn
457 3328 542 3384 libere
557 3331 667 3401 egerim
708 3331 806 3400 Neque
819 3338 860 3384 ta·
899 3328 1059 3383 summarias
1069 3329 1188 3383 scientiae
1200 3337 1291 3400 partes
1301 3326 1450 3396 complexae
1463 3335 1539 3380 sunt:
1560 3325 1604 3381 hee
1615 3336 1692 3382 erant

66 3425 127 3463 men
142 3410 173 3463 iu
186 3409 283 3463 animo
296 3417 338 3463 est
351 3408 419 3463 mihi
432 3410 627 3480 panegyricum
640 3409 777 3463 literarum
792 3410 861 3464 scri·
899 3408 1032 3477 inspectio
1041 3417 1232 3474 creaturarum,
1244 3415 1273 3463 et
1281 3407 1420 3479 impositio
1429 3405 1575 3460 nominum.
1616 3407 1691 3462 Nam

65 3488 137 3553 bere,
152 3497 203 3543 aut
225 3486 359 3557 hymnum
379 3488 468 3542 Musis
489 3489 645 3557 praecinere,
660 3487 725 3542 licet
746 3488 860 3544 forsitan
899 3487 1013 3541 scientia
1025 3487 1081 3552 illa,
1097 3506 1158 3559 quae
1181 3487 1288 3560 lapsum
1309 3486 1458 3541 introduxit
1479 3485 1563 3556 (quod
1580 3493 1607 3540 et
1627 3495 1691 3541 aute

65 3567 110 3620 dia
121 3568 182 3635 jam
198 3568 245 3631 sit,
259 3585 296 3621 ex
310 3584 364 3637 quo
377 3584 453 3621 sacra
467 3583 559 3622 earum
571 3568 623 3622 rite
636 3567 772 3622 celebrata
785 3568 858 3622 sint:
898 3566 1064 3634 monuimus)
1074 3584 1128 3622 uon
1138 3566 1335 3623 eratnaturalis
1345 3564 1536 3621 scientiacirca
1546 3573 1690 3631 creaturas,

66 3646 112 3699 nl
126 3646 277 3700 coumlium
297 3654 346 3710 est,
361 3646 463 3717 absque
484 3646 631 3718 pigmentis
648 3654 676 3701 et
695 3646 860 3717 hyperbolis,
899 3646 947 3699 sed
961 3646 1070 3701 moralis
1093 3648 1208 3702 scientia
1222 3647 1255 3702 de
1268 3647 1340 3700 bono
1353 3653 1381 3700 et
1393 3644 1482 3707 malo;
1503 3661 1540 3699 ex
1563 3643 1615 3699 hac
1628 3662 1693 3715 sup-

66 3742 161 3780 rerum
172 3725 306 3780 doctrina
320 3733 414 3780 contm
427 3726 495 3780 alias
509 3743 553 3781 res
567 3726 672 3797 pondus
685 3727 820 3797 excipere,
834 3735 860 3781 et
898 3725 1040 3795 positione,
1056 3726 1128 3797 quod
1147 3727 1200 3782 Dei
1215 3726 1348 3791 mandata,
1364 3733 1409 3779 aut
1421 3724 1512 3788 vetita,
1526 3739 1581 3778 nou
1602 3733 1692 3779 essent

66 3804 244 3876 perpendere,
259 3822 407 3876 veramque
429 3806 488 3873 ejus
501 3805 621 3860 valorem
634 3812 662 3859 et
683 3807 809 3876 pretium,
824 3823 860 3861 ex
898 3804 1033 3876 principia
1045 3806 1109 3860 boni
1124 3813 1152 3860 et
1169 3806 1242 3872 mali,
1257 3806 1306 3860 sed
1325 3804 1398 3876 quod
1418 3803 1485 3857 alias
1498 3802 1629 3858 habereut
1642 3804 1690 3859 illa

66 3885 232 3939 tadmouiis
245 3884 345 3939 divinis
355 3893 437 3955 atque
452 3884 586 3949 humanis,
598 3885 750 3956 exquirere.
898 3883 1016 3954 origines
1027 3906 1035 3949 e
1056 3901 1170 3956 quorum
1183 3885 1365 3957 cognitionem
1384 3883 1519 3938 affectavit
1532 3882 1625 3950 horno,
1639 3885 1690 3938 sci·

103 3963 200 4018 Primo
222 3964 309 4035 igitur
329 3980 480 4033 quaeramus
499 3963 662 4035 dignitatem
685 3964 806 4018 scientia
829 3964 860 4017 iu
897 3961 962 4017 licet
975 3972 1005 4018 ut
1019 3963 1137 4019 totaliter
1150 3982 1167 4018 a
1180 3963 1240 4019 Deo
1253 3964 1386 4029 deficeret,
1401 3970 1430 4017 et
1446 3961 1566 4032 sibiipsi
1586 3979 1690 4034 suoque

66 4043 216 4114 archetypo
230 4044 287 4097 sire
299 4042 467 4113 exemplari:
487 4043 515 4097 id
529 4051 578 4107 cst,
589 4044 620 4097 in
634 4043 768 4097 attributis
779 4052 859 4114 atque
898 4043 1010 4098 arbitrio
1023 4060 1133 4114 prorsus
1148 4045 1315 4098 inniteretur.

66 4123 132 4176 sctis
157 4122 221 4185 Dei,
247 4131 381 4192 quatenus
405 4122 560 4178 reretantur
579 4122 691 4187 homiui,
716 4130 743 4176 et
769 4122 859 4176 sobrie
937 4121 1698 4195 Veniamusadeaquaestatimpostlapsumcontigere..

66 4201 189 4272 indagari
204 4209 327 4272 possunt.
377 4200 435 4263 Qua
448 4202 476 4254 iu
490 4218 519 4256 re
532 4219 586 4256 uon
600 4203 728 4272 competit
742 4200 860 4272 appella·
898 4201 1029 4256 Videmus
1044 4206 1087 4271 (ut
1107 4203 1248 4257 innumera
1261 4211 1325 4256 sunt
1337 4218 1473 4256 sacrarum
1488 4200 1689 4271 Scripturarum

67 4282 104 4333 tio
115 4281 255 4345 doctrina,
271 4298 333 4335 curn
348 4281 437 4335 omnia
451 4280 573 4335 doctrina
586 4282 624 4337 sit
637 4281 752 4335 scientia
769 4281 860 4352 acqui·
897 4282 1034 4349 mysteria,
1049 4281 1123 4336 salsa
1141 4297 1248 4351 semper
1261 4282 1372 4336 veritate
1386 4279 1516 4335 historica
1528 4287 1558 4335 et
1574 4278 1687 4349 literali)

66 4359 131 4414 sita:
160 4359 237 4413 nulla
250 4369 341 4414 autem
355 4360 474 4430 cognitio
487 4360 516 4413 in
528 4360 590 4414 Deo
603 4362 736 4431 acquisita
749 4368 798 4425 est,
811 4361 859 4416 sed
896 4360 1046 4432 imaginem
1061 4361 1174 4415 duarum
1186 4362 1308 4426 sitarum,
1322 4358 1538 4430 contemplativa·
1551 4359 1687 4424 nimimm,

66 4438 218 4510 anginalis.
267 4439 362 4510 Itaque
386 4438 459 4492 aliud
487 4440 661 4510 quaerendum
687 4448 728 4495 est
750 4456 858 4505 nomen,
897 4449 924 4494 et
937 4441 1040 4506 activae,
1054 4442 1082 4495 in
1097 4441 1221 4512 personis
1242 4439 1335 4494 Abelis
1354 4448 1381 4495 et
1394 4439 1483 4503 Caini,
1497 4438 1579 4510 inque
1594 4456 1688 4494 eorum

65 4519 202 4589 sapientia
213 4517 326 4583 scilicet,
338 4527 367 4572 ut
378 4536 462 4572 sacras
472 4516 619 4589 Scriptura
632 4535 693 4573 eam
704 4519 857 4591 indigitant.
896 4519 1031 4584 institutis,
1053 4527 1080 4574 et
1102 4520 1246 4591 primitivis
1260 4519 1366 4573 vivendi
1388 4518 1545 4583 rationibus,
1565 4518 1686 4573 delinea-

104 4598 151 4651 Sie
166 4606 258 4652 autem
273 4614 302 4652 se
325 4614 369 4651 res
385 4597 485 4652 hahet:
515 4598 544 4651 in
566 4599 693 4668 operibus
715 4598 859 4653 creationis
897 4606 965 4653 tam:
987 4616 1099 4669 quorum
1113 4598 1182 4653 alter
1193 4606 1287 4670 pastor
1300 4606 1364 4662 erat,
1375 4596 1434 4669 (qui
1447 4605 1556 4668 propter
1565 4599 1648 4652 otium
1661 4606 1689 4653 et

65 4675 202 4747 duplicem
214 4677 322 4731 virtutis
337 4677 434 4731 divinar
445 4677 643 4732 emanationem
652 4678 782 4742 videmus,
794 4695 859 4749 qua·
897 4679 1023 4748 quietem,
1043 4679 1210 4748 liberumque
1228 4678 1290 4732 coeli
1304 4685 1450 4748 aspectum,
1466 4683 1547 4748 typus
1565 4684 1607 4732 εει
1624 4678 1687 4732 vitra

64 4773 124 4809 ram
135 4773 190 4810 uus
199 4755 234 4809 ad
247 4756 397 4826 potentiam
409 4757 528 4821 refertur,
539 4756 625 4810 altem
635 4757 669 4810 ad
679 4757 840 4828 sapientiam
851 4778 857 4811 :
897 4757 1047 4824 theoricam)
1058 4757 1126 4812 alter
1139 4756 1259 4828 agricola
1270 4756 1419 4827 (laboribus
1430 4757 1535 4811 scilicet
1547 4757 1686 4828 fatigatus,

64 4834 114 4888 ills
124 4837 261 4905 pracipes
272 4835 391 4889 cernimr
404 4837 434 4889 in
445 4837 560 4889 creanda
574 4836 645 4891 mole
657 4838 783 4901 materia,
798 4836 858 4891 haec
896 4843 923 4890 et
936 4844 1047 4906 aspectu
1060 4837 1089 4890 iu
1103 4843 1202 4892 terram
1215 4835 1333 4905 defixus)
1346 4858 1352 4891 ε
1374 4837 1419 4891 ubi
1434 4853 1543 4891 cernere
1557 4845 1599 4890 est
1612 4835 1686 4889 lavo·

65 4914 94 4967 in
115 4914 320 4985 pulchritudine
342 4914 436 4968 iormae
458 4914 633 4984 disponenda.
675 4917 736 4970 Hoc
757 4916 857 4986 posito,
896 4932 961 4981 rem,
972 4916 1186 4987 electionemque
1200 4916 1371 4981 divinam,sd
1384 4924 1521 4987 pastorem
1530 4916 1685 4980 accessisse,

64 4994 212 5047 notandum
233 5002 276 5047 est
297 4992 370 5046 nihil
389 4994 418 5046 in
439 4994 583 5048 creationis
605 4994 719 5050 historia
742 4995 857 5062 obstare,
895 5011 949 5049 uon
964 4995 998 5048 ad
1013 4995 1169 5066 agricolam.

65 5073 131 5141 quin
144 5073 222 5127 luerit
235 5072 351 5126 contusa
364 5070 412 5125 illa
426 5071 496 5143 ccli,
507 5079 639 5144 terraque
653 5090 743 5128 massa
755 5081 783 5128 ει
803 5091 859 5128 ma·
935 5074 980 5128 Sic
994 5082 1055 5127 ante
1070 5074 1210 5140 diluvium,
1225 5075 1301 5131 Sacri
1323 5075 1406 5140 Fasti,
1420 5074 1493 5129 inter
1513 5071 1685 5144 paucissima,

65 5152 142 5213 teria,
161 5152 239 5205 unico
258 5151 391 5221 temporis
408 5144 545 5206 momento
565 5164 673 5218 creata,
702 5154 746 5207 cui
767 5166 858 5207 tamen
896 5153 1003 5222 quade
1026 5170 1059 5207 eo
1073 5154 1164 5210 seculo
1184 5163 1377 5219 memorantur,
1392 5153 1497 5225 dignati
1510 5159 1573 5207 suut
1585 5168 1687 5205 memo-

65 5229 237 5300 disponenda·
248 5229 459 5302 digerendaeque
473 5248 522 5286 ses
533 5232 590 5286 dies
604 5232 712 5286 iuemnt
723 5233 856 5286 attributi:
895 5233 944 5286 riae
966 5233 1079 5302 prodere
1099 5233 1253 5290 inventores
1273 5235 1391 5299 masicae,
1406 5242 1486 5304 atque
1506 5247 1617 5301 operum
1632 5248 1687 5285 me-

66 5309 134 5362 sdeo
154 5312 294 5381 signanter
316 5310 392 5364 Deus
407 5326 490 5379 opera
511 5313 645 5380 potentia,
668 5329 699 5364 ac
715 5313 857 5382 sapientia
896 5311 1054 5367 tailicorum.
1097 5312 1227 5384 Sequenti
1241 5314 1332 5369 seculo
1346 5310 1548 5383 postdiluvium
1561 5311 1686 5381 gravissi

66 5388 267 5445 discriminavit.
312 5388 364 5442 Cui
379 5389 492 5451 accedit,
506 5390 576 5459 quod
596 5390 629 5443 de
651 5392 771 5445 materia
785 5408 858 5444 crea·
895 5408 940 5444 rna
955 5407 1042 5461 prena,
1058 5409 1111 5462 qua
1124 5392 1199 5447 Deus
1213 5394 1359 5449 humanam
1373 5390 1528 5460 superbiam
1550 5389 1623 5445 ultus
1637 5400 1685 5455 est,

67 5468 135 5524 riom
158 5471 301 5526 memoriae
325 5467 463 5538 proditum
487 5484 540 5523 non
564 5469 606 5534 sit,
629 5471 731 5526 dixisse
760 5471 856 5536 Deum,
896 5470 946 5525 luit
960 5471 1081 5527 conlusio
1097 5471 1259 5545 linguarum,
1273 5488 1326 5544 qua
1340 5470 1469 5526 doctriua
1482 5468 1599 5526 liberum
1612 5487 1686 5526 com·
