3800 5875
236 294 294 349 494
857 290 997 345 Novum
1018 289 1218 345 ORGANUM.
1725 287 1782 342 Lis.
1801 290 1831 343 ll.

235 451 467 523 putrefactionem,
482 468 544 523 quas
562 449 659 505 sternit
677 449 750 505 viem
771 449 806 503 ad
825 448 1027 518 generationem
1063 464 1129 518 pore
1142 448 1209 516 ejus,
1225 463 1307 519 quam
1327 446 1362 501 ad
1375 445 1530 500 distantiam
1549 452 1667 509 certam
1687 445 1835 501 ridenturhi

236 548 314 585 nossa
327 530 428 595 forme,
445 529 574 600 praecedit
587 528 686 584 solutio
699 528 815 583 vetaris:
838 545 899 599 quoe
913 535 956 581 est
968 528 1028 596 ipsa
1064 535 1152 581 motus
1162 544 1212 581 nec
1224 527 1275 581 sub
1284 526 1491 597 congregatione
1503 528 1611 594 majore,
1621 540 1672 579 neo
1684 524 1733 579 sub
1745 542 1836 597 σωρο-

236 610 319 664 coitio
339 610 374 663 ad
395 609 599 680 homogeneam
640 608 682 662 Ea
698 624 770 671 vero,
784 607 807 660 si
824 623 880 661 non
897 607 1028 676 impedita
1062 609 1173 677 geticae
1186 608 1284 659 minore
1298 604 1643 667 benecollocamsedease
1654 613 1774 675 tanquam
1787 622 1836 659 eon

236 687 326 750 luerit,
341 690 371 743 fit
390 689 489 743 solutio
505 688 640 756 simplem
662 687 704 741 sin
725 694 866 742 occurrant
878 687 954 740 varia
968 703 1028 758 quae
1065 687 1206 755 gregativa
1219 685 1308 739 media
1321 692 1350 739 et
1369 683 1534 753 imperfecta,
1547 684 1664 754 ideoque
1678 685 1788 753 speciem
1798 684 1836 738 de·

237 768 351 832 obstant,
362 775 509 839 sequuntur
518 766 733 836 putrefactiones,
741 774 869 838 quaeunt
877 766 1028 820 rudimenta
1066 764 1130 817 bere
1142 765 1305 819 conantuere
1318 764 1465 834 propriam.

236 847 419 914 generationis
439 863 524 902 novar.
565 846 678 907 Quodsi
693 846 734 916 (id
749 846 819 916 quod
838 861 909 899 nunc
923 844 1026 916 agitur)
1106 843 1148 897 Sit
1168 852 1256 898 motus
1274 843 1501 906 decimanorum
1514 846 1622 915 μεως
1645 848 1732 896 motus
1750 841 1836 896 scilieet

236 924 285 978 fiat
307 925 422 995 agitatio
444 924 571 997 frequens
595 942 644 995 per
663 931 767 979 motum
788 932 945 988 externum
971 932 1028 978 tum
1065 924 1150 976 motui
1163 924 1382 994 congregatim
1400 923 1511 975 nn‘noris
1525 922 1690 985 contrarium
1711 939 1756 992 per
1770 939 1836 992 quem

237 1018 301 1058 vero
313 1013 402 1058 motus
415 1004 467 1059 iste
482 1005 608 1059 coitionis
618 1004 678 1074 (qui
691 1012 732 1058 est
742 1003 873 1057 delicatus
888 1012 917 1056 et
930 1002 1027 1067 mollis,
1065 1017 1178 1071 corpora
1192 1019 1228 1055 ex
1240 1001 1392 1071 antipathia
1405 1000 1512 1071 tugiunt
1529 1008 1557 1053 et
1571 998 1671 1071 fugant
1684 1000 1791 1063 inimica,
1803 1018 1836 1055 se·

237 1089 265 1137 et
277 1083 383 1154 indiget
396 1083 487 1154 quiete
501 1084 535 1137 ab
550 1083 685 1152 externis)
699 1082 866 1137 disturbatur
880 1089 908 1136 et
925 1090 1026 1146 cessat;
1066 1098 1118 1152 que
1132 1081 1167 1134 ab
1180 1080 1236 1134 illis
1249 1088 1383 1151 separant.
1397 1088 1444 1134 aut
1463 1096 1526 1133 cnm
1539 1079 1597 1133 illis
1611 1080 1724 1133 miscere
1736 1097 1762 1133 se
1774 1096 1835 1133 recu·

236 1168 268 1216 ut
281 1161 340 1215 lieri
349 1162 470 1217 videmus
478 1162 507 1217 in
517 1163 684 1218 innumeris:
700 1162 792 1227 veluti,
800 1179 862 1216 cum
872 1162 1028 1231 quotidiana
1066 1167 1134 1213 sant
1174 1160 1302 1221 Quamvis
1315 1160 1389 1213 enim
1403 1158 1489 1212 videri
1510 1159 1598 1228 possit
1613 1159 1643 1213 in
1660 1157 1785 1230 aliquibus
1800 1159 1835 1212 hie

237 1241 350 1311 agitatio
363 1250 410 1296 aut
423 1243 585 1312 profluentia
598 1258 675 1314 aquae
685 1249 777 1295 arceat
789 1240 1027 1311 putrefactionem
1065 1245 1153 1293 motus
1167 1254 1226 1293 esse
1238 1247 1326 1293 motus
1336 1246 1441 1292 tantum
1454 1254 1504 1307 per
1517 1237 1655 1302 accidens,
1673 1246 1719 1291 ant
1731 1254 1775 1306 per
1788 1254 1835 1290 con

235 1320 309 1374 venti
323 1330 433 1375 arceant
453 1321 636 1392 pestilentiam
650 1321 737 1384 air-iar
752 1337 838 1391 grana
850 1319 880 1373 in
894 1320 1028 1391 granariis
1065 1333 1189 1389 sequena,
1201 1326 1326 1388 respectu
1336 1325 1423 1372 motus
1433 1318 1656 1388 cmgregotionie
1668 1318 1777 1381 nisan,
1786 1318 1835 1388 quia

235 1415 315 1453 seraa
342 1407 371 1454 et
397 1399 500 1470 agitata
526 1407 654 1456 maneant
678 1416 763 1471 pura,
793 1399 884 1453 omnia
910 1399 1028 1469 denique
1065 1405 1202 1468 nequeunt
1210 1398 1281 1451 coire
1291 1397 1468 1468 homogenea,
1476 1396 1529 1450 nisi
1541 1394 1731 1466 hete'rogeneis
1739 1397 1834 1450 exclusis

236 1477 340 1549 agitata
353 1479 472 1533 exterius
487 1496 541 1535 nou
555 1479 635 1534 tacite
648 1480 792 1548 putrefiant
805 1478 925 1532 interius.
1065 1483 1093 1529 et
1106 1476 1229 1531 mmotis:
1249 1485 1340 1530 tamen
1359 1475 1500 1546 ponendus
1518 1481 1562 1529 est
1583 1484 1678 1530 motus
1695 1476 1742 1529 iste
1754 1491 1796 1545 per
1805 1492 1832 1538 ae,

276 1556 404 1627 Superest
417 1567 447 1612 nt
459 1575 513 1613 non
525 1560 663 1612 omittatur
682 1559 764 1612 coitio
777 1557 825 1612 illa
838 1557 958 1628 partium
972 1573 1028 1611 cor·
1066 1556 1135 1609 etin
1149 1557 1268 1626 speciem
1282 1554 1492 1618 constituendus,
1501 1555 1567 1625 qnia
1579 1554 1610 1607 in
1621 1554 1712 1609 multis
1722 1556 1832 1624 appetitus

235 1652 340 1706 porum,
365 1636 435 1691 unde
458 1637 488 1691 fit
511 1638 647 1708 principue
669 1637 804 1691 induratio
826 1644 853 1690 et
874 1636 1026 1691 desiccatio.
1058 1635 1273 1707 fisgoecernitur
1282 1635 1369 1705 magia
1382 1633 1647 1705 principalie,quam
1660 1635 1832 1705 appetituseoi·

236 1714 386 1786 Postquam
399 1716 473 1771 enim
486 1717 606 1788 spiritua,
622 1723 668 1770 aut
689 1716 831 1772 humidum
851 1715 882 1769 in
903 1715 1027 1785 spiritum
1067 1714 1159 1768 tionis.

236 1811 351 1858 versum,
366 1795 514 1850 evolaverit
535 1797 563 1849 in
583 1795 675 1865 aliquo
693 1811 804 1865 corpore
825 1795 963 1864 perosiore
986 1798 1028 1860 (ut
1104 1792 1215 1847 Eminet
1228 1800 1318 1847 autem
1331 1791 1378 1846 hic
1397 1798 1487 1846 motus
1498 1790 1648 1863 insigniter
1667 1792 1696 1845 in
1711 1792 1832 1846 excretion

236 1872 266 1927 in
279 1872 363 1942 ligno,
377 1891 447 1939 osee,
462 1874 625 1938 membrana,
641 1882 669 1927 et
681 1873 848 1943 hujusmodi)
863 1881 920 1928 tum
936 1880 1028 1944 partes
1065 1871 1126 1926 ibus
1139 1871 1304 1934 animalium,
1315 1870 1557 1926 necmimrsetiam
1568 1872 1598 1925 in
1612 1887 1736 1925 sensuum
1744 1869 1831 1924 amoni

237 1953 382 2007 crassiores
395 1953 499 2019 majore
512 1954 581 2009 nixu
594 1952 791 2008 contrahuntur
804 1959 831 2006 et
841 1951 946 2017 coeunt,
957 1952 1028 2007 unde
1065 1951 1153 2005 lorum
1166 1951 1267 2006 odiosis
1281 1951 1401 2019 objectis,
1412 1951 1548 2020 praecipue
1562 1951 1593 2004 in
1606 1949 1714 2014 olfactu,
1725 1957 1750 2004 et
1763 1958 1829 2020 gusta

237 2031 360 2100 sequitur
373 2031 563 2087 induratioaut
572 2031 733 2088 desiccatio:
755 2031 827 2103 quod
837 2031 1027 2087 existimamus
1065 2030 1139 2085 Odor
1152 2032 1224 2085 enim
1238 2030 1345 2085 loetidus
1363 2030 1401 2084 ita
1421 2030 1541 2097 rejicitur
1560 2029 1598 2082 ab
1618 2029 1754 2084 ollactuut
1768 2030 1830 2082 etim

237 2109 305 2173 fieri,
318 2126 375 2165 non
398 2118 454 2165 tam
474 2111 509 2164 ob
529 2118 632 2166 motum
648 2128 741 2175 neam,
755 2127 789 2165 ne
810 2111 887 2164 detur
904 2127 1027 2176 vacnum,
1064 2110 1174 2165 inducat
1186 2110 1217 2164 in
1229 2127 1259 2164 os
1273 2109 1406 2164 stomachi
1424 2115 1529 2163 motum
1548 2108 1717 2178 expulsionis
1730 2125 1771 2179 per
1784 2124 1831 2161 eoo

238 2204 319 2258 quam
333 2205 383 2259 per
396 2199 498 2245 motum
511 2190 593 2245 istum
605 2190 733 2245 arnicitiae
747 2197 774 2244 et
786 2189 905 2245 unionis.
1065 2204 1191 2253 sensum3
1212 2205 1292 2259 sapor
1313 2205 1422 2243 amarus
1441 2196 1469 2241 et
1490 2187 1622 2243 horridae
1643 2190 1682 2242 ita
1699 2187 1802 2255 rejicitur
1818 2201 1831 2237 a

278 2266 320 2320 Ad
333 2267 476 2323 coitionem
489 2285 553 2323 vero
566 2269 601 2323 ad
621 2269 723 2323 distans
737 2271 808 2340 quod
821 2268 927 2332 attinet,
942 2284 976 2322 ea
988 2269 1029 2323 in·
1065 2267 1157 2337 palato
1169 2276 1217 2323 ant
1226 2276 1343 2339 gutture,
1356 2275 1387 2322 ut
1396 2267 1505 2321 inducat
1518 2284 1569 2337 per
1579 2283 1737 2322 consensum
1754 2265 1830 2335 canis

237 2342 365 2415 frequens
385 2354 426 2401 est
447 2356 475 2402 et
492 2365 570 2402 rarae
600 2357 627 2402 et
644 2357 734 2402 mmen
754 2349 784 2402 in
806 2347 928 2419 pluribus
949 2347 1027 2413 inest,
1065 2349 1317 2419 conquassationem
1337 2354 1365 2401 et
1386 2346 1535 2402 horrorem.
1578 2346 1830 2401 Veruntamenetiam

238 2440 320 2494 quam
341 2425 439 2496 quibus
459 2427 623 2482 observatur.
678 2427 768 2495 Hujus
791 2425 937 2482 simulacra
959 2435 1027 2493 sunt,
1065 2426 1094 2479 in
1108 2426 1168 2481 aliis
1181 2426 1272 2480 locum
1293 2426 1377 2480 habet
1395 2426 1446 2480 iste
1461 2433 1570 2481 motus:
1593 2425 1758 2496 Conspicitur
1775 2425 1830 2477 enin

237 2519 300 2556 cum
315 2504 389 2559 bulla
403 2506 490 2561 solvat
500 2506 618 2569 bullam;
639 2506 836 2561 medicamenta
852 2523 888 2560 ex
902 2506 1028 2561 eimilitu·
1064 2505 1093 2559 in
1107 2506 1343 2575 antiperistaeibus
1356 2503 1516 2568 nonnullum
1539 2513 1570 2560 ut
1586 2505 1617 2559 in
1631 2505 1701 2561 atus
1712 2504 1789 2558 media
1799 2521 1830 2556 re·

238 2580 300 2636 dine
314 2584 471 2639 substantia
485 2584 595 2641 trahant
610 2585 754 2650 humoresr
775 2584 878 2640 chorda
890 2586 920 2639 in
939 2585 1028 2640 diver-
1065 2585 1152 2654 mone
1166 2585 1242 2653 cnjus
1255 2586 1358 2655 frigora
1370 2585 1497 2639 ridentur
1506 2601 1569 2639 esse
1584 2584 1739 2661 rejectiones
1750 2590 1831 2636 nature

237 2660 277 2716 sis
291 2662 388 2727 fidibus
401 2665 435 2717 ad
450 2665 593 2720 unisonum
607 2672 714 2720 moveat
728 2665 873 2728 chordsm3
894 2673 922 2718 et
936 2663 1028 2739 hujus·
1065 2663 1171 2734 ffigidae
1179 2682 1214 2718 ex
1225 2664 1349 2719 confiniis
1356 2663 1520 2728 scelestium
1538 2663 1759 2735 quemadmodum
1767 2661 1830 2715 mam

237 2741 319 2799 modi
360 2742 452 2799 Etiam
465 2744 494 2799 in
508 2745 648 2815 spiritibus
663 2744 821 2799 animalium
837 2743 909 2798 hunc
927 2752 1028 2799 motum
1065 2743 1189 2799 ridentur
1202 2744 1294 2815 magni
1314 2743 1357 2798 illi
1370 2743 1491 2799 terrores
1503 2752 1533 2797 et
1549 2744 1773 2803 inflammationes,
1784 2757 1829 2811 qua

237 2820 331 2890 vigere
343 2823 537 2887 existimamus,
552 2824 599 2879 sed
613 2823 693 2895 plane
706 2824 888 2895 incognitum:
909 2822 947 2877 At
961 2823 1028 2877 emi·
1065 2822 1236 2878 inveniuntur
1258 2823 1287 2877 in
1308 2822 1376 2877 locis
1399 2822 1592 2890 subterraneis,
1614 2840 1675 2879 esse
1697 2820 1829 2890 rejectiones

236 2908 284 2956 net
304 2907 377 2957 certe
395 2902 425 2958 in
437 2911 563 2976 magnete
577 2911 605 2959 et
620 2903 691 2959 ferro
710 2904 808 2959 excito.
849 2902 919 2958 Cum
938 2911 1028 2958 antem
1065 2910 1169 2958 naturae
1179 2901 1275 2958 calidae
1288 2902 1324 2958 ab
1334 2902 1506 2958 interioribus
1519 2909 1612 2958 terrie.
1652 2901 1730 2959 Calor
1741 2900 1829 2954 enimet

237 2980 271 3034 de
291 2981 410 3037 motibus
430 2985 565 3055 magnetis
582 2983 726 3055 loquimur,
748 2983 931 3054 diedngueudi
947 2982 1028 3053 plane
1066 2979 1157 3053 trigue,
1172 2985 1196 3037 si
1209 2982 1310 3038 inerint
1323 2983 1351 3037 in
1368 2989 1469 3052 quanto
1482 2983 1599 3047 minore,
1613 3000 1643 3038 se
1658 2982 1764 3036 invicem
1774 2978 1828 3050 pen'·

237 3068 308 3115 sunt.
349 3060 468 3123 Quatuor
487 3063 560 3117 enim
574 3063 686 3119 virtutes
706 3064 762 3118 sire
782 3062 954 3134 operationes
967 3069 1029 3118 sunt
1066 3070 1161 3125 munt3
1182 3062 1225 3117 sin
1246 3062 1346 3117 luerint
1358 3064 1386 3115 in
1401 3062 1499 3116 massis
1512 3063 1673 3130 majoribus,
1686 3069 1714 3117 et
1726 3067 1828 3129 tanqum

236 3138 266 3192 in
284 3149 418 3211 magnete,
433 3159 493 3213 quas
506 3159 561 3196 non
573 3143 708 3206 confundi,
722 3143 770 3197 sed
784 3141 904 3213 separari
922 3141 1028 3206 debent,
1064 3141 1144 3208 justis
1162 3141 1333 3206 exercitibus,
1354 3149 1411 3195 tum
1425 3158 1490 3195 vero
1510 3157 1562 3211 per
1582 3143 1730 3197 conflictum
1743 3136 1829 3192 selocis

236 3215 302 3272 licet
315 3220 457 3276 admiratio
468 3221 608 3278 hominum
622 3230 649 3276 et
658 3230 753 3293 stupor
762 3239 809 3280 eas
819 3221 1027 3276 commiscuerit
1065 3220 1184 3276 invicem
1197 3228 1365 3276 summovent
1379 3228 1407 3274 et
1420 3221 1541 3289 ejiciunt.
1583 3221 1674 3275 Etiam
1689 3215 1830 3273 traduntcin

237 3295 308 3361 Una,
323 3299 446 3356 coitionis
467 3301 602 3372 magnetis
622 3301 657 3355 ad
677 3309 841 3373 magnetem,
854 3301 898 3355 vel
916 3302 980 3357 terri
994 3300 1029 3354 ad
1066 3316 1221 3356 namomum
1234 3308 1261 3355 et
1281 3300 1424 3365 odorifera,
1445 3300 1498 3354 sits
1514 3300 1598 3368 juxta
1620 3300 1729 3355 latrinas
1746 3304 1770 3350 et
1784 3294 1829 3348 loca

236 3387 399 3447 magnetem,
421 3379 464 3433 sel
486 3381 550 3434 tetri
574 3380 658 3435 exciti
678 3383 713 3435 ad
735 3381 844 3436 sermm.
896 3379 1028 3445 Secunda,
1066 3378 1168 3445 loedda,
1181 3381 1282 3436 diutius
1300 3380 1410 3435 odorem
1425 3380 1551 3444 retinere,
1567 3380 1634 3450 qnia
1648 3374 1830 3434 recusanttn're

236 3455 395 3512 sethoitatis
416 3460 476 3528 ejus
489 3460 525 3514 ad
544 3460 740 3530 septentriones
753 3456 785 3534 et}
798 3468 927 3525 austrum,
948 3469 1029 3532 atque
1066 3467 1095 3514 et
1108 3460 1275 3514 commisceri
1288 3476 1351 3515 cum
1364 3459 1473 3513 foetidis.
1514 3458 1600 3514 Certe
1611 3455 1829 3531 argentomum·

237 3534 318 3590 simul
331 3536 519 3593 declinationis
537 3539 605 3607 ejus.
646 3539 745 3604 Tertia,
761 3540 954 3611 penetrationis
970 3541 1030 3608 ejus
1067 3540 1138 3610 quod
1151 3540 1219 3594 alias
1233 3556 1263 3594 se
1276 3539 1411 3594 re-uniret
1423 3539 1452 3592 in
1465 3554 1564 3607 corpus
1578 3539 1718 3609 integrum,
1730 3531 1830 3605 prohibe

236 3629 400 3684 pensurum,
415 3617 522 3680 vitrum,
540 3618 669 3687 lapidem,
688 3619 787 3673 omnia.
828 3619 937 3684 Quarta,
958 3635 1030 3673 com·
1066 3624 1109 3672 tur
1131 3636 1181 3688 per
1199 3618 1313 3673 salivam
1333 3617 1460 3681 hominis,
1480 3627 1529 3672 aut
1550 3619 1698 3688 axungiam
1714 3612 1831 3685 porciam

237 3695 426 3750 manicationis
438 3697 544 3752 virtutis
556 3699 615 3767 ejus
628 3698 662 3753 de
678 3698 770 3769 lapide
787 3699 816 3754 in
831 3699 939 3762 terrum,
954 3706 984 3753 et
995 3698 1029 3753 de
1066 3697 1290 3765 terebinthinam,
1304 3705 1333 3752 et
1352 3696 1515 3764 hujusmodi,
1528 3712 1565 3753 ne
1579 3707 1671 3767 partes
1685 3697 1739 3763 ejus
1755 3695 1831 3745 eatam

236 3770 308 3828 ferro
321 3775 351 3828 in
368 3774 475 3842 serrum,
490 3777 591 3848 absque
604 3778 847 3833 communicatione
863 3777 1028 3833 substantiae.
1066 3783 1176 3847 propter
1188 3776 1293 3832 malum
1302 3793 1471 3840 consensum,
1480 3793 1562 3847 quem
1576 3775 1680 3831 habent
1691 3789 1747 3828 cum
1758 3769 1831 3836 hujus

236 3849 339 3907 Verum
352 3853 404 3909 hoc
418 3854 479 3911 loco
491 3855 525 3910 de
538 3856 625 3926 prima
638 3857 738 3913 virtute
752 3859 811 3926 elna
824 3865 931 3912 tantum
944 3858 1030 3928 loqui·
1067 3856 1139 3910 modi
1161 3857 1334 3928 corporibus;
1356 3856 1485 3926 aquibus
1504 3857 1626 3928 undique
1643 3849 1794 3910 circumfusis
1807 3862 1829 3899 se

236 3946 304 3995 mur,
326 3933 450 3989 videlicet
469 3935 603 3991 coitionis.
644 3936 763 4008 insignis
780 3937 863 3992 etiarn
884 3943 926 3991 eat
941 3945 1029 3991 motus
1066 3936 1221 4000 retrahunt3
1242 3935 1310 3990 adeo
1324 3942 1353 3990 ut
1373 3935 1468 3989 fortior
1486 3935 1523 3989 sit
1542 3952 1637 3991 earum
1651 3939 1724 4008 suga
1742 3930 1772 3983 ab
1785 3926 1830 3980 isli!

236 4009 361 4066 coitionis
375 4015 479 4084 argenti
498 4014 553 4068 viri
567 4023 595 4069 et
608 4016 684 4083 auri;
705 4017 912 4071 adeoutaurnm
926 4015 1030 4071 alliciat
1066 4015 1294 4082 interjacentibus,
1320 4031 1402 4086 qnam
1422 4014 1588 4069 desiderium
1610 4012 1716 4070 uniendi
1738 4026 1764 4063 se
1782 4020 1829 4058 edm

237 4096 378 4158 argentum
392 4093 483 4147 vivum
496 4092 560 4148 licet
570 4096 721 4150 conlectum
734 4096 764 4149 in
775 4102 930 4167 unguenta:
945 4102 1029 4166 atque
1067 4094 1189 4164 partibus
1204 4095 1246 4149 sui
1267 4094 1414 4159 similibua3
1435 4093 1464 4147 id
1479 4095 1550 4164 quod
1562 4102 1662 4149 vocant
1677 4085 1829 4158 metente

237 4169 353 4236 operarii
371 4172 567 4242 intermporea
581 4174 687 4244 argenti
700 4174 755 4228 vivi
769 4174 875 4230 soleant
894 4181 986 4229 tenere
1000 4173 1030 4228 in
1067 4191 1124 4227 nem
1134 4175 1240 4244 argenti
1253 4173 1316 4228 viri.
1355 4173 1447 4228 Etiam
1456 4173 1527 4244 quod
1541 4173 1703 4229 oleumcum
1716 4176 1829 4238 aquatum

237 4260 283 4335 ote
301 4245 417 4305 inustum
435 4252 494 4306 auri
515 4251 550 4306 ad
570 4253 737 4327 colligendas
751 4254 909 4308 emissiones
922 4253 1029 4325 argenti
1066 4253 1219 4317 misceatur,
1233 4269 1288 4307 non
1305 4259 1412 4307 tantum
1425 4252 1454 4306 in
1467 4269 1551 4307 causa
1567 4261 1610 4307 eat
1623 4248 1766 4307 differentia
1776 4240 1829 4298 leri·

236 4323 298 4390 sivi,
318 4325 386 4383 aliae
406 4331 499 4383 crania
519 4336 548 4384 et
568 4347 630 4386 ossa
650 4348 744 4387 eorum
765 4332 924 4397 invmurssr
956 4332 1029 4387 unde
1067 4332 1149 4396 tatis;
1170 4332 1218 4387 sed
1237 4331 1325 4387 malm
1344 4331 1644 4401 ipsorumcunsensua:
1666 4326 1785 4385 stridere
1798 4325 1830 4374 etl

237 4402 321 4458 etiam
335 4405 448 4462 frustum
474 4408 543 4464 illud
555 4411 638 4479 paulo
650 4420 712 4481 post
725 4411 846 4466 albescit
887 4411 981 4484 Atque
994 4412 1028 4466 de
1066 4411 1203 4483 inspiritu
1216 4411 1280 4476 vini,
1291 4411 1337 4483 qui
1351 4428 1414 4466 cum
1425 4410 1511 4465 levior
1523 4412 1559 4465 sit
1568 4411 1636 4474 oleo,
1647 4402 1828 4464 nmmsebne

236 4490 311 4538 motu
324 4489 542 4558 cmgregotionie
555 4491 666 4544 minoris
679 4489 739 4544 hnc
752 4490 903 4546 dictasint.
1066 4491 1162 4546 miscet
1174 4508 1237 4546 cum
1249 4506 1330 4562 aqua.
1370 4489 1407 4544 At
1420 4491 1539 4545 mamma
1553 4491 1672 4545 omnium
1685 4482 1786 4555 insignit
1797 4483 1829 4531 ⁸⁸¹

276 4561 319 4617 Sit
335 4573 423 4620 motus
443 4582 538 4632 nonus,
552 4577 637 4624 motus
657 4571 832 4641 angustiosa,
847 4570 895 4641 qui
910 4569 975 4625 licet
994 4569 1030 4623 sit
1066 4575 1243 4643 motusfagoe
1255 4569 1285 4624 in
1295 4569 1374 4634 nitro,
1383 4576 1412 4624 et
1424 4568 1580 4638 hujusmodi
1589 4567 1741 4639 corporibus
1752 4557 1827 4618 crodit

237 4656 274 4695 ex
294 4659 394 4713 genere
414 4652 503 4700 motus
519 4650 740 4720 omgregntionis
760 4651 878 4715 niueis,
899 4649 1028 4704 tamensi
1067 4666 1128 4719 quas
1152 4650 1290 4704 flammam
1303 4648 1466 4715 exhorrent3
1488 4656 1519 4703 ut
1535 4650 1563 4702 in
1584 4647 1693 4720 pulvere
1713 4642 1787 4714 pylio,
1797 4652 1827 4687 ⁸¹·

236 4724 555 4791 opereturaddistantiaa
565 4736 1029 4800 magnmetsupermassasrerum
1067 4735 1150 4798 gente
1167 4729 1236 4792 nvo,
1256 4743 1361 4782 necnon
1383 4727 1413 4782 in
1438 4744 1513 4783 auro.
1553 4726 1637 4798 Fuga
1658 4741 1720 4780 sero
1737 4713 1827 4774 sertiob

235 4816 358 4872 magnas,
370 4802 575 4875 inquisitionem
591 4814 709 4863 meretur
729 4816 896 4879 separatam
917 4823 1030 4879 praescr·
1066 4806 1151 4862 altero
1174 4806 1239 4878 polo
1257 4806 1425 4878 magnetica
1445 4806 1567 4862 Gilberto
1585 4807 1655 4861 bene
1672 4809 1769 4858 notatur
1785 4809 1826 4848 ποῦ

235 4878 323 4934 timei
339 4898 389 4940 nec
411 4881 527 4953 incipiat
539 4900 557 4937 a
572 4892 652 4951 tactu,
668 4888 892 4958 quemadmodum
910 4886 1028 4958 plurimi,
1067 4902 1126 4941 esse
1132 4893 1212 4960 sugo
1224 4887 1343 4957 propria,
1352 4886 1587 4951 sedcontormitas,
1598 4879 1752 4939 etcoitioad
1762 4876 1826 4930 etan

235 4975 287 5013 nco
309 4962 439 5031 perducat
461 4963 595 5017 actionem
615 4966 650 5020 ad
672 4974 781 5031 tactum,
804 4967 1029 5039 quemadmodum
1066 4967 1155 5037 magis
1168 4965 1409 5020 accommodatum.
1794 5031 1799 5042 .

237 5054 332 5095 omnes
345 5049 435 5096 motus
448 5044 647 5114 congregatiri3
668 5047 716 5099 sed
729 5063 842 5116 corpora
855 5053 959 5101 tantum
973 5044 1028 5100 ele·
1106 5045 1148 5099 Sit
1167 5056 1256 5100 motus
1277 5045 1443 5108 undecimus,
1457 5053 1542 5100 naus
1566 5039 1765 5099 assimilationis,
1780 5043 1824 5084 stt

235 5126 287 5183 ret,
305 5128 352 5175 aut
365 5137 399 5176 ea
412 5121 591 5177 intumescere
611 5123 701 5188 faciat,
715 5142 766 5180 nec
782 5127 928 5195 quicquam
947 5125 1027 5179 ultra.
1066 5125 1300 5196 mutatiotiones
1307 5125 1357 5189 sui,
1366 5125 1422 5179 sive
1433 5124 1514 5178 etiam
1520 5123 1701 5196 generatonis
1709 5108 1824 5186 ,nptias

235 5196 310 5252 Nam
330 5200 354 5255 si
374 5201 440 5255 luna
458 5199 565 5256 attollat
585 5217 678 5273 aquas,
692 5211 740 5258 aut
758 5213 910 5275 turgescere
925 5211 972 5258 aut
989 5205 1029 5258 in·
1068 5201 1824 5276 Generatiouemsautemsirapticeurdicimusnoneorptrflm

235 5283 387 5334 tumescere
400 5279 482 5336 iaciat
501 5280 628 5345 humida,
649 5290 697 5336 ant
715 5282 816 5338 coelum
836 5283 972 5338 stellatum
991 5291 1029 5338 at-
1066 5283 1247 5353 iutegralium,
1261 5283 1334 5338 utin
1349 5282 1456 5351 plantis,
1471 5289 1519 5336 aut
1535 5281 1707 5340 animalibus;
1727 5271 1823 5328 sedcor·

235 5356 327 5410 trahat
348 5359 473 5428 planetas
492 5377 584 5415 versus
597 5378 648 5414 sua
662 5377 792 5432 apogaea;
813 5370 861 5416 aut
875 5362 916 5416 sol
933 5360 1030 5432 alliget
1066 5379 1162 5432 porum
1183 5361 1354 5416 similarinm.
1395 5362 1504 5431 Nempe
1522 5378 1571 5431 per
1587 5361 1658 5414 huuc
1676 5359 1823 5411 mounes·

235 5442 308 5489 astra
320 5437 434 5493 Veneris
447 5447 476 5493 et
490 5438 628 5506 Mercurii,
643 5457 677 5494 na
697 5440 804 5512 longius
822 5440 912 5496 absint
932 5459 949 5494 a
970 5458 1029 5496 cor·
1065 5458 1132 5511 pora
1145 5441 1277 5496 similaris
1286 5450 1392 5496 vertunt
1404 5457 1518 5512 corpora
1531 5440 1584 5495 alia
1593 5438 1688 5502 affinia,
1698 5427 1821 5487 antealtem
