3800 5875
226 335 283 390 aas
797 320 802 329 “
828 333 1011 390 menoare
1032 334 1257 391 vauronou.

225 493 290 548 dum
308 499 417 548 ventum
439 499 469 548 et
490 492 640 565 refrigeria,
664 492 829 563 impellendo
851 491 1020 548 solummodo
1070 541 1072 545 .

226 575 319 627 a'e‘rem
333 571 440 627 leniter.

265 653 293 707 3.
314 651 356 705 De
368 650 566 705 coenaculomm
574 651 727 705 oestivoruru
736 649 885 722 refrigeriis
896 651 1020 723 quedam
1098 646 1225 701 Canones
1248 652 1295 701 aut
1318 643 1496 716 particulares
1519 649 1583 699 sunt
1609 652 1658 697 aut

224 731 365 800 posuimus
379 731 408 783 in
422 746 552 799 responso
566 731 601 784 ad
618 731 695 784 artic.
710 730 766 786 9⁸².
808 730 927 785 Possunt
943 730 1019 784 iuve-
1058 726 1220 795 generales,
1241 724 1348 795 utrique
1371 722 1487 779 mobiles
1506 722 1577 795 apud
1597 739 1657 776 nos.

225 810 279 864 uiri
294 808 341 863 alii
355 809 429 863 modi
447 808 536 879 magis
550 810 677 874 accurati,
693 809 844 879 praesertim
863 810 895 873 si,
913 809 1019 863 lollium
1058 804 1108 859 Nil
1122 805 1196 859 eninr
1210 803 1298 859 adbuc
1312 804 1530 873 pronunciamus.
1571 802 1610 856 At
1628 799 1795 872 particulam
1806 817 1834 855 er

224 888 312 953 modo,
327 889 427 944 alicubi
440 887 590 942 attrahatur
603 890 657 951 alir,
669 888 769 943 alicubi
784 889 931 943 emittatur.
966 888 1020 942 Sed
1058 883 1174 954 singulis
1187 883 1244 938 iera
1259 883 1379 937 articulis
1392 889 1507 953 possunt
1519 881 1630 951 decerpi
1644 888 1692 934 aut
1709 881 1833 949 expromi,

225 984 267 1032 es,
281 985 342 1039 quas
359 969 417 1035 jam
431 967 460 1020 in
474 983 525 1020 usu
539 974 610 1033 suut,
624 967 660 1020 ad
677 967 830 1039 simplicem
844 968 1020 1037 compressio-
1057 961 1207 1033 generales,
1228 979 1330 1034 eosque
1348 978 1457 1033 paucos,
1476 961 1531 1032 ipsi
1549 961 1610 1029 jam
1630 974 1797 1028 excerpemus
1812 966 1833 1012 et

225 1062 289 1101 nem
301 1053 406 1101 tautum
419 1046 578 1101 reseruntur.
1058 1041 1260 1111 subjungemus.

265 1127 294 1180 4.
317 1124 410 1180 Fletus
422 1125 452 1178 in
465 1125 642 1179 microcosmo
652 1132 679 1179 et
688 1124 853 1179 animalibus
861 1141 923 1179 curu
932 1125 1020 1180 ventis
1100 1121 1125 1174 l.
1146 1121 1250 1175 Ventus
1268 1136 1324 1174 non
1343 1128 1386 1174 est
1401 1118 1476 1174 aliud
1489 1118 1634 1189 quippiam
1648 1117 1684 1171 ab
1696 1114 1755 1170 aiire
1768 1122 1832 1179 moto,

225 1202 255 1257 iu
275 1203 376 1258 mundo
396 1204 498 1272 majore
521 1204 624 1274 optimc
648 1205 826 1269 conseniunt3
846 1220 911 1258 nam
935 1211 963 1258 et
983 1221 1020 1259 ex
1057 1200 1106 1253 aed
1119 1200 1179 1269 ipse
1191 1199 1239 1255 o‘e'r
1248 1206 1352 1262 m0l¹1⁸t
1367 1205 1415 1253 ⁸¹¹²
1424 1215 1474 1267 Ρθῐ
1485 1197 1681 1267 ῘΜΡΠΜΟΜ
1693 1194 1832 1265 &militib

225 1280 340 1337 humore
363 1283 519 1353 gignuntur,
547 1289 575 1336 et
599 1300 661 1337 curu
687 1283 801 1338 humore
824 1282 966 1348 alternant,
990 1290 1021 1337 ιιι
1057 1278 1376 1349 autperimmistionem
1389 1294 1528 1349 vaporum
1862 1346 1863 1349 Ἴ

224 1361 330 1415 faciunt
351 1362 424 1416 venti
445 1371 474 1415 et
493 1361 606 1433 plurim
628 1370 656 1415 et
669 1378 687 1414 a
700 1361 789 1416 calore
809 1362 920 1416 fortiore
941 1362 1019 1417 dissi-
1098 1356 1126 1412 2.
1147 1358 1229 1412 Venti
1242 1373 1293 1427 per
1311 1355 1504 1426 impulsionem
1521 1354 1595 1410 aeris
1614 1353 1764 1424 simplicem
1778 1352 1832 1407 fiunt

224 1447 326 1509 pantur
344 1448 372 1494 et
391 1441 551 1511 perspirant.
592 1440 636 1494 Ab
656 1440 712 1495 illis
726 1449 817 1496 autem
830 1441 1020 1496 transferenda
1058 1444 1174 1507 quatuor
1186 1437 1289 1491 modis:
1310 1444 1357 1490 aut
1370 1442 1535 1504 permotum
1549 1433 1623 1489 aeris
1636 1432 1785 1494 naturalem,
1796 1441 1832 1485 sut

225 1526 266 1572 est
279 1525 350 1573 certe
365 1536 398 1573 ea
406 1519 559 1574 observatio
573 1519 608 1573 ad
620 1527 733 1585 ventos,
749 1520 820 1591 quod
839 1519 943 1574 seilicet
961 1522 1020 1591 gig.
1057 1532 1108 1586 per
1120 1516 1315 1586 expansionem
1329 1514 1400 1569 elicis
1414 1514 1444 1569 in
1457 1514 1510 1568 riis
1529 1513 1606 1578 solis,
1621 1519 1671 1567 aut
1690 1528 1737 1582 per
1753 1527 1829 1581 recep

224 1606 324 1652 nentur
337 1599 416 1652 flatus
430 1616 466 1652 ex
479 1598 595 1652 materia
608 1616 670 1670 quoe
683 1599 730 1652 dat
743 1614 873 1670 vaporem
887 1608 1018 1664 tenacem,
1057 1594 1161 1648 tionem
1174 1593 1247 1649 aliria
1261 1610 1296 1648 ax
1315 1594 1417 1664 frigore
1430 1593 1579 1657 subitaneo,
1593 1598 1643 1646 aut
1658 1608 1708 1662 per
1718 1607 1830 1661 compre*

223 1692 275 1731 nec
298 1676 378 1731 facile
402 1677 592 1740 resolubilem;
613 1685 643 1732 ut
669 1678 747 1743 sabra,
769 1687 797 1732 et
822 1677 970 1749 legumina,
993 1685 1020 1732 et
1057 1673 1165 1727 sionem
1178 1672 1250 1728 aeris
1263 1689 1313 1743 per
1326 1688 1440 1743 corpora
1453 1680 1576 1727 externa.

224 1756 341 1821 menis,
357 1756 524 1828 quodetiam
538 1756 636 1811 eodem
652 1755 734 1811 modo
747 1773 777 1812 se
791 1756 876 1811 habet
887 1758 917 1810 in
931 1757 1019 1812 sentis
1097 1751 1189 1807 Possit
1199 1768 1259 1807 esse
1273 1758 1302 1806 et
1316 1751 1425 1823 quintus
1445 1751 1549 1816 modus,
1563 1767 1616 1821 per
1634 1748 1798 1821 agitationem
1808 1755 1828 1801 et

226 1834 384 1902 majoribus.
1057 1831 1262 1886 concussionem
1275 1829 1347 1885 aeris
1360 1830 1396 1884 ab
1409 1830 1507 1885 astris:
1529 1829 1579 1883 sed
1597 1827 1698 1884 sileant
1714 1827 1828 1899 paulisper

264 1915 291 1969 5.
314 1914 347 1967 ln
369 1912 550 1967 destillatione
573 1912 673 1968 vitrioli
688 1920 717 1968 et
739 1913 854 1968 alionum
875 1914 1019 1979 fossilium,
1057 1908 1212 1978 hujusmodi
1225 1926 1276 1974 res,
1291 1916 1339 1964 aut
1351 1908 1495 1964 audiantur
1508 1924 1595 1979 parca
1607 1908 1671 1962 tide.

226 2009 288 2063 quai
302 2001 366 2046 sunt
378 1993 468 2063 magis
480 1992 602 2055 flatuosa,
613 2008 682 2062 opus
697 1999 739 2047 est
748 1993 927 2063 receptaculis
941 1993 1020 2047 valde
1097 1990 1125 2045 3.
1145 1989 1294 2044 Ventomm
1308 1988 1435 2059 quibunt
1447 2005 1498 2059 per
1510 1988 1707 2042 immistionem
1722 2001 1828 2055 vaporun

225 2070 380 2141 capacibus,
394 2079 422 2125 et
435 2071 542 2140 amplis,
558 2069 661 2141 alioqui
674 2070 860 2142 effringentur.
1057 2068 1197 2139 precipua
1215 2074 1354 2122 causaest
1371 2067 1580 2137 superoneratio
1601 2066 1675 2121 aliris
1695 2082 1742 2137 per
1756 2064 1827 2119 aden

264 2149 291 2204 o.
313 2150 416 2204 Ventus
440 2151 526 2204 iactus
549 2166 585 2203 ex
602 2151 675 2204 nitro
692 2151 836 2204 commisto
858 2149 887 2205 in
908 2149 1019 2219 pulvere
1056 2147 1161 2202 noviter
1173 2147 1273 2201 immin
1286 2163 1324 2201 ex
1335 2146 1480 2216 vaporibus
1486 2168 1495 2212 ι
1515 2145 1589 2202 unde
1608 2145 1696 2201 moles
1713 2143 1776 2199 aiiriv
1792 2160 1828 2196 er-

224 2228 312 2296 pyrio,
327 2244 479 2299 erumpens,
494 2235 523 2282 et
534 2229 632 2283 inflans
653 2229 797 2294 flammam,
809 2236 904 2283 ventos
916 2229 945 2283 in
959 2230 1019 2283 uni·
1057 2227 1162 2290 crescit,
1177 2234 1205 2281 et
1217 2242 1287 2280 nova
1300 2226 1390 2295 spatia
1399 2226 1505 2297 quierit

224 2323 302 2360 verso
313 2304 452 2381 (exceptis
465 2305 633 2382 fulminosis)
647 2323 702 2361 non
712 2314 815 2363 tautum
829 2308 958 2374 imitatur,
972 2308 1020 2364 sed
1097 2307 1124 2359 4.
1145 2305 1282 2366 Quantum
1294 2320 1349 2358 non
1363 2320 1493 2375 magnum
1506 2301 1580 2359 aeris
1594 2301 1755 2373 superadditi
1766 2316 1826 2370 nag-

225 2392 382 2455 exsuperat.
1057 2400 1122 2438 num
1134 2386 1189 2443 ciet
1202 2391 1334 2439 tumorem
1348 2383 1379 2436 iu
1393 2382 1456 2439 aere
1469 2384 1698 2455 circumquaque;
1710 2381 1746 2435 ita
1757 2387 1783 2434 ut
1792 2378 1827 2433 air

266 2462 293 2523 7.
315 2464 406 2532 Hujus
419 2470 510 2519 autem
523 2464 593 2519 vires
606 2470 767 2534 premuntur
778 2465 809 2519 iu
821 2464 957 2522 machinis
971 2466 1020 2521 hu·
1057 2462 1103 2518 ille
1117 2479 1202 2518 novus
1215 2480 1252 2518 ex
1264 2463 1427 2518 resolutione
1443 2478 1578 2534 vaporum
1596 2460 1661 2533 plus
1679 2458 1826 2515 contemtui

224 2541 320 2608 manis,
329 2550 361 2597 ut
373 2543 403 2597 in
416 2543 581 2607 bombardis,
595 2552 624 2598 et
635 2544 776 2609 cuniculis,
788 2552 816 2598 et
824 2544 948 2600 domibus
961 2545 1021 2616 pul-
1057 2549 1160 2597 motum
1172 2559 1256 2613 quam
1269 2542 1305 2596 ad
1317 2542 1476 2608 materiam,
1496 2558 1599 2611 corpus
1618 2547 1709 2595 autem
1722 2554 1826 2610 maguum

227 2622 340 2676 vecariis
357 2622 493 2687 incensis;
522 2630 614 2677 utrum
631 2631 732 2687 autem,
746 2624 770 2678 si
791 2623 821 2677 in
841 2623 905 2679 aere
926 2633 1020 2695 aperto
1056 2621 1132 2675 venti
1154 2621 1279 2676 consistit
1304 2638 1341 2676 ex
1363 2621 1426 2676 aire
1450 2621 1556 2692 priore:
1586 2636 1676 2690 neque
1699 2622 1743 2672 eir
1760 2632 1826 2670 noras

223 2716 325 2770 magna
345 2700 466 2771 pulveris
483 2702 555 2771 pyrii
576 2703 663 2757 moles
684 2702 797 2757 incensa
817 2711 896 2769 esset,
910 2711 1019 2758 ventum
1057 2699 1149 2755 aerem
1167 2708 1287 2756 veterem
1305 2707 1368 2755 ante
1382 2716 1411 2754 se
1426 2701 1491 2772 agit,
1503 2716 1536 2754 ac
1554 2700 1582 2754 si
1602 2715 1715 2769 corpora
1726 2703 1826 2766 separate

1226 551 1351 592 ΟΔΝΟΝΙΒ
1372 551 1496 590 ttonlutts
1518 551 1555 589 D!
1576 550 1688 589 vaurts.

1705 693 1814 737 &omno

126 2844 128 2847 .
224 2795 259 2834 ex
272 2777 344 2834 aiiris
358 2779 544 2845 commotione,
558 2781 641 2835 etiam
655 2780 690 2835 ad
702 2780 795 2850 plures
812 2781 903 2849 horas,
918 2783 1019 2838 excita·
1057 2786 1165 2845 essent;
1179 2780 1228 2836 sed
1241 2787 1356 2851 unaque
1370 2780 1520 2835 commixta
1532 2777 1695 2850 ampliorem
1706 2773 1826 2830 iocunde

224 2864 285 2913 tura
298 2867 378 2924 esset,
392 2859 512 2914 nondum
522 2860 596 2914 venit
609 2860 639 2915 in
651 2861 879 2930 experimentum.
1059 2858 1186 2914 siderant

263 2938 290 2993 8.
311 2938 394 2994 Latet
414 2939 525 3010 spiritus
548 2940 679 2994 flamosus
700 2947 728 2995 et
744 2942 908 3011 expansivus
928 2941 958 2996 in
978 2959 1019 2996 ar·
1096 2938 1124 2993 5.
1145 2939 1259 3000 Quando
1268 2938 1343 2994 aliud
1356 2938 1492 2993 concurrit
1503 2939 1673 3010 principium
1685 2943 1825 3003 notusprn

223 3025 305 3088 geuto
324 3019 393 3084 vivo,
415 3018 484 3072 adeo
503 3025 534 3073 nt
555 3019 698 3088 pulverum
717 3020 826 3091 pyrium
845 3021 889 3093 (ut
904 3021 1018 3091 quidam
1057 3022 1100 3071 ter
1131 3017 1221 3088 ipsam
1255 3017 1522 3088 superonerationem
1558 3017 1642 3082 aeris,
1676 3013 1826 3070 accenoriun

222 3095 327 3169 volunt)
341 3098 470 3161 imitetur,
490 3105 517 3151 et
530 3114 626 3167 parum
640 3115 676 3152 ex
696 3115 737 3163 eo,
752 3098 857 3169 pulveri
878 3101 957 3171 pyrio
974 3100 1019 3154 ad·
1057 3096 1200 3168 quippiam
1213 3104 1255 3153 est
1267 3097 1342 3162 illud,
1357 3104 1385 3152 et
1398 3097 1549 3168 principale
1570 3096 1700 3151 fortificat
1714 3101 1739 3148 et
1749 3098 1824 3162 augeli

222 3176 342 3240 mistum,
359 3194 423 3231 eum
443 3176 538 3231 reddat
560 3177 708 3232 fortiorem.
749 3178 841 3232 Etiam
853 3178 887 3232 de
901 3195 968 3234 auro
980 3179 1019 3233 lo·
1056 3176 1127 3230 rande
1141 3177 1180 3241 tit,
1195 3183 1226 3231 ut
1239 3177 1315 3231 venti
1327 3176 1421 3248 magui
1435 3183 1463 3230 et
1481 3176 1633 3247 impetuosi
1654 3190 1714 3230 raro
1731 3172 1825 3226 ornam

223 3263 343 3325 quuntur
356 3254 503 3320 chemistae,
518 3257 591 3326 quod
604 3256 763 3326 periculose,
785 3265 812 3312 et
832 3258 890 3312 sere
903 3259 1018 3314 tonitrui
1057 3271 1093 3309 cx
1106 3256 1370 3327 superonerationem
1385 3254 1457 3311 aeris
1470 3254 1600 3326 simplici.

223 3334 310 3399 modo,
325 3334 354 3387 in
368 3335 529 3405 quibusdam
549 3336 793 3406 praeparationibus
806 3345 949 3407 emmpat3
971 3338 1019 3392 sed
1097 3333 1126 3389 6.
1148 3335 1268 3397 Quatuor
1282 3343 1344 3390 sunt
1357 3334 1510 3389 accessoria
1528 3334 1565 3389 ad
1585 3329 1824 3405 supercurratioocn

222 3412 257 3468 de
267 3412 313 3467 hia
326 3413 396 3468 mihi
407 3430 462 3468 non
472 3421 641 3484 compertum
654 3422 702 3470 est.
1056 3413 1130 3468 aeris
1144 3434 1151 3469 ι
1172 3414 1307 3484 expiratio
1319 3431 1334 3469 e
1348 3413 1548 3477 subterraneis3
1569 3413 1689 3482 deiectio
1705 3428 1739 3465 ex
1756 3406 1825 3461 nediu

1056 3493 1167 3565 regione
1177 3492 1249 3548 aeris
1261 3495 1357 3564 (quam
1372 3494 1502 3561 vocant);
1517 3492 1663 3563 dissipatio
1671 3508 1707 3545 ex
1715 3485 1825 3543 nabebo

472 3554 648 3594 ⁰⁸⁸⁸¹³m¹⁰
668 3554 771 3595 '⁸¹⁰¹'
1056 3578 1102 3637 ta;
1117 3580 1144 3627 et
1154 3571 1294 3626 mobilitas
1307 3578 1389 3643 atque
1403 3572 1553 3627 acnmoma
1564 3569 1742 3627 exhalationis
1750 3565 1824 3636 iptio&

262 3647 356 3703 Motus
373 3655 522 3715 ventorum,
542 3655 674 3720 tanquam
692 3649 722 3703 in
742 3648 861 3721 speculo,
881 3656 1019 3720 spectatur
1097 3645 1123 3710 7.
1144 3650 1711 3722 Motusventiquasisemperlateralisest3
1724 3642 1825 3701 aronis

220 3725 252 3781 in
263 3729 522 3800 motibusaquarum
536 3729 625 3799 quoad
638 3728 765 3799 plurima.
1059 3730 1106 3801 qui
1129 3731 1160 3784 lit
1181 3747 1231 3801 per
1254 3732 1522 3801 superoneratiouem
1542 3730 1702 3801 simplicem,
1724 3736 1825 3795 usqne·

263 3808 344 3861 Venti
356 3808 450 3879 magui
471 3815 535 3862 sunt
546 3808 737 3863 inundationes
753 3806 834 3873 aeria
848 3805 943 3880 quales
957 3823 1019 3862 con·
1057 3809 1210 3880 principles
1231 3809 1256 3865 is
1271 3810 1318 3881 qui
1333 3812 1364 3864 lit
1377 3827 1427 3880 per
1440 3810 1658 3881 exspirationem
1677 3826 1692 3863 e
1711 3804 1779 3866 tent
1790 3806 1826 3852 ⁸⁰l

222 3886 375 3956 spiciuutur
387 3887 579 3942 inundationes
591 3903 739 3957 aquarum
755 3894 875 3959 utreque
889 3903 925 3940 ex
939 3895 1019 3941 aucto
1057 3889 1287 3958 repercussionem
1302 3890 1338 3944 ab
1351 3890 1416 3956 alto,
1430 3906 1486 3944 non
1500 3888 1589 3944 multo
1602 3895 1677 3960 post;
1696 3885 1746 3940 nisi
1761 3896 1823 3947 erote

222 3973 334 4034 quanto.
376 3966 608 4027 Quemadmodum
628 3982 707 4037 equae
728 3973 775 4021 aut
794 3966 962 4021 descendunt
983 3983 1019 4020 ex
1056 3967 1101 4032 tio,
1116 3973 1164 4022 aut
1177 3967 1367 4039 precipitium,
1381 3975 1430 4024 aut
1442 3969 1635 4034 reverberatio,
1649 3960 1823 4022 luerintadnc

221 4042 284 4108 alto,
299 4052 346 4098 aut
360 4053 514 4100 emanante
528 4052 616 4110 terra;
637 4045 678 4098 ita
691 4051 720 4099 et
733 4053 875 4101 ventorum
894 4044 1019 4100 nonnulli
1056 4046 1122 4101 dum
1135 4047 1263 4102 violenta.

221 4130 284 4177 sunt
307 4123 412 4192 dejecti,
434 4123 557 4179 nonnulli
579 4131 751 4206 exsurgunt2
786 4124 1018 4186 Quemadmodum
1096 4124 1123 4180 8.
1146 4126 1202 4181 Aiir
1220 4125 1380 4181 nonnullam
1400 4128 1633 4198 compressionem
1653 4124 1749 4186 tolerat,
1765 4121 1823 4173 tul*

220 4217 414 4274 nonnunquam
441 4205 515 4259 intra
541 4219 636 4258 amnes
663 4211 727 4258 sunt
751 4205 882 4259 contrarii
909 4210 1017 4269 motus;
1056 4221 1138 4275 quam
1152 4207 1417 4276 superonerationem
1436 4207 1570 4277 percipiat
1589 4215 1618 4262 et
1629 4204 1717 4261 adrem
1728 4197 1823 4266 confige

221 4297 292 4335 unus
306 4282 396 4336 fluxus
410 4283 500 4347 maris,
514 4281 584 4337 alter
597 4299 692 4338 eunus
711 4284 815 4350 omnin
836 4291 864 4338 et
879 4282 1019 4338 nibilomi·
1056 4301 1103 4339 um
1117 4283 1258 4354 impellat,
1279 4302 1316 4340 ex
1330 4302 1385 4356 quo
1398 4286 1437 4350 fit,
1451 4292 1481 4340 ut
1492 4302 1589 4341 omnes
1608 4284 1682 4341 venti
1693 4282 1744 4337 siut
1759 4271 1822 4349 paulo

220 4375 272 4414 nus
288 4361 383 4415 unicus
397 4362 512 4417 efficitur
529 4368 627 4427 motus,
646 4360 809 4432 prevalente
822 4363 899 4418 duxu
917 4362 1017 4418 maris:
1057 4362 1195 4418 densiores
1207 4381 1290 4434 quam
1302 4363 1351 4419 a'e'r
1364 4363 1481 4436 quietus.

220 4438 303 4492 itaet
321 4439 450 4495 flantibus
469 4440 556 4495 ventis
576 4441 727 4506 contrariis,
741 4442 830 4511 major
845 4442 875 4495 in
895 4442 1018 4496 ordinem
1097 4439 1125 4498 9.
1148 4442 1281 4498 Sedantur
1294 4443 1613 4515 ventiquinquemodis:
1634 4432 1821 4498 autco'ecutib¹1⁸

221 4517 327 4588 rediget
348 4518 488 4573 minorem.
539 4519 773 4580 Quemadmodum
797 4522 827 4575 in
848 4522 1018 4576 currentibus
1056 4522 1209 4592 vaporibus,
1221 4531 1267 4577 aut
1280 4523 1467 4593 incorporatis,
1478 4530 1526 4578 aut
1539 4521 1696 4585 sublimatis,
1707 4523 1821 4572 aurosne

222 4597 313 4660 maris,
328 4605 357 4652 et
376 4598 545 4669 quorundam
564 4599 693 4665 amnium,
707 4600 854 4673 aliquando
873 4601 971 4665 evenit,
988 4607 1019 4655 ut
1056 4602 1149 4667 sectis,
1163 4610 1211 4657 aut
1222 4602 1365 4657 destitutis.

221 4693 322 4748 gurges
345 4676 375 4732 in
401 4677 557 4732 summitate
581 4695 660 4749 aquae
683 4679 713 4735 in
737 4680 900 4736 contrarium
923 4687 1019 4750 vergat
1100 4681 1143 4735 lo.
1165 4681 1271 4736 Coeunt
1283 4697 1406 4752 vapores,
1420 4689 1502 4753 atque
1516 4682 1586 4735 adeo
1606 4681 1663 4752 ipse
1682 4675 1727 4730 ιιέτ
1741 4671 1766 4725 ἱῠ
1776 4666 1820 4738 plu

221 4756 324 4827 gurgiti
342 4755 372 4811 in
386 4755 536 4826 profundo:
557 4756 597 4810 ita
610 4758 680 4812 etin
700 4761 774 4826 edre,
788 4761 916 4814 flantibus
936 4756 1018 4814 simrsl
1056 4761 1136 4827 mam,
1151 4770 1267 4832 quatuor
1279 4760 1383 4816 modis:
1404 4767 1451 4815 cut
1467 4761 1636 4831 percupiam
1649 4755 1819 4828 aggravantu-

220 4836 363 4890 contrariis
381 4835 476 4901 ventis,
491 4835 560 4890 alter
580 4836 696 4892 alterum
716 4839 880 4910 supervolat.
922 4838 1019 4899 Quem·
1057 4846 1103 4894 aut
1116 4857 1165 4910 per
1178 4840 1280 4910 frigora
1292 4840 1492 4904 condensantia,
1507 4848 1554 4894 act
1566 4857 1616 4910 per
1635 4843 1722 4892 ventos
1738 4833 1819 4883 00⁰⁸*

221 4914 367 4972 admodum
389 4923 452 4970 sunt
474 4922 616 4969 cataractae
637 4915 794 4984 pluviarum
814 4920 844 4973 iu
863 4918 953 4990 spatio
972 4934 1018 4972 au·
1056 4921 1112 4974 rios
1127 4919 1331 4989 compellentes,
1349 4926 1396 4973 aut
1408 4936 1459 4990 per
1472 4919 1564 4974 obices
1578 4912 1780 4989 repercutientes
1799 4978 1804 4991 ¹

221 5003 314 5064 gust03
335 4995 460 5049 similiter
473 5004 501 5050 et
514 4993 636 5049 turbines
650 5004 800 5054 ventomm.
840 4997 1019 5060 Quemadmo·
1098 4997 1143 5054 11.
1164 4999 1234 5053 Tam
1259 5014 1382 5068 vapores,
1407 5015 1489 5070 quam
1516 4994 1707 5054 exhalauones
1727 4992 1818 5043 mmm

221 5074 285 5128 dum
303 5090 390 5145 aquae,
404 5082 541 5146 uteunque
562 5076 778 5145 progrediantur,
797 5083 888 5132 tamen
909 5077 934 5133 si
954 5093 1018 5148 per·
1057 5087 1199 5133 ventorum
1221 5084 1292 5132 sunt
1343 5078 1454 5132 Etenim
1476 5095 1514 5132 ex
1537 5071 1743 5132 exhalationibus
1764 5073 1816 5148 nul·

222 5153 334 5208 turbatis
348 5153 458 5219 fuerint,
471 5152 581 5208 interim
594 5152 734 5220 undulant,
748 5157 830 5212 modo
842 5155 1018 5211 ascendentes
1058 5175 1140 5229 quam
1153 5157 1253 5228 pluvia,
1268 5173 1304 5211 ex
1316 5156 1464 5227 vaporibus
1477 5156 1627 5227 saepissime
1643 5149 1719 5207 venti.
1754 5134 1817 5231 ⁸.th

220 5238 250 5286 et
264 5232 416 5298 cumulatas,
430 5235 511 5289 modo
527 5232 722 5290 descendentes
736 5245 764 5290 et
776 5235 901 5300 sulcatae;
923 5236 1018 5290 simili·
1056 5237 1104 5292 lud
1117 5237 1236 5301 interest,
1252 5236 1324 5307 quod
1343 5234 1409 5290 facti
1429 5236 1501 5290 venti
1521 5253 1558 5291 er
1580 5230 1714 5304 saporibus
1731 5217 1814 5307 aas·

220 5317 263 5364 ter
276 5311 378 5367 faciunt
392 5321 420 5368 et
429 5314 512 5378 venti,
526 5310 580 5365 nisi
595 5311 667 5383 quod
681 5314 751 5369 absit
763 5322 851 5371 motus
865 5316 1017 5386 gravitatis.
1057 5333 1086 5372 se
1100 5317 1274 5386 incorporant
1286 5313 1344 5369 aiiri
1358 5330 1434 5385 puro,
1448 5323 1476 5370 et
1489 5315 1569 5370 citius
1579 5313 1704 5374 sedantur,
1715 5317 1757 5359 ott
1768 5301 1814 5353 Νι

222 5389 291 5442 Sunt
305 5397 333 5444 et
346 5390 407 5447 alia
421 5392 622 5457 similitudines,
637 5411 699 5466 quae
713 5411 749 5450 ex
761 5395 874 5465 iisque
888 5395 1019 5465 inquisita
1057 5403 1112 5450 tam
1126 5395 1262 5460 obstinati,
1277 5410 1359 5466 quam
1373 5393 1414 5448 illi
1427 5412 1464 5449 ex
1476 5393 1616 5448 balitibus.
1728 5462 1733 5474 .

222 5475 293 5532 tuni,
309 5470 396 5524 notari
411 5481 531 5542 possum.
1099 5475 1143 5531 12.
1164 5474 1272 5540 Modus,
1295 5481 1322 5528 et
1342 5474 1456 5530 diverse
1476 5473 1641 5529 conditiones
1663 5464 1753 5524 odona
1772 5463 1811 5507 Μ
