<?xml version="1.0" encoding="UTF-8"?>
<!DOCTYPE html PUBLIC "-//W3C//DTD XHTML 1.0 Transitional//EN"
    "http://www.w3.org/TR/xhtml1/DTD/xhtml1-transitional.dtd">
<html xmlns="http://www.w3.org/1999/xhtml" xml:lang="en" lang="en">
 <head>
  <title>
</title>
<meta http-equiv="Content-Type" content="text/html;charset=utf-8" />
  <meta name='ocr-system' content='tesseract 3.04.00' />
  <meta name='ocr-capabilities' content='ocr_page ocr_carea ocr_par ocr_line ocrx_word'/>
</head>
<body>
  <div class='ocr_page' id='page_1' title='image "./workslordbaconw00bacogoog/workslordbaconw00bacogoog_0406.png"; bbox 0 0 3800 5875; ppageno 0'>
   <div class='ocr_carea' id='block_1_1' title="bbox 214 324 1825 388">
    <p class='ocr_par' dir='ltr' id='par_1_1' title="bbox 214 324 1825 388">
     <span class='ocr_line' id='line_1_1' title="bbox 214 324 1825 388; baseline -0.006 0"><span class='ocrx_word' id='word_1_1' title='bbox 214 332 273 388; x_wconf 78' lang='lat'><strong>380</strong></span> <span class='ocrx_word' id='word_1_2' title='bbox 714 329 764 383; x_wconf 86' lang='lat' dir='ltr'><strong>DE</strong></span> <span class='ocrx_word' id='word_1_3' title='bbox 786 324 1011 382; x_wconf 76' lang='lat' dir='ltr'><strong>AUGMENTIS</strong></span> <span class='ocrx_word' id='word_1_4' title='bbox 1032 325 1311 384; x_wconf 66' lang='lat' dir='ltr'><strong>solonitanum.</strong></span> <span class='ocrx_word' id='word_1_5' title='bbox 1705 324 1767 380; x_wconf 80' lang='lat' dir='ltr'><strong>Lm.</strong></span> <span class='ocrx_word' id='word_1_6' title='bbox 1780 324 1825 380; x_wconf 79' lang='lat' dir='ltr'><strong>vl.</strong></span> 
     </span>
    </p>
   </div>
   <div class='ocr_carea' id='block_1_2' title="bbox 373 497 1707 543">
    <p class='ocr_par' dir='ltr' id='par_1_2' title="bbox 373 497 1707 543">
     <span class='ocr_line' id='line_1_2' title="bbox 373 497 1707 543; baseline -0.003 0"><span class='ocrx_word' id='word_1_7' title='bbox 373 504 439 543; x_wconf 76' lang='lat' dir='ltr'><strong>etto.</strong></span> <span class='ocrx_word' id='word_1_8' title='bbox 757 501 881 541; x_wconf 67' lang='lat' dir='ltr'><strong>CONTRA.</strong></span> <span class='ocrx_word' id='word_1_9' title='bbox 1203 501 1269 542; x_wconf 71' lang='grc' dir='ltr'><strong>ΡΜ.</strong></span> <span class='ocrx_word' id='word_1_10' title='bbox 1584 497 1707 539; x_wconf 72' lang='grc' dir='ltr'><strong>ῦθΜὶὶΔ.</strong></span> 
     </span>
    </p>
   </div>
   <div class='ocr_carea' id='block_1_3' title="bbox 214 577 1873 1523">
    <p class='ocr_par' dir='ltr' id='par_1_3' title="bbox 214 577 1833 1046">
     <span class='ocr_line' id='line_1_3' title="bbox 255 577 1831 653; baseline -0.004 -14"><span class='ocrx_word' id='word_1_11' title='bbox 255 585 336 639; x_wconf 88' lang='lat' dir='ltr'><strong>Utin</strong></span> <span class='ocrx_word' id='word_1_12' title='bbox 350 581 548 653; x_wconf 86' lang='lat' dir='ltr'><strong>rebuspnblicis</strong></span> <span class='ocrx_word' id='word_1_13' title='bbox 561 597 592 636; x_wconf 84' lang='lat' dir='ltr'><strong>sc</strong></span> <span class='ocrx_word' id='word_1_14' title='bbox 631 579 1008 651; x_wconf 80' lang='lat' dir='ltr'><strong>agimusaecundnmconsue·</strong></span> <span class='ocrx_word' id='word_1_15' title='bbox 1085 581 1420 652; x_wconf 76' lang='lat' dir='ltr'><strong>Fabulosiaaimaquoeque</strong></span> <span class='ocrx_word' id='word_1_16' title='bbox 1499 577 1831 633; x_wconf 69' lang='lat' dir='ltr'><strong>Praeamtnullambabere</strong></span> 
     </span>
     <span class='ocr_line' id='line_1_4' title="bbox 214 658 1831 734; baseline -0.006 -14"><span class='ocrx_word' id='word_1_17' title='bbox 214 664 319 720; x_wconf 88' lang='lat' dir='ltr'><strong>babent</strong></span> <span class='ocrx_word' id='word_1_18' title='bbox 339 662 416 734; x_wconf 79' lang='lat' dir='ltr'><strong>leges</strong></span> <span class='ocrx_word' id='word_1_19' title='bbox 435 676 592 716; x_wconf 86' lang='lat' dir='ltr'><strong>communes</strong></span> <span class='ocrx_word' id='word_1_20' title='bbox 631 659 762 714; x_wconf 82' lang='lat' dir='ltr'><strong>tudinem.</strong></span> <span class='ocrx_word' id='word_1_21' title='bbox 1046 668 1169 730; x_wconf 89' lang='lat' dir='ltr'><strong>portenta</strong></span> <span class='ocrx_word' id='word_1_22' title='bbox 1184 660 1303 730; x_wconf 84' lang='lat' dir='ltr'><strong>cujusvis</strong></span> <span class='ocrx_word' id='word_1_23' title='bbox 1325 660 1419 730; x_wconf 79' lang='lat' dir='ltr'><strong>religi·</strong></span> <span class='ocrx_word' id='word_1_24' title='bbox 1460 658 1494 712; x_wconf 89' lang='lat' dir='ltr'><strong>de</strong></span> <span class='ocrx_word' id='word_1_25' title='bbox 1508 658 1561 712; x_wconf 84' lang='lat' dir='ltr'><strong>diis</strong></span> <span class='ocrx_word' id='word_1_26' title='bbox 1577 658 1740 727; x_wconf 89' lang='lat' dir='ltr'><strong>opinionem,</strong></span> <span class='ocrx_word' id='word_1_27' title='bbox 1755 675 1831 730; x_wconf 88' lang='lat' dir='ltr'><strong>quam</strong></span> 
     </span>
     <span class='ocr_line' id='line_1_5' title="bbox 215 735 1693 814; baseline -0.005 -15"><span class='ocrx_word' id='word_1_28' title='bbox 215 756 283 814; x_wconf 78' lang='lat' dir='ltr'><strong>erga</strong></span> <span class='ocrx_word' id='word_1_29' title='bbox 308 741 524 805; x_wconf 84' lang='lat' dir='ltr'><strong>consuetudines,</strong></span> <span class='ocrx_word' id='word_1_30' title='bbox 549 756 593 794; x_wconf 88' lang='lat' dir='ltr'><strong>eo-</strong></span> <span class='ocrx_word' id='word_1_31' title='bbox 670 740 779 793; x_wconf 85' lang='lat' dir='ltr'><strong>Natura</strong></span> <span class='ocrx_word' id='word_1_32' title='bbox 792 738 936 809; x_wconf 84' lang='lat' dir='ltr'><strong>pedantiua</strong></span> <span class='ocrx_word' id='word_1_33' title='bbox 949 735 1009 808; x_wconf 86' lang='lat' dir='ltr'><strong>qui-</strong></span> <span class='ocrx_word' id='word_1_34' title='bbox 1046 740 1107 794; x_wconf 87' lang='lat' dir='ltr'><strong>ouis</strong></span> <span class='ocrx_word' id='word_1_35' title='bbox 1142 739 1222 795; x_wconf 82' lang='lat' dir='ltr'><strong>citius</strong></span> <span class='ocrx_word' id='word_1_36' title='bbox 1249 739 1418 805; x_wconf 72' lang='lat' dir='ltr'>crediderim,</span> <span class='ocrx_word' id='word_1_37' title='bbox 1459 736 1693 793; x_wconf 81' lang='lat' dir='ltr'><strong>contumeliosam</strong></span> 
     </span>
     <span class='ocr_line' id='line_1_6' title="bbox 215 814 1831 891; baseline -0.005 -14"><span class='ocrx_word' id='word_1_38' title='bbox 215 823 278 878; x_wconf 89' lang='lat' dir='ltr'><strong>dem</strong></span> <span class='ocrx_word' id='word_1_39' title='bbox 292 821 373 877; x_wconf 90' lang='lat' dir='ltr'><strong>modo</strong></span> <span class='ocrx_word' id='word_1_40' title='bbox 389 822 418 875; x_wconf 92' lang='lat' dir='ltr'><strong>in</strong></span> <span class='ocrx_word' id='word_1_41' title='bbox 431 819 548 891; x_wconf 81' lang='lat' dir='ltr'><strong>singulis</strong></span> <span class='ocrx_word' id='word_1_42' title='bbox 562 835 591 873; x_wconf 88' lang='lat' dir='ltr'><strong>se</strong></span> <span class='ocrx_word' id='word_1_43' title='bbox 631 818 694 873; x_wconf 88' lang='lat' dir='ltr'><strong>dam</strong></span> <span class='ocrx_word' id='word_1_44' title='bbox 709 826 758 882; x_wconf 88' lang='lat' dir='ltr'><strong>est,</strong></span> <span class='ocrx_word' id='word_1_45' title='bbox 772 818 938 875; x_wconf 86' lang='lat' dir='ltr'><strong>consuetudo</strong></span> <span class='ocrx_word' id='word_1_46' title='bbox 951 833 1008 872; x_wconf 86' lang='lat' dir='ltr'><strong>ma·</strong></span> <span class='ocrx_word' id='word_1_47' title='bbox 1047 835 1127 889; x_wconf 88' lang='lat' dir='ltr'><strong>quam</strong></span> <span class='ocrx_word' id='word_1_48' title='bbox 1155 820 1216 874; x_wconf 80' lang='lat' dir='ltr'><strong>baec</strong></span> <span class='ocrx_word' id='word_1_49' title='bbox 1242 820 1335 874; x_wconf 85' lang='lat' dir='ltr'><strong>omnia</strong></span> <span class='ocrx_word' id='word_1_50' title='bbox 1360 818 1419 874; x_wconf 86' lang='lat' dir='ltr'><strong>aine</strong></span> <span class='ocrx_word' id='word_1_51' title='bbox 1497 818 1564 871; x_wconf 84' lang='lat' dir='ltr'><strong>Non</strong></span> <span class='ocrx_word' id='word_1_52' title='bbox 1590 816 1704 887; x_wconf 88' lang='lat' dir='ltr'><strong>Epicuri</strong></span> <span class='ocrx_word' id='word_1_53' title='bbox 1736 814 1831 879; x_wconf 79' lang='lat' dir='ltr'><strong>ecbola,</strong></span> 
     </span>
     <span class='ocr_line' id='line_1_7' title="bbox 214 895 1833 970; baseline -0.005 -14"><span class='ocrx_word' id='word_1_54' title='bbox 214 902 300 957; x_wconf 89' lang='lat' dir='ltr'><strong>babet</strong></span> <span class='ocrx_word' id='word_1_55' title='bbox 318 908 415 956; x_wconf 89' lang='lat' dir='ltr'><strong>natura</strong></span> <span class='ocrx_word' id='word_1_56' title='bbox 428 900 464 955; x_wconf 95' lang='lat' dir='ltr'><strong>ad</strong></span> <span class='ocrx_word' id='word_1_57' title='bbox 481 915 593 954; x_wconf 82' lang='lat' dir='ltr'><strong>consuo·</strong></span> <span class='ocrx_word' id='word_1_58' title='bbox 632 897 771 970; x_wconf 67' lang='lat' dir='ltr'><strong>gistratum</strong></span> <span class='ocrx_word' id='word_1_59' title='bbox 1045 898 1167 954; x_wconf 81' lang='lat' dir='ltr'><strong>Numine</strong></span> <span class='ocrx_word' id='word_1_60' title='bbox 1181 898 1249 954; x_wconf 88' lang='lat' dir='ltr'><strong>lieri.</strong></span> <span class='ocrx_word' id='word_1_61' title='bbox 1459 897 1509 952; x_wconf 88' lang='lat' dir='ltr'><strong>sed</strong></span> <span class='ocrx_word' id='word_1_62' title='bbox 1528 896 1601 961; x_wconf 88' lang='lat' dir='ltr'><strong>Stoa,</strong></span> <span class='ocrx_word' id='word_1_63' title='bbox 1615 896 1716 950; x_wconf 84' lang='lat' dir='ltr'><strong>veteris</strong></span> <span class='ocrx_word' id='word_1_64' title='bbox 1728 895 1833 966; x_wconf 75' lang='lat' dir='ltr'><strong>respub</strong></span> 
     </span>
     <span class='ocr_line' id='line_1_8' title="bbox 215 976 1717 1046; baseline -0.004 -11"><span class='ocrx_word' id='word_1_65' title='bbox 215 982 348 1036; x_wconf 83' lang='lat' dir='ltr'><strong>tudinem.</strong></span> <span class='ocrx_word' id='word_1_66' title='bbox 1458 976 1526 1031; x_wconf 82' lang='lat' dir='ltr'><strong>linas</strong></span> <span class='ocrx_word' id='word_1_67' title='bbox 1540 976 1717 1046; x_wconf 74' lang='lat' dir='ltr'><strong>perturbavit</strong></span> 
     </span>
    </p>

    <p class='ocr_par' dir='ltr' id='par_1_4' title="bbox 214 1055 1833 1364">
     <span class='ocr_line' id='line_1_9' title="bbox 256 1055 1833 1115; baseline -0.004 0"><span class='ocrx_word' id='word_1_68' title='bbox 256 1058 534 1115; x_wconf 85' lang='lat' dir='ltr'><strong>Consuetudocoutra</strong></span> <span class='ocrx_word' id='word_1_69' title='bbox 547 1073 594 1110; x_wconf 86' lang='lat' dir='ltr'><strong>na·</strong></span> <span class='ocrx_word' id='word_1_70' title='bbox 1498 1057 1565 1110; x_wconf 89' lang='lat' dir='ltr'><strong>Non</strong></span> <span class='ocrx_word' id='word_1_71' title='bbox 1582 1055 1657 1109; x_wconf 90' lang='lat' dir='ltr'><strong>cadit</strong></span> <span class='ocrx_word' id='word_1_72' title='bbox 1674 1056 1703 1108; x_wconf 90' lang='lat' dir='ltr'><strong>in</strong></span> <span class='ocrx_word' id='word_1_73' title='bbox 1721 1061 1833 1108; x_wconf 81' lang='lat' dir='ltr'><strong>mentem</strong></span> 
     </span>
     <span class='ocr_line' id='line_1_10' title="bbox 215 1135 1831 1208; baseline -0.003 -15"><span class='ocrx_word' id='word_1_74' title='bbox 215 1148 312 1203; x_wconf 88' lang='lat' dir='ltr'><strong>turam,</strong></span> <span class='ocrx_word' id='word_1_75' title='bbox 353 1138 431 1208; x_wconf 80' lang='lat' dir='ltr'><strong>quasi</strong></span> <span class='ocrx_word' id='word_1_76' title='bbox 470 1136 595 1205; x_wconf 84' lang='lat' dir='ltr'><strong>tyrannis</strong></span> <span class='ocrx_word' id='word_1_77' title='bbox 1459 1136 1617 1200; x_wconf 88' lang='lat' dir='ltr'><strong>humanam,</strong></span> <span class='ocrx_word' id='word_1_78' title='bbox 1633 1141 1665 1188; x_wconf 93' lang='lat' dir='ltr'><strong>ut</strong></span> <span class='ocrx_word' id='word_1_79' title='bbox 1685 1135 1721 1188; x_wconf 89' lang='lat' dir='ltr'><strong>ait</strong></span> <span class='ocrx_word' id='word_1_80' title='bbox 1747 1149 1831 1188; x_wconf 81' lang='lat' dir='ltr'><strong>merca</strong></span> 
     </span>
     <span class='ocr_line' id='line_1_11' title="bbox 216 1213 1832 1290; baseline -0.002 -18"><span class='ocrx_word' id='word_1_81' title='bbox 216 1218 338 1290; x_wconf 75' lang='lat' dir='ltr'><strong>quedam</strong></span> <span class='ocrx_word' id='word_1_82' title='bbox 355 1225 412 1272; x_wconf 83' lang='lat' dir='ltr'><strong>est:</strong></span> <span class='ocrx_word' id='word_1_83' title='bbox 434 1225 461 1271; x_wconf 93' lang='lat' dir='ltr'><strong>et</strong></span> <span class='ocrx_word' id='word_1_84' title='bbox 478 1216 543 1280; x_wconf 89' lang='lat' dir='ltr'><strong>cito,</strong></span> <span class='ocrx_word' id='word_1_85' title='bbox 561 1231 594 1270; x_wconf 89' lang='lat' dir='ltr'><strong>ac</strong></span> <span class='ocrx_word' id='word_1_86' title='bbox 1460 1214 1580 1270; x_wconf 86' lang='lat' dir='ltr'><strong>atheista</strong></span> <span class='ocrx_word' id='word_1_87' title='bbox 1608 1214 1757 1284; x_wconf 75' lang='lat' dir='ltr'><strong>dogmate3</strong></span> <span class='ocrx_word' id='word_1_88' title='bbox 1789 1213 1832 1268; x_wconf 85' lang='lat' dir='ltr'><strong>sed</strong></span> 
     </span>
     <span class='ocr_line' id='line_1_12' title="bbox 214 1292 1833 1364; baseline -0.003 -13"><span class='ocrx_word' id='word_1_89' title='bbox 214 1296 269 1353; x_wconf 91' lang='lat' dir='ltr'><strong>levi</strong></span> <span class='ocrx_word' id='word_1_90' title='bbox 282 1297 423 1353; x_wconf 75' lang='lat' dir='ltr'><strong>occasione</strong></span> <span class='ocrx_word' id='word_1_91' title='bbox 437 1296 545 1352; x_wconf 90' lang='lat' dir='ltr'><strong>corruit.</strong></span> <span class='ocrx_word' id='word_1_92' title='bbox 1459 1293 1554 1364; x_wconf 84' lang='lat' dir='ltr'><strong>magni</strong></span> <span class='ocrx_word' id='word_1_93' title='bbox 1591 1292 1750 1363; x_wconf 83' lang='lat' dir='ltr'><strong>hypocritae,</strong></span> <span class='ocrx_word' id='word_1_94' title='bbox 1776 1302 1833 1347; x_wconf 89' lang='lat' dir='ltr'><strong>sunt</strong></span> 
     </span>
    </p>

    <p class='ocr_par' dir='ltr' id='par_1_5' title="bbox 593 1360 1873 1523">
     <span class='ocr_line' id='line_1_13' title="bbox 1459 1360 1873 1442; baseline -0.002 -15"><span class='ocrx_word' id='word_1_95' title='bbox 1459 1373 1517 1427; x_wconf 86' lang='lat' dir='ltr'><strong>veri</strong></span> <span class='ocrx_word' id='word_1_96' title='bbox 1535 1373 1677 1436; x_wconf 74' lang='lat' dir='ltr'><strong>atheistae3</strong></span> <span class='ocrx_word' id='word_1_97' title='bbox 1699 1372 1745 1442; x_wconf 86' lang='lat' dir='ltr'><strong>qui</strong></span> <span class='ocrx_word' id='word_1_98' title='bbox 1763 1389 1833 1426; x_wconf 81' lang='lat' dir='ltr'><strong>caera</strong></span> <span class='ocrx_word' id='word_1_99' title='bbox 1872 1360 1873 1403; x_wconf 50' lang='lat'>¹</span> 
     </span>
     <span class='ocr_line' id='line_1_14' title="bbox 593 1451 1873 1523; baseline -0.002 -13"><span class='ocrx_word' id='word_1_100' title='bbox 593 1469 636 1510; x_wconf 76' lang='lat' dir='ltr'><strong>xl.</strong></span> <span class='ocrx_word' id='word_1_101' title='bbox 1459 1459 1593 1523; x_wconf 88' lang='lat' dir='ltr'><strong>perpetuo</strong></span> <span class='ocrx_word' id='word_1_102' title='bbox 1606 1451 1833 1517; x_wconf 73' lang='lat' dir='ltr'><strong>contrectantsed</strong></span> <span class='ocrx_word' id='word_1_103' title='bbox 1872 1452 1873 1457; x_wconf 72' lang='grc'>’</span> 
     </span>
    </p>
   </div>
   <div class='ocr_carea' id='block_1_4' title="bbox 531 1538 1747 1633">
    <p class='ocr_par' dir='ltr' id='par_1_6' title="bbox 531 1538 1747 1633">
     <span class='ocr_line' id='line_1_15' title="bbox 531 1538 1747 1633; baseline -0.004 -43"><span class='ocrx_word' id='word_1_104' title='bbox 531 1591 696 1633; x_wconf 42' lang='lat' dir='ltr'><strong>mmm·</strong></span> <span class='ocrx_word' id='word_1_105' title='bbox 1459 1538 1747 1603; x_wconf 83' lang='lat' dir='ltr'><strong>nunqnamverentur.</strong></span> 
     </span>
    </p>
   </div>
   <div class='ocr_carea' id='block_1_5' title="bbox 373 1685 1478 1745">
    <p class='ocr_par' dir='ltr' id='par_1_7' title="bbox 373 1685 1478 1745">
     <span class='ocr_line' id='line_1_16' title="bbox 373 1685 1478 1745; baseline -0.005 -17"><span class='ocrx_word' id='word_1_106' title='bbox 373 1688 438 1728; x_wconf 77' lang='lat' dir='ltr'><strong>ano.</strong></span> <span class='ocrx_word' id='word_1_107' title='bbox 756 1685 882 1726; x_wconf 63' lang='lat' dir='ltr'><strong>courum</strong></span> <span class='ocrx_word' id='word_1_108' title='bbox 1411 1705 1478 1745; x_wconf 46' lang='lat' dir='ltr'><strong>m..</strong></span> 
     </span>
    </p>
   </div>
   <div class='ocr_carea' id='block_1_6' title="bbox 216 1762 1875 2951">
    <p class='ocr_par' dir='ltr' id='par_1_8' title="bbox 216 1762 1875 2951">
     <span class='ocr_line' id='line_1_17' title="bbox 255 1762 1009 1837; baseline -0.003 -17"><span class='ocrx_word' id='word_1_109' title='bbox 255 1764 379 1821; x_wconf 81' lang='lat' dir='ltr'><strong>Virtutes</strong></span> <span class='ocrx_word' id='word_1_110' title='bbox 387 1774 489 1837; x_wconf 78' lang='lat' dir='ltr'><strong>aperta</strong></span> <span class='ocrx_word' id='word_1_111' title='bbox 497 1765 591 1820; x_wconf 85' lang='lat' dir='ltr'><strong>laudea</strong></span> <span class='ocrx_word' id='word_1_112' title='bbox 671 1763 794 1819; x_wconf 84' lang='lat' dir='ltr'><strong>Stultitia</strong></span> <span class='ocrx_word' id='word_1_113' title='bbox 802 1763 891 1829; x_wconf 88' lang='lat' dir='ltr'><strong>unius,</strong></span> <span class='ocrx_word' id='word_1_114' title='bbox 901 1762 1009 1819; x_wconf 80' lang='lat' dir='ltr'><strong>fortuna</strong></span> 
     </span>
     <span class='ocr_line' id='line_1_18' title="bbox 216 1829 1874 1949; baseline -0.004 -48"><span class='ocrx_word' id='word_1_115' title='bbox 216 1845 453 1919; x_wconf 82' lang='lat' dir='ltr'><strong>pariunt,occultae</strong></span> <span class='ocrx_word' id='word_1_116' title='bbox 462 1848 591 1901; x_wconf 82' lang='lat' dir='ltr'><strong>fortunas.</strong></span> <span class='ocrx_word' id='word_1_117' title='bbox 630 1842 752 1898; x_wconf 72' lang='lat' dir='ltr'><strong>alteriue.</strong></span> <span class='ocrx_word' id='word_1_118' title='bbox 1357 1829 1528 1871; x_wconf 60' lang='lat'><strong>⁸⁰⁹¹¹¹¹³¹³·</strong></span> <span class='ocrx_word' id='word_1_119' title='bbox 1873 1884 1874 1949; x_wconf 32' lang='grc'>1</span> 
     </span>
     <span class='ocr_line' id='line_1_19' title="bbox 256 1921 1874 1993; baseline -0.002 -14"><span class='ocrx_word' id='word_1_120' title='bbox 256 1924 592 1980; x_wconf 82' lang='lat' dir='ltr'><strong>Virtuteaofficiorumlau·</strong></span> <span class='ocrx_word' id='word_1_121' title='bbox 674 1921 706 1977; x_wconf 87' lang='lat' dir='ltr'><strong>in</strong></span> <span class='ocrx_word' id='word_1_122' title='bbox 728 1924 836 1977; x_wconf 80' lang='lat' dir='ltr'><strong>fortuna</strong></span> <span class='ocrx_word' id='word_1_123' title='bbox 854 1922 922 1976; x_wconf 91' lang='lat' dir='ltr'><strong>illud</strong></span> <span class='ocrx_word' id='word_1_124' title='bbox 941 1940 1009 1993; x_wconf 78' lang='lat' dir='ltr'><strong>prae-</strong></span> <span class='ocrx_word' id='word_1_125' title='bbox 1204 1923 1272 1963; x_wconf 64' lang='grc' dir='ltr'><strong>ΡΜ·</strong></span> <span class='ocrx_word' id='word_1_126' title='bbox 1586 1922 1712 1963; x_wconf 65' lang='grc' dir='ltr'>θΟΝΤΜ·</span> <span class='ocrx_word' id='word_1_127' title='bbox 1873 1964 1874 1981; x_wconf 68' lang='lat'><strong>,</strong></span> 
     </span>
     <span class='ocr_line' id='line_1_20' title="bbox 217 2000 1832 2074; baseline -0.003 -14"><span class='ocrx_word' id='word_1_128' title='bbox 217 2005 265 2060; x_wconf 88' lang='lat' dir='ltr'><strong>des</strong></span> <span class='ocrx_word' id='word_1_129' title='bbox 291 2004 408 2074; x_wconf 90' lang='lat' dir='ltr'><strong>pariunt,</strong></span> <span class='ocrx_word' id='word_1_130' title='bbox 435 2004 592 2060; x_wconf 63' lang='lat' dir='ltr'><strong>faculatum</strong></span> <span class='ocrx_word' id='word_1_131' title='bbox 632 2002 712 2071; x_wconf 87' lang='lat' dir='ltr'><strong>cipue</strong></span> <span class='ocrx_word' id='word_1_132' title='bbox 737 2001 911 2066; x_wconf 73' lang='lat' dir='ltr'><strong>laudaverim,</strong></span> <span class='ocrx_word' id='word_1_133' title='bbox 937 2002 1009 2072; x_wconf 90' lang='lat' dir='ltr'><strong>quod</strong></span> <span class='ocrx_word' id='word_1_134' title='bbox 1087 2000 1221 2072; x_wconf 75' lang='lat' dir='ltr'><strong>Superbia</strong></span> <span class='ocrx_word' id='word_1_135' title='bbox 1244 2002 1328 2056; x_wconf 86' lang='lat' dir='ltr'><strong>etiam</strong></span> <span class='ocrx_word' id='word_1_136' title='bbox 1348 2001 1422 2056; x_wconf 88' lang='lat' dir='ltr'><strong>vitiis</strong></span> <span class='ocrx_word' id='word_1_137' title='bbox 1501 2001 1614 2056; x_wconf 87' lang='lat' dir='ltr'><strong>Hedera</strong></span> <span class='ocrx_word' id='word_1_138' title='bbox 1646 2002 1777 2056; x_wconf 82' lang='lat' dir='ltr'><strong>virtutum</strong></span> <span class='ocrx_word' id='word_1_139' title='bbox 1805 2017 1832 2055; x_wconf 85' lang='lat' dir='ltr'><strong>ac</strong></span> 
     </span>
     <span class='ocr_line' id='line_1_21' title="bbox 217 2081 1832 2153; baseline -0.002 -13"><span class='ocrx_word' id='word_1_140' title='bbox 217 2084 347 2140; x_wconf 76' lang='lat' dir='ltr'><strong>fortunas</strong></span> <span class='ocrx_word' id='word_1_141' title='bbox 632 2098 761 2136; x_wconf 85' lang='lat' dir='ltr'><strong>eumnon</strong></span> <span class='ocrx_word' id='word_1_142' title='bbox 774 2081 866 2152; x_wconf 76' lang='lat' dir='ltr'><strong>eligat,</strong></span> <span class='ocrx_word' id='word_1_143' title='bbox 880 2098 934 2136; x_wconf 91' lang='lat' dir='ltr'><strong>non</strong></span> <span class='ocrx_word' id='word_1_144' title='bbox 949 2091 1009 2136; x_wconf 90' lang='lat' dir='ltr'><strong>tne-</strong></span> <span class='ocrx_word' id='word_1_145' title='bbox 1047 2081 1229 2147; x_wconf 75' lang='lat' dir='ltr'><strong>insociabilia3</strong></span> <span class='ocrx_word' id='word_1_146' title='bbox 1250 2090 1332 2153; x_wconf 87' lang='lat' dir='ltr'><strong>atque</strong></span> <span class='ocrx_word' id='word_1_147' title='bbox 1340 2089 1370 2136; x_wconf 91' lang='lat' dir='ltr'><strong>ut</strong></span> <span class='ocrx_word' id='word_1_148' title='bbox 1379 2098 1423 2136; x_wconf 90' lang='lat' dir='ltr'><strong>ve·</strong></span> <span class='ocrx_word' id='word_1_149' title='bbox 1461 2081 1595 2135; x_wconf 87' lang='lat' dir='ltr'><strong>bonorum</strong></span> <span class='ocrx_word' id='word_1_150' title='bbox 1608 2082 1731 2135; x_wconf 86' lang='lat' dir='ltr'><strong>omnium</strong></span> <span class='ocrx_word' id='word_1_151' title='bbox 1744 2097 1832 2151; x_wconf 81' lang='lat' dir='ltr'><strong>cuper·</strong></span> 
     </span>
     <span class='ocr_line' id='line_1_22' title="bbox 256 2160 1518 2233; baseline -0.002 -16"><span class='ocrx_word' id='word_1_152' title='bbox 256 2161 591 2233; x_wconf 65' lang='lat' dir='ltr'><strong>Fortunavelutigalariag</strong></span> <span class='ocrx_word' id='word_1_153' title='bbox 632 2166 705 2215; x_wconf 87' lang='lat' dir='ltr'><strong>atur.</strong></span> <span class='ocrx_word' id='word_1_154' title='bbox 1047 2178 1148 2215; x_wconf 88' lang='lat' dir='ltr'><strong>uenum</strong></span> <span class='ocrx_word' id='word_1_155' title='bbox 1161 2178 1273 2226; x_wconf 90' lang='lat' dir='ltr'><strong>veneno,</strong></span> <span class='ocrx_word' id='word_1_156' title='bbox 1293 2162 1331 2215; x_wconf 86' lang='lat' dir='ltr'><strong>ita</strong></span> <span class='ocrx_word' id='word_1_157' title='bbox 1348 2161 1424 2216; x_wconf 91' lang='lat' dir='ltr'><strong>haud</strong></span> <span class='ocrx_word' id='word_1_158' title='bbox 1461 2160 1518 2215; x_wconf 88' lang='lat' dir='ltr'><strong>bia.</strong></span> 
     </span>
     <span class='ocr_line' id='line_1_23' title="bbox 217 2238 1833 2313; baseline -0.002 -17"><span class='ocrx_word' id='word_1_159' title='bbox 217 2240 270 2297; x_wconf 90' lang='lat' dir='ltr'><strong>hoc</strong></span> <span class='ocrx_word' id='word_1_160' title='bbox 278 2241 418 2305; x_wconf 74' lang='lat' dir='ltr'><strong>estnodus</strong></span> <span class='ocrx_word' id='word_1_161' title='bbox 426 2240 593 2313; x_wconf 88' lang='lat' dir='ltr'><strong>quarundam</strong></span> <span class='ocrx_word' id='word_1_162' title='bbox 671 2240 732 2294; x_wconf 85' lang='lat' dir='ltr'><strong>Viri</strong></span> <span class='ocrx_word' id='word_1_163' title='bbox 745 2240 846 2310; x_wconf 82' lang='lat' dir='ltr'><strong>magni,</strong></span> <span class='ocrx_word' id='word_1_164' title='bbox 860 2239 923 2294; x_wconf 90' lang='lat' dir='ltr'><strong>dum</strong></span> <span class='ocrx_word' id='word_1_165' title='bbox 937 2239 1008 2292; x_wconf 88' lang='lat' dir='ltr'><strong>invi·</strong></span> <span class='ocrx_word' id='word_1_166' title='bbox 1047 2257 1133 2310; x_wconf 85' lang='lat' dir='ltr'><strong>pauca</strong></span> <span class='ocrx_word' id='word_1_167' title='bbox 1147 2241 1213 2294; x_wconf 92' lang='lat' dir='ltr'><strong>vitia</strong></span> <span class='ocrx_word' id='word_1_168' title='bbox 1231 2241 1359 2312; x_wconf 89' lang='lat' dir='ltr'><strong>superbia</strong></span> <span class='ocrx_word' id='word_1_169' title='bbox 1373 2256 1423 2296; x_wconf 86' lang='lat' dir='ltr'><strong>ex·</strong></span> <span class='ocrx_word' id='word_1_170' title='bbox 1502 2239 1685 2294; x_wconf 81' lang='lat' dir='ltr'><strong>Caeteravitia</strong></span> <span class='ocrx_word' id='word_1_171' title='bbox 1698 2238 1833 2294; x_wconf 84' lang='lat' dir='ltr'><strong>virtutrbm</strong></span> 
     </span>
     <span class='ocr_line' id='line_1_24' title="bbox 218 2318 1834 2391; baseline -0.001 -15"><span class='ocrx_word' id='word_1_172' title='bbox 218 2321 593 2388; x_wconf 83' lang='lat' dir='ltr'><strong>obscurarumvirtumm,sine</strong></span> <span class='ocrx_word' id='word_1_173' title='bbox 632 2318 707 2373; x_wconf 86' lang='lat' dir='ltr'><strong>diam</strong></span> <span class='ocrx_word' id='word_1_174' title='bbox 738 2319 867 2374; x_wconf 89' lang='lat' dir='ltr'><strong>virtutum</strong></span> <span class='ocrx_word' id='word_1_175' title='bbox 900 2335 1008 2373; x_wconf 85' lang='lat' dir='ltr'><strong>suarum</strong></span> <span class='ocrx_word' id='word_1_176' title='bbox 1047 2319 1192 2391; x_wconf 88' lang='lat' dir='ltr'><strong>pelluntur.</strong></span> <span class='ocrx_word' id='word_1_177' title='bbox 1463 2327 1570 2374; x_wconf 88' lang='lat' dir='ltr'><strong>tantum</strong></span> <span class='ocrx_word' id='word_1_178' title='bbox 1584 2319 1734 2382; x_wconf 62' lang='lat' dir='ltr'><strong>contrariae</strong></span> <span class='ocrx_word' id='word_1_179' title='bbox 1748 2335 1834 2389; x_wconf 83' lang='lat' dir='ltr'><strong>super·</strong></span> 
     </span>
     <span class='ocr_line' id='line_1_25' title="bbox 217 2389 1875 2481; baseline -0.002 -26"><span class='ocrx_word' id='word_1_180' title='bbox 217 2400 337 2456; x_wconf 89' lang='lat' dir='ltr'><strong>nomine.</strong></span> <span class='ocrx_word' id='word_1_181' title='bbox 632 2389 1022 2465; x_wconf 77' lang='lat' dir='ltr'><strong>declinamnt,interf0rtunae&#39;</strong></span> <span class='ocrx_word' id='word_1_182' title='bbox 1087 2399 1197 2465; x_wconf 79' lang='lat' dir='ltr'><strong>Facilis,</strong></span> <span class='ocrx_word' id='word_1_183' title='bbox 1222 2401 1306 2455; x_wconf 89' lang='lat' dir='ltr'><strong>etiam</strong></span> <span class='ocrx_word' id='word_1_184' title='bbox 1323 2399 1424 2455; x_wconf 81' lang='lat' dir='ltr'><strong>aliems</strong></span> <span class='ocrx_word' id='word_1_185' title='bbox 1463 2397 1583 2454; x_wconf 85' lang='lat' dir='ltr'><strong>biasola</strong></span> <span class='ocrx_word' id='word_1_186' title='bbox 1596 2398 1766 2471; x_wconf 79' lang='lat' dir='ltr'><strong>contagiosa.</strong></span> <span class='ocrx_word' id='word_1_187' title='bbox 1874 2408 1875 2481; x_wconf 53' lang='lat' dir='ltr'><strong>t</strong></span> 
     </span>
     <span class='ocr_line' id='line_1_26' title="bbox 258 2476 1834 2550; baseline -0.003 -15"><span class='ocrx_word' id='word_1_188' title='bbox 258 2480 377 2535; x_wconf 79' lang='lat' dir='ltr'><strong>Fortuna</strong></span> <span class='ocrx_word' id='word_1_189' title='bbox 397 2479 494 2543; x_wconf 82' lang='lat' dir='ltr'><strong>saltem</strong></span> <span class='ocrx_word' id='word_1_190' title='bbox 512 2479 547 2534; x_wconf 92' lang='lat' dir='ltr'><strong>ob</strong></span> <span class='ocrx_word' id='word_1_191' title='bbox 565 2479 595 2533; x_wconf 83' lang='lat' dir='ltr'><strong>li·</strong></span> <span class='ocrx_word' id='word_1_192' title='bbox 633 2478 751 2536; x_wconf 87' lang='lat' dir='ltr'><strong>cultores</strong></span> <span class='ocrx_word' id='word_1_193' title='bbox 763 2479 866 2550; x_wconf 86' lang='lat' dir='ltr'><strong>reperti</strong></span> <span class='ocrx_word' id='word_1_194' title='bbox 879 2486 949 2534; x_wconf 88' lang='lat' dir='ltr'><strong>sunt</strong></span> <span class='ocrx_word' id='word_1_195' title='bbox 1048 2478 1122 2533; x_wconf 83' lang='lat' dir='ltr'><strong>vitiis</strong></span> <span class='ocrx_word' id='word_1_196' title='bbox 1144 2478 1279 2535; x_wconf 84' lang='lat' dir='ltr'><strong>obnoxius</strong></span> <span class='ocrx_word' id='word_1_197' title='bbox 1299 2487 1355 2535; x_wconf 86' lang='lat' dir='ltr'><strong>eet:</strong></span> <span class='ocrx_word' id='word_1_198' title='bbox 1381 2496 1425 2534; x_wconf 88' lang='lat' dir='ltr'><strong>su·</strong></span> <span class='ocrx_word' id='word_1_199' title='bbox 1504 2478 1639 2549; x_wconf 76' lang='lat' dir='ltr'><strong>Superbia</strong></span> <span class='ocrx_word' id='word_1_200' title='bbox 1662 2477 1767 2548; x_wconf 85' lang='lat' dir='ltr'><strong>optima</strong></span> <span class='ocrx_word' id='word_1_201' title='bbox 1782 2476 1834 2531; x_wconf 79' lang='lat' dir='ltr'><strong>viti</strong></span> 
     </span>
     <span class='ocr_line' id='line_1_27' title="bbox 217 2556 1834 2628; baseline -0.003 -14"><span class='ocrx_word' id='word_1_202' title='bbox 217 2558 271 2614; x_wconf 86' lang='lat' dir='ltr'><strong>liaa</strong></span> <span class='ocrx_word' id='word_1_203' title='bbox 288 2576 352 2615; x_wconf 85' lang='lat' dir='ltr'><strong>suas</strong></span> <span class='ocrx_word' id='word_1_204' title='bbox 373 2559 532 2614; x_wconf 73' lang='lat' dir='ltr'><strong>honorande</strong></span> <span class='ocrx_word' id='word_1_205' title='bbox 545 2566 594 2624; x_wconf 87' lang='lat' dir='ltr'><strong>est,</strong></span> <span class='ocrx_word' id='word_1_206' title='bbox 943 2560 950 2577; x_wconf 81' lang='lat'><strong><em>‘</em></strong></span> <span class='ocrx_word' id='word_1_207' title='bbox 1047 2557 1154 2628; x_wconf 81' lang='lat' dir='ltr'><strong>petbus,</strong></span> <span class='ocrx_word' id='word_1_208' title='bbox 1168 2565 1273 2614; x_wconf 85' lang='lat' dir='ltr'><strong>tantum</strong></span> <span class='ocrx_word' id='word_1_209' title='bbox 1286 2559 1351 2614; x_wconf 78' lang='lat' dir='ltr'><strong>suia</strong></span> <span class='ocrx_word' id='word_1_210' title='bbox 1464 2576 1542 2614; x_wconf 85' lang='lat' dir='ltr'><strong>orum</strong></span> <span class='ocrx_word' id='word_1_211' title='bbox 1556 2557 1711 2613; x_wconf 89' lang='lat' dir='ltr'><strong>conditione</strong></span> <span class='ocrx_word' id='word_1_212' title='bbox 1724 2556 1834 2622; x_wconf 71' lang='lat' dir='ltr'><strong>ceretii</strong></span> 
     </span>
     <span class='ocr_line' id='line_1_28' title="bbox 218 2636 1650 2708; baseline -0.001 -14"><span class='ocrx_word' id='word_1_213' title='bbox 218 2639 408 2694; x_wconf 85' lang='lat' dir='ltr'><strong>confidentiam</strong></span> <span class='ocrx_word' id='word_1_214' title='bbox 434 2639 544 2705; x_wconf 87' lang='lat' dir='ltr'><strong>scilicet,</strong></span> <span class='ocrx_word' id='word_1_215' title='bbox 568 2645 596 2694; x_wconf 91' lang='lat' dir='ltr'><strong>et</strong></span> <span class='ocrx_word' id='word_1_216' title='bbox 1088 2636 1301 2708; x_wconf 75' lang='lat' dir='ltr'><strong>Superbiasiab</strong></span> <span class='ocrx_word' id='word_1_217' title='bbox 1309 2638 1424 2693; x_wconf 87' lang='lat' dir='ltr'><strong>aliorum</strong></span> <span class='ocrx_word' id='word_1_218' title='bbox 1463 2645 1513 2703; x_wconf 88' lang='lat' dir='ltr'><strong>eat,</strong></span> <span class='ocrx_word' id='word_1_219' title='bbox 1527 2637 1650 2692; x_wconf 86' lang='lat' dir='ltr'><strong>latebris.</strong></span> 
     </span>
     <span class='ocr_line' id='line_1_29' title="bbox 218 2715 1834 2789; baseline -0.001 -16"><span class='ocrx_word' id='word_1_220' title='bbox 218 2717 413 2775; x_wconf 88' lang='lat' dir='ltr'><strong>auctoritatem.</strong></span> <span class='ocrx_word' id='word_1_221' title='bbox 1048 2723 1213 2789; x_wconf 90' lang='lat' dir='ltr'><strong>contemptu,</strong></span> <span class='ocrx_word' id='word_1_222' title='bbox 1238 2719 1274 2773; x_wconf 90' lang='lat' dir='ltr'><strong>ad</strong></span> <span class='ocrx_word' id='word_1_223' title='bbox 1294 2719 1338 2774; x_wconf 87' lang='lat' dir='ltr'><strong>sui</strong></span> <span class='ocrx_word' id='word_1_224' title='bbox 1361 2734 1425 2772; x_wconf 88' lang='lat' dir='ltr'><strong>con·</strong></span> <span class='ocrx_word' id='word_1_225' title='bbox 1503 2715 1654 2788; x_wconf 83' lang='lat' dir='ltr'><strong>Superbus,</strong></span> <span class='ocrx_word' id='word_1_226' title='bbox 1679 2733 1743 2771; x_wconf 87' lang='lat' dir='ltr'><strong>cum</strong></span> <span class='ocrx_word' id='word_1_227' title='bbox 1763 2722 1834 2771; x_wconf 75' lang='lat' dir='ltr'><strong>cate-</strong></span> 
     </span>
     <span class='ocr_line' id='line_1_30' title="bbox 242 2796 1833 2868; baseline -0.003 -14"><span class='ocrx_word' id='word_1_228' title='bbox 242 2824 244 2828; x_wconf 96' lang='lat'>·</span> <span class='ocrx_word' id='word_1_229' title='bbox 1049 2803 1183 2868; x_wconf 90' lang='lat' dir='ltr'><strong>temptum</strong></span> <span class='ocrx_word' id='word_1_230' title='bbox 1212 2798 1347 2863; x_wconf 85' lang='lat' dir='ltr'><strong>ascendet,</strong></span> <span class='ocrx_word' id='word_1_231' title='bbox 1378 2798 1425 2852; x_wconf 88' lang='lat' dir='ltr'><strong>tiet</strong></span> <span class='ocrx_word' id='word_1_232' title='bbox 1463 2813 1509 2853; x_wconf 86' lang='lat' dir='ltr'><strong>ros</strong></span> <span class='ocrx_word' id='word_1_233' title='bbox 1522 2796 1833 2863; x_wconf 82' lang='lat' dir='ltr'><strong>contemnit,seinte1im</strong></span> 
     </span>
     <span class='ocr_line' id='line_1_31' title="bbox 585 2875 1591 2951; baseline -0.001 -19"><span class='ocrx_word' id='word_1_234' title='bbox 585 2892 642 2933; x_wconf 69' lang='grc' dir='ltr'><strong>ιιι.</strong></span> <span class='ocrx_word' id='word_1_235' title='bbox 1049 2877 1157 2934; x_wconf 90' lang='lat' dir='ltr'><strong>demum</strong></span> <span class='ocrx_word' id='word_1_236' title='bbox 1170 2876 1355 2951; x_wconf 84' lang='lat' dir='ltr'><strong>philosophia.</strong></span> <span class='ocrx_word' id='word_1_237' title='bbox 1464 2875 1591 2950; x_wconf 76' lang='lat' dir='ltr'><strong>negligit.</strong></span> 
     </span>
    </p>
   </div>
   <div class='ocr_carea' id='block_1_7' title="bbox 376 3018 882 3151">
    <p class='ocr_par' dir='ltr' id='par_1_9' title="bbox 376 3018 882 3151">
     <span class='ocr_line' id='line_1_32' title="bbox 570 3018 662 3059; baseline -0.011 -1"><span class='ocrx_word' id='word_1_238' title='bbox 570 3018 662 3059; x_wconf 76' lang='lat' dir='ltr'><strong>vm.</strong></span> 
     </span>
     <span class='ocr_line' id='line_1_33' title="bbox 376 3109 882 3151; baseline -0.006 0"><span class='ocrx_word' id='word_1_239' title='bbox 376 3113 439 3151; x_wconf 73' lang='lat' dir='ltr'><strong>Pan.</strong></span> <span class='ocrx_word' id='word_1_240' title='bbox 759 3109 882 3151; x_wconf 70' lang='lat' dir='ltr'><strong>OON&#39;I&#39;RA.</strong></span> 
     </span>
    </p>
   </div>
   <div class='ocr_carea' id='block_1_8' title="bbox 218 3188 1840 4531">
    <p class='ocr_par' dir='ltr' id='par_1_10' title="bbox 218 3188 1840 4531">
     <span class='ocr_line' id='line_1_34' title="bbox 258 3188 1012 3260; baseline -0.009 -12"><span class='ocrx_word' id='word_1_241' title='bbox 258 3188 592 3248; x_wconf 79' lang='lat' dir='ltr'><strong>Absurdumestacciden·</strong></span> <span class='ocrx_word' id='word_1_242' title='bbox 670 3188 835 3260; x_wconf 80' lang='lat' dir='ltr'><strong>Philosophi</strong></span> <span class='ocrx_word' id='word_1_243' title='bbox 864 3188 929 3242; x_wconf 92' lang='lat' dir='ltr'><strong>dnm</strong></span> <span class='ocrx_word' id='word_1_244' title='bbox 953 3194 1012 3242; x_wconf 89' lang='lat' dir='ltr'><strong>tau·</strong></span> 
     </span>
     <span class='ocr_line' id='line_1_35' title="bbox 218 3267 1713 3341; baseline -0.002 -15"><span class='ocrx_word' id='word_1_245' title='bbox 218 3271 259 3326; x_wconf 90' lang='lat' dir='ltr'><strong>tia</strong></span> <span class='ocrx_word' id='word_1_246' title='bbox 284 3271 347 3325; x_wconf 82' lang='lat' dir='ltr'><strong>vitan</strong></span> <span class='ocrx_word' id='word_1_247' title='bbox 373 3269 462 3341; x_wconf 79' lang='lat' dir='ltr'><strong>magia</strong></span> <span class='ocrx_word' id='word_1_248' title='bbox 491 3285 591 3334; x_wconf 87' lang='lat' dir='ltr'><strong>amare,</strong></span> <span class='ocrx_word' id='word_1_249' title='bbox 631 3275 689 3322; x_wconf 90' lang='lat' dir='ltr'><strong>tum</strong></span> <span class='ocrx_word' id='word_1_250' title='bbox 710 3276 869 3340; x_wconf 89' lang='lat' dir='ltr'><strong>apparatum</strong></span> <span class='ocrx_word' id='word_1_251' title='bbox 883 3267 1011 3323; x_wconf 83' lang='lat' dir='ltr'><strong>adversus</strong></span> <span class='ocrx_word' id='word_1_252' title='bbox 1205 3268 1272 3309; x_wconf 66' lang='lat'><strong>¹²²⁰·</strong></span> <span class='ocrx_word' id='word_1_253' title='bbox 1586 3268 1713 3309; x_wconf 53' lang='lat' dir='ltr'><strong>⁰⁰⁸⁷ss</strong></span> 
     </span>
     <span class='ocr_line' id='line_1_36' title="bbox 219 3345 1833 3425; baseline -0.002 -19"><span class='ocrx_word' id='word_1_254' title='bbox 219 3368 302 3425; x_wconf 88' lang='lat' dir='ltr'><strong>quam</strong></span> <span class='ocrx_word' id='word_1_255' title='bbox 315 3350 398 3404; x_wconf 86' lang='lat' dir='ltr'><strong>vitam</strong></span> <span class='ocrx_word' id='word_1_256' title='bbox 415 3350 513 3420; x_wconf 82' lang='lat' dir='ltr'><strong>ipsam.</strong></span> <span class='ocrx_word' id='word_1_257' title='bbox 631 3354 747 3403; x_wconf 91' lang='lat' dir='ltr'><strong>mortem</strong></span> <span class='ocrx_word' id='word_1_258' title='bbox 766 3347 904 3418; x_wconf 80' lang='lat' dir='ltr'><strong>colligunt,</strong></span> <span class='ocrx_word' id='word_1_259' title='bbox 922 3348 1011 3418; x_wconf 79' lang='lat' dir='ltr'><strong>ipsam</strong></span> <span class='ocrx_word' id='word_1_260' title='bbox 1089 3345 1201 3402; x_wconf 79' lang='lat' dir='ltr'><strong>Crimen</strong></span> <span class='ocrx_word' id='word_1_261' title='bbox 1222 3348 1322 3419; x_wconf 76' lang='lat' dir='ltr'><strong>ingrati</strong></span> <span class='ocrx_word' id='word_1_262' title='bbox 1342 3348 1426 3402; x_wconf 88' lang='lat' dir='ltr'><strong>animi</strong></span> <span class='ocrx_word' id='word_1_263' title='bbox 1506 3348 1618 3403; x_wconf 83' lang='lat' dir='ltr'><strong>Crimen</strong></span> <span class='ocrx_word' id='word_1_264' title='bbox 1632 3348 1735 3420; x_wconf 78' lang='lat' dir='ltr'><strong>ingrati</strong></span> <span class='ocrx_word' id='word_1_265' title='bbox 1750 3346 1833 3411; x_wconf 82' lang='lat' dir='ltr'><strong>animi,</strong></span> 
     </span>
     <span class='ocr_line' id='line_1_37' title="bbox 258 3425 1834 3498; baseline -0.001 -14"><span class='ocrx_word' id='word_1_266' title='bbox 258 3425 592 3492; x_wconf 70' lang='lat' dir='ltr'><strong>Praestatadomniaeti·</strong></span> <span class='ocrx_word' id='word_1_267' title='bbox 633 3429 721 3498; x_wconf 81' lang='lat' dir='ltr'><strong>magis</strong></span> <span class='ocrx_word' id='word_1_268' title='bbox 743 3427 892 3483; x_wconf 87' lang='lat' dir='ltr'><strong>timendam</strong></span> <span class='ocrx_word' id='word_1_269' title='bbox 917 3428 1011 3483; x_wconf 87' lang='lat' dir='ltr'><strong>effece-</strong></span> <span class='ocrx_word' id='word_1_270' title='bbox 1049 3426 1090 3481; x_wconf 91' lang='lat' dir='ltr'><strong>nil</strong></span> <span class='ocrx_word' id='word_1_271' title='bbox 1110 3426 1185 3482; x_wconf 87' lang='lat' dir='ltr'><strong>alind</strong></span> <span class='ocrx_word' id='word_1_272' title='bbox 1199 3433 1247 3492; x_wconf 85' lang='lat' dir='ltr'><strong>est,</strong></span> <span class='ocrx_word' id='word_1_273' title='bbox 1265 3443 1346 3498; x_wconf 90' lang='lat' dir='ltr'><strong>quam</strong></span> <span class='ocrx_word' id='word_1_274' title='bbox 1362 3444 1426 3498; x_wconf 91' lang='lat' dir='ltr'><strong>per·</strong></span> <span class='ocrx_word' id='word_1_275' title='bbox 1466 3443 1521 3481; x_wconf 89' lang='lat' dir='ltr'><strong>nou</strong></span> <span class='ocrx_word' id='word_1_276' title='bbox 1534 3428 1679 3497; x_wconf 74' lang='lat' dir='ltr'><strong>suppliciis</strong></span> <span class='ocrx_word' id='word_1_277' title='bbox 1699 3427 1834 3490; x_wconf 67' lang='lat' dir='ltr'><strong>coercetur,</strong></span> 
     </span>
     <span class='ocr_line' id='line_1_38' title="bbox 219 3506 1792 3578; baseline -0.003 -13"><span class='ocrx_word' id='word_1_278' title='bbox 219 3527 265 3565; x_wconf 89' lang='lat' dir='ltr'><strong>am</strong></span> <span class='ocrx_word' id='word_1_279' title='bbox 280 3509 464 3573; x_wconf 76' lang='lat' dir='ltr'><strong>advirttttem,</strong></span> <span class='ocrx_word' id='word_1_280' title='bbox 478 3508 595 3562; x_wconf 85' lang='lat' dir='ltr'><strong>curricu-</strong></span> <span class='ocrx_word' id='word_1_281' title='bbox 632 3516 702 3561; x_wconf 87' lang='lat' dir='ltr'><strong>runt.</strong></span> <span class='ocrx_word' id='word_1_282' title='bbox 1050 3507 1168 3576; x_wconf 86' lang='lat' dir='ltr'><strong>spicacia</strong></span> <span class='ocrx_word' id='word_1_283' title='bbox 1183 3507 1306 3578; x_wconf 73' lang='lat' dir='ltr'><strong>quiedam</strong></span> <span class='ocrx_word' id='word_1_284' title='bbox 1319 3507 1349 3561; x_wconf 90' lang='lat' dir='ltr'><strong>in</strong></span> <span class='ocrx_word' id='word_1_285' title='bbox 1366 3523 1428 3561; x_wconf 87' lang='lat' dir='ltr'><strong>cau·</strong></span> <span class='ocrx_word' id='word_1_286' title='bbox 1467 3506 1515 3561; x_wconf 87' lang='lat' dir='ltr'><strong>sed</strong></span> <span class='ocrx_word' id='word_1_287' title='bbox 1528 3507 1606 3561; x_wconf 81' lang='lat' dir='ltr'><strong>iuriis</strong></span> <span class='ocrx_word' id='word_1_288' title='bbox 1620 3508 1792 3577; x_wconf 87' lang='lat' dir='ltr'><strong>permittitur.</strong></span> 
     </span>
     <span class='ocr_line' id='line_1_39' title="bbox 218 3582 1836 3659; baseline -0.003 -14"><span class='ocrx_word' id='word_1_289' title='bbox 218 3588 493 3659; x_wconf 74' lang='lat' dir='ltr'><strong>lumlongumquam</strong></span> <span class='ocrx_word' id='word_1_290' title='bbox 501 3586 592 3642; x_wconf 89' lang='lat' dir='ltr'><strong>breve.</strong></span> <span class='ocrx_word' id='word_1_291' title='bbox 674 3582 795 3641; x_wconf 90' lang='lat' dir='ltr'><strong>Mortem</strong></span> <span class='ocrx_word' id='word_1_292' title='bbox 822 3584 948 3640; x_wconf 83' lang='lat' dir='ltr'><strong>homines</strong></span> <span class='ocrx_word' id='word_1_293' title='bbox 974 3586 1011 3640; x_wconf 90' lang='lat' dir='ltr'><strong>ti·</strong></span> <span class='ocrx_word' id='word_1_294' title='bbox 1050 3602 1110 3641; x_wconf 84' lang='lat' dir='ltr'><strong>sam</strong></span> <span class='ocrx_word' id='word_1_295' title='bbox 1123 3586 1248 3641; x_wconf 83' lang='lat' dir='ltr'><strong>beneficii</strong></span> <span class='ocrx_word' id='word_1_296' title='bbox 1265 3585 1365 3640; x_wconf 85' lang='lat' dir='ltr'><strong>collati.</strong></span> <span class='ocrx_word' id='word_1_297' title='bbox 1508 3585 1632 3641; x_wconf 83' lang='lat' dir='ltr'><strong>Arctiora</strong></span> <span class='ocrx_word' id='word_1_298' title='bbox 1658 3595 1722 3641; x_wconf 87' lang='lat' dir='ltr'><strong>aunt</strong></span> <span class='ocrx_word' id='word_1_299' title='bbox 1737 3585 1836 3641; x_wconf 78' lang='lat' dir='ltr'><strong>vincalo</strong></span> 
     </span>
     <span class='ocr_line' id='line_1_40' title="bbox 258 3664 1836 3740; baseline -0.002 -17"><span class='ocrx_word' id='word_1_300' title='bbox 258 3669 370 3740; x_wconf 81' lang='lat' dir='ltr'><strong>Absque</strong></span> <span class='ocrx_word' id='word_1_301' title='bbox 403 3667 502 3738; x_wconf 86' lang='lat' dir='ltr'><strong>spatiis</strong></span> <span class='ocrx_word' id='word_1_302' title='bbox 531 3666 594 3721; x_wconf 78' lang='lat' dir='ltr'><strong>vite</strong></span> <span class='ocrx_word' id='word_1_303' title='bbox 633 3673 717 3730; x_wconf 92' lang='lat' dir='ltr'><strong>ment,</strong></span> <span class='ocrx_word' id='word_1_304' title='bbox 730 3665 804 3736; x_wconf 79' lang='lat' dir='ltr'><strong>‘quia</strong></span> <span class='ocrx_word' id='word_1_305' title='bbox 829 3664 962 3731; x_wconf 84' lang='lat' dir='ltr'><strong>nesciunt,</strong></span> <span class='ocrx_word' id='word_1_306' title='bbox 981 3673 1012 3720; x_wconf 94' lang='lat' dir='ltr'><strong>ut</strong></span> <span class='ocrx_word' id='word_1_307' title='bbox 1088 3665 1162 3720; x_wconf 90' lang='lat' dir='ltr'><strong>Dum</strong></span> <span class='ocrx_word' id='word_1_308' title='bbox 1175 3665 1245 3736; x_wconf 74' lang='lat' dir='ltr'><strong>grati</strong></span> <span class='ocrx_word' id='word_1_309' title='bbox 1263 3682 1329 3737; x_wconf 77' lang='lat' dir='ltr'><strong>erga</strong></span> <span class='ocrx_word' id='word_1_310' title='bbox 1345 3681 1426 3736; x_wconf 84' lang='lat' dir='ltr'><strong>qnos-</strong></span> <span class='ocrx_word' id='word_1_311' title='bbox 1465 3665 1668 3731; x_wconf 85' lang='lat' dir='ltr'><strong>beneficiorum,</strong></span> <span class='ocrx_word' id='word_1_312' title='bbox 1688 3683 1770 3737; x_wconf 88' lang='lat' dir='ltr'><strong>quam</strong></span> <span class='ocrx_word' id='word_1_313' title='bbox 1786 3666 1836 3720; x_wconf 65' lang='lat' dir='ltr'><strong>om</strong></span> 
     </span>
     <span class='ocr_line' id='line_1_41' title="bbox 218 3744 1836 3817; baseline -0.002 -15"><span class='ocrx_word' id='word_1_314' title='bbox 218 3748 375 3817; x_wconf 86' lang='lat' dir='ltr'><strong>majoribus,</strong></span> <span class='ocrx_word' id='word_1_315' title='bbox 388 3763 439 3801; x_wconf 85' lang='lat' dir='ltr'><strong>nec</strong></span> <span class='ocrx_word' id='word_1_316' title='bbox 463 3747 594 3817; x_wconf 87' lang='lat' dir='ltr'><strong>perficere</strong></span> <span class='ocrx_word' id='word_1_317' title='bbox 633 3745 720 3815; x_wconf 89' lang='lat' dir='ltr'><strong>pueri,</strong></span> <span class='ocrx_word' id='word_1_318' title='bbox 735 3744 870 3800; x_wconf 89' lang='lat' dir='ltr'><strong>tenebras.</strong></span> <span class='ocrx_word' id='word_1_319' title='bbox 1050 3745 1113 3799; x_wconf 90' lang='lat' dir='ltr'><strong>dam</strong></span> <span class='ocrx_word' id='word_1_320' title='bbox 1135 3761 1195 3799; x_wconf 84' lang='lat' dir='ltr'><strong>eece</strong></span> <span class='ocrx_word' id='word_1_321' title='bbox 1212 3744 1355 3810; x_wconf 80' lang='lat' dir='ltr'><strong>volumua;</strong></span> <span class='ocrx_word' id='word_1_322' title='bbox 1375 3761 1426 3799; x_wconf 86' lang='lat' dir='ltr'><strong>nec</strong></span> <span class='ocrx_word' id='word_1_323' title='bbox 1466 3744 1587 3801; x_wconf 80' lang='lat' dir='ltr'><strong>ciorum:</strong></span> <span class='ocrx_word' id='word_1_324' title='bbox 1620 3762 1705 3817; x_wconf 87' lang='lat' dir='ltr'><strong>quare</strong></span> <span class='ocrx_word' id='word_1_325' title='bbox 1731 3747 1778 3817; x_wconf 81' lang='lat' dir='ltr'><strong>qm</strong></span> <span class='ocrx_word' id='word_1_326' title='bbox 1801 3745 1836 3799; x_wconf 88' lang='lat' dir='ltr'><strong>iu·</strong></span> 
     </span>
     <span class='ocr_line' id='line_1_42' title="bbox 219 3823 1837 3898; baseline -0.004 -16"><span class='ocrx_word' id='word_1_327' title='bbox 219 3828 305 3893; x_wconf 85' lang='lat' dir='ltr'><strong>datur,</strong></span> <span class='ocrx_word' id='word_1_328' title='bbox 318 3842 369 3882; x_wconf 89' lang='lat' dir='ltr'><strong>nec</strong></span> <span class='ocrx_word' id='word_1_329' title='bbox 382 3825 530 3898; x_wconf 88' lang='lat' dir='ltr'><strong>perdicere,</strong></span> <span class='ocrx_word' id='word_1_330' title='bbox 544 3840 594 3879; x_wconf 84' lang='lat' dir='ltr'><strong>nec</strong></span> <span class='ocrx_word' id='word_1_331' title='bbox 672 3825 739 3878; x_wconf 84' lang='lat' dir='ltr'><strong>Nou</strong></span> <span class='ocrx_word' id='word_1_332' title='bbox 747 3823 871 3879; x_wconf 84' lang='lat' dir='ltr'><strong>invenias</strong></span> <span class='ocrx_word' id='word_1_333' title='bbox 881 3823 1012 3879; x_wconf 84' lang='lat' dir='ltr'><strong>interbu-</strong></span> <span class='ocrx_word' id='word_1_334' title='bbox 1050 3824 1156 3879; x_wconf 78' lang='lat' dir='ltr'><strong>caeteris</strong></span> <span class='ocrx_word' id='word_1_335' title='bbox 1170 3824 1304 3892; x_wconf 83' lang='lat' dir='ltr'><strong>justitiam</strong></span> <span class='ocrx_word' id='word_1_336' title='bbox 1317 3832 1428 3894; x_wconf 80' lang='lat' dir='ltr'><strong>proeata-</strong></span> <span class='ocrx_word' id='word_1_337' title='bbox 1467 3834 1570 3895; x_wconf 77' lang='lat' dir='ltr'><strong>gratus,</strong></span> <span class='ocrx_word' id='word_1_338' title='bbox 1584 3826 1670 3880; x_wconf 89' lang='lat' dir='ltr'><strong>etiam</strong></span> <span class='ocrx_word' id='word_1_339' title='bbox 1683 3826 1837 3896; x_wconf 65' lang='lat' dir='ltr'><strong>injurtnaet</strong></span> 
     </span>
     <span class='ocr_line' id='line_1_43' title="bbox 219 3903 1568 3978; baseline -0.001 -17"><span class='ocrx_word' id='word_1_340' title='bbox 219 3908 360 3978; x_wconf 87' lang='lat' dir='ltr'><strong>poenitcre.</strong></span> <span class='ocrx_word' id='word_1_341' title='bbox 635 3919 729 3958; x_wconf 85' lang='lat' dir='ltr'><strong>manoe</strong></span> <span class='ocrx_word' id='word_1_342' title='bbox 747 3904 873 3958; x_wconf 82' lang='lat' dir='ltr'><strong>affectum</strong></span> <span class='ocrx_word' id='word_1_343' title='bbox 891 3911 946 3957; x_wconf 91' lang='lat' dir='ltr'><strong>tam</strong></span> <span class='ocrx_word' id='word_1_344' title='bbox 965 3920 1013 3973; x_wconf 92' lang='lat' dir='ltr'><strong>pu·</strong></span> <span class='ocrx_word' id='word_1_345' title='bbox 1050 3922 1118 3967; x_wconf 85' lang='lat' dir='ltr'><strong>mus,</strong></span> <span class='ocrx_word' id='word_1_346' title='bbox 1139 3920 1190 3958; x_wconf 91' lang='lat' dir='ltr'><strong>nec</strong></span> <span class='ocrx_word' id='word_1_347' title='bbox 1211 3903 1290 3959; x_wconf 82' lang='lat' dir='ltr'><strong>uobis</strong></span> <span class='ocrx_word' id='word_1_348' title='bbox 1311 3904 1378 3975; x_wconf 85' lang='lat' dir='ltr'><strong>ipsis</strong></span> <span class='ocrx_word' id='word_1_349' title='bbox 1395 3904 1428 3958; x_wconf 92' lang='lat' dir='ltr'><strong>li·</strong></span> <span class='ocrx_word' id='word_1_350' title='bbox 1467 3905 1568 3959; x_wconf 89' lang='lat' dir='ltr'><strong>omnia.</strong></span> 
     </span>
     <span class='ocr_line' id='line_1_44' title="bbox 635 3981 1838 4054; baseline -0.001 -18"><span class='ocrx_word' id='word_1_351' title='bbox 635 3981 735 4048; x_wconf 87' lang='lat' dir='ltr'><strong>sillum,</strong></span> <span class='ocrx_word' id='word_1_352' title='bbox 750 3984 805 4054; x_wconf 92' lang='lat' dir='ltr'><strong>qui,</strong></span> <span class='ocrx_word' id='word_1_353' title='bbox 820 3983 844 4037; x_wconf 87' lang='lat' dir='ltr'><strong>ai</strong></span> <span class='ocrx_word' id='word_1_354' title='bbox 859 3982 1013 4038; x_wconf 85' lang='lat' dir='ltr'><strong>intendatur</strong></span> <span class='ocrx_word' id='word_1_355' title='bbox 1051 3984 1193 4038; x_wconf 87' lang='lat' dir='ltr'><strong>bertatem.</strong></span> <span class='ocrx_word' id='word_1_356' title='bbox 1506 3983 1548 4038; x_wconf 88' lang='lat' dir='ltr'><strong>Ea</strong></span> <span class='ocrx_word' id='word_1_357' title='bbox 1562 3991 1605 4038; x_wconf 89' lang='lat' dir='ltr'><strong>est</strong></span> <span class='ocrx_word' id='word_1_358' title='bbox 1618 3984 1738 4038; x_wconf 90' lang='lat' dir='ltr'><strong>conditio</strong></span> <span class='ocrx_word' id='word_1_359' title='bbox 1750 3983 1838 4037; x_wconf 87' lang='lat' dir='ltr'><strong>bama-</strong></span> 
     </span>
     <span class='ocr_line' id='line_1_45' title="bbox 633 4060 1838 4133; baseline 0 -18"><span class='ocrx_word' id='word_1_360' title='bbox 633 4062 717 4133; x_wconf 90' lang='lat' dir='ltr'><strong>paulo</strong></span> <span class='ocrx_word' id='word_1_361' title='bbox 740 4062 936 4127; x_wconf 75' lang='lat' dir='ltr'><strong>vehementius,</strong></span> <span class='ocrx_word' id='word_1_362' title='bbox 957 4079 1013 4116; x_wconf 90' lang='lat' dir='ltr'><strong>nou</strong></span> <span class='ocrx_word' id='word_1_363' title='bbox 1091 4062 1222 4117; x_wconf 82' lang='lat' dir='ltr'><strong>Beneficii</strong></span> <span class='ocrx_word' id='word_1_364' title='bbox 1235 4061 1324 4132; x_wconf 77' lang='lat' dir='ltr'><strong>gratia</strong></span> <span class='ocrx_word' id='word_1_365' title='bbox 1336 4078 1370 4116; x_wconf 87' lang='lat' dir='ltr'><strong>eo</strong></span> <span class='ocrx_word' id='word_1_366' title='bbox 1380 4060 1428 4116; x_wconf 93' lang='lat' dir='ltr'><strong>mi·</strong></span> <span class='ocrx_word' id='word_1_367' title='bbox 1467 4079 1521 4117; x_wconf 74' lang='lat' dir='ltr'><strong>nac</strong></span> <span class='ocrx_word' id='word_1_368' title='bbox 1547 4080 1629 4119; x_wconf 89' lang='lat' dir='ltr'><strong>nemo</strong></span> <span class='ocrx_word' id='word_1_369' title='bbox 1654 4071 1712 4118; x_wconf 87' lang='lat' dir='ltr'><strong>tam</strong></span> <span class='ocrx_word' id='word_1_370' title='bbox 1737 4061 1838 4133; x_wconf 87' lang='lat' dir='ltr'><strong>publica</strong></span> 
     </span>
     <span class='ocr_line' id='line_1_46' title="bbox 633 4140 1839 4212; baseline 0 -17"><span class='ocrx_word' id='word_1_371' title='bbox 633 4142 729 4196; x_wconf 83' lang='lat' dir='ltr'><strong>mortio</strong></span> <span class='ocrx_word' id='word_1_372' title='bbox 743 4149 844 4197; x_wconf 88' lang='lat' dir='ltr'><strong>metum</strong></span> <span class='ocrx_word' id='word_1_373' title='bbox 857 4150 975 4211; x_wconf 83' lang='lat' dir='ltr'><strong>superet.</strong></span> <span class='ocrx_word' id='word_1_374' title='bbox 1052 4159 1104 4197; x_wconf 82' lang='lat' dir='ltr'><strong>nus</strong></span> <span class='ocrx_word' id='word_1_375' title='bbox 1123 4141 1260 4197; x_wconf 89' lang='lat' dir='ltr'><strong>reddenda</strong></span> <span class='ocrx_word' id='word_1_376' title='bbox 1281 4149 1330 4206; x_wconf 87' lang='lat' dir='ltr'><strong>eet,</strong></span> <span class='ocrx_word' id='word_1_377' title='bbox 1356 4141 1429 4211; x_wconf 90' lang='lat' dir='ltr'><strong>quod</strong></span> <span class='ocrx_word' id='word_1_378' title='bbox 1468 4143 1576 4196; x_wconf 81' lang='lat' dir='ltr'><strong>fortuna</strong></span> <span class='ocrx_word' id='word_1_379' title='bbox 1599 4149 1681 4197; x_wconf 86' lang='lat' dir='ltr'><strong>natus</strong></span> <span class='ocrx_word' id='word_1_380' title='bbox 1708 4150 1757 4207; x_wconf 87' lang='lat' dir='ltr'><strong>eat,</strong></span> <span class='ocrx_word' id='word_1_381' title='bbox 1779 4140 1839 4212; x_wconf 88' lang='lat' dir='ltr'><strong>quin</strong></span> 
     </span>
     <span class='ocr_line' id='line_1_47' title="bbox 674 4219 1840 4294; baseline -0.002 -19"><span class='ocrx_word' id='word_1_382' title='bbox 674 4221 748 4275; x_wconf 87' lang='lat' dir='ltr'><strong>Mori</strong></span> <span class='ocrx_word' id='word_1_383' title='bbox 768 4221 848 4286; x_wconf 87' lang='lat' dir='ltr'><strong>velle,</strong></span> <span class='ocrx_word' id='word_1_384' title='bbox 873 4238 928 4275; x_wconf 92' lang='lat' dir='ltr'><strong>non</strong></span> <span class='ocrx_word' id='word_1_385' title='bbox 955 4229 1013 4275; x_wconf 89' lang='lat' dir='ltr'><strong>tan·</strong></span> <span class='ocrx_word' id='word_1_386' title='bbox 1051 4222 1085 4278; x_wconf 89' lang='lat' dir='ltr'><strong>de</strong></span> <span class='ocrx_word' id='word_1_387' title='bbox 1098 4222 1187 4294; x_wconf 89' lang='lat' dir='ltr'><strong>pretio</strong></span> <span class='ocrx_word' id='word_1_388' title='bbox 1199 4238 1255 4277; x_wconf 86' lang='lat' dir='ltr'><strong>non</strong></span> <span class='ocrx_word' id='word_1_389' title='bbox 1269 4227 1380 4278; x_wconf 77' lang='lat' dir='ltr'><strong>constat</strong></span> <span class='ocrx_word' id='word_1_390' title='bbox 1467 4223 1580 4292; x_wconf 77' lang='lat' dir='ltr'><strong>privatae</strong></span> <span class='ocrx_word' id='word_1_391' title='bbox 1594 4230 1622 4277; x_wconf 91' lang='lat' dir='ltr'><strong>et</strong></span> <span class='ocrx_word' id='word_1_392' title='bbox 1636 4219 1840 4293; x_wconf 61' lang='lat' dir='ltr'><strong>gratimetvin-</strong></span> 
     </span>
     <span class='ocr_line' id='line_1_48' title="bbox 635 4300 1838 4369; baseline -0.001 -14"><span class='ocrx_word' id='word_1_393' title='bbox 635 4307 693 4355; x_wconf 91' lang='lat' dir='ltr'><strong>tum</strong></span> <span class='ocrx_word' id='word_1_394' title='bbox 706 4301 790 4365; x_wconf 81' lang='lat' dir='ltr'><strong>fortia,</strong></span> <span class='ocrx_word' id='word_1_395' title='bbox 802 4310 848 4355; x_wconf 87' lang='lat' dir='ltr'><strong>aut</strong></span> <span class='ocrx_word' id='word_1_396' title='bbox 861 4301 951 4365; x_wconf 81' lang='lat' dir='ltr'><strong>miser,</strong></span> <span class='ocrx_word' id='word_1_397' title='bbox 967 4308 1013 4356; x_wconf 92' lang='lat' dir='ltr'><strong>aut</strong></span> <span class='ocrx_word' id='word_1_398' title='bbox 1467 4301 1555 4369; x_wconf 80' lang='lat' dir='ltr'><strong>dictae,</strong></span> <span class='ocrx_word' id='word_1_399' title='bbox 1569 4319 1600 4358; x_wconf 87' lang='lat' dir='ltr'><strong>se</strong></span> <span class='ocrx_word' id='word_1_400' title='bbox 1614 4302 1727 4358; x_wconf 88' lang='lat' dir='ltr'><strong>omnino</strong></span> <span class='ocrx_word' id='word_1_401' title='bbox 1739 4300 1838 4355; x_wconf 82' lang='lat' dir='ltr'><strong>debeat</strong></span> 
     </span>
     <span class='ocr_line' id='line_1_49' title="bbox 634 4380 1014 4450; baseline 0.003 -15"><span class='ocrx_word' id='word_1_402' title='bbox 634 4380 763 4450; x_wconf 87' lang='lat' dir='ltr'><strong>prudens,</strong></span> <span class='ocrx_word' id='word_1_403' title='bbox 778 4380 922 4436; x_wconf 80' lang='lat' dir='ltr'><strong>sedetiam</strong></span> <span class='ocrx_word' id='word_1_404' title='bbox 939 4381 1014 4436; x_wconf 75' lang='lat' dir='ltr'><strong>iusti</strong></span> 
     </span>
     <span class='ocr_line' id='line_1_50' title="bbox 635 4458 1482 4531; baseline 0.005 -19"><span class='ocrx_word' id='word_1_405' title='bbox 635 4458 728 4515; x_wconf 83' lang='lat' dir='ltr'><strong>diosus</strong></span> <span class='ocrx_word' id='word_1_406' title='bbox 742 4466 841 4531; x_wconf 83' lang='lat' dir='ltr'><strong>potest.</strong></span> <span class='ocrx_word' id='word_1_407' title='bbox 1414 4476 1482 4516; x_wconf 83' lang='lat' dir='ltr'><strong>xvr.</strong></span> 
     </span>
    </p>
   </div>
   <div class='ocr_carea' id='block_1_9' title="bbox 1330 3052 1570 3202">
    <p class='ocr_par' dir='ltr' id='par_1_11' title="bbox 1330 3052 1570 3202">
     <span class='ocr_line' id='line_1_51' title="bbox 1418 3052 1471 3092; baseline -0.019 0"><span class='ocrx_word' id='word_1_408' title='bbox 1418 3052 1471 3092; x_wconf 76' lang='lat' dir='ltr'><strong>xV.</strong></span> 
     </span>
     <span class='ocr_line' id='line_1_52' title="bbox 1330 3159 1570 3202; baseline -0.021 0"><span class='ocrx_word' id='word_1_409' title='bbox 1330 3159 1570 3202; x_wconf 72' lang='lat' dir='ltr'><strong>mouanlwno.</strong></span> 
     </span>
    </p>
   </div>
   <div class='ocr_carea' id='block_1_10' title="bbox 1209 4599 1721 4734">
    <p class='ocr_par' dir='ltr' id='par_1_12' title="bbox 1209 4599 1721 4734">
     <span class='ocr_line' id='line_1_53' title="bbox 1377 4599 1522 4640; baseline -0.007 0"><span class='ocrx_word' id='word_1_410' title='bbox 1377 4599 1522 4640; x_wconf 74' lang='lat' dir='ltr'><strong>lnvlnu.</strong></span> 
     </span>
     <span class='ocr_line' id='line_1_54' title="bbox 1209 4692 1721 4734; baseline -0.004 0"><span class='ocrx_word' id='word_1_411' title='bbox 1209 4693 1275 4734; x_wconf 71' lang='lat' dir='ltr'><strong>PRO.</strong></span> <span class='ocrx_word' id='word_1_412' title='bbox 1595 4692 1721 4734; x_wconf 69' lang='lat' dir='ltr'><strong>OONTRA.</strong></span> 
     </span>
    </p>
   </div>
   <div class='ocr_carea' id='block_1_11' title="bbox 221 4756 1840 5556">
    <p class='ocr_par' dir='ltr' id='par_1_13' title="bbox 379 4756 1840 4924">
     <span class='ocr_line' id='line_1_55' title="bbox 509 4756 1840 4843; baseline -0.004 -15"><span class='ocrx_word' id='word_1_413' title='bbox 509 4756 730 4836; x_wconf 50' lang='lat' dir='ltr'><strong>wmsfflw‘</strong></span> <span class='ocrx_word' id='word_1_414' title='bbox 1091 4771 1430 4843; x_wconf 85' lang='lat' dir='ltr'><strong>Naturaleeatexprobra·</strong></span> <span class='ocrx_word' id='word_1_415' title='bbox 1510 4772 1617 4829; x_wconf 83' lang='lat' dir='ltr'><strong>Invidia</strong></span> <span class='ocrx_word' id='word_1_416' title='bbox 1625 4774 1710 4829; x_wconf 82' lang='lat' dir='ltr'><strong>festos</strong></span> <span class='ocrx_word' id='word_1_417' title='bbox 1722 4770 1840 4826; x_wconf 83' lang='lat' dir='ltr'><strong>diesuou</strong></span> 
     </span>
     <span class='ocr_line' id='line_1_56' title="bbox 379 4850 1536 4924; baseline -0.001 -16"><span class='ocrx_word' id='word_1_418' title='bbox 379 4850 443 4891; x_wconf 66' lang='lat'><strong>¹²⁸⁰·</strong></span> <span class='ocrx_word' id='word_1_419' title='bbox 763 4850 888 4891; x_wconf 61' lang='lat' dir='ltr'><strong>mm·</strong></span> <span class='ocrx_word' id='word_1_420' title='bbox 1053 4852 1155 4908; x_wconf 89' lang='lat' dir='ltr'><strong>tionem</strong></span> <span class='ocrx_word' id='word_1_421' title='bbox 1208 4853 1324 4908; x_wconf 68' lang='lat' dir='ltr'><strong>foruna</strong></span> <span class='ocrx_word' id='word_1_422' title='bbox 1373 4868 1430 4907; x_wconf 77' lang='lat' dir='ltr'><strong>eun</strong></span> <span class='ocrx_word' id='word_1_423' title='bbox 1469 4853 1536 4924; x_wconf 75' lang='lat' dir='ltr'><strong>agit.</strong></span> 
     </span>
    </p>

    <p class='ocr_par' dir='ltr' id='par_1_14' title="bbox 221 4923 1839 5160">
     <span class='ocr_line' id='line_1_57' title="bbox 262 4923 1839 5002; baseline -0.002 -17"><span class='ocrx_word' id='word_1_424' title='bbox 262 4929 315 4993; x_wconf 89' lang='lat' dir='ltr'><strong>Qui</strong></span> <span class='ocrx_word' id='word_1_425' title='bbox 328 4929 387 4985; x_wconf 77' lang='lat' dir='ltr'><strong>zelo</strong></span> <span class='ocrx_word' id='word_1_426' title='bbox 404 4923 595 5002; x_wconf 77' lang='lat' dir='ltr'><strong>peccant‚&#39;non</strong></span> <span class='ocrx_word' id='word_1_427' title='bbox 674 4929 715 4983; x_wconf 88' lang='lat' dir='ltr'><strong>Ut</strong></span> <span class='ocrx_word' id='word_1_428' title='bbox 740 4929 836 4994; x_wconf 78' lang='lat' dir='ltr'><strong>simia,</strong></span> <span class='ocrx_word' id='word_1_429' title='bbox 865 4928 1015 4985; x_wconf 83' lang='lat' dir='ltr'><strong>similitudo</strong></span> <span class='ocrx_word' id='word_1_430' title='bbox 1053 4933 1152 4987; x_wconf 85' lang='lat' dir='ltr'><strong>odisse.</strong></span> <span class='ocrx_word' id='word_1_431' title='bbox 1509 4931 1602 4988; x_wconf 86' lang='lat' dir='ltr'><strong>Nemo</strong></span> <span class='ocrx_word' id='word_1_432' title='bbox 1611 4931 1706 4987; x_wconf 88' lang='lat' dir='ltr'><strong>virtuti</strong></span> <span class='ocrx_word' id='word_1_433' title='bbox 1719 4928 1839 4985; x_wconf 79' lang='lat' dir='ltr'><strong>invidiam</strong></span> 
     </span>
     <span class='ocr_line' id='line_1_58' title="bbox 221 5008 1839 5082; baseline -0.002 -16"><span class='ocrx_word' id='word_1_434' title='bbox 221 5010 363 5082; x_wconf 87' lang='lat' dir='ltr'><strong>probandi,</strong></span> <span class='ocrx_word' id='word_1_435' title='bbox 408 5009 457 5066; x_wconf 84' lang='lat' dir='ltr'><strong>sed</strong></span> <span class='ocrx_word' id='word_1_436' title='bbox 502 5017 596 5063; x_wconf 89' lang='lat' dir='ltr'><strong>tamen</strong></span> <span class='ocrx_word' id='word_1_437' title='bbox 634 5025 697 5063; x_wconf 92' lang='lat' dir='ltr'><strong>cum</strong></span> <span class='ocrx_word' id='word_1_438' title='bbox 723 5008 842 5074; x_wconf 92' lang='lat' dir='ltr'><strong>bomine,</strong></span> <span class='ocrx_word' id='word_1_439' title='bbox 861 5009 1015 5064; x_wconf 81' lang='lat' dir='ltr'><strong>deformita-</strong></span> <span class='ocrx_word' id='word_1_440' title='bbox 1093 5011 1202 5066; x_wconf 83' lang='lat' dir='ltr'><strong>Invidia</strong></span> <span class='ocrx_word' id='word_1_441' title='bbox 1227 5010 1258 5064; x_wconf 92' lang='lat' dir='ltr'><strong>iu</strong></span> <span class='ocrx_word' id='word_1_442' title='bbox 1284 5010 1431 5082; x_wconf 87' lang='lat' dir='ltr'><strong>rebnspub·</strong></span> <span class='ocrx_word' id='word_1_443' title='bbox 1470 5012 1689 5067; x_wconf 85' lang='lat' dir='ltr'><strong>reconciliaverit</strong></span> <span class='ocrx_word' id='word_1_444' title='bbox 1750 5015 1839 5079; x_wconf 81' lang='lat' dir='ltr'><strong>preter</strong></span> 
     </span>
     <span class='ocr_line' id='line_1_59' title="bbox 223 5087 1596 5160; baseline 0 -14"><span class='ocrx_word' id='word_1_445' title='bbox 223 5090 333 5145; x_wconf 80' lang='lat' dir='ltr'><strong>amandi</strong></span> <span class='ocrx_word' id='word_1_446' title='bbox 347 5095 418 5145; x_wconf 87' lang='lat' dir='ltr'><strong>sunt.</strong></span> <span class='ocrx_word' id='word_1_447' title='bbox 636 5093 692 5142; x_wconf 88' lang='lat' dir='ltr'><strong>tem</strong></span> <span class='ocrx_word' id='word_1_448' title='bbox 711 5087 803 5143; x_wconf 83' lang='lat' dir='ltr'><strong>addit:</strong></span> <span class='ocrx_word' id='word_1_449' title='bbox 829 5089 867 5142; x_wconf 86' lang='lat' dir='ltr'><strong>ita</strong></span> <span class='ocrx_word' id='word_1_450' title='bbox 887 5090 1015 5160; x_wconf 86' lang='lat' dir='ltr'><strong>supersti-</strong></span> <span class='ocrx_word' id='word_1_451' title='bbox 1052 5091 1122 5157; x_wconf 86' lang='lat' dir='ltr'><strong>licis,</strong></span> <span class='ocrx_word' id='word_1_452' title='bbox 1149 5097 1282 5160; x_wconf 89' lang='lat' dir='ltr'><strong>tanquam</strong></span> <span class='ocrx_word' id='word_1_453' title='bbox 1315 5090 1431 5148; x_wconf 83' lang='lat' dir='ltr'><strong>salubria</strong></span> <span class='ocrx_word' id='word_1_454' title='bbox 1470 5100 1596 5147; x_wconf 87' lang='lat' dir='ltr'><strong>mortem.</strong></span> 
     </span>
    </p>

    <p class='ocr_par' dir='ltr' id='par_1_15' title="bbox 222 5163 1838 5386">
     <span class='ocr_line' id='line_1_60' title="bbox 262 5163 1838 5231; baseline -0.003 -6"><span class='ocrx_word' id='word_1_455' title='bbox 262 5169 467 5225; x_wconf 83' lang='lat' dir='ltr'><strong>Mediocritates</strong></span> <span class='ocrx_word' id='word_1_456' title='bbox 485 5165 596 5221; x_wconf 87' lang='lat' dir='ltr'><strong>morali·</strong></span> <span class='ocrx_word' id='word_1_457' title='bbox 637 5166 713 5231; x_wconf 91' lang='lat' dir='ltr'><strong>tioni,</strong></span> <span class='ocrx_word' id='word_1_458' title='bbox 727 5166 875 5223; x_wconf 84' lang='lat' dir='ltr'><strong>similitudo</strong></span> <span class='ocrx_word' id='word_1_459' title='bbox 889 5186 951 5223; x_wconf 88' lang='lat' dir='ltr'><strong>cum</strong></span> <span class='ocrx_word' id='word_1_460' title='bbox 970 5186 1014 5224; x_wconf 89' lang='lat' dir='ltr'><strong>re·</strong></span> <span class='ocrx_word' id='word_1_461' title='bbox 1053 5171 1235 5227; x_wconf 84' lang='lat' dir='ltr'><strong>ostraciamus.</strong></span> <span class='ocrx_word' id='word_1_462' title='bbox 1512 5171 1617 5226; x_wconf 89' lang='lat' dir='ltr'><strong>Invidia</strong></span> <span class='ocrx_word' id='word_1_463' title='bbox 1627 5163 1838 5227; x_wconf 79' lang='lat' dir='ltr'><strong>virtuteelabori·</strong></span> 
     </span>
     <span class='ocr_line' id='line_1_61' title="bbox 222 5243 1838 5316; baseline -0.002 -14"><span class='ocrx_word' id='word_1_464' title='bbox 222 5247 274 5304; x_wconf 87' lang='lat' dir='ltr'><strong>bna</strong></span> <span class='ocrx_word' id='word_1_465' title='bbox 287 5249 427 5312; x_wconf 86' lang='lat' dir='ltr'><strong>debentur,</strong></span> <span class='ocrx_word' id='word_1_466' title='bbox 442 5244 599 5302; x_wconf 83' lang='lat' dir='ltr'><strong>extremita·</strong></span> <span class='ocrx_word' id='word_1_467' title='bbox 637 5243 750 5315; x_wconf 82' lang='lat' dir='ltr'><strong>ligione.</strong></span> <span class='ocrx_word' id='word_1_468' title='bbox 1470 5251 1648 5316; x_wconf 84' lang='lat' dir='ltr'><strong>buaexercct,</strong></span> <span class='ocrx_word' id='word_1_469' title='bbox 1657 5258 1687 5306; x_wconf 96' lang='lat' dir='ltr'><strong>ut</strong></span> <span class='ocrx_word' id='word_1_470' title='bbox 1696 5247 1765 5303; x_wconf 81' lang='lat' dir='ltr'><strong>Jnao</strong></span> <span class='ocrx_word' id='word_1_471' title='bbox 1774 5245 1838 5300; x_wconf 83' lang='lat' dir='ltr'><strong>Her·</strong></span> 
     </span>
     <span class='ocr_line' id='line_1_62' title="bbox 224 5323 1569 5386; baseline 0.004 -9"><span class='ocrx_word' id='word_1_472' title='bbox 224 5333 266 5382; x_wconf 79' lang='lat' dir='ltr'><strong>tao</strong></span> <span class='ocrx_word' id='word_1_473' title='bbox 280 5328 388 5382; x_wconf 79' lang='lat' dir='ltr'><strong>divinia.</strong></span> <span class='ocrx_word' id='word_1_474' title='bbox 676 5323 763 5384; x_wconf 84' lang='lat' dir='ltr'><strong>Quale</strong></span> <span class='ocrx_word' id='word_1_475' title='bbox 777 5325 867 5381; x_wconf 89' lang='lat' dir='ltr'><strong>odium</strong></span> <span class='ocrx_word' id='word_1_476' title='bbox 882 5334 923 5381; x_wconf 83' lang='lat' dir='ltr'><strong>eat</strong></span> <span class='ocrx_word' id='word_1_477' title='bbox 935 5327 1016 5383; x_wconf 82' lang='lat' dir='ltr'><strong>affec·</strong></span> <span class='ocrx_word' id='word_1_478' title='bbox 1469 5330 1569 5386; x_wconf 84' lang='lat' dir='ltr'><strong>aulem.</strong></span> 
     </span>
    </p>

    <p class='ocr_par' dir='ltr' id='par_1_16' title="bbox 225 5401 1389 5556">
     <span class='ocr_line' id='line_1_63' title="bbox 264 5401 1389 5476; baseline 0.001 -15"><span class='ocrx_word' id='word_1_479' title='bbox 264 5406 483 5476; x_wconf 79' lang='lat' dir='ltr'><strong>Superstitiosus,</strong></span> <span class='ocrx_word' id='word_1_480' title='bbox 506 5401 599 5476; x_wconf 78' lang='lat' dir='ltr'><strong>religi·</strong></span> <span class='ocrx_word' id='word_1_481' title='bbox 636 5402 746 5458; x_wconf 84' lang='lat' dir='ltr'><strong>tationis</strong></span> <span class='ocrx_word' id='word_1_482' title='bbox 765 5403 795 5457; x_wconf 90' lang='lat' dir='ltr'><strong>in</strong></span> <span class='ocrx_word' id='word_1_483' title='bbox 810 5405 944 5470; x_wconf 83' lang='lat' dir='ltr'><strong>civilibus,</strong></span> <span class='ocrx_word' id='word_1_484' title='bbox 961 5408 1015 5462; x_wconf 81' lang='lat' dir='ltr'><strong>tale</strong></span> <span class='ocrx_word' id='word_1_485' title='bbox 1385 5410 1389 5416; x_wconf 83' lang='lat'>&#39;</span> 
     </span>
     <span class='ocr_line' id='line_1_64' title="bbox 225 5482 1001 5556; baseline 0.004 -17"><span class='ocrx_word' id='word_1_486' title='bbox 225 5499 289 5539; x_wconf 81' lang='lat' dir='ltr'><strong>osus</strong></span> <span class='ocrx_word' id='word_1_487' title='bbox 302 5485 467 5556; x_wconf 75' lang='lat' dir='ltr'><strong>designatus.</strong></span> <span class='ocrx_word' id='word_1_488' title='bbox 637 5482 836 5553; x_wconf 73' lang='lat' dir='ltr'><strong>superstitionis</strong></span> <span class='ocrx_word' id='word_1_489' title='bbox 849 5485 878 5540; x_wconf 90' lang='lat' dir='ltr'><strong>iu</strong></span> <span class='ocrx_word' id='word_1_490' title='bbox 892 5485 1001 5542; x_wconf 78' lang='lat' dir='ltr'><strong>divinis.</strong></span> 
     </span>
    </p>
   </div>
   <div class='ocr_carea' id='block_1_12' title="bbox 583 4633 656 4676">
    <p class='ocr_par' dir='ltr' id='par_1_17' title="bbox 583 4633 656 4676">
     <span class='ocr_line' id='line_1_65' title="bbox 583 4633 656 4676; baseline 0.027 -2"><span class='ocrx_word' id='word_1_491' title='bbox 583 4633 656 4676; x_wconf 80' lang='lat'><strong>1111.</strong></span> 
     </span>
    </p>
   </div>
   <div class='ocr_carea' id='block_1_13' title="bbox 0 0 1914 5875">
    <p class='ocr_par' dir='ltr' id='par_1_18' title="bbox 0 0 1914 5875">
     <span class='ocr_line' id='line_1_66' title="bbox 0 0 1914 5875; baseline 0 0"><span class='ocrx_word' id='word_1_492' title='bbox 0 0 1914 5875; x_wconf 95' lang='lat' dir='ltr'><strong> </strong></span> 
     </span>
    </p>
   </div>
  </div>
 </body>
</html>
