3800 5875
224 300 281 357 690
524 297 775 364 alamannus,
797 298 959 364 transit,
981 298 1029 352 ΕΤ
1049 297 1264 355 Democriti
1284 291 1556 352 ruinosorffla

221 465 312 512 autem
328 458 539 528 heterogeneam
554 465 582 511 et
599 457 783 512 exclusionem
801 457 902 528 ubique
920 464 1015 521 tuetur,
1053 456 1188 527 loaophia,
1222 472 1283 526 quse
1310 472 1327 509 a
1353 454 1480 527 neglectu
1507 451 1670 514 vindicetur,
1699 449 1850 520 prasertim

221 546 277 591 tam
294 537 444 591 substantia
463 553 546 608 quam
568 545 650 592 motu.
693 536 728 590 At
750 536 881 606 parabola
901 537 1016 608 ulterius
1054 536 1162 607 quando
1185 552 1246 590 cnm
1272 536 1432 590 auctoritate
1456 533 1539 604 prisci
1561 530 1650 587 seculi
1672 531 1703 584 in
1728 528 1851 600 plurimis

221 615 317 681 innuit,
328 615 434 680 harum,
445 617 478 670 de
489 616 587 687 quibua
598 616 724 680 diximus,
735 615 924 670 exclusionem
934 617 1016 670 tinem
1053 615 1215 671 consentiat
1256 614 1349 669 Primo
1375 616 1469 685 itaque
1496 611 1661 666 describitur
1687 608 1798 678 Cupido
1823 617 1852 663 ut

222 694 340 766 aliquem
354 703 382 749 et
394 695 503 749 modum
518 712 595 759 esse3
615 712 704 767 neque
724 695 797 748 enim
817 703 948 765 perpetuo
961 712 1016 749 nox
1054 710 1171 766 persona
1185 695 1329 765 quedam
1350 694 1431 764 eique
1450 692 1638 746 attribuuntur
1652 689 1780 751 infantia,
1794 687 1852 750 ale,

222 773 340 828 incubat.
382 775 469 845 Atque
493 773 546 828 Dei
570 783 643 829 certe
665 774 803 845 proprium
825 780 874 838 est,
897 791 960 829 cum
982 774 1015 827 de
1054 775 1172 845 sagitta,
1187 774 1250 838 alia,
1264 773 1298 828 de
1318 772 1417 845 quibus
1435 770 1579 842 sigillatim
1602 777 1701 840 postea
1723 769 1851 822 dicemus

223 854 282 921 ejus
296 862 392 908 natura
405 854 551 925 inquiritur
564 871 613 924 per
626 870 742 916 sensum,
757 862 786 907 ut
804 853 974 908 exclusiones
987 854 1015 907 in
1055 853 1108 908 Sed
1131 852 1184 908 hoc
1207 853 1316 908 interim
1343 852 1494 915 sumimus,
1522 850 1649 921 antiquos
1676 848 1851 919 proposuisse

223 933 390 987 affirmativis
407 948 461 986 nou
480 934 663 988 terminentur.
705 932 767 986 Alis
789 949 854 987 rero
872 940 912 987 est
932 932 1016 1001 buius
1054 933 1196 989 materiam
1222 933 1338 1005 primam
1360 930 1463 1003 (qualis
1486 946 1577 985 rernm
1602 928 1771 999 principium
1793 943 1850 981 asse

223 1011 262 1065 rei
282 1012 359 1078 ratio,
378 1028 411 1065 ea
430 1012 533 1067 scilicet
553 1020 581 1067 ut
598 1019 659 1082 post
676 1011 782 1066 debitas
800 1011 971 1067 exclusiones
989 1019 1017 1066 et
1054 1012 1156 1084 potest)
1171 1012 1350 1067 somniasset
1363 1012 1560 1074 dotatam,non
1571 1008 1748 1070 abstractam,
1762 1017 1852 1077 poten-

223 1091 389 1162 negationes,
407 1091 509 1163 aliquid
529 1092 682 1155 affirmetur,
696 1098 724 1145 et
742 1091 927 1156 constituatur,
942 1097 970 1146 et
987 1099 1017 1145 ut
1055 1092 1156 1156 tialem
1170 1092 1322 1146 informem
1343 1089 1433 1161 Atque
1447 1098 1521 1143 certe
1535 1088 1653 1143 materia
1667 1086 1719 1140 ills
1728 1084 1850 1157 spoliata,

223 1185 303 1224 ovum
318 1170 394 1240 qnasi
408 1186 424 1225 s
439 1173 598 1242 tempestiva
616 1180 644 1225 et
660 1177 766 1225 matura
779 1170 953 1225 incubatione
966 1186 1016 1225 ex·
1055 1178 1083 1225 et
1110 1171 1226 1241 passiva,
1253 1186 1364 1241 prorsas
1386 1170 1514 1224 humanae
1541 1167 1642 1223 mentia
1668 1173 1849 1220 commatum

223 1248 361 1314 cludatur3
381 1265 470 1321 neque
484 1256 589 1304 tantum
600 1266 679 1305 ovum
691 1249 849 1304 excludatur
861 1250 958 1314 Nocte,
969 1249 1017 1305 sed
1054 1250 1190 1322 quoddam
1202 1250 1317 1313 videtur,
1331 1257 1413 1321 atque
1426 1248 1490 1303 inde
1504 1256 1603 1311 ortum,
1620 1246 1689 1318 quia
1702 1245 1849 1300 intellectui

223 1329 306 1382 etiam
327 1346 363 1384 ex
386 1346 437 1383 ovo
457 1328 615 1384 excludatur
636 1344 754 1400 persona
773 1328 932 1399 Cupidinis3
964 1328 1016 1383 hoc
1055 1328 1232 1385 humanoilla
1245 1330 1366 1384 maxime
1379 1345 1440 1383 esse
1453 1328 1587 1390 ridentur,
1602 1344 1666 1396 qum
1679 1326 1850 1396 ipsepstissi·

223 1415 272 1471 est,
293 1416 323 1461 ut
340 1424 394 1463 non
413 1416 518 1463 tantum
537 1411 664 1464 educatur
681 1417 709 1462 et
727 1408 887 1463 extrahetur
903 1409 1017 1478 hujusce
1055 1426 1130 1464 mum
1143 1409 1241 1473 haurit,
1255 1415 1283 1462 et
1296 1408 1396 1479 quibua
1408 1409 1469 1478 ipse
1483 1406 1631 1477 plurimum
1647 1406 1773 1459 afficitur.
1799 1405 1848 1458 its·

223 1489 263 1541 rei
277 1488 354 1542 notio
366 1488 489 1558 quadam
504 1506 540 1542 ex
552 1488 730 1560 ignoratione,
741 1505 834 1542 rerum
848 1487 930 1542 etiam
943 1488 1018 1541 notio
1055 1505 1108 1559 que
1122 1490 1153 1543 fit
1166 1496 1196 1544 ιιι
1209 1489 1303 1543 forma
1317 1491 1399 1559 (quas
1413 1489 1524 1552 nocant)
1538 1485 1629 1555 magis
1643 1485 1762 1540 existere
1780 1484 1848 1538 ride·

223 1567 351 1621 distincta
371 1575 398 1621 et
417 1567 538 1622 confusa
579 1568 669 1639 Atque
686 1567 720 1622 de
738 1566 1016 1630 demonstrationibus,
1055 1576 1141 1631 antur,
1155 1584 1236 1639 quam
1255 1575 1303 1622 ant
1316 1567 1438 1632 materia,
1453 1573 1501 1620 aut
1519 1565 1606 1619 actio:
1630 1562 1844 1635 quodillalstet,

225 1645 319 1717 quales
333 1663 374 1701 eae
387 1647 460 1702 circa
473 1648 613 1701 materiam
626 1646 743 1718 primam
756 1663 818 1702 esse
831 1647 943 1717 possint,
958 1647 1017 1701 hac
1054 1646 1115 1703 hec
1125 1648 1202 1713 fluit3
1223 1646 1309 1702 alters
1322 1663 1376 1701 non
1391 1655 1447 1700 tam
1460 1645 1565 1700 fortiter
1580 1643 1753 1713 impingitur,
1767 1643 1846 1697 altera

224 1726 377 1789 habuimus,
391 1743 451 1798 qum
464 1744 526 1780 cum
540 1743 622 1781 sensu
639 1725 775 1797 parabole
790 1726 909 1781 maxims
923 1742 1018 1780 couve-
1054 1741 1109 1781 non
1124 1735 1180 1781 tam
1193 1734 1348 1781 constanter
1361 1726 1485 1780 inhaeret
1529 1724 1669 1794 Imagines
1684 1732 1775 1778 autem
1788 1722 1845 1784 itte,

224 1805 283 1860 nire
303 1805 473 1860 arbitramur.
515 1806 683 1860 veniendum
696 1806 782 1876 igitur
800 1803 834 1858 ad
854 1802 1017 1875 Cupidinem
1054 1814 1157 1870 contra,
1175 1813 1203 1861 et
1219 1806 1372 1861 manifestae
1391 1813 1420 1859 et
1439 1812 1598 1859 constantes
1616 1810 1765 1872 putanturc
1784 1802 1847 1856 adeo

224 1884 322 1955 ipsum,
336 1885 478 1940 materiam
491 1884 594 1952 scilicet
607 1885 730 1955 primam,
742 1892 770 1938 et
783 1884 858 1938 dotes
871 1886 938 1953 eius,
949 1899 1018 1955 quas
1055 1892 1084 1939 ut
1097 1886 1210 1940 materia
1223 1885 1272 1940 illa
1284 1884 1374 1956 prima
1387 1894 1414 1938 et
1428 1883 1581 1938 communia
1590 1889 1723 1954 tanquam
1733 1897 1847 1936 aecem

224 1970 301 2018 tants
319 1964 475 2019 circumstat
493 1982 563 2028 nox;
584 1972 613 2018 et
633 1964 780 2018 ridendum
803 1963 868 2034 quid
887 1962 1018 2034 parabola
1055 1964 1125 2019 rium
1139 1964 1266 2036 quiddam
1279 1964 1409 2027 videatur,
1424 1971 1452 2017 et
1471 1963 1532 2017 loco
1546 1961 1760 2026 suffulcimentie
1781 1961 1847 2015 actis

224 2043 260 2097 ad
273 2043 349 2120 illam
363 2042 433 2098 lucis
452 2044 554 2098 efferat.
594 2045 693 2114 Neque
715 2059 766 2097 nos
782 2043 861 2114 fugit,
875 2043 1018 2112 opiniones
1055 2050 1146 2099 autem
1166 2045 1269 2116 quevis
1290 2052 1420 2115 tanquam
1440 2042 1578 2098 emanatio
1598 2048 1704 2095 tantum
1718 2056 1735 2092 s
1749 2040 1846 2102 iormsc

224 2121 380 2191 hujusmodi
401 2122 482 2176 durus
502 2130 530 2177 et
550 2123 605 2176 tere
626 2120 799 2176 incredibiles
822 2122 857 2176 ad
876 2119 1018 2177 hominum
1055 2130 1136 2193 atque
1146 2139 1256 2193 prorsus
1265 2123 1361 2194 primae
1371 2130 1460 2192 partes
1471 2121 1566 2176 formis
1574 2119 1740 2174 deierantur.
1762 2119 1846 2191 Atque

224 2217 320 2257 aeusm
334 2208 362 2255 et
378 2202 557 2272 cogitationes
575 2201 712 2256 accedere.
754 2201 843 2272 Atque
864 2201 925 2269 ejus
945 2209 1018 2256 certe
1055 2202 1120 2256 hinc
1133 2203 1246 2258 fluxisse
1259 2203 1364 2258 videtur
1384 2203 1533 2256 formarum
1549 2206 1578 2254 et
1600 2200 1723 2255 ideamam
1738 2215 1846 2270 regnan

224 2280 265 2335 rei
286 2280 436 2351 periculum
456 2281 515 2349 jam
533 2281 632 2335 iactum
653 2297 713 2335 esse
733 2280 814 2350 plane
833 2280 970 2336 cernimus
989 2281 1018 2339 in
1055 2281 1084 2336 in
1097 2282 1231 2344 martiis,
1245 2282 1359 2337 materia
1372 2281 1476 2337 scilieet
1486 2280 1578 2335 addita
1592 2278 1711 2351 quadam
1725 2277 1847 2349 plrantas

224 2358 278 2413 hac
291 2360 353 2430 ipsa
366 2359 515 2415 Democriti
529 2359 704 2432 philosophia
717 2361 750 2415 de
764 2361 941 2432 atomisque
955 2362 1019 2431 quia
1056 2360 1118 2415 ties.
1160 2361 1246 2416 Aucta
1264 2362 1346 2416 etiam
1366 2369 1429 2416 suut
1446 2361 1499 2415 ists
1514 2358 1710 2429 superstitione
1723 2357 1848 2413 nonnulla

225 2439 308 2509 paulo
321 2440 426 2494 acutius
439 2445 467 2493 et
485 2438 566 2494 altius
585 2440 614 2494 in
633 2446 757 2494 usturam
775 2440 942 2510 penetrabat,
957 2449 984 2494 et
1001 2457 1019 2494 s
1057 2442 1196 2510 (errorem,
1210 2440 1492 2511 intemperantiamut
1506 2440 1544 2504 tit,
1558 2440 1666 2504 secuta)
1680 2447 1710 2492 et
1722 2437 1790 2492 idea
1802 2439 1847 2491 ab·

225 2517 412 2572 communibus
424 2519 578 2573 notionibus
592 2525 650 2574 erat
662 2518 916 2590 remotior,avulgo
929 2520 1018 2589 pueri·
1056 2526 1161 2575 stractus
1188 2537 1295 2591 quoque
1319 2520 1487 2582 introductae,
1511 2527 1539 2573 et
1566 2534 1662 2571 earum
1688 2517 1846 2587 dignitatem

225 2596 287 2652 liter
306 2598 504 2668 accipiebatur;
532 2599 580 2654 sed
597 2606 626 2654 et
642 2597 877 2669 philosophiamm
894 2597 1017 2663 aliarum,
1055 2605 1131 2653 tanta
1143 2599 1305 2654 confidentia
1315 2607 1342 2652 et
1350 2600 1501 2668 majestate,
1510 2607 1541 2652 ut
1550 2596 1651 2651 cohors
1660 2596 1848 2651 mmuiantinn

226 2694 286 2748 qnae
304 2677 339 2731 ad
357 2676 432 2750 vulgi
449 2684 559 2748 captum
581 2678 669 2750 magis
688 2677 859 2741 accedebant,
880 2678 1018 2747 disputati-
1055 2678 1202 2749 vigilantes
1211 2679 1268 2733 iere
1280 2679 1454 2749 oppresserit.
1475 2678 1578 2731 Verum
1592 2677 1648 2729 iata
1659 2685 1691 2730 ιιι
1705 2674 1846 2745 plurimun

225 2756 330 2823 onibus,
344 2767 473 2829 tanquam
483 2759 578 2822 ventis,
589 2759 700 2829 agitata,
710 2763 738 2811 et
750 2757 806 2811 tere
821 2757 956 2812 exstincta
968 2765 1017 2813 est
1056 2765 1232 2824 evanuerunt,
1256 2757 1320 2813 licet
1342 2757 1432 2822 alicui,
1455 2765 1550 2811 nostro
1576 2755 1629 2809 hoc
1656 2754 1756 2818 uculo,
1778 2770 1848 2809 sura

225 2836 363 2892 Ettameu
379 2838 460 2892 etiam
475 2837 522 2891 ille
535 2837 576 2892 vir
590 2838 649 2893 suis
669 2837 835 2907 temporibus
852 2853 958 2892 summa
971 2838 1019 2892 ad·
1056 2836 1145 2903 luerit,
1173 2853 1207 2892 es
1232 2844 1330 2908 sponte
1358 2836 1525 2900 inclinantia,
1550 2835 1649 2890 fulcire
1677 2843 1705 2888 et
1731 2833 1847 2889 excitare

225 2915 368 2973 miratione
382 2917 480 2982 floruit,
495 2924 522 2971 et
535 2916 696 2973 Pentathlus
715 2916 802 2972 dictus
820 2923 861 2972 est
874 2916 910 2970 ob
926 2916 1018 2973 multi·
1056 2914 1161 2993 majore
1175 2934 1244 2973 ausu
1256 2918 1300 2990 (ut
1312 2916 1392 2972 nobis
1402 2916 1520 2983 videtur)
1535 2931 1618 2986 quam
1632 2914 1729 2969 imctu.
1750 2911 1848 2969 Vera·

226 2994 326 3065 plicem
346 2996 495 3061 seientiam,
510 3004 538 3052 et
554 2999 624 3052 inter
645 3013 739 3052 omnes
757 2996 943 3067 philosophos,
964 3014 1019 3051 om·
1057 3014 1138 3068 quam
1151 3005 1249 3069 praeter
1262 2997 1394 3053 rationem
1405 2998 1521 3050 materia
1534 2996 1673 3049 abstracta
1689 2994 1847 3064 principiam

225 3075 302 3131 nium
324 3093 465 3140 eorrsensu,
486 3077 605 3132 maxime
626 3076 757 3147 physicus
781 3083 824 3130 est
849 3075 968 3140 habitus,
989 3085 1020 3132 ut
1056 3084 1179 3147 ponatur,
1189 3077 1259 3148 (uisi
1272 3077 1379 3132 obstent
1388 3075 1572 3147 praejudicia.)
1583 3074 1664 3128 tacite
1677 3074 1846 3144 perspicitur.

225 3156 300 3225 magi
315 3172 423 3227 quoque
443 3173 541 3211 nomen
563 3157 704 3212 obtineret.
745 3156 844 3226 Neque
867 3155 1019 3211 Aristotelis
1057 3157 1171 3212 Formas
1185 3157 1320 3228 siquidem
1335 3164 1476 3226 separatas
1490 3154 1602 3226 quidam
1623 3163 1686 3208 actu
1705 3152 1846 3207 subsistere

226 3250 326 3305 pugnae
340 3242 367 3289 et
380 3236 566 3291 dimicationes
581 3237 641 3308 (qui
660 3235 883 3291 Ottomannorum
896 3253 972 3291 more
985 3237 1019 3290 de
1057 3244 1212 3306 posuerunt,
1235 3238 1376 3290 materiam
1396 3245 1553 3305 separatam
1573 3249 1670 3298 nemo;
1690 3250 1726 3286 ne
1746 3249 1783 3286 ex
1807 3232 1846 3295 iis,

226 3329 312 3383 regno
325 3331 375 3370 suo
387 3314 571 3386 philosophie
587 3316 686 3371 anxius
704 3323 770 3379 erat,
784 3315 837 3370 nisi
856 3315 954 3370 fratres
966 3323 1020 3370 tru-
1057 3315 1103 3386 qui
1117 3331 1179 3370 eam
1191 3324 1222 3370 ut
1231 3315 1396 3386 principium
1409 3314 1611 3377 adbibuemut3
1625 3323 1708 3384 atque
1722 3329 1757 3366 ex
1771 3311 1846 3366 rebus

227 3391 359 3459 cidasaetc
393 3395 436 3448 cui
459 3397 541 3449 etiam
562 3413 633 3451 curre
653 3402 720 3458 erat,
740 3403 771 3449 ut
791 3411 827 3449 ex
850 3395 910 3463 ejus
931 3395 1020 3450 verbis
1057 3394 1237 3464 phantasticis
1251 3395 1499 3449 antiaconstituere
1513 3392 1611 3446 durum
1627 3393 1732 3446 videtur
1744 3408 1777 3445 ac
1789 3407 1845 3460 pes-

227 3469 320 3544 liquet,
341 3489 376 3528 ne
395 3474 461 3545 quid
479 3476 580 3545 posteri
602 3476 706 3530 scilicet
725 3474 893 3543 dubitarent)
915 3482 1020 3529 tantum
1057 3491 1172 3538 versum,
1187 3490 1275 3545 neque
1288 3474 1455 3545 inquisitioni
1476 3472 1510 3527 de
1532 3471 1677 3543 principiis
1696 3486 1844 3524 macen.

227 3551 489 3619 mariolentia,nee
503 3554 586 3609 etiam
605 3554 726 3609 Platonis
741 3551 870 3629 majestas
888 3561 915 3607 et
929 3555 1020 3609 solen·
1058 3554 1156 3624 Neque
1182 3553 1255 3609 euim
1283 3553 1410 3624 queritur
1437 3551 1574 3622 quomodo
1600 3560 1727 3604 natumm
1748 3550 1845 3603 ειιιὶιιιιι

227 3631 275 3685 nia
294 3639 399 3686 tantum
419 3634 569 3688 reverentia
591 3642 743 3706 potuerunt,
766 3641 796 3688 ut
817 3632 1020 3703 philosophiam
1057 3632 1275 3688 commodissime
1290 3632 1454 3704 cogitatione
1468 3629 1690 3700 complectamur,
1704 3628 1847 3683 sutdistin-

227 3709 299 3766 hauc
313 3711 462 3767 Democriti
476 3713 605 3768 delerent.
648 3714 701 3767 Sed
714 3713 778 3767 dum
796 3712 845 3766 illa
865 3712 1021 3768 Aristotelia
1058 3729 1181 3783 guamus,
1202 3712 1250 3767 sed
1270 3728 1331 3783 quse
1345 3712 1400 3766 sint
1418 3727 1482 3765 vere
1496 3711 1569 3764 entia
1590 3708 1845 3779 primaetmaxime

229 3797 256 3844 et
269 3789 392 3846 Platonis
406 3793 520 3863 strepitu
533 3801 561 3846 et
574 3809 672 3864 pompa
692 3792 855 3861 professoria
872 3791 900 3845 in
919 3792 1021 3846 scholis
1058 3791 1200 3863 simplicia,
1223 3808 1259 3847 ex
1281 3791 1378 3861 quibus
1399 3798 1498 3844 caetera
1517 3789 1685 3843 deriventur.
1727 3787 1846 3844 Primum

228 3869 457 3926 circumsonarent
470 3880 498 3926 et
510 3872 717 3934 celebrarentur,
727 3871 787 3926 haec
797 3872 858 3941 ipsa
871 3869 1020 3926 Democriti
1058 3879 1150 3927 autam
1163 3886 1212 3925 ens
1225 3887 1281 3926 non
1293 3870 1383 3925 mium
1391 3886 1454 3923 vere
1468 3869 1550 3923 debet
1564 3869 1692 3929 existere,
1700 3885 1779 3939 quam
1790 3884 1847 3938 que

228 3950 300 4020 apud
321 3951 509 4022 sapientiores,
531 3960 560 4005 et
578 3950 836 4021 contemplationum
860 3949 970 4005 silentia
993 3959 1021 4005 et
1058 3968 1094 4005 ex
1115 3967 1148 4006 eo
1169 3951 1264 4015 fluunt,
1277 3949 1474 4020 quodammodo
1488 3949 1586 4019 magis
1634 3946 1847 4019 Anthupostston

229 4029 313 4084 ardua
339 4031 439 4085 arctius
465 4030 630 4101 complexos,
652 4031 682 4084 in
706 4046 806 4101 magno
827 4028 930 4084 honore
951 4038 1019 4085 erat.
1058 4030 1132 4084 euim
1146 4037 1194 4093 est,
1207 4037 1236 4083 et
1254 4046 1303 4099 per
1323 4028 1375 4082 hoc
1392 4027 1506 4099 reliqua
1548 4027 1585 4080 At
1599 4045 1662 4098 quse
1675 4027 1799 4081 dienumr
1815 4025 1846 4078 de

230 4106 311 4163 Certe
326 4110 354 4163 in
375 4110 473 4165 seculis
485 4110 541 4165 illis
555 4110 686 4166 Romanae
705 4110 842 4171 doctrinae,
857 4108 906 4161 illa
920 4109 1021 4164 Demo·
1059 4110 1172 4164 materie
1185 4107 1234 4162 illa
1246 4109 1389 4172 abstracta,
1399 4124 1453 4161 non
1466 4106 1551 4162 murlto
1566 4105 1680 4160 meliora
1694 4116 1762 4169 sunt,
1772 4121 1847 4177 quarn

229 4188 291 4241 criti
306 4196 334 4242 et
347 4190 448 4243 mansit
462 4198 489 4244 et
501 4189 618 4260 placuit3
639 4206 701 4243 cum
715 4188 813 4244 Cicero
826 4187 885 4255 ejus
898 4188 949 4242 viri
963 4189 1021 4243 ubi·
1059 4188 1082 4242 si
1096 4189 1158 4259 quis
1171 4187 1300 4243 mundum
1320 4194 1347 4241 et
1366 4204 1410 4241 res
1424 4203 1460 4241 ex
1479 4186 1628 4257 categoriis
1649 4196 1676 4239 et
1698 4183 1846 4253 hujusmodi

230 4282 283 4336 que
298 4283 402 4322 summa
416 4286 478 4324 cum
491 4269 571 4323 laude
585 4268 749 4323 mentionem
768 4267 857 4330 iaciat,
871 4274 899 4321 et
913 4283 967 4321 non
981 4268 1022 4322 ita
1058 4266 1207 4322 dialecticis
1228 4265 1390 4329 notionibus,
1413 4273 1542 4336 tanquam
1563 4282 1599 4320 ex
1623 4265 1774 4336 principiis,
1794 4264 1848 4317 nen

229 4345 316 4399 multo
328 4355 389 4416 post
409 4350 572 4418 praeconium
593 4348 660 4403 illud
681 4346 778 4418 poiitm,
795 4346 842 4417 qui
860 4346 966 4401 videtur
987 4364 1022 4401 ex
1059 4338 1172 4401 asserat.
1213 4344 1314 4401 Parum
1328 4345 1401 4400 enim
1414 4345 1633 4407 intereatutrum
1649 4344 1712 4416 quis
1725 4344 1847 4398 mundum

231 4426 359 4494 temporis
378 4428 420 4480 sui
437 4426 541 4495 judicio
560 4428 602 4501 (ut
623 4427 711 4482 solent
731 4425 786 4492 illi)
808 4426 841 4479 de
862 4442 896 4480 eo
918 4425 1022 4481 locutus
1061 4426 1119 4480 fieri
1133 4444 1168 4481 ex
1181 4425 1297 4480 materia
1311 4433 1338 4479 et
1351 4424 1445 4485 torma,
1463 4432 1490 4478 et
1508 4424 1661 4496 privatione
1674 4424 1757 4485 dicat,
1769 4440 1804 4477 an
1816 4438 1848 4476 er

229 4520 298 4569 esse,
312 4507 491 4577 couscriptum
505 4508 541 4561 sit
553 4514 581 4562 et
593 4514 689 4562 exstet.
1060 4504 1210 4560 substantia
1222 4511 1249 4560 et
1259 4503 1434 4576 qualitatibus
1447 4503 1597 4557 contrariis.
1629 4502 1685 4557 Sed
1695 4503 1847 4558 omnesiere

460 4629 513 4661 η-
525 4623 859 4686 cnjmpmdemimonmt
1060 4584 1173 4655 antiqui,
1210 4583 1397 4654 Empedocles,
1434 4583 1624 4654 Anaxagoras,
1660 4580 1847 4642 Ammona,

284 4694 288 4703 .
318 4681 422 4744 Magno,
432 4696 499 4750 W„
510 4685 579 4740 atros,
592 4690 616 4731 et
625 4680 829 4750 mugnaoxempts
839 4678 939 4747 daturos,
1062 4663 1227 4728 Heraclitus,
1241 4663 1419 4726 Democritus,
1430 4662 1465 4715 de
1480 4664 1593 4717 materia
1607 4662 1697 4732 prima
1710 4662 1741 4716 in
1750 4662 1847 4716 oeeter'u

316 4738 921 4802 V01t0⁰¹¹¹1²¹¹¹P³ffl⁸0ffl⁸⁰t1¹0⁸⁰b⁸⁰f²⁰⁸⁸t¹·”
1061 4742 1230 4805 dissidentes,
1239 4743 1267 4796 in
1281 4742 1333 4797 hoc
1346 4749 1536 4806 convenerunt,
1546 4740 1619 4813 quod
1632 4742 1777 4796 materiam
1791 4740 1847 4794 aeti

789 4796 849 4842 Μ·
862 4794 912 4842 ³⁸²
923 4809 946 4841 ¹·
957 4794 993 4842 ⁴⁸·
1060 4839 1130 4887 ram,
1138 4821 1225 4876 forma
1237 4820 1374 4884 nonnulla,
1381 4827 1410 4874 et
1421 4821 1537 4875 sormam
1550 4837 1628 4874 suam
1641 4819 1846 4891 dispensantem,

232 4904 328 4975 ltaque
342 4921 397 4959 uon
411 4905 570 4958 Aristoteles
584 4912 631 4959 aut
649 4904 737 4968 Plato,
751 4903 800 4958 sed
814 4902 977 4957 Gensericns
997 4908 1024 4957 et
1061 4910 1142 4972 atque
1156 4900 1228 4955 intra
1242 4917 1273 4955 se
1292 4899 1455 4970 principium
1473 4907 1564 4955 motus
1583 4898 1742 4963 habentem,
1756 4915 1847 4970 posce·

231 4982 350 5038 Attilaet
363 4984 471 5038 barbari
485 4983 556 5037 hanc
571 4983 773 5054 philosophiam
784 4981 1022 5052 pessundederunt
1061 4987 1131 5035 runt
1171 4980 1270 5051 Neque
1285 4978 1364 5033 aliter
1376 4978 1505 5049 cuiquam
1515 4978 1621 5049 opinari
1632 4977 1735 5043 licebit,
1744 4979 1846 5050 quiam

230 5060 300 5117 Tum
314 5062 396 5127 enim,
411 5071 554 5134 postquam
569 5062 691 5116 doctrina
709 5061 829 5116 humans
848 5060 1023 5131 naufragium
1061 5059 1235 5129 experientia
1261 5057 1342 5129 plane
1362 5059 1482 5112 desertor
1505 5074 1565 5112 esse
1588 5057 1664 5113 velit.
1707 5056 1846 5129 ltaqnebi

230 5157 360 5212 perpessa
373 5151 451 5207 esset,
463 5141 632 5196 tabulreistse
639 5139 819 5195 Aristotelicas
832 5147 862 5195 et
874 5139 1023 5195 Platonicae
1061 5155 1154 5193 omnes
1167 5145 1285 5193 mentem
1298 5137 1379 5192 rebus
1392 5137 1582 5192 submisenmt
1625 5136 1662 5191 At
1675 5136 1756 5193 Plato
1775 5150 1844 5191 mm

231 5220 423 5292 philosophiae,
437 5228 567 5292 tanquam
585 5219 706 5274 materiae
718 5220 858 5288 cujusdam
872 5217 983 5274 levioris
996 5228 1024 5273 et
1061 5218 1125 5272 dum
1146 5217 1361 5289 cogitationibus,
1377 5215 1538 5271 Aristoteles
1559 5231 1626 5271 aero
1646 5217 1732 5271 etiarn
1750 5215 1845 5286 cogita·

230 5300 319 5371 magis
332 5300 440 5364 inflate,
455 5306 569 5354 servstm
589 5304 659 5361 sunt,
674 5299 749 5353 etad
764 5315 815 5353 nos
835 5304 1021 5368 pervenerunt,
1060 5298 1148 5352 tiones
1162 5296 1260 5362 verbis,
1275 5296 1480 5365 adjudicarunt;
1502 5294 1680 5367 vergentibus
1693 5295 1772 5350 etism
1794 5302 1846 5346 tum

231 5375 295 5431 dnm
309 5378 398 5450 magia
409 5377 495 5432 solida
505 5385 697 5449 mergerentur,
707 5383 734 5430 et
747 5377 777 5431 in
791 5376 955 5432 oblivionem
966 5378 1023 5431 iere
1061 5375 1202 5430 hominum
1226 5375 1323 5430 studiis
1343 5375 1378 5429 ad
1396 5374 1595 5445 disputationes
1612 5382 1641 5429 et
1661 5388 1803 5435 sermones,
1821 5380 1847 5424 et

232 5456 363 5510 venirent.
404 5458 492 5512 Nobis
507 5474 571 5512 vcro
585 5456 667 5527 digna
681 5454 786 5510 videtur
799 5454 948 5510 Democriti
964 5454 1023 5526 phi·
1060 5455 1180 5510 veritatis
1193 5454 1396 5526 inquisitionem
1417 5454 1580 5510 severiorem
1601 5455 1714 5510 missam
1728 5449 1844 5507 iacienti-
