3800 5875
214 310 272 374 734
849 305 958 365 NOVA
977 306 1175 364 ausuum.

212 471 293 535 adsit,
306 470 409 541 nuptia
430 471 488 526 fere
504 468 692 542 expelluntur.
733 468 839 540 ltaque,
854 467 1012 524 innumeros
1048 468 1140 522 irritas
1153 464 1446 539 quidemnonhabent,
1461 465 1509 521 md
1522 465 1683 522 herethtete
1696 465 1841 522 mulctant:

213 550 287 620 apud
309 566 357 604 vos
377 549 469 604 videre
492 558 544 614 est,
566 549 614 620 qui
636 564 735 603 uxores
756 563 811 601 non
834 546 942 611 ducunt,
964 547 1011 602 sed
1048 548 1149 601 etenim
1162 545 1257 601 talium
1270 546 1394 615 nuptiam
1406 544 1505 600 liberos
1515 546 1622 601 duabus
1632 546 1721 601 tertiis
1734 546 1843 602 haredi-

213 629 368 683 scalibatum
375 629 653 699 potiusimpurttmet
662 626 1010 696 libidinosumprreoptaut,
1048 627 1112 680 tatis
1121 626 1238 696 privant.
1266 625 1410 695 Equidem,
1426 626 1454 678 in
1468 624 1539 679 libro
1552 625 1694 694 cujusdam
1709 643 1726 680 e
1740 627 1840 691 vestris

214 726 296 779 quam
304 706 403 782 jugum
413 709 576 763 matrimonii
587 707 755 761 honorabile.
797 707 879 760 Multi
891 707 1009 775 insuper,
1047 706 1081 760 de
1094 704 1234 775 republica
1248 704 1365 775 quadarn
1384 704 1553 775 imaginaris,
1567 703 1633 776 legi,
1648 705 1694 759 ubi
1709 706 1841 761 manimu-

213 789 261 859 qui
275 804 374 843 uxores
394 788 502 852 ducunt,
516 803 576 841 sero
595 787 647 841 boc
664 786 775 847 iaciunt,
789 803 853 839 cum
862 786 1010 853 juventutis
1047 785 1123 839 nium
1136 784 1315 839 contracturis
1329 801 1359 837 ee
1377 784 1496 838 invicem
1509 784 1597 839 nudos
1611 785 1770 855 conspicere
1783 803 1842 855 per·

213 867 264 922 flos
287 875 315 920 et
334 868 416 921 robur
438 867 605 920 evanuerint.
646 865 696 919 Sin
719 864 787 919 forte
805 865 1009 919 matrimonium
1047 865 1171 919 mittitur.
1212 864 1274 918 Hoc
1287 862 1330 917 illi
1344 879 1399 917 nou
1413 864 1538 934 probant.
1580 865 1691 918 Etenim
1705 875 1841 920 contume-

213 946 382 1009 coutrahant,
397 947 462 1017 quid
480 945 555 1000 aliud
568 955 609 999 est
622 945 825 999 matrimonium
846 943 909 1009 illis,
925 961 1009 1015 quarn
1046 944 1276 1007 lirelocoducuut,
1289 951 1318 996 ut
1328 942 1397 1013 quis,
1406 951 1469 1012 post
1479 943 1604 997 notitiam
1615 951 1673 996 tam
1684 944 1841 1000 familiarem

213 1027 459 1080 mercaturamera⁹
480 1027 509 1079 in
523 1025 715 1095 quoaffinitas,
731 1024 1008 1088 auidossutexisti·
1046 1023 1198 1091 rejiciatur:
1230 1031 1413 1087 veruntamen,
1427 1029 1539 1092 propter
1552 1020 1676 1077 defectus
1697 1023 1727 1077 iu
1740 1024 1841 1079 ririset

212 1105 296 1159 matio
313 1106 448 1175 quaeritur,
464 1122 526 1159 cum
540 1104 675 1159 desiderio
688 1103 819 1158 nonnullo
833 1104 895 1174 (sed
916 1110 1007 1156 umen
1046 1102 1206 1157 mulieribus
1230 1100 1383 1170 complures
1412 1111 1540 1167 secretos,
1563 1102 1609 1172 qni
1639 1104 1838 1159 matrimonium

212 1192 341 1254 tanquam
350 1185 391 1238 rei
399 1184 589 1251 indifferentis)
598 1182 713 1237 subolis:
727 1184 836 1239 minime
846 1190 935 1236 autem
944 1183 1009 1238 fide·
1045 1190 1140 1251 postea
1160 1180 1259 1235 infelix
1277 1180 1392 1235 reddere
1405 1182 1519 1251 possint,
1534 1198 1610 1236 more
1632 1185 1839 1254 utunturmsgis

212 1261 247 1317 lis
261 1263 393 1317 illainter
406 1265 494 1318 virum
508 1273 536 1318 et
550 1262 688 1317 foeminanr
708 1261 838 1333 nuptialia
857 1262 929 1323 unio,
946 1279 1008 1331 quta
1045 1260 1142 1316 civili:
1173 1276 1257 1330 prope
1280 1259 1382 1330 oppida
1405 1260 1521 1329 singula,
1536 1268 1635 1331 stagna
1649 1261 1705 1315 duo
1728 1261 1837 1326 habeut:

211 1342 347 1413 principio
369 1342 495 1397 instituta
517 1344 615 1404 estin
638 1351 758 1396 mentem
780 1341 864 1395 venit.
907 1341 1007 1412 Neque
1046 1357 1107 1410 quse
1127 1347 1226 1394 vocant
1247 1348 1344 1409 stagna
1369 1338 1468 1393 Adsmi
1491 1350 1520 1393 et
1541 1339 1623 1403 Era:
1660 1340 1709 1393 ubi
1736 1345 1838 1411 permis.

211 1420 296 1476 etism
310 1422 370 1476 fleri
394 1429 526 1492 potestur
544 1421 740 1493 illisquitam
760 1437 888 1492 magnam
901 1430 1007 1489 partem
1045 1436 1106 1474 sum
1118 1429 1168 1483 est,
1183 1420 1230 1473 uni
1243 1435 1280 1473 ex
1298 1418 1394 1473 amieis
1407 1420 1467 1482 viri,
1488 1426 1571 1489 atque
1591 1419 1692 1473 itidem
1711 1419 1786 1475 alteri
1802 1438 1836 1476 ex

212 1500 302 1555 etatis
325 1508 353 1554 et
374 1501 478 1556 roboris
501 1501 544 1556 sui
566 1501 635 1554 adeo
659 1499 749 1555 viliter
776 1506 1006 1569 consumpserunt,
1044 1499 1140 1553 amicis
1160 1498 1286 1562 stamina,
1307 1505 1431 1569 :pectere
1455 1515 1503 1553 eos
1523 1498 1675 1570 separatim
1698 1499 1728 1553 in
1749 1500 1837 1556 balaeo

211 1577 292 1634 liberi
311 1576 391 1653 (pars
411 1581 497 1634 nostri
520 1575 622 1652 altera)
649 1581 759 1634 omnino
780 1580 810 1633 in
830 1580 918 1649 pretio
942 1580 1005 1634 siut
1043 1577 1191 1633 lavantes”

195 1657 285 1719 ·Quin
306 1668 334 1714 et
355 1659 468 1713 durante
491 1658 600 1713 vinculo
621 1659 793 1723 matrimonii,
810 1674 941 1712 numnam
963 1675 1007 1713 res
1084 1658 1212 1729 Dumque
1231 1657 1284 1712 hoo
1298 1657 1379 1710 modo
1392 1655 1617 1728 colloqueremur,
1632 1657 1710 1711 veuit
1728 1658 1835 1728 quidam,

211 1736 272 1792 haec
287 1737 317 1792 in
337 1737 435 1793 melius
448 1740 569 1802 vertitur,
583 1745 616 1792 ιιι
637 1739 697 1793 fieri
715 1738 815 1802 debuit,
829 1737 865 1802 si„
877 1754 1006 1792 excessus
1044 1738 1092 1809 qui
1111 1737 1227 1792 nuncius
1243 1735 1392 1799 videbatur,
1405 1735 1518 1791 indutus
1532 1737 1624 1790 tunica
1638 1736 1716 1805 picta
1728 1745 1757 1791 et
1767 1739 1836 1792 m·

211 1816 439 1872 istineeessitatis
453 1818 621 1873 solummodo
634 1817 925 1872 causatolersrenturl
946 1818 1005 1871 Ne·
1044 1823 1121 1880 rata:
1152 1816 1198 1888 qui
1219 1814 1346 1871 Judreurn
1368 1815 1504 1870 allocutus
1527 1824 1579 1869 est.
1633 1816 1716 1869 Unde
1740 1817 1774 1871 sd
1797 1835 1836 1872 me

212 1913 367 1968 quaquam:
398 1906 509 1951 manent
534 1905 624 1951 autem
646 1896 782 1952 desideria
806 1896 902 1950 mdem
923 1896 1007 1950 etiam
1043 1896 1131 1960 vertit,
1146 1895 1262 1959 etdixit,
1277 1900 1294 1926 “
1309 1895 1440 1965 Ignoscas
1451 1895 1673 1959 mihiobsecro:
1695 1895 1755 1950 sine
1768 1913 1838 1951 mora

211 1982 273 2046 poet
286 1975 494 2041 matrimonium,
509 1976 538 2030 in
556 1976 721 2030 matrimonii
742 1975 830 2046 ipsius
848 1975 965 2029 dedecus
979 1983 1007 2030 et
1043 1974 1109 2030 hinc
1122 1974 1272 2029 accersorl’
1313 1973 1449 2029 Postridie
1460 1991 1541 2028 mane
1555 1991 1651 2029 rursus
1665 1974 1756 2030 adme
1769 1978 1838 2030 renit

211 2055 394 2125 opprobrium.
435 2056 534 2126 Neque
546 2055 619 2109 enirn
631 2055 804 2125 lupanarium
814 2054 1005 2125 frequentatio,
1043 2053 1060 2108 J
1064 2055 1163 2117 udaeus,
1177 2053 1352 2119 laetabundus,
1368 2062 1400 2109 ut
1422 2053 1574 2118 videbatur,
1591 2062 1621 2108 et
1635 2054 1722 2109 dixit:
1744 2061 1760 2085 ‘¹
1774 2056 1837 2109 Per·

211 2141 259 2188 aut
267 2133 474 2188 emmuetudines
483 2134 650 2199 meretriciae,
660 2134 689 2188 in
701 2134 805 2188 marine
815 2134 910 2204 magis,
922 2149 1006 2205 quam
1042 2133 1113 2188 latrrs
1126 2133 1187 2188 heri
1200 2142 1241 2189 est
1252 2133 1369 2188 nunnus
1381 2133 1417 2187 sd
1429 2133 1589 2203 prefectum
1602 2134 1686 2198 erbis,
1698 2135 1771 2188 iutra
1782 2136 1838 2190 dies

211 2212 242 2267 in
254 2213 380 2266 coelibem
397 2213 482 2268 vitam
501 2214 652 2284 agentibus,
666 2214 822 2284 puniuntur.
862 2212 906 2267 Ad
919 2230 1007 2269 novos
1043 2222 1148 2284 septem
1166 2229 1339 2269 messurum
1358 2212 1415 2267 hue
1436 2229 1521 2267 unum
1541 2228 1578 2268 ex
1600 2214 1725 2283 patribus
1746 2214 1838 2270 domus

211 2299 302 2347 antem
315 2307 422 2345 amores
435 2291 599 2362 proclivitas,
613 2300 641 2348 et
654 2292 868 2347 meretriciosum
882 2291 1006 2362 amplex-
1044 2292 1205 2347 Salomonis
1255 2291 1408 2347 Duodecim
1428 2292 1487 2359 jam
1509 2292 1575 2346 anni
1598 2292 1688 2363 elapsi
1712 2302 1782 2358 sunt,
1803 2312 1838 2350 ex

210 2386 277 2425 uum
289 2367 433 2425 delectatio
447 2371 507 2439 (ubi
527 2379 670 2442 peccatum
690 2372 719 2426 iu
740 2378 825 2426 artem
845 2388 1006 2428 conversum
1043 2389 1097 2443 quo
1111 2371 1197 2426 ullum
1209 2388 1303 2426 eorum
1321 2370 1367 2425 bie
1386 2372 1512 2426 vidimus.
1554 2371 1700 2425 Adventus
1721 2373 1779 2440 ejus
1798 2391 1838 2428 so·

212 2447 268 2516 est)
281 2449 390 2520 nupnas
411 2450 501 2505 reddit
523 2468 582 2506 rem
602 2451 756 2521 insipidam,
770 2457 800 2505 et
820 2449 904 2506 veluti
928 2467 1004 2517 onna,
1042 2450 1130 2505 lenuis
1145 2452 1258 2515 fumeus,
1272 2467 1356 2505 causa
1368 2451 1398 2505 in
1412 2450 1526 2506 occulto.
1568 2450 1688 2514 curabo,
1700 2461 1731 2506 nt
1744 2453 1794 2506 tibi
1809 2461 1838 2506 et

210 2528 393 2583 :attributum
402 2530 543 2600 quoddam
578 2528 1004 2596 Andiunt,haoavobisdefeudi,
1042 2531 1123 2585 sociis
1138 2532 1192 2585 tuis
1205 2529 1281 2585 locus
1293 2530 1451 2585 commodae
1468 2539 1623 2602 apparetur,
1638 2530 1712 2586 unde
1729 2532 1838 2586 celebri·

210 2614 302 2678 utpote
325 2608 361 2661 ad
382 2610 486 2678 majora
508 2609 582 2664 mela
605 2610 731 2665 evitanda
754 2610 883 2665 tolerata:
911 2610 1003 2676 veluti,
1043 2618 1127 2664 tatem
1139 2611 1279 2681 ingressas
1292 2611 1351 2678 ejus
1364 2619 1490 2680 spectare
1504 2611 1646 2680 possitis”
1690 2609 1836 2665 Gratiani

210 2686 351 2752 adulteria,
364 2689 501 2760 virgiuum
514 2690 770 2761 constuprationem,
788 2688 930 2744 libidinem
943 2705 1005 2743 cou-
1042 2689 1095 2759 egi,
1119 2697 1149 2744 et
1169 2689 1236 2754 dixi,
1257 2689 1387 2744 nuncium
1407 2688 1481 2744 bunc
1494 2689 1529 2743 de
1550 2705 1665 2745 accessu
1688 2690 1749 2760 ejus
1770 2691 1837 2745 mihi

193 2772 253 2820 trs
270 2776 401 2832 naturam,
420 2776 448 2822 et
465 2768 576 2824 similia.
618 2770 720 2824 Verum
741 2769 912 2840 prudentiam
932 2768 1004 2823 bane
1041 2769 1276 2840 pergratissimum
1289 2785 1359 2823 esse.

209 2853 321 2901 oensem
333 2863 393 2902 esse
404 2855 615 2919 praeposteram:
635 2866 750 2920 eamque
763 2855 861 2903 vocant
870 2848 1003 2902 conditio·
1081 2847 1135 2902 Dis
1148 2849 1295 2904 consdtnto
1308 2848 1449 2919 ingressus
1462 2855 1504 2902 est
1518 2855 1605 2918 peter.
1646 2847 1698 2902 Vir
1714 2848 1766 2904 fuit
1784 2859 1837 2903 sta-

211 2941 261 2981 nes
274 2926 372 2991 Ianthi:
395 2926 450 3000 qui,
468 2935 500 2982 ut
512 2927 665 3000 hospitesa
683 2927 847 2984 contumelia
862 2928 1003 2994 eximeret,
1040 2934 1116 2993 turre,
1131 2935 1158 2982 et
1177 2929 1271 2993 natans
1292 2927 1445 2991 mediocris,
1465 2937 1578 2998 aspectu
1596 2927 1720 2993 decorus,
1736 2928 1838 2985 :nnn

208 3004 279 3061 filias
302 3006 409 3062 obtulit.
453 3008 511 3063 lmo
533 3008 646 3064 ulterius
668 3009 768 3072 dicunt,
782 3023 819 3063 ex
837 3007 890 3062 hoc
905 3025 1004 3078 parum
1040 3022 1140 3076 praese
1154 3008 1244 3062 ferens
1258 3009 1336 3079 quasi
1351 3008 1515 3062 miserantia.
1556 3006 1680 3062 Vestitus
1693 3018 1754 3064 erat
1767 3018 1838 3080 tuga,

210 3093 259 3140 aut
276 3085 346 3141 nihil
366 3086 434 3141 lucri
453 3088 520 3151 fieri,
534 3104 596 3142 cum
617 3089 683 3142 vitia
704 3087 806 3151 eadem,
821 3096 849 3141 et
866 3088 1003 3158 appetitus
1040 3102 1076 3140 ex
1087 3104 1179 3158 panno
1191 3089 1277 3158 nigro,
1289 3088 1403 3152 sincero,
1413 3104 1476 3142 cum
1489 3088 1604 3141 manicis
1617 3086 1711 3157 largis,
1722 3098 1750 3143 et
1760 3106 1838 3160 cept

208 3165 287 3233 pravi
307 3182 392 3236 usque
410 3173 539 3221 maneant
557 3175 585 3221 et
603 3168 755 3235 abundent,
785 3167 1002 3240 quandoquidem
1040 3165 1133 3220 Vestis
1148 3168 1261 3222 interior
1279 3184 1315 3221 ex
1333 3166 1391 3221 lino
1410 3175 1474 3230 erat,
1494 3166 1702 3237 elegantissimo
1719 3178 1795 3224 certe
1811 3180 1839 3224 et

211 3243 297 3298 libido
323 3244 422 3299 illicita
448 3247 535 3301 instar
561 3247 677 3301 fornacis
702 3247 746 3311 sit,
773 3248 829 3312 nbi,
864 3248 889 3302 si
925 3248 1002 3302 fiam·
1040 3244 1188 3310 albissimo,
1203 3264 1288 3319 usque
1304 3246 1339 3301 ad
1358 3246 1443 3317 pedes
1461 3245 1665 3308 demissarum
1684 3247 1778 3302 balteo
1794 3248 1837 3302 iti-

209 3338 283 3377 mam
297 3325 408 3379 omuino
420 3326 566 3392 confluens,
580 3326 655 3381 illico
667 3327 865 3397 exstinguitur:
886 3327 929 3382 sin
943 3328 1001 3381 exi-
1039 3326 1101 3381 dem
1121 3328 1243 3390 candido,
1262 3345 1298 3382 ex
1317 3327 1381 3380 lino.
1422 3324 1587 3396 Liripipium
1606 3326 1693 3381 etiam
1713 3329 1839 3397 gestem:

208 3408 253 3456 tus
269 3401 368 3473 aliquis
385 3404 471 3469 detur,
485 3405 558 3461 furit.
599 3406 733 3468 Quantum
752 3423 817 3461 vero
838 3407 873 3461 ad
896 3422 1002 3461 amores
1039 3406 1112 3460 circa
1125 3406 1234 3470 collum,
1245 3422 1281 3461 ex
1294 3406 1351 3460 lino
1364 3405 1519 3475 purissimo
1559 3405 1744 3461 Chirotbeonr
1757 3406 1839 3462 hebe-

207 3481 473 3547 masculorumistos
485 3500 520 3539 ne
534 3485 617 3541 fando
628 3487 738 3558 quidem
750 3494 1002 3555 noruntnequeta
1039 3486 1084 3539 bat
1103 3495 1281 3558 sumptuosas,
1296 3494 1324 3540 et
1340 3486 1456 3556 gemmis
1475 3490 1592 3540 ornatas.
1635 3484 1753 3542 Calceos
1770 3486 1839 3556 hyn-

207 3576 271 3616 men
278 3562 413 3618 amicitias
427 3565 640 3633 peruniversum
652 3567 746 3620 orbem
757 3566 844 3636 magis
858 3566 960 3630 fideles,
975 3574 1002 3621 et
1038 3565 1176 3620 cinthinus
1190 3584 1226 3621 ex
1238 3565 1401 3620 holoserico.
1443 3563 1551 3619 Collum
1560 3581 1648 3637 nsque
1661 3566 1698 3620 ad
1711 3566 1839 3621 humeros

207 3639 360 3705 inviolatas,
374 3643 502 3712 reperies.
543 3642 632 3716 Atque
654 3648 696 3713 (ut
715 3646 797 3700 verbo
815 3646 911 3710 dicam,
933 3646 1002 3700 deut
1038 3645 1148 3700 nudum.
1191 3645 1306 3700 Galerus
1327 3644 1414 3715 ligura
1433 3643 1520 3715 mem
1541 3652 1606 3708 erat,
1628 3654 1677 3699 aut
1697 3654 1839 3709 montes,

207 3728 288 3775 antea
308 3738 415 3792 quoque
439 3722 509 3792 dixi)
531 3740 587 3778 non
604 3723 682 3779 ullibi
701 3724 758 3795 legi
785 3733 887 3779 tantam
907 3724 1000 3796 vigere
1038 3732 1070 3779 ut
1083 3733 1180 3779 vocant
1196 3724 1329 3795 Hispani:
1350 3724 1401 3779 sub
1420 3740 1474 3795 qua
1495 3723 1702 3794 propendebant
1719 3726 1839 3780 sincium

208 3801 367 3865 crannum,
383 3809 513 3872 quantam
533 3802 562 3857 in
576 3802 628 3857 hac
647 3811 727 3859 terra
767 3804 838 3866 Quin
860 3813 888 3859 et
912 3820 1002 3860 sermo
1039 3804 1105 3872 ejus,
1123 3804 1264 3873 subcripsi,
1285 3812 1313 3858 et
1331 3802 1413 3858 modo
1432 3803 1539 3858 decenti
1558 3804 1715 3874 compositi.
1755 3804 1841 3860 ωσι

206 3880 279 3949 apud
296 3896 344 3935 eos
357 3881 473 3936 usitatus
491 3889 539 3947 est,
554 3882 605 3943 Qui
626 3883 779 3954 impudicus
799 3892 848 3949 eat,
862 3884 904 3939 sui
928 3901 1002 3939 reve·
1039 3900 1133 3938 eorum
1151 3884 1287 3953 subniger,
1307 3880 1534 3954 quemadmodum
1555 3891 1586 3937 et
1603 3883 1707 3947 barm
1727 3902 1792 3956 qum
1810 3885 1841 3938 in

206 3960 323 4014 rentiam
350 3959 457 4030 perdit:
485 3963 637 4017 reverentia
663 3970 754 4017 autem
781 3963 830 4025 sui,
854 3964 1001 4018 secundum
1039 3963 1154 4032 figuram
1168 3962 1310 4017 ronrndam
1328 3971 1406 4017 tonsa
1419 3971 1486 4017 erat.
1528 3961 1689 4018 Vehabstur
1702 3972 1797 4019 antem
1811 3964 1841 4017 in

207 4036 297 4093 Deum
311 4047 340 4093 et
352 4038 522 4111 religionem,
539 4034 666 4097 vitiorum
686 4044 805 4098 omnium
819 4042 933 4097 henum
955 4060 1002 4114 po
1039 4042 1167 4096 cathedra
1187 4041 1337 4112 splendida,
1358 4043 1418 4096 sine
1437 4043 1512 4106 rotis,
1531 4040 1637 4097 lectione
1658 4060 1744 4107 more,
1767 4043 1842 4097 binis

206 4117 416 4174 tentissimuua’¹
1039 4122 1123 4191 equis,
1144 4121 1289 4193 magnifica
1310 4119 1460 4192 phaleratis
1480 4138 1516 4175 ex
1536 4120 1693 4177 holoserico
1712 4121 1840 4185 emulsa

247 4196 315 4253 He:
328 4214 390 4252 cum
404 4199 527 4264 dixisset,
540 4198 654 4256 Judmus
667 4200 722 4266 ille,
736 4202 779 4255 vir
788 4201 924 4272 egregius,
936 4219 1001 4272 pau·
1039 4218 1106 4255 auro
1118 4200 1231 4265 intexto,
1249 4200 1406 4255 cathedram
1419 4198 1456 4254 sd
1467 4209 1614 4272 utriumque
1627 4202 1715 4257 tinem
1727 4218 1841 4272 suppt-

206 4274 291 4345 lisper
314 4277 407 4333 tacuit.
458 4278 550 4350 Atque
575 4297 636 4352 ego,
658 4280 723 4335 licet
745 4280 872 4335 audiendi
902 4283 999 4352 magis,
1040 4280 1174 4334 tannbus:
1195 4296 1325 4334 unacum
1342 4279 1448 4334 duobus
1463 4280 1629 4345 rumoribus,
1642 4282 1840 4353 adutrumc

207 4371 288 4425 quam
301 4353 438 4425 loquendi,
452 4359 573 4429 cupidus,
587 4359 715 4414 decorum
729 4359 1000 4426 temenexistimsns,
1038 4359 1109 4413 latus
1135 4359 1278 4424 cathedrae,
1302 4360 1363 4430 pari
1389 4366 1494 4413 ornatu.
1535 4358 1677 4416 Cathedrs
1697 4377 1734 4416 ex
1757 4360 1841 4415 cedro

205 4442 236 4487 ιιι
259 4434 323 4488 dum
344 4434 391 4490 ille
405 4435 602 4509 aliquantisper
625 4439 778 4510 respiraret,
801 4439 861 4509 ipse
878 4440 1001 4509 protinus
1039 4447 1105 4503 erat,
1128 4438 1259 4502 inaurata,
1281 4447 1363 4510 atque
1383 4437 1513 4507 crystallo
1536 4447 1651 4495 ornam:
1686 4441 1742 4496 nisi
1766 4440 1841 4512 qnod

205 4529 262 4568 non
275 4513 392 4578 silerem,
403 4514 456 4569 boc
469 4523 573 4572 tautum
586 4518 653 4582 dixi,
664 4535 709 4574 me
723 4519 758 4573 sd
771 4535 835 4573 eum
844 4519 935 4574 verbis
945 4519 1001 4573 illis
1038 4534 1101 4588 pars
1122 4519 1242 4572 anterior
1264 4519 1381 4589 quadras
1404 4517 1520 4572 haberet
1540 4534 1577 4572 ex
1600 4519 1751 4590 sapphiris.
1774 4535 1843 4574 anre

206 4608 329 4657 usurum,
344 4594 441 4663 quibus
454 4610 506 4649 usa
524 4605 567 4650 est
580 4598 615 4652 nd
636 4597 727 4653 Elium
739 4598 820 4652 vidua
841 4598 1000 4669 Sareptena,
1039 4597 1228 4659 interstinctis:
1250 4597 1384 4668 posterior
1400 4604 1490 4651 antem
1509 4597 1609 4653 similis
1627 4615 1666 4654 ex
1685 4599 1843 4671 smaragdis

205 4674 311 4727 venisse
326 4689 389 4728 eum
402 4673 602 4730 adrevocanda
616 4678 646 4731 in
661 4678 820 4732 memoriam
839 4678 919 4732 nobis
940 4694 1001 4748 peo-
1038 4676 1136 4731 coloris
1146 4676 1301 4731 Perusiani.
1341 4676 1693 4734 iitiaminmediovertiaie
1703 4678 1843 4734 cathedre

205 4759 267 4806 cata
290 4761 402 4817 nostra:
434 4754 559 4825 qnodque
587 4758 706 4828 ingenue
733 4757 856 4811 confiteri
885 4766 999 4827 oportet,
1038 4756 1080 4810 sol
1093 4764 1158 4820 erat,
1172 4773 1209 4811 ex
1221 4771 1288 4811 auro
1301 4756 1424 4810 radians:
1445 4756 1516 4809 etin
1535 4755 1623 4810 fronte
1645 4758 1709 4827 ejus
1726 4758 1844 4813 Cherub

205 4832 343 4887 abundare
360 4833 496 4901 justitiam
513 4834 660 4890 Bensalem
678 4836 747 4907 plus,
762 4852 843 4908 quam
855 4836 1001 4906 Europaeo
1038 4852 1145 4906 parvus,
1160 4835 1212 4890 alis
1231 4835 1368 4906 expansis,
1382 4852 1418 4889 ex
1437 4851 1505 4890 auro
1528 4835 1635 4891 itidem.
1678 4837 1844 4909 Open'man·

204 4928 274 4966 rum.
314 4911 357 4966 Ad
372 4929 432 4982 quae
445 4913 528 4967 verba
541 4914 681 4984 paululum
694 4933 723 4971 se
737 4915 885 4980 inclinavit,
899 4924 928 4970 et
946 4932 1001 4970 ser-
1039 4922 1097 4969 tum
1110 4914 1245 4970 cathedre
1254 4922 1314 4970 erat
1324 4930 1438 4984 munus,
1448 4931 1485 4969 ex
1497 4914 1553 4969 filis
1566 4917 1668 4982 asneis,
1676 4934 1741 4972 cura
1750 4919 1844 4972 serico

204 5006 312 5047 munem
327 4991 379 5045 boc
393 4992 474 5046 modo
487 4994 670 5049 continuavit:
1038 4993 1165 5049 eoeruleo.
1208 4994 1374 5049 cathedram
1388 4995 1523 5064 preibant
1536 4994 1741 5069 quinquaginta
1758 4997 1842 5066 juve·

245 5070 371 5141 “Leges
392 5072 474 5126 etiam
495 5072 598 5127 habeut
618 5073 690 5128 circa
707 5074 816 5144 nuptias
837 5074 999 5145 complures,
1037 5089 1094 5138 nes,
1109 5074 1138 5127 iu
1152 5073 1250 5129 nunicis
1263 5073 1335 5128 lasis
1353 5090 1390 5128 ex
1403 5075 1491 5129 serico
1511 5073 1582 5138 elbo,
1603 5076 1640 5130 ad
1662 5076 1762 5131 tibiam
1783 5090 1843 5130 me

205 5150 430 5220 prudentissimas
442 5168 508 5206 saue
518 5160 548 5206 at
559 5152 771 5208 honestissimas.
811 5152 1001 5225 Polygamiam
1038 5153 1120 5217 diam,
1143 5162 1170 5207 et
1192 5152 1330 5207 tibialibus
1354 5171 1390 5209 ex
1413 5155 1500 5208 serico
1521 5154 1618 5208 itidem
1639 5156 1713 5220 albo,
1734 5154 1842 5210 balneis

204 5244 260 5282 non
273 5227 398 5284 tolerant.
440 5230 601 5294 sanxerunt,
614 5239 642 5284 ut
652 5232 813 5302 uecnuptise
821 5232 999 5297 celebrentur,
1038 5243 1129 5288 autern
1143 5248 1179 5287 ex
1192 5231 1346 5288 holoserico
1359 5232 1485 5295 coemleo,
1499 5242 1529 5288 et
1549 5233 1654 5304 galeris
1674 5253 1712 5290 ex
1732 5234 1841 5291 auden.

204 5316 417 5364 neccontractus
431 5309 464 5363 de
475 5311 578 5380 nuptiis
593 5310 691 5365 futuris
704 5311 839 5376 fiantnisi
852 5320 915 5382 post
927 5330 1001 5367 men·
1038 5328 1099 5367 cum
1114 5312 1214 5382 plumis
1232 5312 1403 5383 elegantibus
1422 5312 1592 5368 disemorum
1614 5315 1746 5379 colomna,
1761 5313 1841 5385 gule·

206 5400 264 5438 sem
277 5402 295 5438 a
307 5393 436 5455 tempore,
451 5405 506 5458 quo
518 5397 631 5458 uterque
651 5398 745 5443 mutuo
758 5406 788 5443 se
802 5391 922 5459 primum
938 5409 1001 5446 eon·
1038 5408 1097 5446 rum
1109 5391 1296 5454 ambientibus,
1309 5393 1337 5446 in
1347 5392 1461 5446 formam
1471 5391 1591 5448 chordas.
1632 5394 1764 5450 Proxime
1776 5402 1840 5447 ante

206 5472 360 5529 spexerunt
390 5467 1001 5539 Nuptiasabsqueconsensupsrentumfactas,
1037 5469 1194 5526 cathedram
1207 5471 1368 5527 incedebant
1380 5472 1435 5526 duo
1447 5471 1506 5536 riri,
1520 5474 1659 5543 cepiu'bm
1675 5474 1765 5537 undis,
1781 5486 1840 5526 ree
