3800 5875
712 304 763 360 DE
783 302 1009 361 AUGMENTIS
1031 301 1308 360 sclurvrtaltuts.
1694 300 1758 359 Lrs.
1774 302 1825 357 v1.

1031 462 1060 516 in
1074 461 1239 517 contrarium
1255 461 1297 516 rei
1310 461 1426 532 inceptae
1445 460 1538 516 ιιιιιιι.
1583 459 1627 514 ιιι
1640 466 1669 514 ιιι
1685 459 1777 531 prima
1788 460 1830 515 ιιι
1876 492 1877 495 =

512 525 691 566 ELENCHUS·
1031 542 1123 612 ceptio
1143 548 1275 611 perpetuo
1294 548 1447 607 evacuetur,
1465 540 1521 595 nisi
1538 539 1610 593 vires
1630 539 1829 609 coadunentur.

239 618 323 675 Fallit
342 619 482 689 sophisma
499 618 594 688 primo,
613 624 724 688 propter
744 633 791 671 eas
809 633 860 682 res,
880 632 994 686 quarum
1031 620 1303 681 Quemadmodumin
1316 619 1440 675 formulis
1447 618 1503 673 illis
1512 619 1620 675 usitatis
1629 619 1741 683 elicitum
1763 619 1829 673 Nm

199 717 265 755 usus
278 699 487 753 insufficientia
506 697 700 768 quadamsive
722 697 918 765 competentia,
941 695 993 749 hoc
1031 700 1168 770 progredi,
1179 708 1223 753 est
1242 699 1366 771 regredi:
1389 706 1425 765 ct,
1440 698 1492 760 Qui
1511 714 1567 752 non
1588 698 1702 767 prolicit,
1717 698 1829 752 deficit:

199 780 409 849 est,quantitatc
423 777 609 841 determinata,
624 775 756 829 consistit.
799 775 828 828 Si
844 776 905 844 quis
919 774 992 828 enim
1031 785 1060 831 ut
1084 779 1113 832 in
1139 795 1220 833 cursu
1241 779 1271 833 in
1294 778 1436 834 adversum
1454 777 1573 840 mendae
1597 777 1779 847 remigatioue
1800 777 1832 831 ia

200 857 334 927 obligetur
356 856 499 927 poenaliter
521 855 555 909 ad
580 853 744 909 solutionem
766 862 846 908 certae
870 854 993 922 pecuniae
1031 855 1830 929 adversumgurgitia:utcontrasiindesiivimoutismotm

199 954 320 1003 summae,
334 937 368 991 ad
387 937 458 990 diens
472 943 592 999 certum3
614 934 724 1003 gravius
738 933 763 986 ei
778 932 868 995 tuerit,
881 949 994 987 nummo
1031 937 1163 1006 incipian
1185 944 1233 990 aut
1251 938 1370 992 secundo
1389 936 1503 991 flumine
1517 935 1666 1006 remigatio
1685 936 1749 1001 liat;
1770 944 1831 991 tum

199 1016 281 1072 unico
299 1033 381 1071 aureo
395 1031 493 1078 carere,
509 1014 633 1084 quamsi,
647 1012 737 1082 posito
750 1012 822 1082 quod
835 1011 883 1066 ille
896 1012 993 1067 unicus
1031 1016 1131 1085 gradus
1145 1015 1270 1085 inceptus
1287 1015 1370 1088 longe
1382 1016 1502 1086 potiores
1515 1023 1608 1084 partes
1621 1022 1703 1069 tenet.
1743 1014 1831 1070 Porro

199 1095 289 1166 parari
314 1112 369 1150 non
395 1094 521 1165 potuerit,
549 1094 675 1147 deessent
702 1092 785 1146 etiam
813 1090 907 1145 decem
934 1089 991 1145 alii.
1031 1095 1082 1148 iste
1097 1093 1178 1159 color,
1193 1102 1367 1150 nontantum
1381 1094 1537 1151 extenditur
1554 1093 1590 1148 ad
1608 1094 1723 1165 χιιιιιιιιι
1736 1094 1830 1165 incep-

200 1175 330 1230 Similiter
355 1175 385 1228 ιιι
411 1172 613 1228 decoctionibus
637 1171 811 1234 fortunarum,
836 1171 993 1224 damnosior
1031 1174 1121 1239 tionis,
1135 1175 1183 1244 qui
1197 1174 1234 1228 sit
1246 1191 1264 1228 a
1277 1174 1399 1244 potentia
1413 1175 1448 1228 ad
1461 1181 1561 1239 actum,
1570 1181 1757 1244 comparatum
1767 1191 1830 1228 eum

199 1254 304 1308 videtur
337 1253 437 1326 gradus
469 1250 648 1314 obserationis,
677 1250 724 1320 qui
759 1251 863 1320 primus
891 1257 993 1303 sortem
1031 1253 1125 1323 gradu,
1134 1254 1180 1324 qui
1194 1253 1230 1308 sit
1242 1254 1278 1306 ah
1292 1253 1627 1309 actuadincrementum:
1641 1254 1830 1308 verumetiam

198 1334 308 1398 minuit3
330 1350 410 1405 quam
432 1339 578 1393 extremus,
593 1330 640 1402 qui
660 1330 696 1382 ad
718 1338 867 1400 egestatem
884 1328 991 1399 redigit
1031 1332 1066 1386 ad
1089 1334 1211 1404 gradum,
1235 1333 1282 1403 qui
1306 1332 1343 1388 sit
1366 1332 1401 1387 ab
1421 1333 1583 1404 impotentia
1605 1331 1643 1386 ad
1668 1332 1829 1403 mimam,

199 1412 261 1467 Huc
275 1421 397 1483 spectant
411 1410 533 1466 lormuloe
551 1410 606 1464 illoe
624 1410 747 1463 usitata:
770 1409 837 1462 Sera
856 1409 886 1462 in
908 1407 993 1462 tundo
1030 1421 1288 1482 comparatumcum
1301 1412 1394 1481 gradu,
1405 1413 1456 1484 qui
1470 1412 1508 1467 sit
1518 1428 1536 1466 a
1545 1411 1670 1482 potentia
1679 1411 1715 1466 ad
1727 1419 1828 1467 actum

197 1492 379 1562 parsimonie:
400 1489 733 1552 Paruminterestutrum
747 1487 818 1542 nihil
831 1487 942 1550 habeas,
957 1503 992 1540 au
1030 1490 1142 1545 Etenim
1162 1491 1262 1561 gradus
1282 1490 1318 1544 ab
1333 1491 1496 1561 impotentia
1513 1491 1548 1544 ad
1568 1490 1730 1562 potentiam,
1744 1492 1830 1562 major
1876 1534 1877 1537 ,

198 1572 270 1642 quod
283 1570 449 1639 nihiljuvet,
463 1577 513 1624 etc.
555 1567 638 1623 Fallit
651 1567 777 1632 secundo,
791 1575 904 1637 propter
923 1565 992 1622 illud
1030 1569 1143 1636 videtur,
1157 1570 1450 1641 quamapoteutiaad
1463 1577 1565 1626 actum.

197 1651 362 1721 principium
375 1651 405 1704 iu
417 1656 521 1712 natura,
532 1648 603 1719 quod
616 1647 754 1716 corruptio
768 1648 847 1701 unius
861 1646 899 1700 sit
911 1662 992 1716 geue

198 1730 267 1785 ratio
293 1728 415 1784 alterius.
458 1728 535 1782 Adeo
562 1734 592 1781 ut
619 1726 719 1797 gradus
745 1726 804 1796 ipse
832 1725 992 1797 privationis

196 1808 307 1875 ultimae,
316 1809 405 1863 minus
414 1807 549 1861 interdum
559 1805 747 1869 incommodet,
757 1807 888 1876 quoniam
896 1821 992 1859 ausam
1071 1803 1181 1865 “Quod
1200 1804 1235 1860 ad
1255 1805 1398 1860 veritatem
1422 1803 1543 1869 refertur,
1562 1804 1653 1873 maius
1675 1814 1726 1871 est,
1749 1823 1829 1878 qaam

1321 1710 1488 1751 SOPHISMA
1510 1710 1539 1750 1.

197 1895 226 1943 et
249 1888 386 1944 stimulum
409 1887 514 1957 praebet
532 1902 610 1940 novae
633 1884 715 1939 alicui
735 1885 834 1938 rationi
857 1884 990 1939 ineunda,
1031 1884 1147 1955 quodad
1160 1885 1323 1954 opinionem.
1363 1884 1464 1939 Modus
1473 1890 1574 1949 autem,
1583 1892 1612 1939 et
1624 1886 1755 1955 probau'o
1765 1886 1828 1954 ejus,
1876 1924 1877 1931 ,

197 1968 276 2023 Unde
291 1968 374 2021 etiarn
386 1965 587 2020 Demosthenes
608 1965 708 2034 saepius
728 1964 901 2033 conqueritur
919 1963 992 2033 apud
1031 1965 1102 2033 quod
1115 1963 1151 2017 ad
1165 1964 1322 2033 opinionem
1336 1963 1462 2034 pertinet,
1474 1962 1534 2018 hae
1548 1970 1608 2028 este
1629 1965 1704 2036 quod
1720 1964 1829 2037 quiunt
1876 1952 1877 1977 ¹

197 2048 272 2102 cives
285 2063 368 2102 suos:
390 2051 406 2077 ‘⁴
422 2045 597 2099 Conditiones
610 2044 701 2097 minue
715 2041 803 2107 utiles,
818 2050 846 2097 et
864 2043 993 2097 honorili-
1030 2042 1102 2097 ciam
1116 2051 1225 2115 putaret
1238 2043 1304 2108 tore,
1315 2044 1435 2097 facturus
1447 2044 1613 2098 nonesset.”

198 2143 252 2192 cas,
262 2142 330 2198 quas
343 2142 359 2178 a
373 2123 504 2194 Philippo
517 2123 659 2193 impositas
679 2122 813 2186 subibant,
827 2122 898 2176 nihil
917 2121 992 2177 aliud
1072 2122 1114 2176 lta
1132 2123 1311 2192 pronunciant
1323 2121 1452 2192 Epicurei
1470 2122 1504 2176 de
1522 2121 1652 2177 felicitate
1666 2123 1828 2185 Stoicorum,

197 2222 266 2271 esse,
285 2222 367 2275 quam
387 2202 517 2257 alimenta
537 2202 661 2272 quaedarn
682 2201 804 2272 ipsorum
826 2201 944 2272 ignaviae
964 2211 992 2255 et
1030 2201 1059 2255 in
1066 2201 1309 2267 virtutecollocata,
1317 2200 1389 2273 quod
1397 2201 1496 2257 similis
1506 2202 1542 2256 sit
1553 2201 1678 2257 felicitati
1688 2202 1829 2259 histrionis

197 2284 343 2340 socordia:
364 2290 395 2338 ut
417 2282 503 2337 multo
521 2282 556 2336 iis
580 2282 676 2337 luisset
699 2282 783 2335 satius
805 2281 861 2335 illis
881 2281 993 2335 omnino
1030 2281 1060 2334 iu
1073 2297 1173 2345 scenae
1194 2281 1248 2351 qui,
1263 2282 1287 2335 ιι
1301 2281 1497 2351 aspectoribus
1511 2281 1648 2352 etplausu
1662 2299 1760 2338 corum
1773 2283 1829 2336 des·

197 2380 296 2428 carere,
310 2370 454 2433 propterea
472 2361 544 2433 quod
562 2360 613 2416 hoc
634 2369 714 2432 pacto
731 2360 864 2415 industria
883 2360 991 2415 illorum
1031 2361 1180 2424 titueretur,
1189 2360 1288 2415 animis
1302 2360 1394 2414 statim
1402 2360 1564 2416 concideret
1586 2361 1829 2434 Itaquerirtutem

197 2442 295 2498 melius
310 2443 371 2497 aeui
385 2442 470 2511 possit
484 2441 519 2496 ad
539 2441 595 2496 alia
613 2440 735 2509 paranda
753 2440 890 2495 remedia!
935 2442 992 2495 No
1030 2456 1080 2509 per
1091 2439 1277 2510 ignominiam,
1291 2439 1391 2494 bonum
1405 2439 1540 2495 theatrale
1552 2450 1660 2497 vocant.
1700 2440 1829 2497 Διιιιιιι

197 2522 286 2578 vimus
299 2530 372 2576 certe
383 2521 519 2577 medicum
534 2520 677 2591 quendam,
690 2520 746 2590 qui,
757 2519 916 2574 mulieribus
927 2519 993 2574 deli·
1030 2519 1060 2572 in
1073 2519 1193 2584 divitiis,
1214 2518 1361 2590 dequibus
1374 2518 1441 2574 ille:

197 2602 275 2667 catis,
301 2601 475 2672 querentibus
499 2618 529 2656 se
555 2600 627 2655 male
654 2600 765 2664 habere,
790 2599 837 2653 sed
859 2608 951 2653 tamen
976 2615 993 2653 a
1168 2637 1232 2687 ,Po
1247 2637 1301 2686 uh·
1311 2636 1457 2686 mihim,
1473 2643 1498 2686 ut
1507 2638 1567 2687 mihi
1593 2637 1693 2687 hudo„

198 2680 404 2736 medicamentis
415 2681 540 2735 omnibus
548 2680 702 2743 abhorrere,
711 2679 816 2734 solebat
827 2679 926 2744 dicere,
936 2695 993 2733 non
1231 2653 1246 2701 Ρ
1449 2673 1456 2699 ’
1577 2654 1592 2702 ¹³
1667 2676 1673 2688 '

197 2760 288 2816 minus
303 2760 398 2825 tacete,
414 2777 495 2831 quam
516 2776 640 2815 morose·
663 2758 779 2813 “Vobis
798 2759 910 2814 omnino
924 2774 993 2827 opus
1032 2763 1129 2819 Itidem
1137 2763 1168 2819 in
1177 2762 1333 2834 voluptate

197 2847 247 2906 est,
269 2847 299 2894 ut
319 2839 438 2895 deterius
459 2839 581 2903 valeatis,
602 2856 656 2911 quo
676 2838 882 2903 medicamento,
905 2838 990 2892 etiam
1354 2879 1570 2927 Grumum

197 2919 456 2992 qualibetlibenter
470 2919 617 2975 toleretisss’
649 2917 826 2981 Quinetiam
818 2934 878 2989 rpse
892 2918 992 2990 gradus
1097 2939 1192 2989 (Μ,
1200 2938 1273 2989 0051,
1283 2953 1402 3002 men,
1412 2937 1774 3001 „unumunurm”

196 3000 364 3071 privationis,
389 3000 445 3055 sive
466 2998 627 3070 indigentia
648 2999 759 3063 ultimae,
780 2998 909 3054 salutaris
932 3013 992 3053 esse

196 3081 354 3151 possitnon
364 3086 470 3133 tantum
483 3078 518 3132 ad
532 3078 704 3134 excitandam
718 3077 887 3144 iudustriam,
897 3094 993 3132 verum
1346 3065 1525 3107 ELEN⁰¹¹⁰⁸

197 3159 280 3214 ctiam
295 3159 330 3213 ad
343 3159 530 3229 imperandam
545 3158 714 3229 patientiam.
1071 3159 1194 3216 Fallacia
1217 3158 1300 3230 hujus
1320 3157 1496 3230 sophismatis
1518 3155 1644 3212 subtilior
1665 3155 1752 3227 paulo
1772 3163 1827 3220 ests

236 3238 314 3300 Quod
328 3238 363 3292 ad
377 3238 524 3293 secundum
537 3238 688 3292 membrum
708 3236 792 3305 huius
806 3236 992 3307 sophismatis,
1031 3239 1098 3294 licet
1108 3239 1248 3310 responsio
1261 3239 1295 3293 ιιι
1309 3235 1473 3307 exemplum,
1485 3235 1558 3307 quod
1571 3235 1723 3300 adducitur,
1736 3235 1826 3291 tacius

196 3316 264 3372 illud
291 3318 395 3382 eodem,
415 3335 470 3387 quo
494 3317 576 3388 prius,
597 3317 774 3371 fundamento
797 3317 844 3388 (de
864 3316 994 3387 gradibus
1031 3320 1132 3391 Neque
1143 3320 1215 3373 enim
1223 3319 1308 3374 virtus
1318 3316 1430 3388 eligitur
1440 3314 1826 3387 propteraurampopularem
1876 3343 1877 3388 ;

197 3397 355 3468 quidditatis
376 3405 404 3451 et
426 3395 573 3466 nullitatis)
591 3397 695 3451 nititur.
738 3397 811 3450 Hinc
832 3403 994 3452 tautausur·
1033 3398 1103 3453 Cum
1123 3398 1207 3453 etiam
1227 3397 1296 3452 illud
1317 3402 1483 3468 praeceptum
1503 3394 1546 3458 sit,
1569 3394 1607 3448 Ut
1628 3394 1692 3464 quis
1712 3395 1826 3449 maxime
1876 3415 1877 3452 ι

196 3485 301 3548 pantur,
315 3478 348 3532 de
361 3476 448 3531 initiis
461 3474 641 3547 negotiorum,
656 3476 810 3547 praeconia:
1032 3478 1153 3533 omnium
1167 3477 1289 3547 seipsum
1303 3483 1464 3531 revereatur.
1507 3474 1550 3528 lta
1563 3481 1593 3528 ut
1603 3472 1646 3527 ιιι
1660 3473 1750 3529 bonus
1760 3473 1827 3527 idern
1876 3493 1877 3512 ι

283 3607 343 3655 “D'
370 3607 401 3618 ..
503 3608 509 3619 .
565 3608 570 3619 ,
713 3610 718 3619 ,
888 3611 904 3631 „
1032 3557 1116 3612 suerit
1135 3557 1166 3610 in
1188 3555 1340 3620 solitudine,
1359 3554 1432 3609 idem
1453 3553 1482 3608 ιιι
1502 3552 1619 3608 theatro.
1663 3552 1746 3608 Licet
1765 3554 1827 3608 torte

336 3607 443 3655 mmmm
452 3608 517 3665 ‘³⁰³¹'
529 3623 571 3669 ⁴¹¹¹
582 3608 644 3656 ΒΜ
656 3615 736 3671 ‘m'
749 3609 829 3668 hebet,
840 3614 885 3657 εἰς·
1032 3636 1186 3690 intendatur
1195 3637 1278 3690 virtus
1292 3634 1418 3690 nonnihil
1430 3650 1480 3703 per
1490 3631 1592 3697 laudes,
1603 3632 1828 3703 quemadmodum

197 3717 270 3772 Hinc
284 3718 481 3789 astrologorum
495 3719 659 3788 superstitio,
675 3720 721 3790 qui
736 3719 869 3790 judicium
891 3719 995 3774 faciunt
1032 3715 1107 3770 calor
1127 3722 1243 3786 augetur
1262 3730 1311 3785 per
1331 3713 1516 3768 reflexionem.
1559 3711 1614 3767 Sed
1633 3711 1689 3766 hoc
1708 3711 1828 3783 supposi-

196 3799 230 3852 de
253 3798 432 3868 dispositione
455 3806 502 3852 aut
525 3799 632 3854 fortuna
652 3799 780 3863 hominis,
802 3816 838 3854 cx
857 3806 994 3854 momento
1033 3795 1135 3850 tionem
1153 3802 1245 3865 negat,
1265 3810 1320 3849 non
1342 3792 1478 3848 fallaciam
1499 3791 1645 3863 redarguit.
1688 3790 1827 3846 Eleacbns

196 3877 253 3932 sive
267 3876 381 3932 articulo
393 3877 545 3932 nativitatis
558 3886 605 3934 aut
618 3886 775 3949 conceptue.
1032 3892 1097 3929 vero
1123 3873 1187 3928 talis
1207 3880 1257 3928 est.
1297 3873 1377 3938 Dato,
1400 3871 1473 3942 quod
1492 3871 1578 3925 virtus
1601 3870 1770 3940 (maesertim
1789 3885 1828 3933 ea,

1032 3972 1093 4025 qum
1114 3953 1221 4008 labores
1242 3959 1271 4007 et
1284 3953 1424 4006 condictus
1438 3950 1524 4017 subit)
1538 3966 1593 4004 non
1607 3950 1766 4022 eligeretur,
1777 3948 1828 4003 aiei

507 4019 686 4061 ELENCHUS·
1033 4032 1105 4103 quod
1125 4033 1220 4087 laudes
1244 4039 1272 4086 et
1295 4032 1369 4086 lama
1390 4046 1451 4085 eam
1471 4029 1594 4084 comitari
1612 4030 1738 4095 soleant,
1760 4028 1830 4085 baud

236 4111 319 4167 Fallit
345 4114 487 4185 sophisma
513 4115 613 4185 primo,
643 4114 772 4185 quoniam
799 4115 829 4168 in
854 4112 994 4169 nonnullis
1032 4112 1094 4167 inde
1108 4113 1238 4185 sequitur,
1252 4110 1325 4183 quod
1344 4111 1481 4181 appetitus
1501 4117 1529 4164 et
1545 4116 1636 4165 motus
1655 4110 1693 4163 ad
1705 4111 1829 4165 virtutem

195 4192 393 4262 primoererum
406 4193 654 4264 inceptionesnihil
668 4193 741 4248 alind
756 4201 918 4265 sunt,quam
933 4211 994 4264 quea
1031 4207 1086 4245 non
1099 4193 1136 4246 sit
1148 4192 1285 4263 praecipue
1299 4197 1410 4260 propter
1422 4206 1461 4245 se.
1502 4188 1642 4261 Siquidem
1656 4188 1830 4260 iamaposait

196 4272 339 4342 Epicurus,
353 4273 382 4327 in
402 4273 578 4344 philosophia
592 4290 649 4339 sua,
664 4272 785 4344 appellat
805 4281 992 4337 tentamenta,
1032 4286 1093 4325 esse
1115 4288 1199 4326 causa
1221 4277 1327 4325 tantum
1348 4268 1502 4340 impulsiva,
1525 4276 1573 4323 aut
1596 4268 1656 4323 sine
1683 4286 1740 4339 qua
1762 4284 1829 4330 nour

197 4350 225 4405 id
249 4359 298 4417 est,
319 4352 473 4408 rudimenta
495 4352 627 4424 quaedam,
649 4371 711 4425 quas
738 4351 821 4406 nihili
843 4360 914 4417 sunt,
938 4351 994 4406 nisi
1032 4349 1190 4422 neutiquam
1198 4350 1326 4413 efficiens,
1335 4358 1382 4404 aut
1390 4350 1563 4403 constituens.
1588 4347 1721 4417 Exempli
1730 4347 1829 4418 gratia:

196 4432 328 4486 iterentur
355 4437 401 4486 aut
428 4431 622 4502 provehantur.
666 4431 762 4503 ltaque
788 4431 818 4485 in
838 4430 892 4485 hoc
920 4447 993 4496 casu,
1033 4428 1064 4483 Si
1084 4429 1139 4484 duo
1160 4429 1261 4484 tuerint
1280 4429 1353 4500 equi,
1376 4445 1490 4499 quorum
1509 4442 1588 4492 uuus,
1605 4425 1761 4482 cdeambus
1778 4440 1831 4479 nou
1876 4475 1877 4478 ,

196 4510 296 4582 gradus
310 4510 443 4566 secundus
457 4511 565 4583 dignior
578 4511 686 4566 videtur
704 4518 732 4565 et
751 4510 897 4581 potentior,
911 4526 994 4602 quam
1033 4509 1156 4573 admotis,
1171 4508 1362 4580 quoerishsud
1383 4507 1505 4580 segniter
1523 4513 1682 4577 prestaret,
1705 4513 1736 4560 at
1756 4504 1830 4568 alter,
1876 4517 1877 4526 ¹

196 4590 317 4661 primus:
349 4591 611 4662 quemadmodum'
603 4607 633 4644 ru
660 4588 799 4659 plaustris,
827 4606 914 4661 equus
946 4589 994 4660 qui
1033 4587 1183 4644 calcaribus
1197 4587 1323 4652 admotis,
1337 4587 1458 4658 priorem
1475 4584 1557 4658 longa
1570 4593 1729 4655 superaret:
1744 4593 1831 4655 poste·
1876 4637 1877 4644 ,

196 4670 361 4763 penultimus
388 4678 436 4736 est,
464 4670 527 4741 plus
553 4670 659 4724 confert
683 4669 718 4723 ad
742 4676 846 4723 motum
869 4668 994 4738 plaustri,
1032 4667 1089 4722 rior
1114 4669 1166 4723 iste
1195 4665 1336 4737 (arbitror)
1358 4666 1478 4738 palmam
1501 4665 1610 4729 referet,
1633 4671 1662 4719 et
1685 4681 1740 4735 pro
1763 4679 1831 4734 equo
1876 4693 1877 4696 =

196 4768 278 4821 quarn
297 4751 410 4821 pomus.
451 4750 543 4804 Etiam
558 4766 614 4803 non
628 4748 721 4818 inepte
737 4748 792 4803 dici
813 4747 900 4804 solet:
922 4749 994 4803 Con·
1033 4746 1145 4802 meliore
1159 4746 1332 4815 iudicabitur.
1373 4747 1472 4817 Neque
1486 4760 1642 4816 quenquam
1658 4744 1760 4812 judicii
1773 4743 1830 4798 sani

194 4831 296 4885 vicium
315 4839 461 4903 regestum,
474 4828 545 4882 illud
566 4843 635 4891 esse,
656 4828 728 4898 quod
746 4844 848 4899 pugna
861 4828 897 4882 ιιι
909 4843 994 4882 reum
1033 4826 1210 4881 commoverat
1221 4824 1416 4881 formularlla
1438 4824 1554 4897 Apage
1546 4831 1629 4879 ratum
1637 4837 1830 4894 equumanus
1876 4837 1877 4852 ι

195 4908 481 4965 Priusenimlortasse
493 4905 749 5002 praetervolaturum
760 4907 868 4962 ιιιιιιιι.
898 4908 995 4977 Ιιιφιι
1034 4905 1205 4975 spiritussiti
1219 4903 1493 4961 suntiacalcaribua.
1521 4902 1829 4973 Quandoquidemeuiur
1876 4911 1877 4976 l

196 4988 271 5056 prius
290 4988 364 5044 malo
383 4988 547 5059 principium
568 4986 649 5051 dedit,
664 4986 713 5041 sed
731 4987 865 5057 posterius
886 4986 995 5040 modum
1033 4984 1242 5041 instrumentum
1256 4984 1423 5040 ordinarium
1436 4983 1571 5054 equitanti
1584 4980 1735 5046 sitcalcar,
1744 4997 1829 5052 neque
1876 5037 1877 5056 χ

196 5066 318 5123 abstulit.
359 5067 445 5123 Fallit
458 5066 602 5136 sophisma
614 5066 741 5131 meando,
754 5073 865 5137 propter
878 5066 996 5137 dignita·
1034 5063 1091 5119 ullo
1104 5064 1270 5120 modooneri
1283 5062 1573 5134 autimpedimentoei
1587 5062 1638 5126 sit;
1652 5078 1708 5116 non
1719 5061 1829 5116 minoris

197 5158 253 5201 tem
276 5144 501 5217 perseverantiae3
524 5162 586 5214 quae
606 5145 636 5199 in
656 5161 811 5217 progressu,
825 5162 881 5200 uon
898 5145 929 5199 in
949 5163 996 5217 ag·
1033 5151 1178 5215 propterea
1191 5144 1366 5199 estimandus
1380 5150 1423 5198 est
1442 5159 1537 5214 equus,
1552 5141 1597 5213 qui
1611 5140 1719 5196 calcare
1737 5140 1827 5195 incita-

197 5242 300 5295 gressu,
314 5227 367 5281 sita
380 5231 430 5279 est
470 5222 580 5278 Etenim
594 5239 681 5289 casus,
695 5232 745 5279 aut
757 5231 863 5290 natura,
877 5226 996 5295 primum
1035 5231 1095 5279 tur:
1116 5239 1204 5295 neque
1219 5224 1304 5278 etiam
1322 5222 1371 5278 ille
1390 5222 1472 5290 alter,
1494 5222 1541 5293 qui
1556 5221 1660 5292 absque
1678 5220 1828 5275 ιιιιιιιιιιιι

196 5306 330 5375 impetum
353 5305 518 5375 progignere
542 5310 676 5372 possunte
697 5310 726 5356 at
746 5304 860 5359 affectus
882 5312 997 5359 tantum·
1034 5304 1104 5358 mira
1118 5309 1235 5374 prestet,
1250 5320 1284 5359 eo
1304 5303 1365 5374 ipso
1381 5300 1486 5367 melior,
1500 5302 1548 5356 scd
1566 5300 1709 5356 delicafior
1728 5307 1828 5354 tantum

198 5384 278 5439 modo
304 5393 428 5439 maturus
450 5390 477 5438 et
501 5381 644 5451 judicium,
673 5384 864 5438 constantiam.
912 5384 998 5439 Fallit
1036 5382 1177 5436 habendus
1189 5390 1241 5439 est.
1283 5381 1372 5438 Simili
1385 5382 1498 5445 ratioeoe.
1520 5379 1610 5452 gloria
1623 5389 1651 5435 et
1671 5379 1766 5444 horror,
1779 5379 1828 5432 vir·
1876 5405 1877 5408 ¹

198 5463 277 5518 tertio
287 5463 315 5517 iu
325 5463 360 5520 iis
373 5462 462 5530 rebus,
470 5478 586 5534 quarum
592 5469 692 5517 natura
702 5469 732 5518 et
741 5478 835 5518 cursus
845 5463 997 5519 ordinarius
1035 5462 1095 5530 tuti,
1110 5478 1161 5534 pro
1170 5462 1289 5522 stimulis
1303 5468 1331 5518 et
1342 5460 1501 5527 calcaribus,
1516 5461 1705 5517 subserviuntr
1722 5475 1754 5514 so
1767 5457 1828 5513 licet
