3800 5875
856 334 1047 392 cocturus
1067 336 1116 390 ET
1137 334 1233 391 vlss.

555 804 944 888 OPUSCULA
983 801 1548 892 PHILOSOPHICA.

636 1330 874 1399 FRANCISCI
898 1330 1070 1397 BACONI
1095 1331 1160 1397 DE
1181 1332 1458 1400 VERULAMIO

366 1530 622 1607 COGITATA
647 1530 712 1605 ET
739 1526 856 1603 VlSA
881 1527 950 1602 DE
979 1524 1463 1603 INTERPRETATIONE
1491 1527 1737 1615 NATURAE,

642 1733 727 1789 SIVE
745 1733 798 1787 DE
816 1730 1049 1786 INVENTIONE
1066 1731 1202 1786 RERUM
1219 1733 1266 1788 ET
1283 1731 1452 1789 OPERUM.

232 1935 414 1991 Fatuorscus
432 1932 566 1986 sacuam
585 1929 624 1985 sic
643 1927 782 2001 cogitarit.
823 1924 979 1992 Scieatiam,
997 1924 1027 1981 in
1061 1923 1198 1995 chymista
1218 1942 1284 1982 rero
1303 1926 1339 1981 sd
1359 1925 1425 1981 artis
1446 1942 1503 1982 susc
1520 1925 1741 1983 sublevationem
1758 1944 1857 1983 utores
1886 1935 1887 1962 ¹

231 2016 309 2084 cujus
327 2012 497 2084 possessione
515 2026 603 2081 genus
619 2009 768 2063 humanum
787 2006 875 2061 adhuc
893 2013 1026 2072 rerssmr,
1061 2005 1185 2074 proprios
1193 2021 1255 2060 reos
1265 2005 1409 2071 substituit,
1421 2008 1694 2062 aecumaecuaatorie
1706 2009 1855 2079 reputanda
1886 1995 1887 2056 i

231 2094 268 2148 ad
280 2092 468 2148 certitudinem
482 2097 509 2144 et
521 2088 737 2160 magnitudinem
755 2102 866 2156 operum
879 2101 935 2139 uon
949 2101 1027 2139 acce·
1062 2099 1091 2137 se
1105 2091 1153 2142 eut
1166 2084 1233 2139 artis
1246 2096 1273 2140 et
1288 2093 1426 2140 auctorum
1441 2085 1642 2140 vocabulanon
1656 2087 1856 2141 sadsiotellcx·
1886 2103 1887 2168 q

232 2172 305 2227 dere.
345 2170 469 2226 Medicus
482 2169 616 2240 siquidem
630 2166 739 2222 morbos
753 2164 906 2236 complures
919 2163 1027 2219 maana·
1061 2162 1123 2226 isse,
1136 2164 1207 2218 unde
1222 2164 1257 2218 ad
1279 2164 1453 2219 traditionum
1474 2173 1503 2218 et
1519 2181 1567 2219 ore
1590 2173 1674 2220 tenus
1694 2166 1854 2238 eloquiorum
1886 2185 1887 2236 t

231 2250 302 2305 biles
327 2249 508 2320 pronuntiare,
535 2251 563 2302 et
587 2246 617 2300 in
644 2244 808 2317 reliquorum
835 2260 900 2299 cura
926 2244 1027 2313 eaepios
1061 2258 1184 2297 susurros
1197 2243 1318 2298 animum
1331 2244 1517 2314 applicatam
1530 2243 1560 2299 iu
1573 2246 1708 2314 practicae
1722 2246 1853 2317 scropulis,

231 2346 320 2384 errare
335 2338 362 2383 et
375 2329 506 2390 deficeree
526 2325 702 2397 alchymistas
715 2325 744 2379 in
758 2323 817 2395 spei
830 2340 886 2379 suae
896 2321 1026 2393 amplexi·
1062 2322 1285 2392 proportionibus,
1301 2331 1328 2377 et
1342 2324 1486 2378 momentis
1499 2321 1608 2394 aliquid
1620 2325 1769 2380 titubatum
1785 2342 1853 2379 esse:

230 2409 282 2463 bus
296 2399 434 2463 senescere
449 2415 477 2461 et
490 2406 613 2461 immoriz
634 2421 776 2475 magorum
789 2403 963 2474 operatione
975 2418 1025 2456 nec
1060 2401 1131 2455 unde
1152 2403 1338 2472 experimenta
1362 2402 1530 2458 felicioribus
1552 2400 1600 2478 (ut
1620 2400 1720 2477 putat)
1733 2405 1854 2476 auspiciis

230 2487 386 2551 fructuosa3
416 2485 590 2541 mechanicas
610 2493 682 2540 artes
701 2500 756 2538 non
776 2481 892 2536 multum
916 2482 985 2536 lucis
1009 2498 1026 2535 a
1060 2479 1088 2533 in
1101 2480 1235 2536 infinitum
1249 2482 1356 2553 repetit
1397 2483 1438 2536 Ac
1450 2482 1559 2537 interim
1574 2500 1638 2536 curn
1658 2484 1733 2538 inter
1753 2485 1854 2554 experi-

230 2566 405 2638 philosophia
416 2575 515 2637 petere,
526 2565 574 2619 sed
588 2564 763 2634 experientia
774 2561 851 2627 telas,
862 2561 949 2616 lentas
960 2576 1025 2615 sane
1060 2568 1211 2614 mentorum
1220 2561 1400 2633 vertiginosis
1411 2562 1550 2633 ambages,
1561 2561 1591 2616 in
1603 2563 1722 2617 inventa
1730 2564 1853 2634 quandam,

230 2646 401 2710 achumiles‚
415 2645 546 2715 paulatim
560 2644 725 2699 continuare.
765 2642 874 2705 Casum,
887 2649 1025 2696 auctorem
1060 2640 1179 2710 nutipsa
1193 2640 1263 2695 facie
1280 2657 1359 2706 noue,
1374 2648 1421 2696 aut
1440 2640 1558 2696 utilitate
1579 2657 1636 2696 non
1654 2643 1852 2706 contemnenda,

229 2742 321 2780 rerum
334 2724 510 2794 proculdubio
523 2723 633 2787 utilem3
655 2722 703 2777 sed
723 2722 769 2793 qui
790 2737 840 2791 per
853 2719 950 2792 longas
965 2736 1024 2774 arn-
1058 2716 1208 2790 impingatr
1223 2719 1379 2789 hujusmodi
1392 2720 1556 2792 pignoribus
1570 2722 1698 2776 animum
1708 2723 1802 2793 pascit,
1815 2740 1854 2775 es-

229 2804 315 2875 bages
328 2813 357 2858 et
373 2805 500 2859 circuitus
517 2802 630 2856 donaria
647 2818 697 2855 sua
714 2801 742 2853 in
761 2799 885 2854 homiues
905 2805 1024 2871 spargat
1059 2799 1151 2868 quein
1166 2799 1252 2867 majus
1266 2807 1382 2854 ostentat
1394 2808 1422 2854 et
1432 2799 1559 2864 celebrat,
1573 2800 1745 2872 reliquaspe
1758 2811 1854 2856 susten

230 2884 325 2956 ltaque
339 2885 426 2940 visuum
440 2891 482 2939 est
498 2882 541 2947 εἰς
562 2882 671 2935 inventa
689 2879 837 2944 hominum,
852 2878 950 2951 quibus
969 2878 1022 2932 uti·
1058 2884 1106 2931 tut.
1147 2877 1257 2949 Magus,
1271 2895 1334 2933 cum
1348 2879 1574 2951 nonnullasupra
1592 2889 1723 2937 usturam
1736 2883 1854 2953 (prosum

229 2982 298 3029 mur,
322 2964 466 3019 admodum
489 2961 649 3033 imperfecta
675 2965 704 3015 et
729 2960 874 3014 immature
900 2959 1021 3014 censeri:
1058 2956 1183 3013 nimirum
1198 2957 1292 3028 captu)
1306 2976 1416 3030 prorsus
1430 2958 1625 3015 efficivideat:
1648 2963 1853 3033 postquamrim

229 3061 300 3097 nova
312 3061 377 3098 vero
390 3043 443 3098 hoc
457 3041 629 3097 scientiarum
649 3047 729 3103 statu,
744 3055 798 3092 non
816 3037 869 3092 nisi
883 3053 932 3107 per
949 3053 1023 3091 secu·
1058 3038 1142 3092 semel
1155 3045 1259 3094 naturae
1273 3038 1371 3094 iactam
1385 3038 1520 3110 intelligit,
1530 3039 1730 3109 imaginationi
1744 3040 1800 3094 elas
1812 3042 1852 3094 ad·
1886 3060 1887 3071 ¹

227 3121 316 3177 lorum
330 3123 418 3193 spatia
433 3120 601 3191 exspectarir
622 3136 709 3189 eaque
723 3118 792 3188 ipsa,
813 3134 875 3188 quae
891 3115 1023 3170 hactenus
1058 3114 1111 3182 dit3
1143 3133 1256 3188 remque
1278 3120 1367 3190 magis
1387 3127 1414 3173 et
1434 3118 1524 3173 minus
1544 3118 1672 3188 recipere
1695 3121 1745 3175 rix
1767 3128 1852 3191 potam
1886 3134 1887 3185 p

228 3196 1021 3269 humanaexhibuitindustriaphilosophiaehaudattribui.
1058 3211 1141 3265 quare
1154 3196 1334 3252 maximarum
1356 3215 1446 3252 rerum
1466 3197 1518 3251 sibi
1537 3197 1720 3269 adeptionem
1739 3200 1851 3269 spondet,

269 3281 407 3351 Cogitavit
420 3288 447 3336 et
464 3280 546 3342 illud;
567 3279 596 3332 in
614 3278 650 3332 iis
669 3294 759 3331 rerum
777 3275 957 3330 humanarum
974 3291 1022 3328 an·
1057 3289 1112 3328 non
1124 3275 1219 3330 videns
1232 3293 1292 3331 esse
1306 3277 1427 3346 subjecte
1440 3277 1506 3332 certi
1523 3277 1669 3346 cujusdam
1683 3286 1713 3332 et
1727 3278 1782 3332 fere
1794 3279 1851 3332 defi·

228 3359 334 3430 gustiie,
347 3359 376 3413 id
390 3360 508 3415 maxime
527 3366 556 3412 et
575 3358 609 3412 ad
628 3372 748 3427 praesens
766 3355 934 3424 deploratum
954 3363 980 3409 et
994 3355 1022 3409 io
1056 3352 1108 3407 niti
1122 3356 1237 3425 generis,
1252 3355 1282 3410 in
1296 3355 1393 3427 quibus
1406 3356 1498 3427 magia
1512 3362 1539 3409 et
1556 3357 1721 3426 superstitio
1737 3375 1784 3428 per
1796 3374 1848 3411 om·

227 3438 348 3494 futurum
356 3440 506 3494 ominosum
515 3454 581 3501 esse,
593 3436 664 3507 qnod
672 3436 806 3499 homiues,
817 3434 1021 3489 contrabonum
1056 3448 1104 3487 nes
1118 3435 1242 3489 nationes
1253 3442 1280 3490 et
1292 3442 1388 3490 aetates
1399 3435 1517 3507 potuerit
1530 3442 1558 3489 et
1566 3433 1675 3492 luserit.
1717 3436 1848 3491 mechani-

228 3534 314 3585 suum,
332 3520 445 3589 cupiunt
463 3518 644 3589 ignorantiam
662 3515 821 3587 ignominias
842 3514 971 3579 eximere,
994 3522 1022 3568 et
1056 3528 1103 3566 cus
1117 3521 1214 3577 sutem,
1229 3515 1253 3568 si
1266 3514 1293 3567 ei
1307 3515 1454 3586 contigerit
1470 3515 1528 3583 jam
1542 3514 1653 3585 pridem
1667 3515 1779 3570 inventa
1789 3516 1848 3571 mb-

228 3597 281 3653 sibi
305 3615 354 3669 per
378 3597 499 3667 inopiam
521 3597 601 3651 istam
626 3595 760 3650 satisfieri.
802 3593 927 3648 Medicus
949 3592 1021 3647 enirn
1057 3590 1132 3647 tilius
1143 3593 1238 3663 polire,
1253 3592 1296 3647 vel
1309 3610 1405 3648 ornare
1425 3592 1596 3665 elegantiusr
1617 3604 1678 3659 aut,
1694 3613 1757 3668 quse
1777 3612 1851 3666 sepa·

227 3686 328 3748 praeter
341 3676 459 3732 cautelas
473 3676 537 3730 artis
551 3692 607 3730 sum
621 3676 662 3746 (in
677 3674 774 3747 quibus
788 3674 823 3726 ad
841 3673 1020 3727 existimatio·
1056 3671 1135 3725 ratim
1144 3671 1333 3737 observaverit,
1344 3689 1505 3744 componere
1513 3679 1541 3726 et
1550 3672 1634 3727 simul
1645 3684 1849 3745 repraesentem

222 3772 291 3811 nem
304 3757 371 3811 artis
386 3756 511 3811 tuendam
531 3754 605 3809 haud
623 3771 718 3825 parum
739 3751 859 3823 praesidii
877 3755 930 3821 est)
949 3750 1020 3805 hanc
1056 3757 1158 3805 autres
1177 3768 1239 3806 cum
1253 3770 1305 3807 usu
1318 3770 1407 3808 rerum
1421 3752 1589 3807 commodius
1603 3759 1632 3807 et
1645 3752 1756 3809 felicius
1769 3772 1848 3826 oopu-

227 3835 474 3906 generalemreluti
489 3834 570 3889 totius
581 3833 647 3888 artis
656 3833 787 3887 cautelam
799 3831 928 3896 advocat3
950 3831 1021 3901 quod
1055 3828 1124 3884 lare:
1139 3838 1187 3885 aut
1201 3848 1269 3901 opus
1283 3831 1393 3901 majore.
1405 3841 1451 3887 aut
1465 3832 1548 3886 etiam
1563 3832 1680 3898 minore,
1692 3851 1775 3906 quam
1793 3834 1849 3889 tisri

227 3915 294 3970 artis
307 3932 363 3969 sum
376 3916 559 3971 infirmitatem
578 3914 606 3967 in
626 3921 729 3966 naturae
746 3910 908 3966 calumniam
922 3910 1001 3965 vertit
1013 3933 1019 3975 t
1055 3911 1203 3977 consuerit,
1214 3909 1284 3966 mole
1299 3919 1326 3965 et
1338 3911 1475 3966 volumine
1491 3910 1634 3976 exhibere,
1646 3929 1678 3967 se
1693 3914 1801 3968 demum
1813 3914 1850 3967 in·

227 4001 255 4048 et
269 3994 341 4066 quod
355 4013 399 4050 ars
418 4012 472 4050 non
491 3993 608 4063 attingit,
627 3992 656 4046 id
674 4009 710 4046 ex
728 3999 785 4045 arte
803 3980 972 4060 impossibile
991 3989 1020 4044 in
1055 3994 1096 4041 ter
1108 4005 1197 4043 rerum
1212 3987 1505 4046 inventoresnumerat.
1548 3991 1648 4062 Itaque
1659 3993 1751 4048 risum
1763 4000 1805 4048 est
1817 3993 1847 4056 ei.

226 4082 322 4127 natura
335 4075 471 4144 supponit.
511 4072 611 4141 Neque
625 4078 696 4125 certe
716 4069 837 4124 damnari
857 4077 946 4140 potest
967 4085 1019 4134 ars,
1055 4065 1179 4122 homiues
1194 4086 1282 4124 rerum
1296 4077 1324 4124 et
1344 4072 1442 4125 artium
1459 4086 1591 4124 novarum
1612 4071 1807 4135 inventionem,
1820 4080 1849 4127 ut

226 4168 289 4206 cum
302 4153 363 4222 ipsa
374 4154 484 4221 judicet
525 4151 617 4205 litium
629 4149 810 4220 philosophia,
822 4165 858 4202 ex
870 4165 924 4219 qua
937 4148 1020 4202 medi·
1054 4155 1180 4202 conatum
1188 4148 1297 4204 inanem
1311 4157 1337 4203 et
1347 4157 1510 4220 suspectum,
1520 4148 1665 4215 fasddirer
1682 4152 1727 4205 vel
1736 4152 1846 4214 credera
1886 4168 1887 4209 1

226 4230 360 4286 ciuaista
381 4234 475 4302 (quam
496 4229 669 4285 inmanibus
689 4229 833 4295 babemus)
857 4227 1018 4293 excisaest,
1054 4233 1161 4282 exstare
1185 4228 1294 4300 quidem
1314 4228 1423 4283 inventa
1446 4228 1557 4293 nobilis,
1582 4229 1631 4283 sed
1656 4230 1731 4285 inter
1754 4247 1847 4301 paucos
1886 4228 1887 4313 i

226 4307 310 4363 habet
329 4320 356 4365 et
375 4310 424 4364 illa
442 4319 470 4366 et
489 4311 518 4364 in
537 4312 598 4364 sinu
618 4307 702 4363 nutrit
721 4307 843 4379 quaedaqr
863 4306 955 4376 posita
974 4316 1020 4361 aut
1054 4321 1159 4361 summo
1172 4307 1281 4362 silentio
1304 4315 1332 4362 et
1352 4307 1487 4378 religione
1508 4306 1628 4380 quadem
1646 4308 1787 4365 cohiberi:
1806 4308 1846 4364 rel
1886 4322 1887 4365 t

225 4386 334 4459 placita,
353 4389 382 4443 in
401 4407 461 4460 quae
478 4388 502 4443 si
522 4388 641 4443 severius
660 4388 820 4459 inquiratur,
838 4385 891 4439 hoc
910 4387 1019 4441 omniuo
1053 4382 1107 4439 huc
1121 4386 1291 4451 descendere,
1303 4393 1333 4440 ut
1345 4387 1465 4441 minores
1478 4386 1546 4441 istas
1557 4387 1708 4443 industries
1722 4391 1847 4444 etinven-
1886 4378 1887 4397 ¹

225 4469 381 4537 persuaderi
396 4469 497 4533 volunt,
510 4468 550 4521 nil
564 4467 676 4522 arduum
691 4473 738 4520 aut
755 4467 784 4519 in
797 4472 894 4519 natura
906 4465 1018 4536 imperi·
1053 4470 1140 4519 torum
1151 4466 1389 4535 additamentapro
1399 4465 1758 4524 norisinsentisaestiment.
1785 4467 1847 4529 Qua

225 4562 303 4601 osum
325 4547 360 4601 ab
381 4555 439 4601 arte
459 4545 503 4600 vel
524 4564 575 4617 ope
597 4546 718 4600 humana
735 4544 888 4615 exspectari
908 4544 1017 4600 debere.
1053 4543 1144 4598 omnia
1157 4562 1190 4599 eo
1203 4545 1322 4610 redeunt,
1337 4553 1367 4598 ut
1380 4545 1485 4600 animos
1498 4544 1641 4600 hominum
1656 4563 1676 4600 a
1689 4547 1812 4619 legitimo
1822 4554 1845 4600 et

225 4625 270 4679 Ab
283 4624 335 4679 hoc
350 4624 423 4680 tonte
437 4624 520 4679 illud:
541 4625 658 4679 calorem
673 4625 737 4678 astri
752 4624 809 4677 sive
824 4622 896 4689 solis,
908 4632 935 4678 et
947 4624 1018 4678 calo·
1052 4624 1187 4679 constanti
1208 4623 1307 4688 labore,
1324 4632 1352 4678 et
1371 4640 1389 4677 a
1407 4624 1544 4678 nobilibus
1565 4632 1594 4678 et
1613 4642 1719 4698 genere
1734 4627 1845 4683 humano

225 4722 284 4759 rem
297 4704 369 4777 ignis
383 4712 439 4759 toto
457 4720 555 4774 genere
572 4705 696 4758 differre:
718 4710 745 4757 et
763 4701 839 4767 illud,
860 4704 1016 4773 compositi·
1052 4700 1142 4772 dignis
1155 4703 1329 4758 inventorum
1341 4703 1435 4773 pensis
1447 4710 1578 4759 avertant.

225 4800 303 4839 onem
318 4801 386 4854 opus
400 4782 527 4847 hominis,
538 4790 566 4836 at
579 4783 731 4836 mistionem
743 4798 810 4852 opus
820 4781 904 4836 solius
914 4790 1018 4839 naturae
1092 4780 1227 4853 Cogitavit
1242 4790 1270 4837 et
1282 4782 1366 4847 illudr
1387 4782 1512 4838 homines
1526 4799 1588 4837 cum
1602 4800 1721 4855 operum
1735 4787 1842 4840 variem-

225 4880 301 4926 esse;
322 4872 350 4917 et
362 4861 475 4927 similiar
498 4878 557 4931 quae
567 4863 589 4916 si
598 4862 754 4932 diligentius
764 4870 895 4925 notentur,
907 4862 1017 4916 omnino
1052 4864 1105 4913 tem
1121 4869 1148 4915 et
1161 4861 1371 4931 pulcherrimum
1383 4869 1551 4932 apparatum,
1564 4880 1626 4933 qum
1639 4880 1692 4933 per
1708 4875 1781 4921 artes
1793 4880 1842 4920 me·

224 4942 360 5013 pertinent
378 4942 413 4996 ad
433 4941 559 4995 humanm
579 4941 720 5010 potestatis
741 4941 1017 5010 circumscriptionem
1051 4936 1179 4995 chanicas
1193 4941 1227 4995 ad
1240 4942 1342 4996 cultum
1355 4941 1504 4996 humanum
1525 4950 1659 5012 congesta
1680 4942 1841 5007 suntoculi
1886 4940 1887 4997 j

224 5020 394 5085 malitiosam,
409 5019 485 5074 etad
499 5019 640 5090 quesitam
654 5027 682 5074 et
700 5020 872 5074 artificiosam
893 5020 1017 5092 despera·
1052 5017 1202 5086 subjiciunt,
1218 5037 1251 5074 eo
1266 5019 1404 5085 inclinare,
1419 5027 1448 5076 ut
1469 5020 1561 5091 potius
1577 5020 1613 5074 ad
1632 5022 1785 5093 opulentia
1797 5023 1841 5077 ho·

225 5101 336 5165 tionem,
350 5118 411 5172 quta
424 5117 478 5153 non
491 5098 579 5153 solum
592 5099 651 5168 spei
669 5099 790 5170 auguria,
805 5098 852 5153 sed
870 5099 952 5153 etiam
971 5117 1017 5154 ex·
1052 5112 1139 5153 manee
1153 5099 1368 5163 admirationem.
1383 5115 1465 5170 quam
1479 5099 1512 5152 ad
1530 5099 1631 5170 inopiae
1645 5118 1760 5157 sensum
1772 5118 1841 5156 acce·

224 5179 347 5249 pariendi
361 5177 435 5233 aleos
452 5177 569 5246 abjiciat,
584 5185 612 5230 et
630 5194 724 5232 omnes
740 5177 878 5232 industries
894 5178 1017 5232 stimulos
1051 5174 1130 5241 dant;
1152 5178 1263 5233 minime
1276 5177 1405 5244 ridentes,
1420 5178 1571 5248 primitivas
1583 5178 1708 5235 hominis
1721 5182 1840 5237 obseru-

224 5266 252 5311 et
264 5274 362 5312 nervos
376 5258 493 5321 incidat;
514 5256 579 5311 dum
592 5256 625 5309 de
639 5256 691 5310 hoc
708 5265 811 5311 tantum
829 5256 930 5311 soliciti
946 5268 1015 5323 sunt,
1053 5254 1138 5310 tiones
1153 5264 1181 5310 ct
1193 5265 1297 5313 naturoe
1311 5258 1490 5327 operationes,
1506 5274 1567 5327 quae
1588 5258 1690 5316 animes
1703 5268 1753 5315 aut
1765 5256 1841 5331 primi

223 5344 253 5388 ut
274 5352 319 5388 ars
342 5337 462 5403 perfecta
482 5343 631 5399 censeatur,
651 5341 679 5389 et
697 5335 790 5406 gloriae
812 5336 966 5392 sanissimae
989 5347 1016 5391 et
1050 5341 1140 5389 motus
1153 5334 1246 5401 instar,
1261 5337 1295 5391 ad
1316 5353 1424 5392 omnem
1440 5336 1516 5391 illam
1536 5337 1697 5394 varietatem
1719 5340 1781 5401 sint.
1793 5354 1841 5392 nec

224 5413 414 5479 perditissimae
440 5416 505 5468 dant
531 5430 659 5484 operam
694 5413 805 5480 scilicet,
830 5422 862 5493 ut
889 5415 1015 5488 quicquid
1050 5413 1148 5468 multas
1160 5431 1211 5469 nec
1225 5416 1279 5471 alte
1299 5415 1397 5485 petitas
1410 5432 1488 5470 esse:
1509 5424 1607 5471 catera
1627 5417 1663 5471 ad
1684 5418 1841 5488 patientiam
1886 5462 1887 5489 q

225 5490 364 5545 inventum
375 5509 428 5547 non
439 5494 481 5559 sit,
491 5492 519 5547 id
527 5510 576 5547 nec
588 5490 701 5548 inveniri
711 5509 791 5564 posse
802 5495 934 5552 credatur.
968 5494 1015 5550 Al·
1050 5490 1191 5550 hominum
1209 5503 1236 5554 et
1259 5494 1387 5552 subtilem
1401 5501 1436 5550 et
1455 5494 1608 5551 ordinatum
1628 5495 1784 5553 manassei
1802 5496 1840 5549 in
1886 5490 1887 5565 l
