3800 5875
574 340 614 394 lN
639 338 850 394 HENRlCUM
871 338 1087 393 PRINCIPEM
1109 337 1267 393 WALLIAE
1289 336 1476 392 ELOGIUM.

1165 527 1178 554 Ν

995 780 1026 824 ΙΝ

523 981 852 1066 HENRlCUM
892 979 1231 1062 PRINCIPEM
1262 980 1517 1065 WALLIAE

889 1239 1127 1315 ELOGIUM

826 1487 1031 1545 FRANCISCI
1058 1487 1211 1545 BACONI.

245 1722 411 1777 Haunrcus·
423 1721 619 1792 primogenitus
631 1717 1000 1791 RegisMagnaeBritannia,
1036 1716 1118 1771 diano
1131 1718 1194 1772 vitra
1214 1733 1322 1789 genere,
1336 1724 1364 1773 et
1376 1718 1562 1790 assignatione
1576 1717 1710 1772 horarum
1729 1718 1763 1771 ad
1780 1718 1829 1772 rin·

205 1799 339 1872 Princeps
359 1800 474 1865 Walliae,
489 1809 569 1854 antea
592 1817 639 1870 spe
661 1801 764 1862 beatus,
778 1815 849 1852 nunc
869 1797 1001 1851 memoria
1036 1796 1100 1867 gula
1119 1797 1181 1851 vitra
1195 1815 1315 1863 munera,
1329 1798 1417 1870 magis
1440 1815 1523 1870 quam
1544 1814 1597 1869 pro
1611 1805 1693 1852 rotate
1711 1807 1829 1851 conamus

205 1881 280 1944 felix,
304 1881 376 1936 diem
404 1897 481 1934 suum
504 1881 572 1933 obiit
599 1879 626 1934 6.
651 1878 788 1933 Novemb.
818 1894 889 1930 anno
916 1875 999 1930 1612,
1036 1884 1116 1946 atque
1140 1876 1286 1932 ordinatus.
1326 1876 1447 1932 Affectus
1470 1878 1495 1932 ei
1517 1878 1628 1932 inerant
1646 1894 1704 1930 non
1722 1878 1829 1930 nimium

206 1960 234 2013 Is
249 1978 348 2031 magno
362 1961 445 2014 totius
462 1961 538 2029 regni
557 1960 630 2013 luctu
650 1967 677 2012 et
693 1957 828 2011 desiderio
848 1956 1000 2009 exstinctus
1035 1955 1218 2022 vehementes,
1233 1957 1364 2028 etpotius
1377 1957 1497 2028 aequales
1511 1974 1597 2028 quam
1610 1958 1721 2027 magni.
1771 1956 1830 2010 lite·

205 2049 256 2102 est,
281 2048 372 2110 utpote
397 2037 561 2102 adolescens,
584 2039 631 2109 qui
656 2038 761 2092 animos
783 2036 925 2090 hominum
948 2052 999 2088 nec
1035 2035 1091 2088 nim
1102 2036 1135 2088 de
1147 2037 1226 2091 rebus
1236 2036 1375 2090 amatoriis
1384 2038 1483 2090 mirum
1493 2036 1523 2090 in
1534 2036 1584 2090 illa
1592 2044 1675 2091 aetate
1685 2037 1827 2096 silentium,

205 2119 361 2173 offendisset
374 2137 424 2172 nec
447 2118 578 2171 satiasset.
620 2117 794 2171 Excitaverat
807 2122 899 2168 autem
920 2130 999 2184 prop
1035 2121 1064 2168 ut
1077 2115 1331 2184 prorsuslubricum
1352 2114 1420 2171 illud
1434 2115 1626 2171 adolescentia
1648 2126 1829 2186 contempus

205 2207 247 2252 ter
260 2199 358 2251 bonam
373 2196 491 2251 indolem
505 2196 669 2265 multiplices
684 2196 755 2266 apud
770 2193 900 2264 plurimos
915 2195 999 2247 omni·
1034 2195 1061 2246 in
1076 2204 1152 2249 tanta
1165 2195 1280 2260 fortuna,
1291 2203 1319 2249 et
1328 2195 1480 2250 valetudine
1495 2196 1564 2249 satis
1578 2213 1720 2267 prospera,
1732 2196 1828 2265 absque

205 2295 251 2330 um
259 2278 383 2331 ordinum
393 2294 463 2346 spes,
473 2293 522 2330 nec
533 2277 568 2328 ob
578 2275 805 2329 brevitatemvitoe
817 2274 997 2327 frustraverat.
1034 2273 1124 2345 aliqua
1148 2275 1249 2346 insigni
1277 2282 1341 2328 uota
1363 2292 1486 2330 amonim
1513 2276 1687 2347 transigeret.
1743 2276 1827 2329 Nemo

206 2355 277 2410 Illud
291 2357 424 2426 imprimis
441 2356 563 2420 accessit,
578 2355 649 2426 qnod
662 2355 691 2409 in
705 2371 788 2408 causa
801 2353 941 2423 religionis
956 2354 998 2406 fir·
1034 2353 1217 2422 reperiebatur
1236 2354 1265 2408 in
1284 2353 1346 2408 aula
1361 2356 1420 2423 ejus
1439 2356 1512 2425 apud
1526 2373 1591 2410 eum
1607 2363 1770 2425 praepotens,
1783 2363 1825 2407 aut

205 2453 265 2490 mus
283 2436 365 2507 vulgo
384 2435 550 2489 habebatur:
579 2434 796 2506 prudentioribus
815 2450 920 2504 quoque
945 2432 998 2487 boc
1033 2432 1166 2487 inanimo
1189 2434 1247 2502 ejus
1261 2434 1383 2499 validus3
1405 2436 1471 2506 quin
1495 2442 1523 2488 et
1544 2435 1634 2490 studia
1649 2436 1720 2505 ipsa,
1736 2434 1825 2505 quibus

204 2516 296 2569 animo
309 2516 416 2586 penitus
430 2514 574 2577 insederat,
589 2515 718 2569 adversus
732 2513 998 2581 insidiasconjurati·
1032 2514 1189 2581 capiebatur
1198 2513 1324 2578 maxime,
1335 2514 1423 2583 potius
1431 2522 1556 2584 tempora
1565 2514 1744 2585 patiebantur
1750 2531 1824 2585 quan

205 2612 286 2649 onum
303 2595 358 2663 (cui
377 2594 449 2648 malo
463 2602 528 2649 retas
542 2604 633 2649 nostra
648 2595 695 2647 vix
717 2592 864 2647 remedium
882 2593 996 2661 reperit)
1032 2609 1168 2656 excessus,
1182 2599 1211 2646 et
1232 2593 1322 2664 magia
1343 2593 1460 2664 repetita
1481 2602 1559 2648 erant
1579 2610 1631 2663 per
1643 2594 1728 2656 vices,
1750 2611 1823 2664 quarn

204 2674 275 2744 patri
291 2692 352 2729 eum
366 2674 451 2729 instar
469 2673 588 2744 praesidii
604 2682 631 2728 et
646 2673 716 2728 scuti
738 2673 829 2736 inisse,
845 2672 912 2726 adeo
927 2679 997 2725 utet
1032 2672 1104 2743 quod
1119 2679 1237 2727 exstaret
1251 2672 1362 2743 aliquod
1376 2690 1468 2740 unum,
1480 2674 1552 2745 quod
1565 2673 1677 2745 reliqua
1690 2681 1824 2744 superaret

204 2753 345 2824 religionis
356 2761 384 2807 et
394 2754 466 2824 regis
476 2753 547 2825 apud
559 2753 688 2824 populum
703 2769 777 2806 amor
790 2753 819 2804 in
831 2768 892 2806 eum
903 2752 997 2805 redun-
1032 2760 1058 2805 et
1071 2759 1262 2822 compesceret,
1274 2753 1331 2807 sive
1345 2769 1378 2807 ea
1391 2753 1542 2807 moderatio
1552 2753 1613 2817 suit,
1625 2754 1685 2807 aive
1699 2753 1728 2806 in
1737 2761 1824 2806 natura

204 2834 286 2898 daret,
301 2834 369 2887 etin
384 2834 590 2888 aestimationem
602 2834 714 2901 jactura
727 2832 824 2885 merito
838 2847 997 2884 annumera-
1032 2847 1085 2884 non
1106 2832 1250 2885 admodum
1265 2832 1388 2902 praecoci,
1403 2833 1451 2887 sed
1465 2833 1539 2886 lente
1553 2840 1763 2896 maturescente,
1776 2849 1824 2885 non

203 2922 284 2968 retur.
325 2914 391 2968 Erat
405 2930 515 2984 corpore
526 2912 631 2968 validus
641 2922 667 2966 et
678 2920 789 2977 erectus,
801 2917 904 2966 statura
915 2911 997 2965 medi·
1031 2911 1209 2966 cernebantur
1218 2910 1308 2967 adhuc
1323 2929 1383 2983 quar
1397 2912 1572 2983 proeralitura
1585 2921 1674 2967 erant.
1719 2913 1825 2983 Ingenio

204 2994 268 3059 ocri,
292 2994 391 3049 decora
415 2994 596 3048 membrorum
620 3009 760 3064 compage,
782 2993 890 3046 incessu
912 2992 995 3061 regio,
1031 3000 1102 3045 certe
1126 2992 1252 3062 pollebat,
1272 3003 1382 3064 eratque
1404 3002 1432 3047 et
1451 2994 1573 3048 curiosus
1597 2994 1666 3046 satis
1688 3002 1716 3046 et
1737 3009 1823 3064 capax,

204 3074 273 3127 iacie
291 3073 409 3144 oblonga
427 3083 454 3127 et
475 3073 504 3128 iu
517 3073 632 3127 maciem
649 3072 804 3137 inclinante,
819 3071 916 3125 habitu
937 3072 995 3141 ple·
1032 3071 1079 3124 aed
1109 3088 1232 3127 sermone
1257 3071 1358 3125 tardior
1384 3082 1412 3127 et
1436 3081 1566 3144 tanquam
1591 3072 1757 3142 impeditus:
1788 3082 1824 3124 tr·

202 3154 270 3216 nior,
285 3152 359 3207 vultu
376 3154 534 3223 composito,
553 3153 691 3206 oculorum
706 3160 782 3205 motu
796 3152 884 3223 magis
903 3152 997 3205 sedato
1032 3167 1094 3203 men
1117 3151 1141 3204 si
1162 3151 1221 3221 quis
1243 3151 1388 3223 diligenter
1406 3153 1596 3206 observaverat
1617 3168 1658 3216 ea,
1675 3170 1738 3223 quas
1751 3153 1785 3206 ab
1796 3168 1825 3204 eo

204 3250 285 3302 quarn
301 3233 372 3286 forti.
415 3231 523 3287 Inerant
538 3249 644 3304 quoque
659 3240 685 3285 et
700 3231 729 3285 in
743 3230 830 3284 fronte
845 3230 996 3286 severitatis
1031 3230 1242 3299 proferebantur,
1257 3232 1314 3285 sive
1337 3232 1494 3301 questionis
1510 3234 1566 3286 rim
1589 3231 1760 3293 obtinebant,
1773 3231 1824 3285 sire

205 3312 291 3381 signa,
303 3320 330 3365 et
344 3311 372 3365 in
387 3328 432 3365 ore
448 3312 572 3366 nonnihil
587 3313 677 3365 iustus.
720 3311 774 3365 Sed
788 3318 878 3364 tamen
892 3311 914 3363 si
936 3313 996 3383 quis
1031 3310 1180 3375 sententia,
1204 3310 1240 3363 ad
1264 3329 1321 3365 rem
1344 3311 1457 3366 omnino
1480 3320 1565 3375 erant,
1590 3319 1619 3364 et
1641 3318 1756 3380 captum
1776 3328 1824 3364 nun

204 3390 275 3444 ultra
295 3391 429 3445 exteriora
450 3391 498 3445 illa
520 3399 715 3461 penetraverat,
730 3396 758 3444 et
778 3407 841 3445 eum
865 3391 996 3461 obsequio
1031 3388 1169 3460 vulgarem
1184 3391 1345 3461 arguebant;
1368 3399 1397 3445 ut
1410 3391 1439 3445 in
1453 3390 1503 3444 illa
1516 3390 1646 3461 loquendi
1660 3391 1788 3444 tarditate
1800 3400 1825 3443 et

204 3471 295 3523 debito
309 3479 336 3524 et
357 3487 480 3524 sermone
501 3471 661 3541 tempestivo
682 3470 851 3536 delinirent,
872 3471 997 3525 utebatur
1031 3470 1142 3522 raritate
1154 3470 1286 3537 judicium
1301 3471 1359 3538 ejus
1370 3471 1457 3541 magis
1471 3486 1634 3541 suspensum
1649 3470 1789 3524 videretur
1799 3480 1824 3524 et

204 3566 237 3605 eo
250 3550 369 3620 benigno
383 3559 408 3604 et
422 3550 503 3615 incili,
518 3558 548 3604 ut
565 3549 635 3604 alius
656 3548 736 3620 longe
754 3550 891 3603 videretur
912 3550 995 3603 collo·
1031 3549 1150 3614 anxium,
1165 3566 1244 3620 quam
1260 3551 1394 3604 infirmum
1416 3559 1463 3604 aut
1482 3550 1575 3604 hebes
1617 3549 1737 3604 Interim
1754 3549 1823 3604 audi·

204 3630 268 3700 quio
280 3647 361 3701 quarn
375 3638 494 3700 aspectu,
508 3629 622 3700 talisque
636 3645 745 3699 prorsus
759 3637 824 3693 erat,
835 3628 881 3699 qui
896 3630 996 3685 famam
1031 3629 1092 3682 endi
1107 3630 1183 3683 miris
1197 3629 1284 3683 modis
1303 3630 1416 3700 patiens,
1434 3631 1515 3683 etiam
1535 3630 1564 3683 iu
1583 3630 1713 3700 negotiis,
1729 3647 1787 3701 que
1798 3630 1825 3683 in

204 3711 245 3763 sui
261 3710 390 3763 excitaret
404 3710 523 3763 moribus
538 3709 705 3763 dissimilem.
746 3707 849 3763 Laudis
863 3717 890 3763 et
902 3710 996 3781 gloriae
1031 3707 1225 3779 longitudinem
1245 3709 1469 3780 porrigebantur3
1490 3708 1572 3780 idque
1593 3725 1659 3762 cum
1681 3710 1825 3763 attentione

204 3787 254 3842 fuit
274 3788 367 3859 procul
387 3789 468 3842 dubio
489 3797 627 3859 appetens,
642 3799 668 3842 et
687 3788 723 3842 ad
745 3804 853 3841 omnem
877 3791 995 3859 speciem
1031 3797 1058 3841 et
1070 3789 1128 3842 sine
1141 3788 1228 3852 taedio,
1242 3800 1271 3842 ut
1281 3806 1341 3843 raro
1355 3790 1445 3843 animo
1459 3789 1682 3860 peregrinaretur
1695 3797 1744 3843 aut
1757 3788 1825 3842 ferra

203 3869 268 3938 poni
284 3878 310 3922 et
325 3886 417 3923 auram
431 3868 536 3922 decoris
550 3868 783 3931 commovebatur3
805 3867 876 3939 quod
891 3869 995 3923 adoles·
1031 3876 1120 3922 mente
1138 3867 1212 3921 aliud
1232 3877 1333 3939 ageret,
1348 3868 1395 3921 sed
1409 3869 1443 3922 ad
1457 3885 1498 3933 ea,
1514 3886 1574 3939 quar
1598 3868 1763 3923 dicebantur
1783 3878 1826 3921 ant

204 3949 274 4001 renti
289 3965 340 4017 pro
352 3948 496 4002 virtutibus
511 3956 560 4004 est
601 3950 675 4002 Nam
689 3955 716 4002 et
729 3964 805 4001 arma
816 3947 840 4001 ei
852 3948 879 4001 in
893 3949 995 4002 bonore
1031 3947 1187 4016 agebantur,
1195 3949 1314 4002 animum
1324 3947 1475 4002 adverteret
1482 3957 1563 4018 atque
1574 3946 1744 4018 applicaretr
1759 3948 1825 4018 qood

205 4036 281 4080 erant
295 4045 326 4081 ac
341 4028 390 4081 viri
405 4027 552 4092 militarem
575 4028 640 4098 quin
654 4028 754 4097 etipse
768 4026 895 4098 quiddam
915 4027 994 4082 belli·
1030 4022 1159 4097 magnam
1173 4027 1198 4081 ei
1215 4027 1252 4095 (si
1272 4028 1329 4081 vita
1344 4026 1533 4097 suppetiisset)
1549 4027 1728 4095 prudentiam
1751 4044 1824 4097 spon

204 4123 264 4159 cum
279 4107 415 4176 spirabat3
437 4117 465 4161 et
478 4109 685 4178 magnificentiae
699 4124 811 4177 operum
826 4105 902 4175 (licet
913 4124 996 4177 pecu·
1031 4105 1119 4160 debat.
1171 4106 1301 4161 Carteia
1327 4106 1400 4160 illius
1429 4107 1561 4175 principia
1583 4116 1682 4160 natura
1711 4107 1824 4178 plurima

203 4184 257 4239 nim
271 4185 390 4256 alioquin
405 4188 472 4241 satis
487 4188 596 4257 parcus)
616 4188 721 4241 deditus
736 4192 810 4240 erat:
831 4194 936 4240 amator
954 4188 996 4240 in·
1031 4193 1107 4239 erant
1121 4185 1240 4250 obscura,
1252 4203 1340 4257 neque
1352 4185 1456 4253 judicio
1465 4185 1617 4255 cujuspiam
1628 4186 1821 4255 patefacienda,

204 4281 287 4334 super
307 4266 473 4335 antiquitatis
498 4275 524 4319 et
546 4266 652 4320 artium.
694 4265 794 4319 Literis
813 4283 920 4337 quoque
935 4267 996 4335 plus
1031 4265 1078 4319 aed
1092 4266 1302 4336 tempore,quod
1316 4264 1343 4319 ci
1355 4274 1519 4334 praereptum
1533 4270 1584 4319 est.
1626 4264 1757 4320 Attamen
1767 4283 1823 4336 qua

203 4344 313 4397 honoris
335 4345 458 4399 attribuit
472 4362 553 4416 quam
569 4345 705 4415 temporis.
748 4345 780 4399 In
801 4346 921 4400 moribus
938 4347 996 4414 ejus
1031 4344 1203 4414 apparebant,
1230 4345 1332 4414 optima
1362 4354 1445 4409 erant,
1469 4343 1541 4414 quod
1567 4344 1648 4398 famae
1677 4347 1746 4400 satir
1775 4352 1820 4399 est.

203 4421 273 4476 nihil
297 4423 459 4478 laudandum
478 4424 567 4494 magis
590 4425 647 4487 suit,
673 4441 754 4495 quam
777 4425 848 4494 quod
871 4426 899 4478 in
922 4426 994 4479 omni
1031 4423 1154 4478 Mortuus
1169 4431 1210 4478 est
1223 4425 1312 4477 aetatis
1325 4440 1381 4478 suae
1401 4440 1474 4477 auno
1493 4423 1599 4477 decimo
1612 4440 1688 4478 nono
1700 4442 1738 4479 ex
1758 4423 1822 4479 febri

203 4518 303 4573 genere
317 4503 466 4556 officiorum
481 4504 564 4574 proba
578 4505 717 4558 institutus
731 4503 888 4557 credebatur
898 4512 924 4558 et
935 4521 996 4557 con·
1031 4503 1190 4567 contumaci,
1206 4521 1267 4574 qura
1288 4503 1388 4573 ubique
1403 4503 1540 4573 amagnia
1563 4512 1591 4557 et
1610 4503 1748 4559 insulanis
1769 4504 1822 4557 iere

203 4599 304 4652 gruna:
326 4580 397 4635 filius
413 4582 482 4653 Regi
494 4583 564 4652 patri
578 4586 646 4638 mire
661 4583 819 4654 obsequens,
830 4583 913 4637 etiam
928 4585 997 4654 regi-
1031 4581 1146 4636 insolitis
1160 4582 1327 4636 siccitatibus
1341 4599 1372 4635 ac
1386 4581 1535 4636 fervoribus
1556 4591 1615 4636 orta
1631 4600 1683 4653 per
1704 4590 1823 4638 aestatem

202 4679 266 4716 nam
280 4661 366 4716 multo
376 4661 449 4715 cultu
463 4661 625 4727 demerebat,
637 4680 703 4733 erga
713 4663 823 4716 fratrem
838 4663 995 4734 indulgens;
1032 4661 1199 4732 populariter
1213 4662 1393 4731 grassabatur,
1408 4661 1456 4715 sed
1475 4678 1535 4715 raro
1552 4662 1664 4726 funere3
1693 4662 1759 4716 dein
1777 4660 1824 4715 sub

203 4758 322 4795 sororem
336 4757 400 4795 vero
421 4741 499 4795 unice
519 4743 635 4806 amabat,
652 4758 732 4813 quam
755 4742 837 4795 etiam
852 4744 995 4813 (quantum
1032 4750 1187 4796 autumnum
1203 4751 1261 4795 erat
1281 4742 1350 4795 sacta
1368 4739 1503 4795 letbalior.
1546 4740 1656 4794 addidit
1670 4741 1746 4795 fama
1759 4750 1825 4795 arro

203 4822 290 4890 potuit
302 4820 389 4874 virilis
402 4821 489 4874 forma
503 4821 537 4874 ad
551 4822 680 4876 eximiam
702 4820 862 4891 virginalem
877 4821 997 4891 pulchri·
1031 4822 1088 4874 cior
1101 4824 1142 4892 (ut
1156 4820 1203 4874 ille
1217 4821 1266 4889 ait)
1282 4837 1347 4891 erga
1368 4819 1564 4874 dominantium
1585 4820 1676 4875 exitus
1692 4821 1826 4891 srrspieio-

205 4900 326 4954 tudinem
340 4901 451 4969 collata)
467 4901 608 4955 referebat.
649 4901 740 4954 Etiam
756 4901 877 4970 magistri
892 4910 920 4954 et
934 4901 996 4954 edu·
1032 4918 1094 4954 nem
1116 4900 1241 4966 veneni.†
1290 4900 1344 4953 Sed
1357 4916 1418 4953 cum
1441 4898 1517 4953 nulla
1539 4900 1598 4967 ejus
1622 4900 1663 4953 rei
1688 4906 1826 4955 exstarent

203 4987 309 5032 catores
330 4980 453 5048 pueritire
468 4982 526 5049 ejus
542 4981 626 5050 (quod
640 4998 702 5034 raro
716 4979 773 5033 fieri
795 4979 875 5049 solet)
897 4996 997 5051 magna
1031 4980 1140 5041 indicia,
1162 4979 1312 5048 praesertim
1332 4979 1361 5031 in
1384 4977 1540 5040 ventriculo,
1556 4980 1627 5050 quod
1646 4980 1787 5050 pmcipne
1810 4995 1826 5031 a

203 5058 232 5110 in
247 5060 334 5126 gratia
348 5060 419 5128 apud
433 5078 495 5113 eum
514 5068 677 5114 manserant.
719 5060 849 5113 Sermone
872 5060 996 5113 veroob·
1032 5076 1134 5113 veneno
1149 5058 1203 5129 pati
1219 5058 1296 5123 solet,
1311 5058 1335 5112 is
1349 5058 1634 5113 sermocitoeranuit.

203 5137 291 5205 nequii
308 5137 379 5191 idem
395 5147 505 5191 exactor
518 5146 544 5191 et
566 5156 678 5191 memor.
720 5138 846 5208 Denique
866 5139 894 5192 iu
909 5139 996 5209 quoti·

385 5244 399 5269 ³
418 5239 486 5288 Harl.
500 5240 574 5288 MSS.
592 5239 646 5286 Vol.
660 5239 721 5297 1893,
734 5239 772 5286 iol.
784 5241 819 5287 75.
1248 5246 1263 5297 †
1278 5239 1356 5288 Tacit.
1371 5239 1459 5287 Annei
1472 5239 1503 5288 L.
1519 5240 1550 5287 iv.
1568 5238 1602 5287 ll.
