3800 5875
229 296 288 351 512
675 291 857 348 nisuoara
878 256 1098 350 uaruuaurs
1119 293 1326 350 suasano.

268 450 359 504 Etiam
379 450 482 505 monita
498 460 526 503 et
544 449 683 505 cautiones
695 450 729 505 de
743 467 834 505 rerum
856 450 973 505 tabaciia
994 462 1021 507 et
1055 470 1135 508 muse
1155 453 1221 507 item
1235 452 1417 507 connexiones
1438 457 1466 504 et
1479 448 1595 512 viunde,
1608 463 1642 500 ue
1657 446 1845 518 inquisitiones

227 528 383 583 inveniendi
396 530 538 593 erroribus,
553 547 613 599 quar
633 529 712 582 nobis
734 538 883 592 occurrunt.
898 532 1021 601 aspergi·
1055 532 1111 587 aiut
1124 532 1214 600 magis
1227 531 1358 600 abruptae,
1373 528 1579 599 interponimus.

227 625 298 664 mus.
339 608 548 662 Observationes
560 617 665 662 nosuae
681 623 763 678 super
775 607 917 662 historiam
931 617 959 662 et
976 627 1021 664 ex·
1094 609 1137 664 Ad
1155 627 1235 664 usum
1249 626 1313 664 vero
1334 608 1519 664 vellicationes
1537 605 1668 678 quasdam
1681 604 1713 659 de
1728 605 1846 675 practica

228 688 380 758 perimente
393 688 569 752 subteximus,
578 694 609 741 ut
622 687 810 756 interpretatio
818 694 922 742 naturoe
932 690 1021 760 magis
1055 690 1236 760 suggerimus

229 767 267 821 sit
279 766 308 819 in
323 766 471 836 procinctu.
1095 768 1186 822 Etiam
1199 767 1320 838 optativa
1332 783 1434 831 eorum,
1450 783 1511 836 quta
1530 764 1620 818 adhuc
1637 780 1692 816 uon
1707 761 1845 827 habentur,

268 845 361 899 Etiam
381 861 505 908 canones,
518 843 567 898 sed
585 851 676 898 mmen
695 843 819 909 mobiles,
834 851 862 899 et
882 845 1021 900 axiomata
1055 863 1109 900 una
1122 864 1183 901 cum
1197 846 1331 915 proximis
1343 847 1408 910 suia,
1422 846 1458 899 ad
1471 844 1630 915 erigendam
1646 842 1796 896 humanam
1808 842 1845 895 in·

229 923 364 989 inchoata,
379 923 471 996 qualia
489 923 567 976 nobis
583 923 790 993 inquirentibus,
804 939 859 977 non
874 926 1019 994 pronunei·
1055 926 1192 989 desirium,
1206 927 1390 996 proponimus.

229 1003 345 1066 autibus,
360 1019 389 1056 se
403 1003 525 1067 offerunt,
539 1001 741 1057 constituimus:
762 1001 840 1056 utilia
856 1003 930 1057 enim
950 1013 1020 1070 sunt,
1095 1004 1194 1075 Neque
1216 1020 1308 1059 sumus
1327 1005 1422 1069 nescii,
1444 1001 1635 1072 inquisitiones
1656 999 1728 1053 inter
1751 1016 1781 1053 ee
1802 999 1845 1052 ali·

198 1110 209 1126 ι
229 1083 253 1135 si
267 1097 322 1136 non
336 1097 444 1151 prorsus
458 1098 531 1135 vera.
1056 1084 1164 1154 quando
1180 1083 1346 1153 complicari,
1360 1083 1401 1136 ita
1419 1089 1450 1135 ut
1467 1079 1600 1135 nonnulla
1618 1095 1655 1133 ex
1668 1078 1809 1149 inquisitis
1821 1079 1845 1131 iu

268 1160 395 1231 Denique
431 1167 596 1215 tentamenta
633 1160 757 1230 quaedam
791 1159 1021 1231 interpretationis
1056 1161 1150 1217 titulos
1162 1164 1280 1217 disemos
1292 1162 1422 1216 incidant.
1462 1159 1517 1213 Sed
1529 1159 1641 1213 modum
1659 1175 1724 1212 eum
1738 1157 1843 1212 adhibe-

229 1239 389 1312 quaudoque
406 1240 541 1303 molimur,
556 1238 621 1292 licet
634 1255 743 1308 prorsus
759 1239 836 1293 humi
849 1241 979 1310 repentia,
994 1251 1022 1294 et
1056 1242 1154 1306 bimus,
1164 1251 1195 1296 ut
1204 1249 1231 1295 et
1238 1241 1430 1311 repetitionum
1440 1239 1551 1293 fastidia
1560 1247 1589 1291 et
1603 1238 1785 1305 rejectionem
1796 1254 1845 1290 mo

228 1335 292 1373 vero
305 1319 534 1388 interpretationis
552 1317 660 1372 nomine
673 1317 748 1372 nullo
761 1319 842 1372 modo
856 1321 898 1387 (ut
911 1318 1022 1373 arbitra·
1055 1320 1157 1386 lestias,
1172 1328 1303 1393 quantum
1315 1320 1375 1374 fieri
1395 1318 1489 1391 possit,
1503 1317 1636 1380 vitemus;
1658 1324 1845 1386 postponentes

228 1401 302 1466 mur)
316 1398 475 1452 decoranda.
516 1397 586 1458 Quid
605 1397 677 1451 enim
697 1398 775 1451 nobis
794 1396 940 1468 supercilia
953 1415 1021 1468 opus
1056 1409 1146 1453 tamen
1159 1399 1211 1453 hoc
1226 1400 1316 1470 ipsum
1329 1396 1576 1474 (quandoneeesse
1590 1392 1692 1468 fuerit)
1707 1395 1844 1466 perspicui

228 1485 271 1532 cst
284 1485 331 1531 aut
344 1477 501 1547 impostura,
516 1493 577 1530 oum
592 1476 671 1529 toties
684 1478 864 1546 profiteamur,
879 1493 929 1532 uec
942 1477 1021 1531 nobis
1056 1479 1104 1533 tati
1118 1478 1240 1544 docendi,
1254 1479 1454 1548 integumento
1467 1484 1522 1530 tam
1536 1476 1660 1530 obscuro

229 1555 372 1610 historiam
386 1562 415 1609 et
430 1555 624 1626 experimenta,
639 1554 764 1626 qualibus
778 1572 846 1625 opus
860 1564 909 1621 est,
925 1572 1022 1626 suppe·
1096 1558 1165 1612 Hae
1179 1565 1221 1611 est
1233 1557 1386 1611 abecedarii
1398 1572 1492 1610 norma
1506 1563 1534 1610 et
1554 1552 1662 1625 regula
1704 1552 1779 1606 Deus
1791 1553 1843 1605 uni·

229 1643 294 1700 tere,
308 1651 358 1690 nec
373 1635 474 1706 absque
488 1634 532 1689 his
550 1634 797 1705 interpretationem
810 1643 914 1689 naturae
929 1635 1021 1705 perfici
1057 1638 1129 1691 versi
1143 1637 1272 1701 conditor,
1285 1643 1459 1690 conservator
1475 1643 1504 1689 et
1523 1635 1698 1695 instaurator,
1712 1647 1781 1701 opus
1799 1631 1842 1684 boe

229 1731 316 1784 posse,
332 1713 445 1785 ideoque
459 1714 537 1768 uobis
551 1713 617 1768 setis
630 1730 698 1779 esse,
713 1714 737 1768 si
752 1713 839 1768 initiis
858 1731 949 1768 rerum
966 1731 1021 1768 uon
1056 1724 1084 1770 et
1096 1716 1126 1769 iu
1143 1717 1300 1770 ascensione
1314 1715 1348 1768 ad
1362 1715 1479 1786 gloriam
1492 1730 1578 1776 suam
1591 1712 1664 1766 etin
1677 1709 1841 1765 descensione

230 1793 369 1848 desimus?
1056 1794 1091 1848 ad
1104 1796 1204 1850 bonum
1217 1795 1372 1858 humanum,
1387 1810 1438 1864 pro
1456 1809 1507 1849 sua
1519 1808 1586 1863 erga
1598 1790 1730 1845 homines
1743 1790 1842 1843 mano·

269 1870 472 1942 Perspicuitatis
485 1879 575 1925 autem
590 1878 616 1925 et
626 1869 726 1924 ordinis
736 1871 831 1940 gratia,
840 1870 929 1925 aditus
944 1887 1022 1943 quos
1056 1873 1141 1928 lentis
1154 1882 1183 1928 et
1195 1873 1389 1936 misericordis,
1403 1880 1527 1944 protegat
1539 1880 1569 1925 et
1580 1878 1670 1942 regat,
1689 1887 1741 1940 per
1755 1868 1841 1924 Fibun

238 1952 292 2006 iarn
308 1952 342 2006 ad
355 1950 551 2022 inquisitiones,
565 1950 652 2004 instar
664 1949 862 2019 pretationum,
876 1949 1023 2006 substerni·
1056 1970 1135 2009 suum
1145 1954 1256 2009 unicum
1268 1953 1410 2008 uobiscum
1422 1951 1521 2007 Deum.

789 2490 1016 2559 HISTORIAE
1039 2488 1292 2556 NATURALIS

943 2732 976 2766 ΑΒ
989 2732 1139 2768 colinum!

642 2911 1436 2998 PHILOSOPHIAM

917 3157 1167 3225 PRAEFATIO.

271 3379 339 3437 Cure
353 3380 431 3436 nobis
444 3380 570 3438 homines
583 3398 634 3437 nee
647 3381 776 3453 opinandi
788 3398 838 3437 uec
853 3381 1011 3453 experiendi
1021 3381 1079 3437 rias
1092 3386 1184 3436 tenere
1198 3396 1308 3452 prorsus
1317 3380 1465 3445 rideantur,
1475 3379 1550 3434 omui
1563 3395 1616 3449 ope
1626 3377 1696 3434 hnic
1710 3375 1844 3434 intonsus

231 3461 444 3516 subveniendum
457 3462 630 3533 putavimus:
650 3478 738 3533 neque
753 3462 825 3516 enim
838 3463 926 3532 major
940 3462 1047 3517 aliunde
1057 3479 1087 3517 se
1101 3460 1218 3516 ostendit
1228 3461 1296 3515 bene
1310 3459 1431 3515 merendi
1445 3459 1521 3524 ratio,
1532 3460 1651 3530 quamsi
1667 3460 1699 3514 id
1712 3465 1809 3530 agatur,
1819 3462 1844 3508 ut

232 3539 365 3605 homines,
379 3549 408 3595 et
426 3539 585 3611 placitorum
606 3540 696 3605 larris,
711 3549 739 3595 et
751 3542 998 3612 experimentorum
1011 3542 1165 3611 stuporibus
1177 3540 1292 3606 liberati,
1305 3540 1359 3611 ipsi
1372 3556 1434 3594 cum
1451 3539 1539 3602 rebus,
1553 3537 1644 3609 magis
1659 3539 1718 3594 fida
1730 3547 1756 3593 et
1769 3535 1844 3605 msgb

230 3627 306 3674 arcta
319 3620 387 3674 inita
401 3620 539 3684 societate,
552 3620 713 3675 contrahant
728 3620 806 3692 quasi
825 3638 875 3692 per
889 3620 1087 3693 experientiam
1101 3620 1236 3691 quandam
1256 3619 1400 3674 literatum.
1442 3618 1503 3672 Hoc
1518 3618 1591 3672 euim
1605 3618 1693 3673 modo
1706 3615 1845 3672 intellectus

231 3707 259 3752 et
269 3700 298 3753 in
311 3707 369 3754 tuto
382 3706 409 3753 et
422 3699 451 3753 in
465 3716 571 3754 summo
584 3700 736 3764 collocatur,
752 3708 832 3770 atque
849 3709 950 3772 praesto
963 3701 1074 3770 insuper
1087 3701 1148 3764 erit,
1162 3707 1243 3772 atque
1261 3699 1369 3770 ingruet
1382 3714 1472 3753 rerum
1485 3696 1592 3751 utilium
1614 3707 1772 3768 proventus
1808 3695 1845 3747 At·

232 3795 284 3849 que
298 3778 379 3847 hujus
393 3778 433 3833 rei
446 3779 559 3834 exordia
569 3779 679 3833 omnino
693 3795 710 3832 a
723 3778 839 3833 naturali
850 3779 966 3834 historia
978 3779 1100 3834 ducenda
1114 3785 1192 3844 suut3
1213 3794 1277 3831 uam
1287 3778 1413 3833 uniuersa
1427 3773 1604 3847 philosophia
1618 3776 1785 3839 Graecorum.
1794 3790 1844 3828 mm

232 3858 312 3912 eretis
333 3858 389 3912 auis
403 3859 565 3929 omnigenis,
580 3866 661 3929 atque
676 3857 699 3912 si
714 3875 767 3930 qua
781 3857 836 3912 alia
855 3859 1030 3929 philosophia
1042 3858 1072 3912 in
1086 3859 1210 3912 manibus
1231 3864 1279 3922 est,
1298 3856 1378 3912 nobis
1390 3857 1494 3911 ridetur
1510 3872 1593 3926 super
1610 3856 1698 3911 nimis
1715 3863 1846 3927 angwn

230 3935 310 3990 basin
323 3936 455 3992 naturalis
470 3938 590 3993 historiae
606 3936 718 3992 mndata
731 3954 799 4004 esse,
813 3944 895 4008 atque
909 3955 945 3992 ex
965 3937 1145 4007 paucioribus,
1160 3953 1241 4009 quam
1259 3952 1308 4006 per
1323 3945 1389 4001 erat,
1403 3935 1601 4007 pronuntiasse.
1643 3936 1771 4007 Arreptis
1783 3933 1845 3988 eain

231 4016 391 4086 quibusdam
401 4016 436 4069 ab
446 4017 616 4087 experientia
627 4017 822 4082 traditionibus,
834 4034 922 4088 neque
932 4018 967 4071 iis
977 4017 1113 4072 interdum
1124 4025 1170 4071 aut
1181 4015 1326 4086 diligenter
1336 4015 1505 4078 examinatis,
1515 4014 1621 4086 reliqua
1634 4014 1666 4069 iu
1682 4014 1845 4071 meditatione

231 4101 258 4147 et
271 4094 373 4165 ingenii
388 4096 536 4166 agitatione
547 4113 668 4165 posuere,
680 4104 818 4166 assumpta
830 4099 859 4150 in
873 4097 1003 4165 majorem
1013 4097 1052 4150 rei
1063 4096 1187 4151 fiduciem
1202 4095 1354 4150 dialectica.
1394 4094 1543 4149 Chemistae
1556 4102 1655 4157 sutem,
1664 4102 1696 4150 et
1705 4095 1845 4150 universum

230 4172 450 4228 mechanicorum
469 4183 495 4229 et
513 4176 702 4245 empiricorum
722 4192 815 4246 genus,
829 4174 854 4229 si
873 4183 902 4229 et
925 4174 981 4230 illis
1004 4175 1243 4245 contemplationes
1257 4182 1284 4229 et
1298 4173 1500 4245 philosophiam
1513 4181 1618 4228 tennre
1636 4174 1755 4230 audacia
1766 4171 1844 4231 ennii

232 4268 380 4322 paucarum
402 4269 491 4308 rerum
509 4262 641 4309 accurata
654 4254 797 4309 subtilitati
811 4254 919 4320 assueti,
934 4254 1011 4309 miris
1024 4254 1112 4308 modis
1132 4253 1250 4326 reliquas
1264 4253 1298 4307 ad
1319 4271 1366 4308 eas
1379 4259 1577 4323 contorqueutr
1598 4260 1628 4307 et
1649 4253 1757 4323 placita
1770 4249 1845 4321 mugit

231 4330 363 4384 deformia
376 4340 403 4386 et
419 4341 578 4399 monstrosa,
592 4350 673 4406 quam
687 4332 832 4388 rationales
845 4333 887 4387 illi
901 4334 1060 4404 producunt
1103 4332 1147 4387 illi
1167 4334 1240 4387 enim
1261 4350 1357 4403 parum
1370 4332 1527 4401 exmultis,
1540 4331 1572 4387 bi
1584 4349 1681 4387 rursus
1697 4332 1806 4388 multum
1817 4345 1846 4382 ex

232 4409 333 4479 paucis,
347 4410 376 4464 in
390 4410 572 4482 philosophia
586 4413 728 4468 materiam
741 4418 865 4477 sumunt3
886 4414 1027 4484 utriusque
1038 4419 1128 4467 autem
1141 4414 1218 4476 ratio,
1230 4412 1254 4466 si
1267 4429 1360 4467 rerum
1374 4411 1518 4466 dicendum
1527 4412 1571 4476 sit,
1581 4411 1694 4466 infirma
1707 4421 1750 4468 est
1761 4419 1787 4466 et
1798 4425 1846 4480 per·

232 4488 296 4542 dita
337 4489 391 4544 Sed
412 4490 543 4545 naturalis
556 4492 678 4557 historia,
694 4511 754 4564 quse
767 4491 899 4546 hacteuus
912 4499 1042 4564 congesta
1054 4501 1103 4556 est,
1117 4492 1206 4562 primo
1224 4492 1324 4546 intuitu
1336 4492 1448 4561 eopiosa
1461 4491 1546 4545 rideri
1560 4491 1664 4560 possit3
1688 4510 1752 4547 eum
1765 4501 1846 4545 revera

232 4567 268 4621 sit
281 4584 368 4639 egena
381 4575 408 4620 et
421 4569 532 4634 inutilis,
546 4586 634 4642 neque
655 4572 724 4626 adeo
737 4572 796 4640 ejus
810 4572 926 4642 generis,
941 4571 1014 4642 quod
1032 4571 1186 4642 quaerimus.
1226 4571 1325 4642 Neque
1346 4571 1420 4625 enim
1433 4587 1450 4623 a
1465 4570 1564 4624 fabulis
1578 4578 1605 4624 et
1617 4570 1726 4626 deliriis
1745 4573 1847 4641 purgsis

232 4656 280 4711 est,
295 4647 362 4701 etin
376 4646 574 4717 antiquitatem,
588 4657 616 4703 et
629 4650 817 4722 philologiam,
831 4659 858 4705 et
870 4652 1040 4705 uenationes
1057 4666 1238 4720 supervacuas
1252 4651 1377 4714 excurrit,
1389 4650 1462 4704 circa
1475 4649 1562 4704 solida
1581 4649 1730 4720 negligens
1746 4659 1773 4704 et
1785 4645 1846 4702 nst·

232 4726 315 4791 diosa,
329 4727 435 4780 canosa
447 4732 475 4780 et
487 4727 572 4782 nimia
585 4729 614 4783 in
627 4730 762 4784 inanibus.
803 4729 957 4784 Pessimum
971 4737 1061 4783 autem
1076 4739 1117 4783 est
1130 4730 1159 4782 in
1173 4729 1225 4783 hae
1238 4730 1325 4799 copia,
1340 4729 1412 4802 quod
1425 4746 1516 4784 rerum
1529 4728 1696 4784 naturalium
1710 4726 1847 4799 inquisitio

231 4822 294 4861 uem
309 4805 436 4877 amplexa
449 4813 499 4870 est,
513 4823 603 4862 rerum
617 4817 707 4863 autem
721 4808 939 4862 mechanicarum
946 4825 1047 4878 magna
1057 4825 1093 4863 ex
1100 4816 1178 4878 parte
1187 4816 1339 4879 aspernata
1379 4810 1469 4880 Atque
1483 4807 1527 4862 ba
1539 4807 1608 4877 ipsa
1618 4808 1654 4861 ad
1664 4816 1772 4863 natura
1783 4806 1846 4861 nan

231 4885 405 4940 excutiendos
418 4882 499 4955 louge
513 4884 569 4940 illis
588 4894 734 4957 praestant3
756 4896 853 4942 natura
867 4889 948 4952 enim,
963 4896 1058 4957 sponte
1071 4903 1120 4941 sua
1134 4887 1195 4942 tissa
1208 4897 1236 4940 at
1249 4903 1328 4958 vaga,
1343 4888 1482 4959 disgregat
1495 4884 1672 4951 intellectum,
1688 4896 1717 4941 et
1731 4886 1845 4941 serietate

231 4981 282 5019 sua
295 4964 451 5027 conirmdit3
473 4981 566 5018 rerum
579 4966 608 5019 iu
622 4966 788 5021 mechanicis
802 4967 1004 5037 operationibus
1018 4967 1188 5022 contrahitur
1198 4965 1340 5035 judicium,
1354 4975 1382 5020 et
1394 4976 1497 5020 namra
1510 4965 1586 5020 modi
1598 4974 1625 5020 et
1645 4981 1789 5036 processus
1799 4979 1846 5016 eer-

231 5053 337 5108 nuntur,
351 5061 406 5098 non
418 5051 521 5097 tantum
535 5043 640 5101 effecta.
681 5044 771 5117 Atque
790 5063 882 5100 rursus
896 5048 1023 5102 universa
1043 5045 1264 5100 mechanicorum
1282 5045 1420 5100 subtilitas
1439 5046 1507 5098 eitra
1526 5061 1593 5108 rem,
1607 5062 1692 5115 quam
1706 5044 1846 5116 quatiunt

231 5123 352 5178 sistitur:
373 5121 472 5177 artifex
486 5121 566 5186 enim,
581 5124 655 5195 operi
671 5132 698 5178 et
711 5124 758 5179 tini
772 5141 822 5179 suo
836 5126 964 5191 intentus,
979 5125 1012 5178 ad
1026 5124 1082 5179 alia
1096 5128 1170 5195 (quae
1184 5125 1276 5180 forsan
1290 5125 1325 5179 ad
1339 5133 1443 5179 naturae
1460 5124 1668 5195 inquisitionem
1681 5124 1769 5195 magis
1787 5119 1846 5174 taei-

230 5203 292 5272 unt)
306 5218 356 5257 nec
375 5202 496 5256 animum
512 5201 599 5272 erigit,
619 5219 669 5257 nen
691 5221 801 5258 manum
825 5205 947 5274 porrigit.
989 5205 1085 5275 Itaque
1110 5204 1198 5275 magis
1212 5204 1350 5275 exquisita
1367 5220 1431 5259 eura
1447 5219 1515 5273 opus
1537 5211 1586 5268 est,
1605 5210 1634 5258 et
1652 5200 1847 5274 probationibus

230 5280 331 5346 electis,
343 5290 426 5352 atque
440 5290 551 5351 sumptu
563 5282 653 5348 etiam,
668 5299 699 5336 ac
713 5299 819 5336 summ
830 5283 942 5352 insuper
956 5284 1095 5353 patientia
1137 5282 1209 5337 illud
1222 5285 1296 5338 enirn
1309 5283 1340 5337 in
1353 5280 1613 5353 experimentalibus
1627 5283 1719 5338 omnia
1730 5278 1845 5353 perdidit.

231 5360 304 5430 quod
316 5359 441 5415 homines
454 5362 537 5415 etiam
550 5378 567 5412 a
581 5361 715 5432 principio
729 5361 868 5415 fructifera
887 5365 1082 5432 experimenta,
1096 5379 1151 5416 non
1168 5363 1289 5425 lucifera.
1304 5362 1400 5416 sectati
1414 5369 1496 5426 subtr
1517 5368 1599 5433 atque
1619 5362 1655 5416 ad
1668 5378 1736 5432 opus
1748 5354 1845 5428 aliquod

231 5438 404 5511 magnificum
413 5440 582 5496 educendum
593 5441 703 5496 omnino
712 5440 864 5506 incubuere,
874 5457 929 5495 non
939 5442 974 5496 ad
988 5441 1131 5513 pandenda
1140 5442 1249 5497 oracula
1257 5449 1368 5507 natura,
1376 5442 1447 5512 quod
1456 5457 1524 5511 opus
1534 5457 1648 5512 operum
1657 5449 1705 5506 est,
1715 5446 1844 5494 εἴσω
