3800 5875
55 352 123 407 Car.
142 352 180 407 ll.
574 350 626 406 DE
646 349 873 406 AUGMENTIS
895 349 1170 406 SCIEN'I'IARUM.

53 528 105 582 que
128 510 221 565 omnia
248 510 332 579 plena
352 516 414 564 suut
443 509 595 581 iniquitatis
622 509 670 565 ubi
698 510 855 566 dominatur

53 598 193 661 respectus
203 606 400 660 personarum
421 596 449 645 et
462 588 517 644 lesi
531 589 644 644 omnino
657 590 691 644 de
701 605 791 655 cama,
805 606 853 644 se-

52 670 100 725 lufi
114 686 166 741 pm
178 668 304 724 buxeus
317 669 405 740 panis,
417 669 551 738 judicium
564 676 739 741 pervertetur.
930 661 1050 733 Duplex,
1064 662 1235 719 concordiam
1250 663 1391 728 tractandi,
1406 670 1435 718 et
1448 663 1554 720 animos
1568 667 1690 722 reconci-

890 740 984 808 liandi,
1005 742 1060 799 via.
1101 741 1204 808 Altera,
1227 759 1289 813 qum
1309 743 1406 814 incipit
1423 743 1458 797 ab
1475 746 1627 811 amnestia3
1649 746 1689 801 al·

890 828 957 886 tere,
969 838 1031 892 quta
1045 838 1063 875 a
1075 823 1234 892 repetitione
1249 822 1418 891 injuriarum,
1429 823 1617 896 subjungendo
1627 844 1690 897 apo

91 910 107 934 ¹⁴
120 903 172 959 Vir
195 920 304 976 pauper
326 903 497 960 calumnians
517 920 661 976 pauperes,
685 904 785 960 similis
810 913 852 959 est
890 899 978 971 logias
1003 907 1032 955 et
1052 902 1252 957 excusationes.
1291 900 1427 973 Equidem
1449 904 1562 958 memini
1585 914 1691 961 seuten-

53 983 130 1039 imbri
144 983 313 1050 vehementi,
327 984 357 1038 iu
370 1000 425 1055 quo
438 992 550 1056 paratur
564 984 677 1040 fames.’··
890 979 957 1034 tiam
967 979 1017 1034 viri
1028 980 1173 1035 admodum
1186 982 1333 1051 prudentes
1343 990 1370 1036 et
1380 981 1492 1052 politici,
1504 984 1581 1045 “Qui
1591 1002 1689 1055 pacem

890 1066 993 1124 mactat,
1008 1076 1064 1113 nou
1082 1060 1205 1129 repetitis
1219 1060 1418 1116 conditionibus
1432 1061 1545 1127 dissidii,
1560 1063 1584 1118 is
1597 1065 1688 1137 magis

889 1138 995 1193 animos
1018 1137 1162 1194 dulcedine
1182 1139 1333 1194 concordie
1357 1141 1437 1206 fallit,
1465 1159 1546 1213 quam
1560 1145 1688 1214 aequitate

88 1218 227 1275 Parabola
240 1220 294 1274 ista
310 1219 461 1292 antiquitus
479 1235 611 1290 expressa
625 1226 652 1274 et
669 1219 779 1290 depicta
799 1219 851 1274 tuit
889 1217 1055 1287 componit”
1091 1219 1194 1274 Verum
1205 1218 1342 1284 Salomon,
1351 1220 1401 1275 illo
1410 1220 1514 1276 scilicet
1522 1223 1687 1293 pmdeutior,

51 1299 99 1354 mb
115 1298 212 1354 fabule
234 1298 373 1354 hirudinis
392 1290 543 1371 utriusque,
565 1299 701 1364 ciminum,
720 1298 810 1370 plenta
822 1307 850 1354 et
888 1295 917 1349 in
931 1298 1066 1352 contraria
1087 1299 1217 1369 opinione
1231 1305 1287 1364 este
1309 1309 1337 1355 et
1350 1300 1511 1357 amnestiam
1525 1303 1629 1372 probat,
1644 1322 1687 1360 re-

51 1396 148 1434 menae.
191 1378 326 1449 Pauperis
341 1378 415 1433 enim
430 1385 458 1433 et
472 1377 591 1434 famelici
605 1379 747 1450 oppressio
768 1376 849 1450 longe
888 1376 1047 1446 petitionem
1068 1378 1203 1448 prohibet.
1257 1379 1369 1435 Etenim
1389 1380 1417 1435 in
1440 1383 1602 1452 repetitione
1627 1382 1687 1439 baec

50 1458 156 1530 gravior
166 1467 218 1522 est,
229 1474 312 1530 quam
325 1458 468 1530 oppressio
478 1475 527 1529 per
540 1458 686 1514 divitcmet
700 1458 848 1528 repletum,
887 1454 981 1510 insutu
990 1457 1078 1523 mala;
1101 1466 1158 1513 tum
1167 1459 1280 1531 quodne
1291 1460 1327 1515 sit
1336 1460 1419 1515 veluti
1429 1462 1529 1532 unguis
1542 1461 1571 1515 iu
1582 1462 1686 1528 ulcere,

50 1537 151 1609 quippe
174 1555 239 1610 quaa
260 1554 355 1593 omues
376 1538 551 1593 exactionum
572 1537 692 1602 technas,
709 1546 737 1594 et
754 1554 849 1593 omnes
887 1540 945 1590 tum
961 1536 1032 1607 quod
1052 1537 1203 1608 periculum
1220 1539 1379 1611 impendeat
1397 1556 1498 1594 anona
1512 1539 1687 1597 altercatione

49 1634 222 1672 nummorum
236 1617 360 1689 angulos,
381 1617 525 1689 perquirit.
566 1617 676 1671 Solebat
690 1618 743 1672 hcc
756 1618 848 1688 ipsum
888 1614 1036 1687 (siquidem
1051 1616 1085 1671 de
1095 1617 1257 1687 injuriarum
1270 1620 1425 1674 rationibus
1438 1621 1510 1675 inter
1522 1628 1687 1692 partesnun·

50 1697 132 1751 etism
145 1696 272 1769 spongiis
285 1697 438 1762 assimilari,
454 1714 514 1769 quta
525 1696 607 1752 auda
622 1696 725 1752 fortiter
739 1704 847 1768 sugunt,
887 1710 970 1766 quam
984 1696 1155 1764 conveniet);
1171 1704 1230 1752 tum
1240 1698 1359 1771 denique
1370 1700 1443 1771 quod
1456 1699 1569 1755 deducat
1583 1718 1640 1755 rem
1652 1702 1687 1755 ad

50 1776 164 1831 madida
178 1792 234 1830 uon
255 1776 331 1831 item
372 1776 509 1831 Monitum
527 1784 619 1831 sutem
640 1775 705 1832 utile
719 1776 847 1842 continet,
886 1773 1043 1846 apologias,
1065 1783 1092 1830 st
1106 1785 1220 1848 utraque
1234 1794 1298 1848 pars
1311 1777 1388 1833 malit
1399 1779 1485 1834 videri
1499 1779 1589 1850 potius
1603 1781 1686 1835 offen-

49 1865 105 1910 tum
129 1873 199 1928 arga
219 1855 366 1927 principes,
387 1872 421 1910 ne
444 1856 618 1927 praefecturas
639 1856 847 1927 provinciarum,
887 1868 945 1908 sam
960 1854 1105 1920 remisisse,
1121 1872 1203 1927 quam
1218 1857 1361 1913 admisisse
1375 1860 1586 1914 excusationem.

50 1944 94 1989 aut
107 1936 295 2006 magistratus,
309 1934 375 1989 viris
392 1935 576 2007 indigentibus
590 1944 618 1989 et
633 1936 760 1991 obaeratis
774 1953 848 1990 com·

51 2016 173 2080 mittant5
195 2022 254 2068 tum
275 2031 343 2087 erga
362 2013 486 2086 populos,
500 2032 536 2069 nc
550 2032 629 2087 reges
644 2032 707 2071 suos
726 2033 788 2072 cum
801 2015 846 2070 ni·
1149 2017 1299 2057 ΡΑΒΑΒΟΜ
1320 2019 1421 2057 ¹¹V111·

51 2095 103 2148 ³²5³
115 2101 241 2167 ΨΜ
253 2094 404 2149 ⁰⁰¹¹ffi⁰ffli
418 2095 586 2166 permittunt
926 2116 942 2142 ⁴⁴
952 2111 985 2166 lu
996 2112 1071 2167 omni
1082 2128 1164 2183 opere
1179 2114 1252 2169 bono
1261 2115 1313 2169 erit
1327 2115 1510 2181 abundantis,
1531 2115 1578 2170 ubi
1592 2123 1684 2172 autem

885 2189 969 2245 verba
982 2198 1045 2246 sunt
1057 2192 1185 2262 plurima,
1200 2194 1239 2247 ibi
1255 2195 1412 2268 frequenter
1426 2196 1560 2266 egestas.¹'

1201 569 1376 610 uenusto.

330 811 476 851 assason
495 812 574 850 xxiv.

364 1125 542 1166 axentcarto.

329 2251 476 2293 Pmsou
496 2255 566 2294 ut.

87 2351 104 2376 ‘⁴
114 2346 191 2401 Fons
205 2347 327 2401 turbatos
340 2347 418 2417 pede,
429 2354 456 2402 et
470 2363 540 2403 vena
553 2354 689 2420 corrupta,
704 2354 745 2402 eat
756 2348 847 2416 justus
1197 2334 1372 2375 mmmm·

50 2425 148 2481 cadens
161 2442 255 2481 coram
268 2425 381 2497 impio.”
926 2423 1043 2496 Separat
1060 2426 1198 2492 Salomon,
1220 2429 1274 2483 hac
1291 2429 1429 2500 parabola,
1449 2429 1564 2484 iunctum
1585 2429 1686 2486 laboris

885 2502 996 2576 lingue,
1011 2513 1039 2560 et
1059 2507 1161 2562 laboris
1178 2524 1323 2573 manuum
1344 2509 1423 2581 quasi
1438 2525 1474 2564 ex
1487 2509 1573 2564 altero
1586 2526 1684 2580 prove-

886 2583 946 2638 niat
959 2594 1075 2655 egestas,
1090 2603 1126 2641 ex
1140 2587 1227 2643 altero
1244 2587 1417 2643 abundantia
1458 2588 1568 2643 Etenim
1582 2590 1613 2642 fit
1628 2589 1685 2644 iere

87 2659 218 2732 Praecipit
240 2662 379 2733 parabole,
396 2661 596 2735 rebuspublicis
611 2670 675 2718 aute
695 2665 788 2719 omnis
804 2680 847 2719 ca·
886 2672 1027 2734 perpetuo,
1037 2674 1075 2731 ut,
1084 2667 1131 2738 qui
1141 2667 1227 2722 multa
1237 2668 1371 2732 effutiant,
1380 2669 1485 2737 jactent
1497 2667 1590 2734 mults,
1601 2669 1687 2725 multa

52 2740 167 2795 rendum
185 2757 246 2795 esse
261 2741 296 2796 de
314 2741 410 2815 iniquo
426 2750 453 2797 et
473 2743 570 2798 infami
588 2742 700 2812 jndicio,
721 2744 750 2798 in
764 2761 847 2799 causa
885 2743 1051 2813 promittant,
1067 2746 1147 2817 egeni
1161 2746 1224 2812 aiut,
1236 2763 1287 2803 uec
1301 2746 1515 2804 emolumentum
1528 2749 1637 2818 capiant
1650 2766 1686 2803 ex

51 2818 141 2890 aliqua
157 2819 261 2876 celebri
275 2828 305 2876 et
317 2821 410 2893 grnvi3
431 2823 584 2893 presertim
601 2823 648 2877 ubi
664 2839 719 2877 non
733 2824 847 2879 absolvi·
885 2821 941 2877 illis
955 2824 1086 2889 rebus,de
1098 2826 1197 2897 quibus
1209 2826 1362 2899 loquuntur.
1407 2827 1571 2892 Quinetiam,
1579 2834 1611 2882 ut
1623 2827 1684 2898 plu·

52 2899 241 2968 turinnoxius,
263 2901 522 2959 sedcondamnatur
540 2901 644 2959 insons.
684 2903 794 2960 Etenim
807 2905 847 2959 in·
886 2902 994 2969 dmum,
1009 2904 1134 2961 industrii
1144 2906 1256 2963 minime
1270 2914 1341 2973 suut,
1352 2913 1399 2962 aut
1413 2907 1526 2979 impigri
1536 2906 1571 2962 ad
1585 2923 1669 2979 opere
1676 2928 1684 2972 t

50 2978 126 3046 juria
143 2980 215 3035 inter
234 2981 357 3054 privatos
376 2991 539 3053 gtmsantes,
558 2983 668 3039 turbant
689 2985 801 3056 quidem
819 2993 847 3039 et
886 2983 934 3037 sed
948 2986 1134 3041 tantummodo
1148 2988 1320 3043 sermonibus
1334 3003 1371 3052 se,
1382 2994 1512 3059 tauquam
1524 2997 1613 3053 vento,
1624 3006 1686 3059 pas·

51 3057 174 3128 polluunt
198 3060 297 3117 latices
316 3061 439 3131 justitia,
459 3063 507 3118 sed
528 3070 657 3135 tanquam
681 3064 711 3118 iu
735 3064 846 3121 rivulis:
885 3072 949 3117 cunt
964 3070 993 3118 et
1006 3065 1118 3123 satiant.
1156 3066 1237 3134 Saue,
1248 3075 1279 3122 ut
1291 3067 1508 3139 poitaloquitur,
1525 3067 1601 3129 “Qui
1612 3067 1684 3132 silet,

50 3154 141 3194 rernm
157 3140 264 3209 judicia
282 3141 386 3213 iniqua,
401 3140 492 3212 qualis
511 3142 639 3208 diximus,
657 3143 787 3216 aquibus
801 3162 848 3200 ex·
886 3150 927 3198 est
941 3143 1062 3200 firmus.”
1105 3146 1133 3200 la
1153 3148 1200 3219 qui
1222 3147 1345 3202 conscius
1360 3154 1408 3212 est,
1431 3164 1460 3203 se
1477 3148 1604 3217 inopere
1622 3164 1685 3219 pro-

51 3218 139 3290 empls
159 3227 298 3289 petuntur,
313 3220 400 3276 fontes
413 3221 487 3293 ipsos
497 3222 612 3292 justitiae
625 3223 750 3279 inficiunt
764 3231 792 3280 et
804 3225 847 3280 in·
885 3222 974 3289 ficere,
989 3223 1042 3278 sibi
1063 3223 1175 3295 plaudit,
1191 3235 1219 3281 et
1232 3235 1320 3282 tacet:
1342 3227 1468 3298 quivero
1482 3243 1497 3282 e
1511 3235 1606 3281 contra
1620 3244 1685 3282 con·

51 3298 171 3368 quinant
212 3298 363 3372 Postquam
371 3301 445 3356 enim
454 3300 572 3357 tribunal
585 3303 698 3358 cesserit
711 3304 741 3359 in
755 3312 847 3375 partes
886 3301 959 3358 scius
980 3312 1029 3370 est,
1050 3321 1130 3361 auras
1151 3323 1180 3361 se
1201 3307 1297 3362 inanes
1320 3313 1439 3378 captare,
1462 3305 1548 3361 multa
1568 3314 1596 3361 et
1615 3307 1686 3363 mira

51 3376 197 3446 injustitia,
213 3386 300 3436 statua
315 3397 405 3435 rerum
419 3382 531 3437 vertitur
550 3390 680 3455 tanquam
698 3383 727 3438 in
740 3383 848 3439 latroci-
886 3382 959 3452 apud
973 3382 1042 3438 alios
1055 3385 1195 3455 predicat.

51 3457 122 3590 fflum
136 3457 295 3529 publicum:
316 3461 401 3532 fitque
415 3460 506 3533 plane,
519 3470 549 3517 ut
564 3466 580 3495 ‘⁴
593 3462 678 3518 homo
691 3462 797 3519 homini
811 3464 847 3520 sit

75 3538 154 3608 m„

362 2567 536 2608 mucmo.

1165 3526 1308 3566 russone
1329 3526 1408 3565 1111.

927 3625 943 3652 “
956 3620 1058 3678 Melior
1072 3632 1113 3678 est
1126 3625 1261 3695 correptio
1282 3624 1434 3690 manifesta,
1450 3642 1531 3697 quam
1546 3642 1623 3681 amor
1637 3644 1683 3682 oc-
1772 3689 1774 3694 ,

327 3679 469 3720 esmona
490 3683 569 3721 uvt.
885 3698 1000 3756 Ullius-’⁵

87 3773 847 3846 “Noliesaesmicnshuminisiraeundo,necambulatu
1196 3831 1370 3871 mum

52 3867 108 3907 mm
119 3852 233 3911 bomine
248 3854 380 3910 fmioso.”

926 3932 1115 4003 Reprehendit
1138 3939 1268 4008 parabola
1291 3939 1434 3995 mollitiem
1457 3942 1615 4007 amicorum,
1636 3944 1683 4015 qui

884 4011 1014 4068 amicitiae
1027 4016 1173 4088 privilegio
1186 4034 1241 4072 non
1252 4028 1363 4074 utuntur
1376 4021 1405 4074 iu
1415 4020 1585 4076 admonendo
1597 4020 1683 4077 libere

89 4082 193 4143 Quanto
207 4085 367 4158 religiosius
381 4089 507 4145 amicitia
523 4091 587 4158 jura
600 4090 672 4146 inter
686 4092 771 4148 bonos
790 4110 847 4148 ser·
885 4097 913 4143 et
925 4090 1054 4149 audacter
1068 4096 1177 4161 amicos,
1193 4105 1250 4151 tam
1264 4098 1297 4153 de
1312 4099 1454 4164 erroribus,
1470 4117 1551 4171 quam
1565 4102 1598 4155 de
1613 4103 1684 4172 peri·

56 4163 175 4219 nndset
192 4165 311 4220 colenda
332 4175 403 4233 sunt,
418 4176 493 4223 tanto
515 4169 606 4242 magia
624 4172 773 4227 cavendum
795 4181 845 4238 est,
885 4168 955 4224 culis
979 4173 1045 4231 suis.
1098 4175 1171 4237 Quid
1197 4178 1271 4232 euim
1295 4178 1394 4232 faciam
1420 4178 1502 4248 (solet
1527 4180 1682 4250 hujusmodi
1725 4192 1727 4196 ’

53 4240 845 4319 iamnequeaprincipio,deprudenteumic0rumdelectu.
885 4248 976 4304 mollis
996 4254 1100 4309 amicos
1119 4255 1222 4325 dicere)
1244 4264 1292 4311 aut
1312 4274 1367 4328 quo
1387 4275 1431 4312 me
1447 4261 1572 4314 vertam?
1613 4259 1685 4317 Amo

57 4319 136 4392 Atque
156 4326 311 4380 amicorum
331 4335 427 4382 natura
441 4336 469 4382 et
482 4345 579 4394 mores,
595 4339 726 4400 quantum
740 4332 775 4385 ad
796 4349 847 4387 uos
885 4327 970 4395 illum,
993 4340 1123 4403 quantum
1147 4335 1216 4407 quis,
1235 4336 1369 4402 maxime;
1391 4354 1497 4410 meque,
1520 4341 1543 4393 si
1560 4340 1625 4413 quid
1642 4341 1683 4396 illi

55 4400 122 4470 ipso·
134 4412 267 4475 spectant,
283 4405 513 4463 omninoferendi
527 4417 600 4463 sunt
642 4409 788 4466 cumvero
801 4429 847 4466 ne·
885 4409 992 4464 adversi
1011 4413 1164 4485 contigerit,
1179 4415 1266 4486 ipsius
1279 4415 1341 4471 loco
1354 4415 1470 4473 libantes
1484 4419 1683 4476 substituetim:

55 4482 199 4539 mmm
213 4484 294 4539 nobis
308 4485 457 4555 imponunt,
472 4487 579 4558 qualem
594 4505 660 4560 erga
674 4490 742 4545 alios
756 4507 847 4561 perso
885 4488 932 4542 scd
953 4491 1018 4544 noni
1039 4492 1180 4564 ingenium
1204 4496 1281 4565 ejus;
1309 4495 1435 4553 silibere
1456 4516 1517 4553 curn
1538 4516 1571 4553 eo
1592 4517 1693 4572 egero,

56 4573 113 4614 nam
124 4561 270 4618 induamus
280 4570 309 4618 ct
322 4581 455 4634 geramus,
469 4566 537 4621 dura
551 4567 696 4623 admodum
711 4577 738 4625 et
751 4571 847 4642 iniqua
885 4567 1007 4623 animum
1020 4569 1094 4628 illius
1104 4574 1256 4641 offendam
1278 4575 1376 4631 saltent
1390 4578 1572 4633 contristabo:
1594 4596 1683 4652 neque

56 4641 176 4698 amicitie
193 4643 317 4698 conditio
330 4650 380 4699 est.
423 4645 520 4717 Itaque
532 4647 646 4702 interest
658 4650 801 4720 imprimis,
817 4659 845 4704 ut
885 4654 976 4701 temen
990 4651 1148 4719 proficiam
1170 4662 1252 4726 atque
1267 4655 1346 4710 citius
1360 4672 1424 4712 eum
1438 4657 1473 4711 ab
1487 4659 1608 4713 amicitia
1622 4676 1684 4714 mea

56 4720 171 4790 pmcipit
195 4722 335 4787 Salomon,
357 4724 392 4778 ad
410 4724 474 4779 vita
495 4743 600 4796 pacem,
615 4736 644 4782 et
662 4729 796 4798 praesidia,
811 4746 845 4785 ne
885 4724 1019 4794 alienabo,
1035 4748 1117 4801 quam
1130 4733 1165 4786 ab
1179 4734 1221 4797 iis,
1237 4751 1298 4807 qum
1309 4735 1337 4788 in
1351 4736 1443 4791 auimo
1457 4738 1513 4792 lixa
1526 4737 1617 4802 habet,
1632 4739 1682 4792 ab·

56 4813 97 4852 tes
115 4811 221 4857 nostras
238 4820 303 4858 cum
324 4803 480 4859 hominibus
494 4806 639 4871 iracundis,
655 4814 682 4862 et
696 4809 743 4879 qui
765 4809 846 4863 facile
885 4804 990 4861 ducam.
1033 4810 1198 4879 Hujusmodi
1217 4815 1342 4879 amicum,
1363 4823 1492 4888 tanquam
1512 4833 1639 4872 enervem
1654 4825 1683 4873 et
1764 4816 1767 4821 ’

357 3994 531 4036 annuento.

56 4873 112 4932 lita
124 4888 151 4934 et
160 4881 255 4953 jurgia
268 4890 420 4953 provocant
433 4891 479 4938 aut
497 4885 654 4955 succipiunt,
669 4889 846 4943 commea.
884 4884 1018 4953 inutilem,
1028 4888 1167 4961 redarguit
1180 4891 1321 4959 salomon,
1343 4902 1424 4966 atque
1439 4895 1501 4966 plus
1512 4896 1636 4951 utilitatis
1646 4898 1682 4952 ab

57 4971 119 5013 mue
158 4960 236 5016 istud
257 4962 331 5016 enim
360 4979 447 5033 genus
467 4964 616 5019 amicorum
640 4975 773 5037 perpetuo
796 4984 846 5023 nos
884 4963 1000 5019 inimico
1022 4969 1176 5036 manifesto,
1206 4989 1286 5043 quam
1310 4974 1346 5028 ab
1372 4976 1431 5043 ejus
1451 4976 1560 5046 generis
1584 4976 1682 5041 amico,

57 5039 302 5096 cmtmtionibttsat
314 5042 478 5096 motionibus
491 5043 644 5114 implicabit
651 5068 659 5110 ς
680 5054 710 5101 ut
719 5056 766 5101 sut
780 5047 846 5102 ami·
885 5043 955 5097 sumi
966 5061 1048 5115 posse
1057 5051 1227 5117 pronunciat.
1269 5052 1410 5124 Siquidem
1421 5071 1454 5108 ea
1463 5056 1576 5109 tortasse
1587 5055 1681 5110 audire

58 5113 141 5172 sibam
160 5119 333 5192 abrumpere,
350 5130 397 5175 aut
417 5121 597 5177 incolumitati
617 5126 725 5196 proprie
742 5126 845 5192 deesse,
885 5121 910 5175 ei
924 5124 1069 5196 contigerit
1087 5129 1123 5183 ab
1136 5130 1250 5184 inimico
1263 5149 1312 5202 pet·
1325 5134 1525 5197 contumeliam,
1541 5151 1601 5204 quae
1616 5135 1683 5188 ami-

59 5208 185 5266 cogemur,
885 5217 932 5255 cus
947 5213 1051 5259 mussat
1065 5224 1122 5276 pue
1132 5209 1217 5263 nimia
1231 5211 1409 5284 indulgentia.

327 5341 471 5381 raasson
486 5342 575 5382 xxvtt.
1169 5351 1314 5391 Psaasoss
1335 5353 1402 5391 XXX.

93 5433 109 5459 ‘⁴
120 5429 170 5491 Qui
184 5431 255 5486 celat
279 5431 417 5497 delictum,
433 5435 530 5503 quasit
545 5436 709 5501 amicitiam
732 5440 778 5492 sed
798 5441 844 5511 qui
925 5440 1072 5495 “Prudens
1087 5442 1203 5497 advertit
1213 5445 1247 5498 ad
1258 5462 1366 5516 gressus
1381 5462 1459 5508 suos,
1479 5426 1578 5499 stultus
1592 5445 1681 5501 diver·

60 5504 137 5563 altero
148 5526 272 5566 oetmone
287 5512 393 5581 repetit,
408 5522 516 5583 separat
532 5514 703 5571 ioederatos.’'
884 5520 916 5573 tit
930 5519 964 5573 ad
979 5520 1085 5576 dolos.’'
