3800 5875
401 327 616 385 HISTORIAM
637 328 878 387 NATURALEM
899 331 948 387 nt
969 330 1343 387 EXPERIMENTALEM.
1623 335 1680 391 505

71 488 135 544 aliud
144 493 231 558 agant,
240 492 268 542 et
280 486 315 540 ad
325 485 480 558 exempltnn
492 487 657 543 naturalium
665 488 846 553 historiarum,
884 491 1004 546 rationes
1018 499 1046 545 et
1059 489 1246 562 prolixitatem
1260 492 1364 565 gignet,
1378 508 1456 562 teque
1469 492 1517 547 ubi
1531 492 1616 548 nimia
1630 504 1680 561 est,

70 586 123 640 qua
138 569 193 637 jam
206 567 235 620 in
248 583 299 621 usu
317 574 387 631 aunt,
406 583 437 621 sa
457 576 560 638 regant,
575 574 655 639 atque
668 568 704 621 ab
723 568 848 623 instituto
884 586 917 623 ac
931 571 978 625 ubi
991 570 1076 626 nulls.

69 656 150 702 acano
161 646 274 701 multum
289 646 423 700 aberrent.
465 646 537 701 lllud
556 647 666 702 interim
680 648 753 718 quod
773 663 846 717 saepe

69 727 182 791 diximus,
195 727 277 780 etiam
293 725 345 779 hoc
362 725 424 779 loco
441 727 578 797 praecipue
596 726 774 797 repetendum
787 735 845 781 est:

69 808 125 861 Non
143 806 271 860 siomnia
288 805 408 859 omnium
427 812 538 859 aetatum
558 805 671 876 ingenia
690 806 844 869 scivissent,
924 804 1048 859 Historia
1074 806 1213 871 naturalis,
1241 814 1271 860 ut
1291 808 1414 876 subjecto
1438 808 1678 879 (quemadmodum

69 883 368 955 autpostbaccoierinte
388 884 641 939 nonsiunirersum
651 901 736 957 genus
749 884 845 939 huma-
883 881 1016 951 diximus)
1039 883 1157 955 triplex,
1187 886 1228 939 its
1244 903 1294 941 usu
1315 887 1417 957 duplex
1435 896 1485 942 est
1526 887 1678 943 Adhibetur

70 981 124 1019 num
140 963 319 1034 philosophiae
342 963 461 1017 dedisset
476 979 596 1033 operam,
616 974 664 1018 aut
676 960 797 1028 dederitr
818 970 845 1017 et
883 962 957 1016 enim
971 969 1018 1017 aut
1035 971 1146 1034 propter
1158 981 1248 1019 rerum
1266 966 1387 1035 ipsarum
1402 966 1593 1038 cognitionem,
1615 985 1677 1038 quas

69 1052 130 1097 totus
151 1050 281 1097 terrarum
299 1042 372 1097 orbis
385 1042 456 1096 nihil
479 1042 553 1097 alind
572 1042 675 1107 fuisset,
688 1051 734 1098 aut
755 1043 843 1106 fuerit,
883 1039 1005 1096 historiae
1027 1043 1203 1108 mandantur,
1231 1052 1278 1099 aut
1300 1053 1429 1116 tanquam
1451 1047 1567 1101 materia
1588 1049 1676 1117 prima

70 1139 138 1193 quam
150 1123 302 1185 academiae,
317 1129 345 1176 et
356 1121 479 1193 collegia,
493 1132 521 1176 et
537 1121 639 1176 scholas
651 1123 770 1177 virorum
782 1123 845 1176 doc·
882 1118 1073 1191 philosophias,
1095 1129 1177 1193 atque
1196 1140 1268 1178 verta
1289 1124 1454 1178 inductionis
1472 1125 1597 1195 supellex
1617 1127 1675 1180 sire

68 1212 153 1255 torum:
170 1208 261 1256 tamen
271 1201 373 1271 absque
381 1201 437 1264 tali,
445 1200 554 1272 qualem
563 1218 635 1255 nunc
645 1202 843 1272 praecipiemus,
881 1199 968 1269 sylva
1008 1198 1099 1272 Atque
1114 1203 1248 1272 posterius
1263 1201 1316 1256 hoc
1329 1220 1400 1258 nunc
1414 1204 1520 1275 agitur3
1541 1221 1621 1267 nunc,
1635 1206 1675 1259 in-

69 1280 176 1335 ilistoria
186 1280 306 1336 naturali
320 1288 347 1334 et
359 1279 575 1350 experimentali,
590 1279 668 1345 ullos,
682 1282 728 1352 qni
743 1297 843 1351 genere
881 1295 976 1349 quam;
997 1295 1085 1351 neque
1100 1297 1218 1352 unquam
1233 1282 1359 1336 antehac.
1400 1283 1499 1353 Neque
1513 1284 1587 1337 euim
1601 1285 1674 1338 Aris-

67 1359 171 1415 humano
180 1360 257 1432 digni
272 1360 334 1424 sint,
347 1375 507 1431 progressus
520 1360 550 1413 in
563 1358 739 1430 philosophia
752 1368 779 1415 et
792 1360 843 1414 sci·
882 1357 987 1423 toteles,
1002 1369 1049 1413 aut
1062 1360 1276 1431 Theophrastus,
1284 1369 1331 1415 aut
1341 1362 1520 1427 Dioscorides,
1528 1369 1576 1417 aut
1589 1363 1674 1419 Caius

67 1439 136 1494 entiis
148 1440 202 1494 ficri
216 1439 345 1514 potuisse,
359 1446 405 1494 aut
418 1455 515 1509 posse:
536 1439 639 1493 Contra
653 1456 724 1505 sero,
735 1455 843 1510 compa·
881 1435 993 1501 Plinius,
1009 1438 1094 1493 multo
1115 1441 1207 1494 minus
1225 1440 1354 1505 moderni,
1373 1440 1446 1496 hunc
1460 1442 1543 1497 finem
1558 1443 1603 1511 (de
1619 1459 1674 1513 quo

66 1524 117 1572 rata
133 1524 160 1573 et
178 1519 246 1573 bene
269 1520 401 1574 instructa
422 1518 578 1587 hujusmodi
601 1517 722 1583 historia,
743 1518 842 1573 additis
879 1514 1028 1587 loquimur)
1042 1517 1166 1574 historiae
1178 1519 1311 1574 naturalis
1324 1538 1445 1591 unquam
1458 1521 1511 1574 sibi
1528 1538 1673 1592 proposue-

66 1598 242 1667 experimentis
261 1597 440 1652 auxiliaribus
459 1605 487 1651 et
506 1597 635 1663 luciferis,
651 1614 712 1668 qum
730 1598 759 1651 in
781 1599 842 1668 ipso
879 1602 950 1651 runt.
993 1596 1083 1668 Atque
1101 1598 1131 1652 in
1151 1597 1204 1653 hoc
1223 1598 1371 1670 plurimum
1384 1608 1445 1666 est;
1466 1607 1498 1654 ut
1511 1601 1558 1672 qui
1581 1609 1672 1672 partes

66 1676 276 1747 interpretationis
282 1676 415 1732 curriculo
423 1684 568 1741 occurrent,
575 1677 827 1731 auteruendaerunt
832 1699 840 1742 ς
879 1676 1015 1731 scribendi
1030 1676 1173 1732 historiam
1185 1678 1336 1732 naturalem
1350 1679 1403 1733 sibi
1421 1679 1535 1749 posthac
1548 1697 1671 1751 sumpse·

66 1772 195 1826 paucomm
209 1772 342 1811 annorum
356 1772 424 1826 opus
435 1757 551 1811 futuram
563 1773 622 1812 esse
636 1756 840 1827 inquisitionem
878 1756 941 1819 rint,
956 1755 1009 1809 hoc
1022 1765 1156 1828 perpetuo
1168 1756 1288 1828 cogitent
1301 1766 1382 1829 atque
1396 1759 1488 1813 animo
1500 1759 1620 1830 agitent:
1640 1776 1670 1814 se

65 1843 154 1891 natura
174 1845 201 1891 et
219 1836 394 1891 scientiarum
417 1837 548 1891 omnium.
601 1836 696 1907 ltaque
718 1842 765 1890 aut
787 1835 840 1890 hoc
880 1850 933 1888 non
956 1834 1065 1889 lectoris
1085 1835 1265 1901 delectationi,
1283 1854 1338 1891 non
1354 1836 1465 1892 utilitati
1483 1838 1545 1908 ipsi,
1560 1855 1622 1908 quta
1635 1856 1672 1894 ex

65 1915 183 1986 agendum
195 1923 244 1980 est,
255 1924 304 1970 aut
313 1915 451 1986 negotium
465 1915 650 1970 deserendum.
691 1915 753 1970 Hoc
766 1916 840 1970 enim
878 1915 1076 1969 narrationibus
1089 1916 1118 1969 in
1131 1932 1252 1985 praesens
1265 1917 1327 1986 capi
1348 1916 1442 1985 possit,
1463 1917 1561 1972 debere
1581 1918 1670 1972 inser-

66 1994 114 2047 solo
125 2005 148 2050 et
158 1997 235 2050 unico
247 1996 330 2050 modo
344 1995 520 2050 fundamenta
532 1994 714 2067 philosophiae
727 2011 799 2050 verta
813 2002 840 2049 et
878 1993 949 2057 rire;
971 1993 1019 2048 aad
1032 1996 1192 2066 conquirere
1206 2005 1233 2049 et
1247 2011 1405 2066 comparare
1418 2013 1506 2050 rerum
1519 1997 1627 2066 copiam
1641 2005 1671 2052 et

66 2075 145 2128 artirre
158 2075 271 2129 stabiliri
286 2082 416 2146 possunt;
436 2083 463 2128 et
477 2074 559 2130 simin
573 2073 739 2145 perspicient
753 2075 840 2130 homi·
876 2074 1043 2139 varietatem,
1058 2090 1118 2144 quae
1130 2075 1202 2129 veris
1220 2074 1402 2129 axiomatibus
1425 2076 1597 2130 conficiendis
1617 2077 1670 2131 suf·

66 2169 112 2217 nes,
123 2162 244 2227 tanquam
255 2173 292 2211 ex
306 2154 440 2225 profundo
454 2170 548 2208 somno
559 2154 678 2218 excitati,
690 2154 756 2226 quid
768 2155 839 2209 inter
877 2153 959 2207 ficiat.
1002 2153 1064 2207 Hoc
1086 2154 1159 2208 enim
1183 2155 1207 2208 si
1230 2154 1357 2225 cogitent,
1385 2154 1495 2209 modum
1516 2155 1669 2224 hujusmodi

66 2230 152 2302 ingenii
173 2234 271 2305 placita
286 2243 314 2288 et
330 2240 490 2298 commenta,
512 2250 544 2287 ac
561 2249 652 2289 seram
672 2242 701 2287 et
722 2233 838 2288 achram
876 2231 998 2287 historiar
1019 2232 1072 2303 ipsi
1096 2233 1149 2287 sibi
1170 2233 1356 2304 praescribent.
1403 2234 1481 2289 Finis
1502 2235 1575 2289 enim
1598 2236 1670 2308 regit

66 2311 246 2384 philosophiam
260 2314 380 2376 intersim
402 2312 505 2383 etquid
519 2312 629 2369 demum
643 2313 678 2367 sit
691 2312 725 2367 da
738 2321 838 2368 natura
876 2312 995 2367 modum.

65 2399 170 2447 naturam
183 2395 270 2465 ipsam
284 2392 434 2448 consulere.

97 2469 179 2526 ano
197 2473 281 2544 igitur
302 2472 335 2528 dc
357 2472 514 2542 hujusmodi
534 2471 651 2527 historia
670 2471 838 2525 conficienda

65 2560 181 2621 precepta
200 2552 325 2607 dabimus
346 2552 374 2605 in
392 2568 508 2623 genere,
530 2552 626 2606 deinde
647 2550 837 2621 particularem
916 2548 975 2610 Quo
989 2556 1079 2604 autem
1098 2549 1208 2618 majoris
1222 2557 1264 2605 est
1277 2550 1336 2605 haec
1349 2566 1394 2604 res
1408 2567 1498 2621 operae
1515 2557 1543 2604 et
1558 2549 1669 2617 laboris,

67 2627 114 2695 ejus
129 2632 237 2701 figuram
250 2631 408 2686 hominibus
421 2632 473 2685 sub
486 2630 578 2685 oculos
597 2646 747 2700 ponemus:
768 2631 838 2684 inse-
876 2644 909 2682 eo
923 2627 1000 2682 illam
1014 2628 1103 2683 minus
1117 2630 1223 2684 onerari
1238 2629 1383 2699 superfluis
1396 2638 1605 2685 consentaneum
1616 2639 1667 2686 est.

66 2717 140 2762 rentes
147 2710 276 2766 interdum
285 2728 341 2765 non
351 2710 484 2765 minusad
493 2711 560 2781 qur'd
568 2710 711 2781 inquisitio
721 2711 838 2778 aptanda
876 2707 941 2762 Tria
954 2708 1047 2779 itaque
1061 2716 1130 2772 sunt,
1145 2709 1291 2779 dequibus
1306 2709 1430 2762 homines
1449 2717 1511 2762 sunt
1530 2708 1610 2779 plane
1624 2709 1670 2763 ad·

67 2788 225 2844 etreferends
242 2792 286 2856 sit,
303 2807 384 2861 quarn
397 2790 465 2860 quid
478 2789 562 2860 quaeri
575 2789 679 2843 debeat
721 2789 836 2854 Scilicet,
876 2787 1011 2852 monendi,
1024 2796 1055 2842 ut
1069 2789 1098 2842 in
1115 2787 1171 2843 illis
1193 2804 1274 2857 parce
1297 2788 1442 2842 admodum
1461 2805 1572 2857 operam
1591 2806 1669 2844 suam

67 2871 91 2917 ttt
106 2883 192 2940 scopus
210 2871 257 2933 rei,
281 2870 354 2923 bene
376 2868 532 2922 intellectus
553 2876 582 2922 et
598 2869 736 2938 proerisus,
755 2870 838 2926 etiam
876 2865 1028 2921 collocentr
1050 2873 1178 2938 tanquam
1196 2867 1239 2931 iis,
1255 2885 1316 2939 quta
1336 2884 1455 2921 massam
1474 2868 1564 2938 operis
1577 2868 1607 2921 in
1619 2869 1669 2922 im-

67 2943 110 2998 slia
122 2947 266 3004 hominibus
280 2951 311 3004 in
325 2957 444 3004 mentem
456 2948 570 3019 redigat,
585 2966 646 3019 quta
659 2966 677 3003 a
688 2950 768 3005 nobis
782 2950 837 3004 for·
876 2963 1000 3001 mensum
1015 2955 1140 3019 augeant,
1153 2947 1280 3002 virtutem
1296 2963 1392 3018 parum
1412 2954 1459 3001 aut
1474 2947 1545 3002 nihil
1563 2964 1670 3018 promo·

67 3029 124 3078 urse
145 3030 325 3097 pretermissa
344 3036 429 3082 crunt
470 3027 622 3083 Historiam
645 3035 735 3084 autem
756 3029 839 3085 istam
875 3034 965 3082 scant.

67 3101 184 3161 tmuium
198 3110 324 3179 primam,
339 3107 396 3162 sira
417 3107 557 3163 lu'rtorr'um
570 3117 679 3163 matrem
698 3108 838 3181 appellare
917 3106 1012 3162 Primo
1027 3106 1112 3179 igitur
1130 3108 1266 3162 facessant
1283 3107 1464 3179 antiquitates,
1480 3111 1507 3160 et
1519 3106 1668 3172 citationes,

68 3186 240 3243 renuerimus.
877 3192 924 3241 aut
941 3187 1073 3258 suffragia
1086 3194 1242 3252 auctorum3
1263 3187 1346 3241 etiam
1363 3187 1425 3240 lites
1439 3195 1466 3240 et
1480 3186 1669 3241 controversias

877 3273 906 3320 et
918 3265 1060 3336 opiniones
1084 3267 1283 3337 discrepantem
1305 3266 1396 3321 omnia
1414 3266 1531 3335 denique
1551 3264 1669 3335 philolo·

106 3357 251 3402 amoarsur
272 3361 314 3403 na
334 3361 526 3403 constannens
546 3362 680 3402 maroam
700 3361 797 3403 sarna.
877 3344 947 3415 gica
988 3345 1087 3417 Neque
1101 3347 1174 3401 enim
1188 3347 1285 3401 citetur
1300 3353 1401 3409 auctor,
1416 3345 1469 3399 nisi
1487 3346 1517 3399 in
1531 3362 1560 3399 re
1580 3344 1669 3399 dubia

878 3424 958 3489 fidei3
978 3441 1069 3497 neque
1092 3427 1278 3497 interponatur
1299 3425 1492 3490 controversia,
1513 3424 1567 3478 nisi
1589 3423 1618 3477 in
1640 3441 1669 3478 re

877 3504 970 3575 magni
984 3506 1126 3561 momenti.
1168 3505 1306 3567 Quaescro
1316 3505 1351 3558 ad
1362 3511 1519 3559 ornamenta
1529 3503 1669 3569 orationis,

96 3578 190 3637 Natura
201 3584 230 3639 in
244 3584 348 3656 triplici
362 3592 434 3641 statu
447 3586 565 3657 ponitur,
579 3591 607 3640 et
621 3592 751 3658 tanquam
764 3586 837 3658 regi·
878 3593 905 3638 et
918 3583 1118 3649 similitudines,
1133 3591 1161 3638 et
1174 3584 1337 3655 eloquentiae
1356 3584 1521 3646 thesaurum,
1536 3590 1564 3637 et
1576 3581 1670 3651 hujus·

69 3672 118 3712 nen
135 3662 201 3717 subit
220 3665 332 3719 ninum.
375 3663 432 3719 Aut
452 3666 527 3720 enim
547 3665 634 3719 libera
652 3675 701 3732 est,
719 3673 839 3721 etcursu
878 3663 950 3718 modi
971 3664 1064 3717 inania
1085 3671 1216 3734 spectant,
1236 3665 1347 3718 omnino
1366 3664 1536 3739 abjiciantur.
1577 3661 1670 3716 Etiam

69 3750 108 3790 tuo
125 3741 249 3798 ordinario
262 3761 294 3798 se
309 3744 442 3813 explicat;
464 3754 513 3798 aut
530 3761 547 3797 a
560 3746 739 3814 pravitatibus
753 3753 781 3801 et
794 3745 838 3799 in·
878 3761 938 3814 quae
950 3743 1119 3813 recipiuntur
1129 3743 1229 3808 omnis,
1244 3751 1271 3797 et
1284 3744 1345 3815 ipsa
1358 3750 1541 3815 proponantur
1552 3740 1671 3795 breviter

70 3813 170 3874 solertiis
185 3824 315 3888 materiae,
329 3831 411 3895 atque
426 3823 461 3876 ab
475 3824 728 3894 impedimentorum
739 3824 840 3879 violen-
878 3831 906 3877 et
918 3823 1039 3886 strictim,
1054 3830 1083 3876 ut
1095 3822 1166 3876 nihil
1180 3824 1270 3877 minus
1284 3824 1339 3876 sint
1353 3839 1434 3893 quam
1448 3821 1539 3875 verba
1580 3822 1671 3875 Nemo

70 3893 101 3946 tia
110 3896 138 3950 de
151 3907 276 3958 statusuo
289 3902 454 3969 detruditur;
475 3911 523 3957 aut
533 3903 568 3956 ab
579 3909 635 3958 arte
647 3910 675 3958 et
687 3904 840 3959 ministerio
878 3903 959 3966 enim,
978 3902 1024 3972 qni
1045 3900 1196 3955 materialia
1209 3902 1244 3955 ad
1260 3901 1381 3965 aedificia,
1396 3899 1439 3956 vel
1459 3917 1550 3964 nares,
1564 3899 1608 3954 rel
1622 3899 1672 3954 hu·

70 3969 534 4054 hmmocmstringituretfingitur.
577 3983 838 4054 atqueprimusitte
875 3981 994 4049 jusmodi
1019 3980 1125 4052 aliquas
1149 3988 1297 4035 structuras
1324 3979 1429 4050 colligit
1450 3987 1479 4033 et
1501 3979 1615 4050 reponit,
1637 3996 1671 4035 ea

70 4058 138 4110 datus
149 4058 180 4112 ad
192 4064 294 4131 speciei
316 4078 405 4116 rerum
424 4062 553 4126 refertum
576 4062 708 4117 secundas
722 4063 757 4115 ad
771 4081 840 4116 oron-
880 4061 1061 4127 (officinarum
1075 4061 1162 4129 more)
1176 4060 1247 4114 bella
1261 4058 1376 4113 collocat
1389 4065 1417 4112 et
1429 4066 1553 4123 ostentat,
1568 4066 1597 4112 ut
1611 4057 1671 4129 pla·

71 4137 134 4199 stre,
154 4140 244 4194 tertius
257 4142 292 4194 ad
308 4142 481 4214 artificialia.
520 4142 629 4195 Etenim
650 4142 678 4194 in
693 4141 839 4196 artificiali·
878 4147 969 4203 ceant;
991 4139 1088 4193 sedin
1108 4138 1161 4193 hoc
1183 4147 1286 4192 tantum
1300 4138 1409 4192 sedulus
1429 4145 1478 4202 est,
1492 4145 1521 4192 ut
1540 4138 1627 4208 proba
1643 4146 1672 4192 et

71 4206 109 4263 but
119 4225 205 4271 natura
215 4218 312 4291 jugum
326 4221 423 4291 recipit
437 4221 472 4274 ab
486 4221 603 4290 imperio
616 4221 748 4285 hominise
769 4238 839 4276 nun·
878 4219 950 4273 bons
963 4219 1023 4283 sint,
1039 4226 1066 4272 et
1080 4226 1109 4272 ut
1121 4219 1150 4273 in
1165 4218 1327 4290 repositorio
1341 4219 1458 4288 spatium
1472 4218 1615 4272 minimum
1628 4234 1671 4273 oc·

71 4297 217 4358 quamanim
230 4300 278 4353 illa
293 4300 366 4354 facta
386 4300 501 4353 fuissent
520 4300 622 4370 absque
642 4299 761 4355 homine.
802 4300 840 4354 At
878 4306 986 4369 capent.
1027 4298 1117 4369 Atque
1131 4298 1171 4351 ita
1184 4314 1294 4369 prorsus
1307 4297 1463 4352 faciendum
1477 4305 1529 4353 est.

71 4381 219 4442 moneam
230 4388 257 4432 et
266 4378 573 4434 ministeriumhominis
584 4380 750 4450 conspicitur
764 4397 837 4450 pror·
918 4377 1050 4442 Secundo,
1066 4395 1121 4431 non
1141 4378 1257 4432 multum
1275 4376 1309 4430 ad
1329 4394 1388 4432 rem
1409 4377 1475 4431 facit
1493 4375 1603 4432 luxuria
1622 4376 1671 4432 illa

71 4460 324 4529 sasnoracorporum
338 4459 430 4523 facies,
440 4457 559 4513 etaeluti
573 4475 664 4513 rerum
676 4459 839 4513 universitas
877 4457 1052 4513 historiarum
1071 4457 1236 4513 naturalium
1250 4457 1279 4509 in
1300 4456 1526 4527 descriptionibus
1539 4465 1566 4511 et
1585 4456 1672 4526 pictu-

71 4525 146 4593 lllffls
160 4534 212 4590 aire
232 4537 369 4592 theatrum
388 4537 512 4592 alterum.
554 4537 667 4607 Triplex
686 4538 778 4610 itaque
798 4545 840 4592 est
878 4538 915 4592 ris
933 4538 1085 4608 specierum
1104 4537 1262 4601 numerosis,
1276 4544 1357 4606 atque
1378 4536 1524 4590 earundem
1538 4536 1671 4591 varietate

71 4600 314 4671 histonanatnrslis.
356 4617 466 4671 Tractat
486 4616 560 4671 enim
579 4626 626 4671 sut
644 4626 748 4671 naturae
761 4618 839 4670 libera
878 4617 991 4672 curiosa
1033 4616 1198 4687 Huiusmodi
1216 4616 1289 4670 enim
1310 4615 1416 4686 pusilloe
1437 4616 1581 4670 varietates
1600 4614 1672 4669 nihil

71 4691 142 4752 tatem,
160 4702 203 4746 aut
222 4714 330 4760 errores,
345 4704 393 4750 sut
411 4697 542 4756 vincula,-
562 4706 593 4751 ut
612 4713 666 4750 non
686 4696 757 4750 male
778 4713 840 4751 eam
878 4695 951 4750 aliud
970 4704 1039 4761 aunt,
1055 4713 1137 4768 quarn
1159 4694 1235 4750 lusus
1256 4696 1366 4765 quidam
1383 4704 1496 4760 naturas,
1510 4703 1537 4749 et
1549 4694 1669 4758 lascivia,

72 4767 149 4828 partiri
160 4774 297 4840 possimus,
311 4776 341 4829 in
354 4776 493 4830 historiam
503 4778 715 4848 generationum,
725 4786 839 4848 preter·
880 4783 907 4829 et
921 4793 1006 4846 prope
1021 4775 1056 4829 ad
1069 4775 1269 4829 individuorum
1284 4782 1407 4829 naturam
1423 4775 1567 4829 accedunt:
1588 4781 1670 4843 atque

70 4851 249 4917 seruatorem,
264 4863 291 4908 et
303 4855 421 4916 urts'umr
442 4871 555 4925 quarum
573 4862 736 4925 postremam
757 4857 839 4910 etiam
878 4854 981 4908 habent
995 4854 1211 4925 peragrationem
1226 4854 1360 4925 quandam
1372 4856 1400 4909 in
1414 4855 1495 4908 rebus
1508 4853 1575 4923 ipsis
1588 4869 1672 4905 amte-

73 4924 225 4984 aeclrnr'ccm
246 4941 272 4987 et
292 4936 521 5005 experimentatem
541 4933 680 5005 appellare
700 4936 839 4989 consuevi·
877 4951 942 4987 narn
957 4942 983 4988 et
994 4934 1161 5002 jucundam
1182 4932 1404 4988 informationem
1417 4950 1482 4988 vero
1494 4933 1528 4986 ad
1542 4931 1670 4986 scientias

72 5014 127 5056 111111.
160 5007 253 5081 Neque
267 5019 357 5068 tamen
375 5014 404 5067 id
417 5013 597 5084 praecipimus,
612 5021 642 5067 ut
655 5014 715 5068 heac
732 5015 786 5067 tria
799 5031 839 5069 se-
877 5020 986 5067 tennem
1000 5022 1027 5067 et
1041 5013 1096 5067 fere
1111 5029 1315 5081 supervacuam.

73 5083 169 5144 ltmtt'm
187 5096 337 5148 nectentur.
378 5093 477 5155 Quidni
498 5094 571 5146 enim
591 5094 697 5164 possint
716 5093 840 5147 historiae
917 5093 1018 5157 Tertio,
1034 5093 1125 5147 missae
1144 5092 1224 5161 plane
1239 5092 1370 5147 facienda
1389 5099 1452 5146 sunt
1473 5106 1566 5145 omnes
1580 5105 1671 5144 narra·

73 5169 228 5222 mmnromm
241 5171 271 5224 in
284 5172 397 5242 singulis
411 5172 553 5242 speciebus
566 5190 628 5226 cum
642 5172 756 5227 historia
769 5173 839 5243 ipsa·
877 5172 965 5225 tiones
978 5173 1173 5241 superstitiosas
1195 5176 1262 5242 (non
1282 5172 1343 5226 dico
1362 5170 1532 5242 prodigiose,
1546 5169 1593 5223 ubi
1615 5186 1672 5223 me·

73 5251 121 5293 mm
130 5247 270 5312 speciemm
281 5252 416 5323 conjungi.
456 5252 549 5305 Etiam
560 5252 712 5306 artificialia
722 5252 839 5322 quando
876 5251 965 5305 moria
975 5268 1068 5305 earum
1079 5252 1230 5321 reperietur
1242 5251 1296 5304 fida
1310 5258 1339 5304 et
1351 5249 1508 5320 probabilis,
1518 5248 1565 5302 sed
1579 5265 1671 5318 super·

73 5330 185 5382 querum
202 5330 338 5397 speciebus
358 5339 434 5385 recte
453 5332 661 5402 conjunguntur,
678 5333 838 5402 quandoque
877 5331 1000 5399 stitiosae)
1015 5339 1042 5384 et
1050 5331 1344 5401 experimentamagioe
1352 5326 1553 5382 ceremoniales.
1584 5327 1673 5382 Nolu-

74 5395 154 5454 nelius
171 5415 329 5475 separantur.
371 5409 583 5470 Quamobreme
605 5427 634 5464 re
656 5419 722 5464 nata
741 5409 774 5465 de
795 5410 839 5465 his
876 5428 938 5466 mus
951 5411 1024 5464 enim
1039 5409 1223 5481 philosophiae
1236 5410 1388 5470 infantiam,
1401 5406 1445 5461 cui
1466 5405 1582 5461 historia
1595 5416 1672 5461 natu·

74 5479 195 5537 ‘tntillum
207 5489 503 5561 capereoptimumest.
544 5489 693 5545 Methodns
707 5489 840 5546 enimite-
876 5490 941 5546 ralis
970 5491 1086 5560 primam
1114 5490 1217 5562 prabet
1243 5504 1398 5552 mammam,
1427 5485 1527 5542 fabulis
1553 5486 1671 5542 anilibus

1267 714 1299 752 11.

1253 2456 1296 2495 lli.

334 3490 515 3531 APHORIWUS
535 3491 555 3530 1.
