3800 5875
249 340 307 395 632
748 337 799 395 DE
820 339 952 396 FLUXU
972 340 1022 396 ΕΤ
1043 338 1224 395 annuunt]
1245 338 1375 395 MARIS.

248 498 298 553 bns
310 498 380 563 coeli,
389 498 467 564 adria,
479 506 559 570 atque
574 514 711 570 aquarum,
724 504 857 569 quatenus
869 498 1043 553 consistentia
1078 498 1200 553 omniurn
1227 497 1348 553 littorum
1370 495 1551 559 altitudinem,
1578 513 1642 566 qure
1660 496 1695 549 ab
1715 494 1772 566 ipa
1787 496 1847 553 lons

249 585 277 630 et
303 577 482 631 determinata
509 595 571 632 cum
593 578 703 648 liquidis
727 587 754 633 et
776 577 867 633 fluidis
890 578 1042 632 mnoentire
1078 578 1147 631 mari
1160 593 1269 647 semper
1278 577 1447 648 aliquantum
1460 576 1618 644 insurgnnt;
1638 574 1692 628 ista
1703 580 1846 646 compotatio

250 663 358 726 queant,
372 656 425 710 hoc
446 665 494 721 est,
508 673 561 711 non
583 664 613 711 ut
625 655 767 710 volvantur
786 674 868 726 super
887 656 974 726 polos,
994 657 1043 711 sed
1078 656 1146 711 illud
1159 657 1278 726 spatium
1291 655 1454 725 productura
1467 664 1516 719 est,
1529 654 1602 725 quod
1615 653 1711 724 globus
1724 671 1794 724 aqua
1805 673 1846 709 uuo

248 735 407 806 dirigantur,
421 743 449 789 et
459 744 594 790 vertantur
607 751 700 790 versus
714 734 800 806 polos.
842 734 912 790 Cum
926 736 1000 790 enim
1013 736 1042 789 in
1078 735 1130 799 die,
1145 737 1170 789 si
1190 735 1260 789 liber
1276 735 1312 788 ab
1325 733 1523 805 impedimento
1536 740 1615 795 esset,
1630 749 1663 786 ac
1676 733 1705 787 in
1719 734 1778 788 orbe
1790 735 1846 789 cira

248 815 322 867 omni
337 815 401 868 orbe
416 813 536 878 volubili,
553 815 599 886 qui
618 814 731 869 vertitur
750 831 832 885 super
854 816 930 884 polos
944 822 1041 879 cenos,
1079 823 1179 869 terram
1205 831 1315 885 semper
1340 814 1370 868 iu
1401 829 1548 884 progressu
1581 820 1711 877 moveret,
1737 813 1846 867 comere

248 908 336 962 neque
356 892 439 947 habet
453 901 555 947 motum
572 894 665 957 centri
680 894 716 948 sit
731 893 904 964 participatio
917 894 1041 964 quiedam
1078 895 1179 963 possit3
1201 893 1272 964 qood
1285 899 1358 947 certe
1370 892 1410 947 nil
1423 908 1553 962 magnum
1567 899 1620 945 eat.
1662 891 1705 945 De
1718 892 1847 946 differenda

247 980 350 1027 natura
363 972 472 1028 mobilis
485 981 514 1026 et
523 974 599 1036 lixam
620 978 764 1044 postquam
777 989 827 1042 per
839 980 964 1026 namram
976 989 1040 1025 con·
1078 981 1167 1025 autem
1182 973 1239 1035 illa,
1254 990 1315 1042 quie
1330 972 1459 1026 coincidit
1471 972 1500 1024 in
1514 971 1636 1025 rationes
1650 977 1736 1025 monis
1747 970 1816 1035 lune,
1826 983 1847 1025 et

248 1051 395 1115 sistentem,
410 1053 466 1106 aive
479 1067 509 1105 se
526 1052 757 1117 determinantem,
771 1050 872 1123 ligatur
885 1053 969 1105 virtus
983 1051 1041 1105 vol·
1078 1051 1162 1104 efficit
1184 1052 1326 1122 periodum
1346 1059 1528 1116 mensmram3
1549 1050 1577 1104 id
1596 1049 1657 1104 fieri
1678 1049 1846 1111 existimamus

248 1130 345 1195 vendi;
366 1138 455 1185 tamen
474 1138 572 1196 manet,
590 1138 619 1184 et
636 1130 792 1195 intenditur,
807 1139 834 1185 et
853 1131 944 1184 nninrr
957 1131 1040 1184 virtus
1078 1130 1149 1201 qnod
1169 1126 1284 1200 spatium
1299 1129 1490 1185 aexhorarium
1503 1129 1609 1183 nonsit
1630 1145 1754 1183 mensura
1771 1141 1847 1183 eructa

247 1207 298 1262 illa
308 1215 336 1263 et
349 1210 484 1280 appetitus
493 1209 627 1281 dirigendi
640 1226 686 1273 ser
700 1216 731 1265 ut
742 1209 855 1264 directio
867 1209 1041 1264 atverticitas
1077 1209 1313 1279 reciprocationim
1334 1208 1561 1281 quemadmodum
1580 1225 1633 1262 nec
1654 1214 1741 1262 motor
1757 1209 1846 1262 domas

248 1288 282 1341 ad
303 1286 380 1358 polos
401 1288 429 1343 in
448 1288 551 1359 rigidis,
566 1290 602 1343 sit
621 1288 717 1344 eadem
736 1305 780 1343 res
797 1305 860 1342 cum
872 1287 1041 1343 volubilitate
1077 1288 1194 1357 aiicujus
1211 1286 1382 1359 planetarum
1398 1304 1453 1342 non
1468 1287 1622 1342 restiaritur
1635 1296 1730 1341 exacte
1746 1288 1772 1341 in
1788 1286 1846 1341 horis

247 1382 329 1438 super
342 1367 420 1437 polos
434 1368 463 1421 in
476 1367 574 1422 fluidis.
1077 1368 1173 1439 viginti
1188 1375 1311 1439 quatuor,
1319 1367 1432 1422 minime
1441 1376 1532 1422 antem
1545 1367 1669 1421 omnium
1683 1365 1752 1420 luna.
1771 1367 1844 1436 ltaque

287 1444 419 1516 Superest
431 1446 572 1517 inquisitio
585 1445 674 1500 tertia.
714 1445 794 1501 Unde
808 1452 836 1501 et
847 1446 981 1517 quomodo
994 1445 1041 1500 tint
1077 1462 1204 1502 mensura
1217 1447 1307 1502 fluxus
1320 1454 1347 1501 et
1361 1448 1482 1501 refluxus
1494 1462 1549 1500 non
1570 1454 1615 1500 est
1636 1445 1845 1516 quadransmotus

246 1525 425 1594 reciprocatio
438 1524 486 1579 illa
500 1525 659 1580 sexhoraria
677 1535 798 1590 oestnum,
813 1543 875 1596 quas
893 1525 990 1579 incidit
1009 1526 1039 1578 in
1077 1525 1215 1581 stellamm
1229 1526 1353 1589 fixarum,
1368 1526 1415 1596 qni
1429 1536 1470 1579 est
1483 1524 1581 1596 viginti
1603 1532 1718 1596 quatuor
1734 1524 1843 1587 horarum,

248 1604 424 1673 quadrantem
450 1613 539 1659 motus
566 1604 654 1659 diurni
687 1620 750 1659 cum
770 1604 929 1659 'differentia
957 1620 1039 1675 qoam
1077 1604 1273 1677 sedquadraus
1286 1604 1375 1660 diurni
1385 1614 1475 1660 motus
1488 1603 1569 1659 luam

247 1681 387 1737 diximus?
409 1682 441 1736 ld
452 1692 482 1738 ut
494 1683 669 1754 intelligatur,
681 1692 848 1753 supponatur
858 1683 949 1737 orbem
958 1691 1040 1737 terra-

246 1777 307 1816 rum
321 1763 474 1816 universnm
487 1779 559 1833 aqua
571 1762 711 1832 cooperiri,
723 1769 752 1816 ut
761 1762 789 1815 iu
798 1762 899 1817 diluvio
909 1761 1038 1833 generali.

246 1838 441 1895 Existimamus
452 1858 544 1911 aquas,
555 1842 656 1913 quippe
669 1849 700 1895 nt
711 1841 741 1895 in
754 1841 818 1895 orbe
828 1842 941 1911 integro,
951 1857 1039 1911 neque
1117 1837 1370 1908 inquiraturutrnm
1378 1837 1446 1892 hora
1455 1837 1546 1891 fluxus
1556 1837 1663 1891 circum
1672 1836 1758 1889 littora
1768 1834 1843 1889 Africa

246 1919 387 1989 impedito,
410 1936 517 1989 semper
538 1923 565 1975 in
586 1936 732 1991 progressu
750 1936 780 1973 se
801 1929 982 1975 commoturus
1004 1921 1039 1974 ab
1077 1924 1227 1970 antevertat
1247 1915 1343 1972 horam
1365 1917 1454 1972 fluxus
1475 1918 1548 1970 circa
1564 1916 1666 1970 fretum
1687 1915 1843 1969 Herculeum?

246 1997 350 2053 oriente
361 1999 389 2052 in
404 1999 570 2054 occidentem
583 1998 699 2069 singulis
712 1998 807 2053 diebus
821 2000 856 2054 ad
869 2006 973 2055 certum
988 1999 1039 2053 ali·
1079 1993 1232 2066 Inquiratur
1244 2005 1334 2050 utrum
1349 1995 1416 2050 hora
1428 1996 1518 2051 fluxus
1531 1995 1607 2049 circa
1618 1990 1777 2064 Norvegism
1787 2007 1844 2047 anre

247 2077 320 2146 quod
333 2078 449 2148 spatium
464 2078 559 2149 (idque
578 2078 698 2148 proiecto
718 2095 772 2132 non
791 2094 928 2148 magnum,
943 2078 979 2132 ob
992 2095 1038 2133 ex.
1076 2073 1280 2129 vertat'horam
1294 2076 1384 2131 fluxus
1397 2075 1471 2129 circa
1484 2074 1626 2139 Suedium,
1640 2084 1670 2129 et
1687 2073 1732 2128 ille
1744 2073 1843 2127 similiter

247 2155 409 2210 solutionem
430 2166 457 2210 et
480 2157 679 2212 enervationem
693 2155 792 2211 virium
811 2157 895 2226 hujus
908 2165 997 2212 motus
1010 2157 1039 2211 in
1077 2150 1172 2207 horam
1186 2153 1276 2209 fluxus
1288 2155 1361 2208 circa
1375 2154 1592 2225 Gravelingam?

247 2234 371 2288 confiniis
391 2235 482 2304 terrm)
501 2254 563 2291 cum
582 2254 619 2291 ex
638 2235 714 2290 nulla
733 2246 810 2307 parte
830 2236 939 2304 objectu
960 2243 1039 2292 terrae
1117 2232 1274 2304 Inquirator
1287 2243 1375 2288 utrum
1393 2233 1461 2288 hora
1475 2235 1568 2288 fluxus
1582 2233 1620 2286 ad
1637 2232 1727 2287 littora
1744 2229 1843 2285 linaiis

246 2312 429 2382 impediantur
452 2332 538 2386 aqum,
563 2323 610 2369 aut
637 2314 822 2370 cohibeantur.
864 2315 1039 2386 Supponatur
1077 2318 1227 2366 antevertat
1237 2312 1332 2367 horam
1343 2314 1433 2369 fluxim
1441 2313 1476 2367 ad
1489 2312 1584 2366 littora
1599 2312 1740 2383 Hispania
1750 2327 1813 2364 nora
1822 2318 1842 2363 el

246 2408 348 2457 rursus,
361 2399 460 2447 terram
475 2395 582 2448 unicam
597 2393 714 2448 insulam
727 2411 795 2458 esse,
810 2410 923 2466 eamque
937 2395 966 2448 in
980 2394 1039 2448 lon·
1077 2390 1216 2447 Florida?

247 2470 368 2541 gitudine
396 2474 533 2544 exporrigi
557 2475 628 2528 inter
647 2482 767 2528 austrum
788 2481 815 2527 et
832 2473 1039 2544 septentriones,
1116 2469 1273 2542 Inquiratur
1294 2479 1385 2526 utrum
1405 2471 1474 2526 hora
1496 2471 1590 2525 fluxus
1611 2470 1646 2525 ad
1667 2469 1751 2525 littora
1768 2467 1841 2522 Chiae

247 2567 308 2619 qua·
322 2551 409 2605 forma
422 2569 453 2605 ac
468 2554 536 2607 situs
550 2562 652 2607 motum
665 2553 700 2606 ab
713 2554 818 2607 oriente
830 2552 860 2607 in
871 2553 1038 2607 occidentem
1076 2565 1130 2602 non
1143 2550 1296 2605 inveniatur
1308 2551 1344 2604 ad
1357 2552 1402 2606 vel
1416 2566 1500 2621 prope
1515 2549 1616 2604 horam
1631 2550 1719 2605 auxus
1731 2549 1761 2601 ad
1771 2547 1842 2600 littora

1399 1742 1548 1783 manant.

246 2629 366 2684 maxime
382 2629 477 2685 lraenat
490 2642 517 2685 et
531 2633 661 2696 obstmit3
677 2632 865 2687 existimamus
879 2648 964 2703 aquas
977 2649 1038 2686 cur·
1076 2627 1207 2694 Peruviae,
1221 2630 1296 2684 etad
1315 2630 1358 2684 vel
1377 2647 1462 2702 prope
1484 2629 1583 2684 horam
1597 2630 1717 2684 refluxus
1729 2627 1760 2681 ad
1773 2627 1842 2680 littora

246 2724 307 2763 sum
320 2727 399 2763 sunm
414 2709 546 2765 directum
559 2720 587 2765 et
599 2710 751 2766 naturalem
763 2711 798 2765 ad
812 2719 919 2782 tempus
933 2728 1040 2782 porrec-
1077 2707 1177 2764 Alricae
1190 2719 1217 2764 et
1231 2709 1369 2764 Florida?

141 2844 142 2847 Ἴ
245 2796 328 2853 toras,
343 2790 391 2843 ced
409 2806 500 2844 rursus
519 2791 555 2843 ab
569 2792 660 2844 insula
674 2790 721 2843 illa
741 2808 914 2860 repercussas
927 2791 1039 2862 paribus
1117 2788 1271 2860 inquiratur
1285 2789 1418 2862 quomodo
1437 2788 1616 2843 horatiuxus
1630 2786 1665 2841 ad
1681 2786 1765 2840 littora
1780 2783 1842 2836 Pera

245 2864 395 2923 intervallis
408 2868 576 2941 relapsuras;
592 2870 682 2941 itaque
691 2871 800 2924 unicum
815 2878 920 2924 tantum
934 2870 1038 2924 fluxum
1077 2866 1157 2921 viam
1170 2869 1307 2941 discrepet
1314 2869 1350 2922 ab
1359 2868 1429 2923 hora
1438 2867 1530 2922 fluxus
1541 2868 1618 2921 circa
1631 2867 1719 2921 littora
1729 2863 1841 2933 Hispania

245 2948 329 3001 maris
351 2947 381 3001 in
402 2949 460 3004 dies
483 2950 601 3004 futurum
622 2950 714 3014 fuisse,
737 2958 766 3005 et
785 2951 893 3004 unicum
915 2950 1040 3005 similiter
1076 2963 1163 3013 nores,
1174 2957 1202 3002 et
1215 2950 1414 3020 particulariter
1428 2948 1562 3019 quomodo
1574 2964 1606 3003 se
1620 2947 1736 3002 habeant
1746 2943 1841 2998 differta

246 3026 387 3090 refluxum,
409 3036 489 3099 atque
511 3029 610 3083 horum
633 3029 749 3100 singulis
769 3029 877 3084 circiter
896 3028 1039 3084 duodecim
1077 3028 1122 3080 tias
1140 3027 1267 3083 horarum
1289 3028 1413 3083 fluxuum
1434 3027 1469 3082 ad
1489 3036 1606 3098 utraque
1628 3026 1717 3080 littora
1728 3021 1841 3077 iamin

245 3104 327 3160 horas
354 3107 510 3162 attributum
533 3109 576 3163 iri.
617 3109 706 3178 Atque
730 3117 847 3180 ponatur
871 3109 929 3176 jam
953 3110 1039 3180 (quod
1077 3105 1217 3172 America3
1240 3116 1267 3162 et
1284 3124 1376 3162 rursus
1390 3106 1612 3178 quomodohora
1625 3103 1756 3160 fluxurad
1773 3102 1841 3154 linon

245 3201 339 3239 verum
354 3192 438 3240 estet
457 3188 558 3242 factum
578 3188 680 3258 ipsum)
700 3194 800 3241 terram
814 3189 841 3242 in
856 3187 923 3241 duas
935 3188 1039 3242 insulas
1076 3184 1229 3240 Peroviana
1237 3187 1398 3257 respondeat
1405 3186 1480 3241 horre
1487 3179 1840 3241 fluxuscireslinomchins?

245 3263 360 3318 divisam
374 3282 442 3330 ease,
456 3267 554 3322 veteris
565 3266 670 3322 scilicet
680 3274 707 3320 et
717 3269 782 3321 novi
796 3267 868 3321 orbis
882 3271 1039 3338 (namterra
1118 3262 1273 3337 Inquiratur
1286 3265 1318 3320 de
1333 3265 1566 3337 magnitudinibus
1581 3266 1705 3320 fluxuum
1717 3261 1749 3317 ad
1760 3260 1840 3315 dmm

246 3342 370 3397 australia
385 3344 437 3398 situ
450 3362 500 3400 suo
514 3363 571 3399 rem
591 3345 671 3400 istam
685 3362 739 3400 non
754 3363 919 3417 magnopere
934 3347 1035 3401 distur-
1076 3341 1173 3409 littora,
1188 3362 1242 3399 non
1257 3345 1346 3400 solum
1359 3345 1392 3400 de
1407 3344 1578 3413 temporibus
1592 3345 1652 3399 sive
1669 3343 1749 3397 horis.
1781 3337 1839 3392 Lisai

246 3422 300 3486 bat,
314 3424 539 3493 quemadmodum
552 3441 601 3479 nec
616 3424 792 3480 Groenlandia
805 3435 852 3479 aut
864 3427 945 3479 Nova
959 3426 1038 3480 Zem·
1076 3424 1150 3477 enim
1163 3433 1308 3479 causentur
1326 3425 1382 3479 lere
1403 3423 1607 3495 magnitudines
1622 3424 1740 3478 fluxuum
1757 3435 1795 3490 prr
1804 3413 1838 3469 de·

245 3501 303 3568 bla)
319 3519 418 3574 easque
429 3503 523 3558 ambas
533 3504 636 3558 insulas
650 3521 699 3574 per
712 3512 768 3559 tres
782 3505 839 3558 iere
849 3504 942 3559 mundi
957 3521 1039 3560 zonas
1077 3503 1230 3572 pressiones
1244 3503 1372 3569 littorum,
1381 3510 1472 3558 nmen
1483 3502 1666 3559 nihilominus
1675 3497 1839 3556 commmitant

246 3583 391 3653 exporrigi,
406 3582 477 3636 inter
490 3600 557 3653 quas
575 3583 629 3638 duo
651 3585 746 3638 oceani
761 3584 912 3638 Atlanticus
932 3592 960 3637 et
979 3601 1039 3639 aus
1077 3583 1159 3637 etiam
1172 3601 1234 3637 cum
1247 3585 1351 3639 ratione
1365 3593 1455 3638 motus
1468 3582 1526 3637 veri
1540 3582 1635 3648 maris,
1650 3588 1725 3653 prout
1736 3573 1839 3634 vermina

243 3661 322 3714 tralis
335 3662 500 3726 interfluunt,
513 3672 540 3716 et
560 3663 613 3733 ipsi
632 3680 771 3734 nunquam
784 3664 838 3717 nisi
851 3681 944 3718 versus
958 3664 1036 3734 polos
1076 3671 1118 3715 est
1131 3669 1177 3717 aut
1190 3663 1327 3718 adversus.

245 3741 348 3810 pervii,
370 3740 560 3796 existimamus
578 3743 732 3796 necessario
752 3743 838 3814 sequi,
860 3751 889 3798 ut
910 3743 965 3797 duo
989 3745 1036 3797 isti
1117 3740 1272 3812 inquiratur
1280 3742 1313 3796 de
1320 3742 1390 3796 mari
1399 3741 1501 3812 Caspio
1515 3743 1591 3813 (quie
1606 3749 1669 3796 sont
1682 3741 1745 3794 bene
1756 3748 1839 3803 magua

245 3820 336 3875 obices
363 3829 488 3875 naturam
513 3820 629 3892 duplicis
656 3821 878 3892 reciprocationis
906 3824 1038 3877 universa
1076 3821 1213 3889 portiones
1234 3838 1367 3892 aquarum
1388 3819 1523 3875 conclusae
1545 3820 1650 3891 absque
1668 3818 1723 3873 ullo
1739 3811 1839 3872 exituin

246 3898 312 3952 moli
337 3916 468 3971 aquarum
495 3901 634 3954 insinuent
659 3908 686 3954 et
708 3901 916 3966 communicent,
937 3911 967 3955 et
990 3902 1039 3956 fiat
1076 3903 1220 3968 oceanum)
1236 3901 1259 3955 si
1274 3902 1413 3971 patiantur
1425 3900 1530 3955 fluxum
1544 3905 1572 3953 et
1590 3894 1839 3961 refluxumvelqaa

246 3978 380 4047 quadrans
394 3978 440 4033 ille
454 3988 543 4034 motus
562 3980 669 4044 diumi;
690 3988 720 4035 ut
733 3982 811 4051 aquis
831 3979 936 4034 scilicet
956 3981 1038 4035 utrin-
1075 3977 1137 4044 lem,
1152 3979 1285 4052 siquidem
1294 3990 1387 4034 nostra
1400 3980 1453 4033 fert
1463 3980 1621 4049 coniectura
1630 3995 1713 4050 aquas
1725 3976 1750 4028 in
1761 3969 1839 4038 Caspio

246 4075 298 4128 que
312 4058 437 4124 frenatis,
448 4060 539 4114 fluxus
553 4066 580 4113 et
593 4060 713 4113 refluxus
726 4059 810 4113 maris
825 4059 909 4113 bisin
924 4059 977 4122 die,
988 4076 1037 4129 per
1076 4075 1156 4128 posse
1171 4058 1272 4113 habere
1283 4060 1386 4114 fluxum
1399 4058 1511 4112 unicum
1525 4059 1554 4111 in
1568 4058 1622 4123 die,
1632 4074 1686 4112 non
1696 4054 1838 4128 gentiam

245 4137 336 4206 spatia
349 4136 453 4191 scilicet
466 4155 516 4193 sex
531 4138 666 4203 horarum,
675 4155 704 4192 se
719 4138 846 4209 explicet,
860 4157 921 4193 cnm
936 4138 1038 4209 duplex
1076 4147 1158 4208 atque
1177 4138 1259 4192 talem
1272 4147 1304 4192 ut
1324 4138 1419 4193 littora
1432 4136 1576 4192 orientalia
1591 4137 1711 4205 ejusdem
1723 4131 1793 4188 mant
1802 4126 1838 4180 db

245 4216 294 4268 fiat
315 4218 460 4286 processio,
475 4227 502 4272 et
523 4216 625 4287 duplex
644 4217 738 4271 itidem
758 4218 935 4286 repercussio.
979 4218 1038 4273 Illas
1076 4224 1207 4282 serantur,
1222 4235 1285 4272 cum
1298 4216 1476 4273 occidentalia
1489 4216 1636 4271 alluantur.

244 4312 309 4349 vero
322 4295 383 4349 dure
396 4295 492 4351 insulae
513 4297 537 4351 si
550 4297 635 4351 instar
649 4296 831 4365 cylindrorum
844 4305 891 4350 aut
903 4295 1038 4351 columna·
1116 4296 1272 4366 Inquiratnr
1283 4305 1374 4352 utrum
1389 4297 1479 4351 fluxus
1490 4302 1639 4366 augmenta
1651 4295 1679 4348 in
1688 4286 1839 4372 noviluniittl

245 4391 312 4437 rum,
324 4391 373 4444 per
387 4391 454 4446 quas
474 4376 711 4446 exporrigerentur
724 4376 810 4454 aquis
824 4375 1038 4431 dimensionibus
1076 4374 1240 4445 pleniluniis,
1251 4384 1333 4447 atque
1344 4376 1427 4431 etiam
1442 4376 1471 4429 in
1485 4374 1655 4446 aquinoxiis,
1669 4373 1732 4427 fiant
1741 4363 1838 4422 undu

246 4460 273 4507 et
292 4454 373 4507 rectis
393 4453 540 4519 littoribus,
556 4453 635 4510 tacite
655 4454 889 4518 demonstraretur,
904 4463 932 4509 et
950 4455 1038 4509 cnivis
1076 4454 1189 4509 diversis
1197 4455 1290 4509 mundi
1304 4455 1447 4525 partibus?
1469 4453 1642 4508 Cumantem
1656 4441 1836 4505 dicimuan'ul

245 4540 397 4587 occurreret
416 4533 466 4588 iate
480 4541 576 4597 motus,
591 4534 638 4604 qui
657 4535 715 4602 jam
733 4540 807 4588 tanta
820 4535 950 4588 varietate
968 4535 1038 4604 posi-
1075 4531 1256 4604 intelligimus
1271 4550 1325 4588 non
1339 4533 1434 4588 eadem
1448 4532 1525 4597 hora,
1542 4531 1691 4600 (sanantur
1704 4527 1767 4582 euim
1781 4523 1837 4611 hara

245 4619 313 4665 turre
334 4620 413 4666 terrae
433 4621 461 4667 et
482 4614 564 4668 maris
582 4613 711 4668 confundi
725 4613 832 4668 videtur
845 4620 873 4667 et
891 4613 1036 4668 obscurari.
1076 4613 1225 4668 seeundum
1249 4629 1408 4683 progressus
1428 4628 1560 4684 aquarum
1580 4611 1616 4665 ad
1639 4609 1732 4672 littora,
1746 4612 1772 4660 ut
1786 4601 1836 4655 dm·

245 4691 345 4762 Neque
365 4692 448 4745 etiam
470 4699 512 4747 est
531 4692 640 4746 difficile
661 4693 846 4762 conjecturam
860 4709 958 4762 capere
971 4709 1038 4746 non·
1077 4693 1158 4760 mus)
1173 4693 1221 4748 sed
1235 4692 1330 4747 eodem
1343 4691 1395 4746 dic.

244 4769 348 4826 nnllam
374 4770 483 4843 qualem
506 4772 552 4827 isti
579 4772 664 4827 motui
692 4788 823 4842 aquarum
850 4770 1038 4825 incitationem

244 4851 363 4905 tribuere
384 4858 594 4905 consentaneum
609 4852 651 4915 sit,
667 4857 693 4904 et
706 4859 807 4922 quanta
826 4851 916 4921 spatia
934 4850 964 4904 in
983 4867 1038 4904 uno
1115 4871 1834 4951 Nonpwducimrinquisffio&duplicationemprm

245 4930 289 4985 die
303 4932 434 4985 conficere
448 4931 542 5001 possit
585 4930 614 4985 Si
625 4930 696 4985 enim
711 4936 852 4983 sumantur
867 4929 909 4998 (iu
923 4929 1038 5021 estimo
1076 4959 1629 5015 consensumotusmmmiinmusicum
1635 4953 1785 5011 mmm
1794 4944 1833 4999 35„

244 5011 346 5064 tionem
365 5010 447 5080 hujus
468 5011 521 5078 rei)
544 5009 636 5064 littora
656 5009 748 5079 aliqua
769 5025 804 5062 ex
821 5007 857 5100 iis
874 5025 1038 5099 queminus
1075 5040 1142 5096 illud
1156 5040 1203 5094 fia,
1213 5057 1266 5111 per
1280 5039 1534 5100 subordimfionem⁴
1550 5037 1607 5091 sive
1621 5052 1670 5106 per
1682 5041 1824 5088 mmmm,

244 5096 367 5144 montosa
378 5097 424 5144 aut
434 5090 564 5160 depressa
572 5097 641 5151 sunt,
651 5097 678 5142 et
690 5104 795 5142 ocearm
808 5086 895 5142 libero
904 5087 1037 5156 adjacent,

245 5177 272 5223 et
286 5169 410 5238 capiatur
422 5185 550 5223 mensuro
564 5168 645 5237 spatii
658 5174 745 5232 terrie,
756 5166 827 5221 inter
837 5175 939 5221 metam
949 5167 1039 5222 fluxius
1403 5162 1541 5202 ”²¹⁰³-
1752 5232 1758 5244 .
1772 5227 1794 5242 Η

245 5256 273 5301 et
286 5256 386 5302 metam
398 5248 526 5313 refluxus,
540 5245 731 5314 interjacentis,
746 5253 827 5316 atque
840 5245 908 5302 illud
921 5247 1039 5315 spatium
1117 5243 1261 5315 Inquisitio
1280 5257 1400 5313 praesens
1420 5240 1596 5311 conjungitur
1613 5254 1673 5292 cum
1691 5235 1832 5324 inquinatae

246 5327 464 5399 quadruplicatur
475 5334 587 5397 propter
600 5333 681 5380 aestus
696 5324 811 5394 singulis
824 5325 920 5379 diebus
935 5333 1039 5396 quater·
1077 5332 1165 5376 utrum
1183 5331 1255 5377 terra
1273 5328 1413 5376 moveatur
1432 5328 1507 5374 motu
1521 5319 1637 5373 diumo?
1657 5317 1679 5369 ai
1697 5328 1761 5368 enim
1771 5311 1833 5398 estat

244 5422 302 5469 noa,
330 5416 410 5476 atque
436 5407 460 5460 is
483 5421 611 5460 numerus
637 5420 729 5458 rursus
753 5401 905 5473 duplicetur
928 5412 1039 5473 propter
1075 5402 1158 5456 maris
1172 5402 1207 5456 sit
1220 5409 1348 5473 tanquam
1361 5407 1484 5454 extrema
1504 5398 1647 5452 diminutio
1665 5399 1745 5449 motat
1756 5387 1831 5440 dmm·

246 5492 327 5537 aestus
341 5484 376 5536 ad
390 5484 501 5537 adversa
515 5483 608 5537 littora
625 5481 745 5549 ejusdem
759 5483 862 5546 oceani,
877 5491 959 5552 atque
974 5482 1038 5537 huic
1076 5488 1204 5551 sequetur
1217 5479 1329 5551 globum
1350 5487 1429 5534 terras
1442 5495 1501 5533 esse
1515 5476 1687 5537 immobilem,
1699 5479 1740 5524 ant
1755 5462 1831 5519 alten

246 5578 359 5615 numero
381 5562 504 5616 nonnihil
528 5563 558 5616 in
585 5562 723 5618 cumulum
749 5560 899 5629 adjiciatur,
927 5570 1039 5632 propter
1076 5557 1178 5615 moreti
1192 5566 1267 5614 motu
1280 5560 1362 5631 longe
1376 5557 1501 5622 tardiore,
1516 5556 1773 5629 quumipssrsqua
