3800 5875
802 55 817 100 i

200 298 259 356 698
498 295 751 362 PARMENlDlS,
771 294 931 360 tsnsslt,
951 293 1001 350 ΕΤ
1021 293 1237 349 Dssttocttltt
1259 291 1533 349 PHILOSOPHIA.

199 475 282 530 quam
303 474 355 524 res,
379 460 477 515 misere
500 459 622 514 lacerant
643 464 670 510 et
691 462 833 525 torquente
857 461 997 509 ettamen
1036 453 1109 508 Nam
1124 452 1195 526 quod
1206 452 1352 525 aliquando
1366 451 1440 506 entis
1453 452 1572 507 desiccet
1588 451 1674 514 calor,
1689 450 1719 504 id
1732 467 1784 521 per
1797 468 1842 506 ac-

199 538 305 592 ειεεεεε
318 547 346 592 ει
361 540 398 606 (si
412 539 480 609 ipsis
493 536 736 607 credas)rictorcs,
750 543 997 590 suosensnutcun·
1036 533 1129 588 cidens
1143 533 1220 598 tieri3
1240 534 1372 588 nimirum
1393 532 1423 585 iu
1442 548 1555 602 corpore
1576 530 1751 596 dissimilari,
1766 541 1795 585 et
1809 548 1844 587 ex

199 634 253 690 que
274 617 420 673 abundant.
462 617 608 672 Concludit
626 624 717 670 autem
731 631 789 668 rem
810 630 860 684 per
872 614 998 684 despera·
1036 614 1159 681 pastibus
1172 612 1235 668 sliis
1247 613 1337 684 tnagis
1350 611 1457 676 crassis,
1469 611 1533 666 aliis
1546 611 1637 681 magis
1651 610 1786 665 tenuibus
1803 628 1846 665 co·

200 698 310 761 tionem,
320 704 348 751 et
362 706 454 753 votum
466 697 535 752 illud
548 696 715 767 significans,
726 693 791 749 licet
804 703 832 748 et
845 693 944 748 caloris
956 694 997 747 vis
1036 701 1201 763 agmentsto,
1214 692 1357 756 eliciendo,
1372 699 1400 746 et
1414 697 1479 761 (per
1492 690 1729 758 attenuationem)
1740 692 1846 745 exitum

200 786 227 831 et
245 777 332 846 copia,
347 783 374 832 et
395 777 518 832 materies
531 774 683 846 dispositio,
697 790 789 829 crasso
807 774 896 836 modo,
911 782 938 827 et
958 789 998 827 se-
1036 773 1126 828 dando
1135 774 1207 843 parti
1221 773 1346 837 tenuiori,
1358 771 1422 826 dum
1432 787 1498 841 pars
1512 771 1630 824 eramior
1639 770 1709 824 inde
1722 779 1847 841 cogstm,

199 855 317 910 cundum
345 873 470 912 summas
495 854 628 926 distingui
653 863 680 908 et
708 852 848 908 terminari
875 852 997 923 possinty
1036 862 1065 907 et
1078 853 1168 924 magis
1181 869 1211 907 se
1224 853 1409 922 constringat:
1431 868 1494 921 quas
1508 860 1600 904 tamen
1613 850 1679 919 ipsa
1693 866 1762 919 pars
1777 866 1849 906 cres·

201 943 293 989 tamen
312 943 425 991 exactas
445 946 473 989 et
490 943 631 990 accuratas
650 950 744 988 eorum
758 932 884 997 rationes,
899 939 927 986 et
945 932 998 987 dis-
1037 934 1100 996 sior,
1121 933 1145 987 si
1164 931 1305 987 advenerit
1325 931 1401 985 calor
1414 930 1540 994 ferocior,
1554 936 1582 984 et
1601 930 1666 998 ipoe
1686 929 1758 994 fluit,
1773 937 1803 983 ut
1818 930 1848 984 in

203 1013 303 1069 tinctos
315 1022 344 1070 et
358 1024 486 1087 tanquam
501 1020 671 1069 mensuratos
684 1012 779 1067 modos
792 1018 872 1067 extra
884 1011 998 1082 inquisi-
1035 1011 1166 1066 lateribus
1179 1011 1351 1066 manifestum
1363 1018 1415 1066 est.
1457 1008 1554 1065 Primo
1564 1009 1640 1063 enim
1652 1008 1734 1064 calor
1744 1009 1848 1063 nonita

204 1093 286 1149 tionis
300 1091 427 1149 humanae
440 1094 531 1149 aditus
544 1093 678 1163 sepositos
693 1108 770 1157 esser
791 1091 839 1157 ita,
854 1099 953 1156 tamem
967 1099 998 1146 ut
1037 1092 1144 1146 fervens
1163 1090 1250 1146 lutum
1270 1091 1345 1162 cogit
1364 1090 1393 1144 in
1412 1089 1524 1154 lateres,
1538 1089 1663 1144 tenuiore
1685 1096 1769 1159 parte
1783 1105 1847 1143 eva·

201 1172 351 1246 (quomodo
363 1174 434 1229 inter
445 1171 640 1244 impossibilia)
651 1171 798 1226 diversitas
812 1171 998 1242 dispositionis
1036 1180 1140 1241 perata
1181 1170 1218 1224 At
1242 1170 1336 1225 fortior
1353 1169 1428 1224 calor
1447 1169 1533 1223 etiam
1556 1168 1636 1223 illam
1661 1168 1846 1224 substantiam

200 1252 324 1308 materian
343 1254 449 1319 melius,
464 1270 548 1325 quam
566 1252 665 1306 caloris
679 1252 751 1306 vires
764 1259 792 1306 et
811 1251 920 1321 gradus,
935 1267 997 1319 per·
1036 1250 1186 1305 lateritiam
1203 1249 1284 1305 solvit
1306 1250 1336 1304 iu
1356 1249 1464 1304 vinnm.
1505 1251 1596 1320 Atque
1619 1248 1684 1304 baec
1705 1248 1764 1302 dno
1784 1248 1847 1320 dog·

201 1332 271 1402 spici
285 1333 389 1403 possit;
410 1342 493 1405 atque
507 1332 685 1387 nihilominus
706 1331 735 1385 in
749 1329 794 1385 bis
812 1330 881 1400 ipsis
893 1330 929 1397 (si
945 1346 999 1401 qua
1037 1339 1111 1385 mata
1124 1330 1208 1385 veluti
1222 1346 1342 1385 errorum
1356 1327 1563 1400 redargutiones
1580 1328 1693 1383 censeri
1717 1337 1844 1399 possunt,

201 1411 257 1466 fata
265 1413 370 1480 sinant)
380 1413 509 1467 humanas
518 1421 546 1466 et
555 1411 675 1466 scientie
682 1419 708 1465 et
717 1409 847 1482 potentias
858 1409 998 1481 fastigium
1037 1411 1147 1466 tertium
1161 1409 1243 1480 plane
1256 1410 1380 1473 affirmat,
1394 1424 1484 1479 neque
1504 1407 1534 1461 id
1553 1408 1653 1473 solnm,
1670 1407 1722 1463 sed
1744 1417 1773 1462 et
1785 1425 1844 1477 per·

201 1498 228 1546 et
250 1492 359 1546 culmen
383 1509 453 1547 esse.
495 1491 643 1563 Postquam
667 1500 759 1545 autem
780 1489 998 1558 desperationem
1037 1490 1131 1560 spicue
1157 1489 1300 1560 distinguit
1327 1487 1495 1544 subactionis
1521 1487 1644 1543 modum.
1691 1487 1721 1542 ls
1745 1486 1844 1558 duplex

201 1569 284 1642 plane
298 1572 436 1641 professus
450 1582 529 1636 esset,
544 1579 636 1625 tamen
650 1569 679 1624 in
694 1578 756 1625 vota
775 1586 924 1640 precesque
943 1585 998 1624 non
1037 1576 1087 1635 est,
1101 1568 1146 1624 vel
1159 1569 1316 1638 rejiciendo,
1330 1567 1375 1622 vel
1385 1566 1532 1631 vertend03
1553 1575 1636 1639 atque
1658 1566 1791 1622 alteruter
1810 1585 1843 1622 es

201 1658 300 1706 cessat.
343 1650 384 1705 lta
394 1651 467 1705 enim
479 1651 566 1706 dixit:
586 1650 639 1711 Qui
649 1666 730 1720 porro
739 1649 812 1703 calor
821 1647 864 1703 vel
873 1656 998 1720 quantus,
1036 1649 1073 1702 iis
1082 1648 1181 1703 modiis
1191 1649 1347 1720 perducitur
1359 1648 1388 1702 in
1402 1655 1493 1701 actum
1509 1647 1662 1702 secundum
1676 1646 1736 1702 rim
1749 1646 1842 1701 niori·

201 1728 255 1785 hnc
269 1736 318 1795 est,
333 1730 405 1800 quod
418 1729 517 1785 caloris
528 1730 618 1793 robur,
628 1738 656 1784 et
668 1746 729 1800 qun
742 1729 801 1798 ejus
814 1728 902 1798 copia,
917 1746 999 1799 quam
1037 1737 1065 1782 et
1077 1728 1284 1799 dispositionem
1295 1728 1427 1783 materiae.
1467 1725 1554 1794 Cujus
1567 1727 1609 1781 rei
1624 1737 1722 1782 tamen
1736 1726 1791 1780 duo
1807 1726 1842 1780 ri-

201 1817 303 1865 tcrram
317 1818 344 1864 et
359 1828 420 1881 quse
434 1810 508 1865 entia
527 1809 557 1863 in
578 1808 670 1881 qualia
689 1810 812 1872 invertat,
827 1808 939 1862 minime
960 1808 999 1861 in·
1037 1809 1135 1863 dentur
1147 1816 1276 1880 tauquam
1287 1823 1414 1862 canones.
1455 1806 1542 1870 Unus,
1557 1806 1631 1877 quod
1645 1823 1712 1861 cum
1726 1805 1841 1862 calidum

203 1888 364 1960 quirendum
377 1890 491 1954 videtur,
504 1897 534 1944 ut
550 1889 622 1959 quod
642 1888 747 1943 bomini
767 1886 842 1942 nulla
864 1890 906 1955 (ut
919 1887 999 1941 nobis
1038 1895 1066 1943 et
1080 1888 1209 1958 frigidum
1222 1904 1323 1960 magna
1336 1887 1417 1952 mole,
1432 1893 1460 1941 et
1474 1893 1608 1958 nuquam
1626 1887 1707 1956 justo
1720 1888 1841 1941 exercitu

202 1969 320 2037 videtur)
340 1969 511 2024 innotescere
533 1978 613 2040 queat
633 1969 747 2023 ratione.
789 1967 842 2028 Qui
862 1967 936 2021 enim
956 1967 1000 2021 vel
1037 1976 1209 2033 concurrunt,
1236 1967 1358 2038 sequitur
1383 1966 1493 2036 ejectio.
1545 1967 1622 2022 Nam
1649 1967 1734 2030 entia,
1763 1966 1842 2020 relnti

202 2047 300 2103 caloris
314 2048 394 2112 vires,
410 2058 436 2103 et
446 2047 564 2102 calorem
578 2049 667 2118 ipsum
682 2046 765 2102 veluti
781 2046 808 2100 in
822 2047 922 2118 gradus
936 2064 1000 2117 par·
1038 2048 1119 2112 acies,
1133 2047 1195 2102 loco
1205 2053 1345 2102 moventur
1356 2054 1384 2101 et
1401 2043 1587 2116 impelluntur.
1631 2045 1689 2100 Ubi
1710 2062 1778 2101 reso
1794 2047 1843 2100 mi·

203 2127 256 2192 tiri,
271 2126 315 2182 vel
335 2128 466 2192 materie,
481 2128 525 2181 cui
547 2128 649 2182 inditus
670 2135 719 2191 est,
738 2126 847 2197 copiam
864 2126 999 2197 quantita·
1038 2145 1104 2182 nore
1116 2129 1266 2199 quantitate
1277 2143 1320 2182 res
1330 2127 1439 2198 geritur,
1449 2132 1509 2180 tum
1519 2125 1646 2196 sequitur
1656 2125 1768 2189 sertim
1781 2142 1842 2180 nam

203 2215 312 2278 umque
326 2205 451 2261 distinue
465 2207 613 2277 percipere,
624 2214 651 2261 ει
663 2206 744 2262 certis
757 2206 1000 2277 determinatisque
1038 2208 1229 2263 interimuntur
1239 2207 1322 2270 entia,
1336 2213 1365 2261 et
1383 2214 1511 2260 naturam
1531 2205 1623 2274 potius
1645 2221 1733 2276 qnam
1757 2204 1842 2260 locum

202 2285 302 2340 caloris
318 2286 420 2341 viribus
438 2288 586 2358 copiaque,
604 2295 705 2341 certam
727 2286 848 2340 materias
865 2286 1001 2357 quantita·
1038 2295 1152 2342 mutant
1184 2287 1276 2356 Hujus
1286 2286 1326 2341 rei
1340 2286 1448 2357 insigne
1461 2293 1491 2339 et
1504 2284 1596 2340 nobile
1612 2286 1842 2356 exemplumene

203 2373 267 2429 tem,
276 2365 545 2436 dispositionemque,
555 2373 698 2436 certasque
708 2366 838 2430 actiones,
845 2374 891 2419 nut
898 2374 999 2428 centra,
1038 2368 1067 2421 in
1077 2366 1313 2439 regionibusaeris
1323 2365 1516 2438 superioribus,
1527 2364 1665 2435 quaelicet
1676 2366 1714 2420 ad
1726 2364 1842 2420 calorem

203 2453 285 2500 certas
298 2446 422 2500 materian
439 2446 594 2517 quantitati,
609 2446 745 2518 certisque
767 2444 929 2510 actionibus,
944 2462 1000 2499 cer·
1038 2446 1175 2501 coelestem
1189 2446 1278 2519 magis
1286 2445 1516 2517 appropinquent,
1527 2452 1622 2500 tamen
1633 2444 1791 2515 frigidiores
1801 2446 1841 2498 in·

203 2530 261 2579 tam
288 2524 552 2598 determinatamque
578 2525 679 2581 caloris
715 2526 823 2596 copiam
858 2525 1000 2597 assignare
1038 2526 1190 2593 veniuntur,
1206 2542 1287 2598 quam
1300 2525 1517 2580 confinisterrts.
1559 2524 1592 2579 lu
1607 2523 1667 2579 illis
1682 2524 1840 2588 enimloeia,

203 2604 305 2659 licenti
328 2604 439 2659 Utinam
462 2605 491 2659 id
519 2606 575 2660 otiu
601 2606 721 2661 fruentes
744 2613 772 2661 et
799 2605 1000 2676 perspicaciore
1039 2615 1182 2678 postquam
1192 2606 1303 2678 propius
1315 2605 1351 2659 ad
1364 2605 1458 2660 εεᾶεεε
1472 2603 1556 2675 primi
1569 2604 1653 2659 calidi
1667 2613 1780 2659 ventam
1793 2613 1841 2669 est,

203 2681 312 2755 praediti
332 2685 452 2755 iugenio,
468 2693 497 2741 et
517 2685 616 2757 quibus
633 2686 662 2740 in
682 2702 789 2740 summa
803 2683 999 2756 tranquillitate
1039 2686 1113 2740 calor
1130 2703 1160 2741 se
1180 2686 1314 2757 colligens
1332 2685 1488 2740 universam
1506 2683 1618 2754 frigoris
1637 2684 1705 2749 vim,
1724 2702 1785 2756 quas
1798 2701 1840 2738 as-

202 2780 292 2818 rerum
309 2772 437 2819 naturam
452 2766 615 2835 perscrutari
628 2765 744 2830 licuerit,
758 2770 953 2835 assequantur:
972 2772 1001 2819 ut
1039 2766 1174 2831 cendemt,
1189 2766 1270 2821 simul
1292 2765 1367 2834 ejicit
1380 2773 1408 2820 et
1426 2763 1552 2828 detrudit,
1567 2773 1595 2819 et
1609 2764 1688 2819 aditu
1707 2763 1841 2835 prohibet

202 2843 328 2898 homiues
347 2860 403 2899 non
424 2846 544 2901 omnium
566 2844 649 2900 modo
668 2845 793 2910 scientes,
811 2844 859 2899 sed
880 2844 1002 2899 omniurn
1039 2846 1204 2907 Quinetiam
1216 2843 1342 2900 similiter
1354 2845 1413 2899 fieri
1428 2860 1518 2916 posse,
1531 2845 1631 2900 utsint
1645 2860 1698 2915 per
1711 2844 1841 2915 profunda

203 2923 261 2979 fere
282 2930 407 2994 potentes
427 2927 508 2981 fiant!
530 2924 681 2981 Honestius
705 2923 786 2996 paulo
808 2941 891 2996 quarn
912 2923 1001 2979 solent
1040 2935 1119 2982 terrm
1142 2925 1246 2981 calores
1268 2923 1494 2991 vehementiores,
1516 2941 1599 2996 quam
1623 2924 1655 2980 in
1680 2924 1840 2996 superficies

203 3005 263 3074 ejus
274 3004 488 3077 adversariiqui
501 3005 630 3077 quicquid
645 3013 725 3071 artes,
740 3021 808 3077 quaa
821 3004 874 3075 ipsi
889 3021 1002 3075 pepere-
1040 3014 1183 3077 postquam
1204 3005 1308 3061 scilicet
1328 3005 1362 3059 ad
1383 3005 1477 3060 sedem
1490 3005 1574 3076 primi
1588 3004 1684 3076 frigidi
1699 3005 1842 3076 appropia

203 3092 273 3148 runt,
284 3101 339 3138 non
353 3093 540 3156 assequuntur,
551 3085 580 3139 id
594 3092 697 3141 exarte
712 3083 1001 3155 omninuirnposaibile
1040 3087 1133 3158 quatio
1154 3085 1227 3140 facta
1247 3085 1388 3155 estquod
1408 3102 1439 3139 se
1460 3084 1592 3148 excitans,
1613 3101 1720 3157 magno
1741 3086 1840 3156 impetn

203 3171 332 3230 statuunt,
346 3172 377 3218 ut
396 3163 472 3219 nulla
493 3180 539 3219 ars
557 3165 682 3219 maeri
701 3164 795 3236 possit,
817 3180 879 3219 cum
899 3163 961 3235 ipsa
974 3171 1002 3218 et
1039 3164 1157 3220 calidum
1169 3165 1266 3235 rejicit,
1275 3174 1302 3220 et
1312 3165 1391 3236 fugit,
1403 3171 1432 3219 et
1444 3165 1475 3219 in
1488 3181 1518 3219 se
1530 3165 1621 3220 vertit.
1666 3164 1839 3219 Altercanon

203 3251 269 3314 agat
289 3251 317 3296 et
334 3244 448 3311 iudicet.
491 3244 586 3299 Restat
605 3245 714 3300 tertium
735 3244 807 3315 quod
826 3252 892 3309 erat,
907 3244 1002 3298 subac-
1039 3245 1171 3318 estquod
1185 3246 1214 3300 iu
1229 3253 1324 3316 aperto
1337 3244 1579 3316 seqniturejectio;
1594 3243 1625 3298 in
1634 3242 1732 3298 claun
1746 3246 1839 3299 versio

204 3322 289 3377 tionis
299 3322 427 3378 videlicet
436 3325 541 3379 modus
583 3324 644 3378 Huc
658 3324 760 3395 triplici
771 3324 899 3395 dogmate
913 3323 1002 3378 absol·
1041 3325 1103 3379 Hoc
1121 3333 1212 3380 autern
1233 3324 1379 3395 insigniter
1398 3324 1521 3396 conspici
1541 3325 1570 3378 in
1591 3324 1706 3379 vasibus
1719 3324 1839 3387 ooelnsis

205 3402 244 3456 vit
259 3401 392 3458 Telesina
433 3403 557 3458 Primum
578 3413 627 3469 est,
647 3403 676 3458 id
700 3403 770 3476 quod
788 3411 902 3458 anteaa
922 3404 1001 3458 uobis
1039 3404 1087 3459 ubi
1107 3405 1219 3460 emissio
1237 3405 1359 3475 corporis
1379 3404 1511 3459 attenuati
1532 3403 1618 3475 (quod
1638 3404 1768 3474 spiritum
1786 3404 1840 3457 fere

204 3481 291 3536 obiter
304 3490 346 3537 est
359 3491 491 3547 notatum,
505 3481 607 3538 nullam
621 3501 732 3554 prorsus
746 3482 1002 3553 symboliaatiouem
1040 3487 1181 3551 vocamus)
1196 3483 1332 3554 prohibita
1352 3492 1380 3538 et
1394 3492 1497 3538 recusa
1511 3483 1661 3554 profundas
1676 3492 1705 3538 et
1719 3484 1840 3538 intrinse

203 3561 321 3633 intelligi
343 3565 385 3630 (ut
404 3563 435 3617 in
450 3562 692 3634 Peripateticorum
706 3563 841 3632 doctrina)
856 3579 905 3633 per
919 3579 1002 3633 quam
1039 3580 1086 3618 cas
1117 3564 1146 3618 in
1173 3564 1332 3634 corporibus
1358 3563 1536 3619 alterationes
1563 3572 1592 3619 et
1619 3563 1841 3618 fermentationes

203 3657 248 3696 res
262 3650 393 3713 tanquam
413 3643 555 3697 concordia
569 3643 686 3714 quadam
701 3643 843 3697 foveantur
856 3652 882 3697 et
896 3643 1002 3713 conspi·
1039 3651 1160 3713 generat
1202 3642 1239 3698 At
1259 3643 1312 3697 huc
1333 3644 1425 3714 ipsum
1442 3642 1570 3698 similiter
1583 3642 1651 3710 fieri,
1665 3660 1731 3698 cum
1745 3660 1842 3714 corpus

203 3729 271 3777 rent
326 3722 443 3777 Omnem
476 3722 550 3776 enirn
576 3723 788 3792 generationem,
816 3730 898 3793 atque
932 3722 1002 3776 adeo
1040 3723 1075 3777 ob
1089 3723 1205 3793 partium
1219 3724 1433 3793 compactionem
1453 3723 1507 3777 sibi
1527 3722 1582 3793 ipsi
1601 3724 1691 3777 instar
1713 3724 1786 3778 vasis
1799 3740 1842 3777 oc·

203 3818 312 3856 omnem
338 3802 468 3857 effectum
491 3802 520 3856 in
544 3818 657 3872 corpore
679 3801 805 3867 naturali,
828 3801 949 3867 victoria,
974 3810 1003 3855 et
1039 3803 1108 3857 clusi
1123 3810 1172 3857 cst.
1213 3804 1303 3874 Atque
1319 3801 1379 3858 hac
1393 3812 1457 3857 sunt
1477 3820 1538 3874 ane
1551 3802 1670 3869 Telesio,
1685 3810 1714 3857 et
1728 3803 1841 3858 fortasse

203 3881 436 3951 proedominautia,
451 3898 506 3935 non
519 3890 599 3953 pacto
612 3890 660 3937 ant
680 3882 782 3937 foedere
802 3882 925 3953 mangi.
970 3882 1001 3935 ld
1040 3881 1204 3946 Parmenidi,
1225 3883 1299 3936 circa
1321 3899 1411 3937 rerum
1430 3882 1574 3953 principia,
1596 3883 1655 3937 risa
1679 3892 1760 3945 suut;
1788 3883 1840 3936 nia'

203 3961 274 4031 quod
288 3978 387 4016 novum
400 3978 455 4015 non
469 3968 517 4026 est,
538 3979 600 4016 cum
620 3962 703 4017 etiam
717 3962 878 4016 Aristoteles
896 3962 926 4015 in
941 3961 1002 4015 doc·
1040 3963 1112 4034 qnod
1126 3962 1250 4017 Telesina
1267 3961 1350 4032 hylen
1366 3961 1469 4016 addidit
1487 3962 1521 4016 de
1535 3963 1665 4033 proprio;
1688 3962 1842 4033 peripateti-

203 4040 277 4095 trina
308 4041 485 4112 Empedoclis
516 4041 569 4096 buc
603 4041 695 4113 ipsum
727 4043 869 4095 notaverit.
923 4041 1001 4101 Quod
1040 4042 1080 4095 cis
1094 4041 1198 4096 scilicet
1211 4041 1367 4096 notionibus
1381 4042 1553 4111 depracatus.

202 4119 307 4174 scilicet
320 4137 383 4176 curn
398 4121 578 4192 Empedocles
597 4121 675 4176 litem
696 4129 723 4176 et
740 4121 897 4186 amicitiam,
911 4137 1002 4175 rerum
1079 4121 1169 4193 Atque
1184 4121 1285 4176 similia
1299 4121 1357 4175 veri
1372 4121 1494 4186 fuissent,
1509 4137 1601 4193 quaa
1620 4120 1733 4177 'l'elesio
1747 4122 1838 4177 dieun-

204 4200 341 4269 principia
364 4200 511 4255 efficientia
535 4201 681 4265 statuisset,
708 4207 798 4255 tamen
825 4200 855 4254 in
881 4200 1002 4271 explica·
1040 4209 1091 4267 tur,
1105 4202 1129 4256 si
1151 4200 1235 4256 homo
1257 4200 1368 4255 tollatur
1389 4218 1405 4255 e
1425 4208 1523 4255 natura
1542 4209 1571 4255 et
1591 4201 1674 4255 simul
1694 4209 1768 4256 artes
1785 4219 1839 4255 me·

203 4278 322 4332 tionibus
339 4279 397 4333 suis
416 4296 567 4346 causarum,
582 4281 727 4335 inimicitia
748 4281 804 4335 fere
822 4287 921 4344 utatur,
936 4280 1002 4335 alte·
1040 4280 1170 4344 chanicae,
1181 4299 1242 4352 quae
1256 4281 1398 4335 materiam
1413 4288 1521 4345 vexant,
1532 4288 1615 4351 atque
1630 4281 1736 4335 fabrica
1750 4282 1840 4335 mundi

202 4357 260 4412 rius
294 4364 424 4431 tanquam
457 4360 566 4415 oblitus.
622 4359 775 4415 Secundum
802 4366 853 4424 est,
881 4360 1000 4414 calorem
1041 4359 1203 4432 simpliciter
1223 4368 1368 4431 spectetur.
1409 4361 1484 4415 Nem
1499 4360 1645 4431 pastoralis
1659 4362 1789 4432 quaedam
1802 4362 1839 4413 ri·

202 4437 313 4492 actione
336 4454 386 4492 sua
406 4441 517 4508 propria
541 4447 673 4510 perpetuo
691 4447 796 4494 vertere
821 4456 869 4493 eus
889 4439 919 4493 in
947 4440 1001 4494 hu·
1040 4441 1118 4495 detur
1137 4441 1190 4495 ista
1208 4439 1469 4512 philosophiaque
1489 4440 1619 4495 mundum
1642 4441 1840 4510 contemplatur

202 4517 314 4581 midam,
336 4527 365 4571 et
384 4518 456 4588 quod
479 4520 563 4575 calori
584 4520 693 4574 siccitas
715 4519 893 4574 nullomodo
915 4520 1001 4584 coeat,
1040 4520 1155 4591 placide,
1171 4527 1199 4574 et
1209 4528 1339 4591 tauquam
1350 4536 1399 4590 per
1412 4521 1506 4575 otium
1548 4520 1693 4591 Siquidem
1708 4521 1743 4575 de
1757 4530 1839 4590 syste-

202 4615 252 4652 nec
267 4597 363 4668 frigori
376 4597 532 4654 humiditas
576 4599 960 4654 idemenimesseattenuare
974 4609 1002 4654 et
1041 4607 1114 4654 mate
1127 4599 1220 4654 mundi
1233 4599 1341 4654 disserit
1353 4616 1408 4654 non
1425 4599 1504 4663 male,
1519 4599 1553 4654 de
1568 4600 1715 4671 principiis
1730 4600 1839 4670 imperi·

201 4676 373 4743 humectare,
400 4684 482 4748 atque
508 4678 581 4749 quod
608 4679 728 4733 maxime
755 4685 843 4743 tenue,
866 4679 895 4732 id
919 4680 1002 4734 edam
1041 4680 1153 4734 tissime.
1195 4679 1266 4740 Quin
1280 4687 1307 4734 et
1327 4679 1356 4733 in
1377 4680 1439 4749 ipso
1458 4696 1565 4751 quoque
1579 4687 1730 4748 systemate
1746 4680 1839 4750 ingens

201 4759 321 4812 maxime
335 4755 476 4811 humidum
492 4774 569 4823 esse,
591 4775 651 4812 curn
667 4776 716 4829 per
736 4757 878 4813 humidum
901 4758 1002 4813 intelli·
1040 4768 1082 4813 est
1093 4759 1194 4829 lapsus,
1207 4759 1279 4830 quod
1292 4759 1347 4814 tale
1360 4758 1510 4814 constituat
1524 4768 1654 4827 systema,
1669 4760 1743 4831 quod
1757 4759 1837 4814 rideri

200 4846 281 4908 gatus
300 4837 329 4891 id
347 4837 418 4907 quod
430 4836 559 4892 facillime
579 4838 660 4903 cedit,
675 4839 731 4893 abit
744 4839 774 4892 in
787 4844 885 4909 partes,
900 4845 928 4893 et
942 4856 1002 4893 rur-
1041 4840 1127 4908 possit
1139 4847 1278 4903 aeternum,
1292 4856 1342 4893 nec
1363 4847 1498 4909 supponat
1517 4838 1610 4904 chaos,
1631 4848 1660 4893 et
1679 4841 1838 4894 mutationes

201 4933 247 4971 sus
271 4934 301 4971 se
323 4917 451 4981 restituit,
473 4924 555 4988 atque
579 4934 653 4987 segre
678 4919 771 4972 finitur
794 4925 852 4972 aut.
866 4919 1001 4972 consistit
1041 4918 1228 4973 schematismi
1249 4919 1354 4990 magni.
1395 4918 1459 4973 Sive
1474 4919 1595 4973 enimes
1609 4918 1771 4974 estTelesii
1784 4918 1838 4989 plri-

200 4995 267 5055 Quae
281 4995 373 5050 omnia
387 4997 476 5068 magis
489 4996 580 5050 insunt
595 4997 720 5062 flamme,
734 5014 817 5069 quam
828 4996 901 5063 εὸῐὶς
923 4998 971 5068 qui
986 5014 1003 5051 a
1040 4996 1173 5068 losophia,
1187 4998 1245 5052 sire
1259 4998 1506 5067 peripateticorum,
1517 4998 1574 5052 sive
1585 5015 1648 5069 quas
1661 4998 1727 5063 alia,
1741 5000 1836 5070 quain

200 5073 391 5147 Peripateticis
404 5076 575 5129 constituitur
589 5077 709 5131 maxime
727 5078 864 5132 humidus.
906 5078 1003 5148 ltaque
1041 5095 1103 5131 eum
1117 5078 1227 5132 modum
1241 5086 1361 5146 systema
1374 5077 1498 5142 instruat,
1511 5078 1599 5141 libret,
1613 5079 1730 5143 muniat,
1745 5088 1775 5134 ut
1788 5094 1838 5132 nan

200 5154 327 5219 calorem,
342 5154 484 5209 humidum
499 5162 631 5225 perpetuo
642 5155 761 5222 allicere,
776 5157 932 5227 depascere,
954 5175 1003 5212 es·
1040 5158 1163 5211 rideatur
1174 5157 1285 5212 fluxisse
1296 5174 1313 5211 a
1326 5157 1413 5221 chao;
1435 5174 1468 5212 ea
1477 5156 1564 5212 levior
1574 5156 1756 5229 philosophia
1769 5158 1836 5211 ride·

200 5234 318 5299 tendere,
329 5234 431 5299 indere,
443 5251 590 5305 generare;
604 5243 707 5299 contra,
716 5236 805 5308 frigus
816 5236 908 5290 omnia
918 5253 1001 5308 agere
1041 5243 1092 5301 tur,
1117 5245 1198 5307 atque
1225 5236 1338 5291 omnino
1361 5253 1397 5291 ex
1416 5237 1551 5308 angustiis
1574 5237 1695 5307 pectoris
1719 5237 1837 5292 hnmani.

201 5312 231 5366 iu
257 5313 421 5377 siccitatem,
449 5313 659 5377 concretionem,
686 5314 837 5380 duritiem3
871 5316 918 5370 ubi
947 5315 1004 5373 vult
1042 5317 1116 5372 Nam
1131 5316 1243 5370 omnino
1254 5316 1402 5370 secundum
1415 5333 1525 5370 sensum
1536 5315 1745 5387 philosophanti
1759 5326 1839 5370 mate·

201 5388 374 5444 Aristotelem
388 5402 415 5445 et
428 5391 554 5447 hebetem
574 5394 604 5446 in
624 5393 819 5457 observatione,
833 5404 860 5448 et
881 5396 934 5450 sibi
948 5395 1003 5450 dis·
1041 5398 1090 5451 rias
1111 5397 1247 5449 oetemitas
1261 5396 1407 5458 asseritu13
1429 5397 1522 5450 mundi
1542 5394 1666 5466 (qualern
1679 5413 1742 5450 eum
1756 5397 1840 5449 iutue-

200 5469 317 5532 cordem,
331 5476 360 5522 et
380 5487 447 5541 erga
461 5472 661 5542 experientiam
673 5460 860 5542 imperiosums
871 5482 899 5528 et
909 5475 1005 5529 libidi·
1042 5476 1114 5543 mur)
1135 5484 1267 5546 negatur:
1288 5474 1361 5546 quod
1380 5481 1409 5528 et
1422 5476 1520 5545 priseae
1533 5475 1684 5546 sapientire,
1698 5483 1726 5529 et
1743 5475 1777 5537 ei,
1791 5475 1836 5545 qui

200 5562 296 5601 nusum
315 5547 408 5614 rideri,
433 5551 505 5621 quod
523 5551 641 5608 calorem
661 5568 723 5607 cum
744 5551 864 5608 siccitate
885 5553 1003 5626 copulet.
1041 5554 1075 5610 ad
1096 5554 1186 5627 ipsam
1210 5555 1335 5626 proxime
1359 5554 1474 5621 accedit,
1495 5554 1654 5612 Democrito
1677 5555 1764 5612 visum
1787 5562 1834 5610 est.
