3800 5875
230 309 289 366 686
813 303 982 362 lMPE'l'US
1002 303 1287 361 efltnosoefflct.

229 468 379 539 specimen,
403 483 486 538 quam
508 466 631 523 scientiae
657 462 786 521 auctoris.
827 463 871 520 De
898 463 934 519 iia
962 480 1027 519 vero
1063 460 1144 517 vialis
1156 477 1256 528 murra,
1270 468 1298 517 et
1318 460 1429 534 singula
1440 461 1621 534 distorquens,
1634 458 1751 516 etlusui
1772 461 1866 533 propi·

229 548 318 612 rebus,
332 564 395 618 quaa
407 564 469 602 cum
483 547 607 617 vestigiis
624 545 682 601 suis
694 544 833 615 aufugere,
847 543 871 598 si
884 543 1027 598 innuerem
1063 558 1140 606 nans,
1150 543 1207 612 (me
1218 541 1355 607 miserum,
1365 542 1413 612 qui
1426 540 1569 597 hominum
1579 540 1689 596 defoetn
1699 557 1765 595 curn
1778 541 1866 596 brutis

229 625 368 682 laboriosa
380 643 442 681 esse
456 626 509 682 ista
522 627 735 693 conjecturarum
755 622 881 694 aucupia,
894 638 945 677 nec
960 639 1025 677 con·
1063 637 1107 675 me
1117 620 1239 675 conferre
1250 637 1359 675 necesse
1373 621 1492 676 habeam
1500 621 1521 689 1)
1536 621 1577 674 ita
1589 637 1635 675 me
1648 619 1735 691 gessi
1763 619 1864 675 Verum

230 713 388 760 aentanenm
403 722 446 761 me
459 705 591 760 utilitates
603 704 632 758 in
646 710 784 775 posterum
796 701 918 756 humano
930 701 1025 772 generi
1063 699 1114 754 sub
1134 699 1270 754 maledicti
1289 699 1351 754 velo
1372 700 1457 755 mirus
1478 698 1688 754 accusationum
1708 697 1824 764 animan
1838 711 1866 756 et

230 791 372 855 parantem
386 785 420 838 ad
434 784 602 855 antiquitatis
615 782 795 854 philologiam
812 781 968 852 retrogredi,
982 788 1025 836 sat
1063 777 1195 850 singulari
1209 779 1326 833 artificio
1335 779 1363 834 in
1378 779 1489 851 singula
1500 778 1558 833 fere
1566 778 1652 833 verba
1664 785 1827 844 contractam
1838 789 1865 835 et

230 863 289 917 scio
308 880 358 933 pro
374 863 508 918 modestia
528 871 575 917 tna
593 861 790 933 acquiesceres.
838 860 1025 915 Veruntamen
1063 857 1194 923 reductas,
1208 865 1236 912 et
1254 858 1469 929 exquisitissima
1487 856 1560 913 oculi
1579 858 1641 913 acie
1655 858 1686 911 in
1699 856 1764 927 ipsa
1775 860 1865 913 mimi·

229 950 261 997 nt
280 942 434 1012 perspicere
453 942 549 1013 possis,
570 958 650 1014 qnam
665 957 710 996 res
728 945 875 1011 praesentes
894 938 1025 994 bifrontes
1064 953 1131 991 num
1153 937 1246 991 ulcere
1264 937 1380 991 directas
1400 944 1429 993 et
1443 938 1563 993 vibratas
1584 936 1764 1008 posmodum
1780 939 1864 1010 respi·

230 1028 306 1075 vates
319 1022 379 1085 sint,
394 1037 530 1092 quamque
549 1029 577 1075 et
593 1021 698 1076 futuras
717 1026 747 1075 et
765 1018 919 1090 praeteritas
932 1034 1024 1073 coram
1063 1016 1138 1070 ciens
1151 1016 1264 1071 videbis.
1304 1015 1394 1088 Atque
1415 1034 1479 1072 curn
1498 1016 1545 1071 isti
1565 1016 1732 1071 criminibus
1745 1023 1864 1074 stream

230 1099 334 1163 sistant,
347 1100 453 1154 decrevi
467 1101 606 1171 utriusque
621 1099 751 1170 temporis
765 1098 866 1154 tabulis
881 1099 956 1168 (quae
969 1114 1023 1152 non
1062 1094 1140 1150 valde
1153 1093 1227 1150 inter
1240 1112 1270 1150 se
1283 1096 1364 1151 mixti
1382 1103 1411 1150 et
1430 1095 1564 1166 implicati
1584 1095 1685 1160 forent,
1700 1103 1793 1151 tamen
1805 1097 1862 1152 n'n·

230 1185 334 1233 tantum
345 1178 601 1234 scientiedecursns
611 1186 640 1233 et
652 1180 750 1243 fluxus,
761 1178 809 1233 sed
820 1176 925 1232 etalioa
934 1194 1024 1231 rerum
1062 1173 1141 1244 gulos
1155 1174 1263 1229 indiciis
1277 1175 1395 1230 maxime
1416 1176 1545 1247 propriis,
1559 1174 1660 1230 iisdem
1675 1183 1768 1230 autem
1786 1178 1863 1249 cepi·

230 1258 352 1329 provisus
371 1258 596 1328 complectantur)
613 1259 662 1313 tibi
682 1256 839 1329 gratificari.
880 1256 979 1326 Neque
994 1264 1024 1312 tu
1062 1253 1170 1317 talibus,
1185 1270 1247 1308 reos
1267 1253 1328 1310 feci.
1368 1255 1451 1310 Mens
1465 1254 1540 1309 enim
1559 1254 1693 1320 humana,
1707 1254 1756 1320 fili,
1771 1273 1860 1311 rerum

229 1335 283 1391 hoc
310 1336 391 1409 quale
414 1338 452 1393 ait
474 1341 632 1409 (autequam
648 1337 754 1406 videas)
775 1352 918 1407 augurare.
959 1336 1023 1390 Non
1061 1332 1216 1388 incursibus
1229 1341 1257 1388 et
1276 1332 1510 1389 observationibus
1527 1334 1646 1404 turgida,
1661 1335 1754 1389 sarias
1767 1336 1860 1390 admo-

229 1417 303 1471 enim
317 1416 389 1472 cadit
401 1417 430 1471 in
443 1425 470 1471 te
483 1433 548 1472 vera
564 1417 677 1486 hujusce
691 1417 730 1471 rei
744 1416 915 1486 anticipatioe
934 1431 985 1469 nec
999 1416 1022 1470 si
1061 1411 1124 1467 dum
1139 1429 1261 1467 erromm
1271 1413 1375 1484 species
1388 1413 1506 1479 molitur,
1516 1421 1543 1468 et
1554 1413 1657 1469 educit.
1684 1413 1860 1470 Aristoteles

229 1495 369 1550 minusad
389 1513 487 1551 manus
508 1505 568 1551 tuas
589 1497 688 1559 veniat,
707 1495 838 1567 requiras.
879 1494 1024 1549 Gratificor
1061 1508 1127 1546 vero
1144 1491 1218 1547 velut
1235 1492 1484 1563 uniusestspeciei
1499 1492 1593 1563 planta
1605 1493 1758 1564 procerior,
1772 1494 1811 1550 sic
1829 1504 1858 1551 et

229 1574 302 1630 enim
317 1575 454 1647 (inquam)
471 1575 632 1648 quibusdam
646 1582 764 1631 reanum
778 1574 831 1628 hac
841 1574 870 1629 in
883 1590 920 1639 re,
935 1572 983 1639 fili,
994 1582 1023 1628 et
1060 1570 1141 1626 Plato
1153 1579 1181 1625 et
1194 1570 1390 1644 aliideinceps.
1417 1572 1454 1627 At
1466 1572 1669 1628 confutationes
1684 1574 1858 1644 particulares

229 1652 430 1710 delicatioribus
445 1655 689 1726 spirituaconcilio.
730 1654 848 1709 Omnino
862 1653 1023 1708 scientiaea
1061 1649 1187 1723 requiris.
1227 1651 1282 1708 Nae
1299 1650 1366 1706 illud
1386 1657 1529 1722 peccatum
1544 1652 1626 1707 fuerit
1639 1651 1857 1724 largiterinhn·

228 1740 332 1789 naturae
345 1733 448 1789 lumine
462 1735 587 1806 petenda,
600 1751 655 1789 non
669 1751 704 1789 ex
721 1734 892 1805 antiquitatis
906 1732 1024 1787 obscuri·
1062 1730 1136 1784 mani
1156 1731 1266 1801 generis
1287 1730 1423 1786 fortunam
1447 1748 1558 1786 auream
1578 1732 1681 1803 pignus
1703 1733 1856 1803 impertiri

228 1818 286 1867 tate
306 1813 455 1885 repetenda
468 1821 519 1869 est.
558 1814 620 1868 Nec
640 1814 724 1869 refert
740 1813 805 1884 quid
821 1813 920 1867 factum
935 1811 1022 1877 fecerit,
1061 1825 1114 1879 ego
1140 1811 1176 1864 ad
1209 1809 1367 1865 umbrarum
1394 1810 1635 1881 fugacisaimarum
1661 1811 1856 1868 insecutionem

228 1889 533 1964 illudvidendumquid
546 1893 604 1948 fieri
614 1893 708 1962 possit.
748 1892 793 1947 An
811 1899 848 1958 tu,
869 1891 1023 1963 siregnum
1061 1887 1241 1944 deflecterem·
1282 1889 1383 1955 01111111,
1405 1889 1453 1953 fili.
1474 1888 1505 1945 111
1525 1889 1618 1945 medio
1642 1892 1799 1961 ponendum
1817 1901 1858 1947 111

228 1970 279 2025 tibi
302 1971 386 2026 armis
409 1980 437 2026 et
457 1971 551 2026 victori
574 1972 648 2027 bello
668 1971 841 2042 subjugatum
865 1970 1022 2036 traderetur,
1061 1967 1182 2023 veritatis
1195 1968 1287 2023 lumen
1301 1967 1688 2042 chmmetmdiommqnod
1702 1971 1857 2026 omniaeol-

229 2049 391 2120 quaestiones
404 2058 529 2106 necteres
542 2059 631 2106 utrum
648 2050 766 2119 majores
785 2050 824 2106 tui
844 2048 911 2104 illud
931 2058 1024 2105 tenne·
1060 2046 1162 2112 lustret,
1177 2056 1204 2102 et
1214 2064 1319 2104 errores
1332 2048 1473 2105 universos
1487 2049 1775 2121 momentodispellat.
1794 2052 1857 2106 Non

228 2129 285 2183 rint
306 2146 400 2195 necne,
421 2137 448 2184 et
470 2129 690 2205 genealogiarum
705 2146 829 2186 rumores
851 2128 1023 2185 solicitareal
1061 2125 1161 2181 infirmi
1176 2127 1286 2199 quidam
1296 2135 1325 2183 et
1337 2127 1433 2198 pallidi
1446 2128 1541 2199 lychni
1553 2130 1590 2185 ad
1602 2128 1729 2201 singulos
1738 2147 1855 2186 enorum

228 2205 320 2278 Atque
340 2208 400 2263 hac
413 2209 448 2263 de
467 2208 637 2280 antiquitatis
657 2208 844 2280 penetralibus
857 2209 929 2263 dicta
950 2216 1022 2266 aunt.
1061 2212 1088 2259 et
1100 2205 1301 2262 mendaciorum
1316 2206 1430 2278 angrdoa
1440 2216 1468 2263 et
1481 2208 1558 2263 mnus
1568 2209 1855 2265 circnmfmdisunt

228 2284 272 2340 De
291 2286 351 2341 istis
364 2304 429 2343 vero
447 2295 581 2344 sectarum
601 2288 721 2353 ducibus,
735 2306 804 2359 quoa
823 2288 981 2353 nominasti,
996 2298 1024 2344 et
1061 2283 1149 2344 Quare
1173 2286 1245 2357 quod
1267 2286 1379 2357 petebas
1396 2286 1539 2354 detestare,
1559 2286 1609 2352 tili,
1627 2304 1695 2343 nam
1715 2289 1857 2359 profanum

228 2365 412 2436 compluribus
436 2366 498 2422 aliis
521 2367 550 2422 id
573 2385 668 2440 genus,
692 2367 782 2423 facilis
809 2368 945 2422 sententia
967 2375 1021 2423 est.
1061 2371 1104 2418 est
1123 2363 1211 2420 valde.
1253 2364 1373 2421 Subinde
1392 2383 1458 2422 vero
1480 2367 1699 2438 interrogantem
1721 2377 1748 2422 11
1770 2368 1857 2432 tudio

228 2442 322 2500 Errori
343 2447 468 2511 varietas,
488 2448 598 2503 veritati
617 2448 707 2503 unitas
726 2446 863 2517 competit.
905 2447 946 2501 Ac
969 2448 1022 2503 nisi
1061 2443 1137 2499 Num
1152 2461 1213 2516 qum
1226 2444 1272 2500 isti
1294 2444 1414 2502 universi
1434 2454 1619 2512 assernerunt,
1634 2447 1729 2501 omnis
1749 2464 1858 2518 prorsus

228 2530 382 2594 temporum
395 2525 498 2596 politice
511 2534 539 2582 et
557 2528 681 2598 provisus
699 2527 832 2597 quemodi
850 2526 1023 2598 ingeniomm
1061 2539 1131 2577 vana
1151 2532 1178 2578 et
1200 2524 1269 2580 falsa
1288 2524 1388 2582 fueret
1409 2525 1502 2597 Atqui,
1520 2525 1569 2592 fili,
1588 2525 1783 2581 infelicitatem
1800 2528 1856 2595 jaan

228 2604 493 2674 peregrinationibus
525 2607 691 2662 adversiores
723 2606 902 2673 emtitissent,
929 2606 1023 2662 multra
1060 2618 1163 2669 narras,
1194 2621 1308 2675 eamque
1342 2604 1538 2676 prodigiosam,
1572 2622 1628 2660 non
1667 2605 1857 2677 ignorantiam.

228 2682 311 2737 etiam
332 2683 395 2739 clia
415 2701 535 2740 errorum
555 2703 610 2742 oras
630 2686 745 2742 fuissent
765 2691 926 2757 peragratas.
970 2686 1023 2741 lm·
1061 2682 1153 2737 Nemo
1165 2684 1239 2738 enim
1257 2700 1313 2739 non
1333 2684 1494 2757 quandoque
1512 2686 1543 2739 in
1563 2683 1680 2755 aliquod
1692 2702 1786 2741 rerum
1804 2687 1855 2740 im·

227 2777 351 2818 mensum
361 2764 433 2819 enim
454 2764 568 2837 pelagus
582 2766 703 2821 veritatis
719 2765 838 2821 insulam
852 2763 1021 2831 circumluitg
1061 2761 1191 2833 pingitur.
1225 2762 1405 2829 Heraclitum,
1419 2781 1482 2819 cnm
1495 2764 1642 2820 scientiam
1654 2764 1691 2819 ab
1704 2764 1858 2820 hominbus

228 2847 257 2894 et
271 2850 415 2912 supersunt
428 2844 517 2899 adhuc
527 2861 604 2900 novas
613 2852 755 2900 ventorum
768 2843 901 2899 idolorum
914 2844 1023 2913 injuriae
1060 2840 1090 2894 in
1098 2841 1206 2898 mundis
1215 2842 1399 2913 privatianus
1413 2844 1442 2897 in
1452 2843 1555 2899 mundo
1565 2847 1708 2899 communi
1720 2845 1857 2916 quesitam

228 2928 255 2975 et
265 2920 446 2991 disjectiones.
467 2923 624 2986 Quinetiam
630 2925 825 2982 nudiustertius
839 2923 1023 2981 Bernardinus
1061 2920 1171 2988 diceret·
1191 2923 1260 2978 ι11111
1279 2921 1308 2978 111
1328 2922 1513 2996 11111010ρῦ11
1526 2923 1642 2979 1111101111
1661 2924 1758 2980 1111111
1771 2924 1855 2980 video

228 2999 353 3057 Telesina
367 3019 476 3059 scenam
489 3004 652 3070 conscendit,
667 3012 694 3059 et
711 3004 832 3060 fabulam
844 3020 942 3060 novam
957 3005 1022 3077 egit,
1061 2999 1255 3067 Democritum,
1271 3020 1333 3058 cum
1352 3010 1456 3058 naturae
1474 3004 1639 3058 immensam
1654 3006 1812 3059 varietatem
1830 3013 1859 3058 et

227 3095 278 3134 nec
290 3080 388 3152 plausu
401 3082 543 3150 celebrem,
558 3100 607 3139 nec
621 3091 783 3155 argumento
795 3083 960 3155 elegantem,
978 3084 1023 3139 An
1060 3079 1194 3136 infinitam
1202 3082 1400 3138 successionem
1411 3083 1542 3148 tribuens,
1553 3100 1584 3138 se
1598 3100 1614 3137 e
1629 3085 1744 3156 regione
1755 3085 1858 3139 sisteret

227 3174 283 3213 nou
305 3160 389 3225 vides,
411 3161 458 3228 fili,
481 3168 539 3218 tum
561 3164 771 3219 eccentricorum
791 3171 819 3218 et
839 3163 1022 3234 cpicyclorum
1061 3168 1218 3216 ceterorum
1233 3162 1289 3217 fere
1307 3161 1775 3234 philosophorumsecularitatibus
1788 3162 1857 3218 dedi

228 3237 420 3309 inganiatorea,
443 3252 500 3297 tum
524 3250 603 3298 terras
626 3243 743 3315 aurigas,
764 3258 843 3314 sequa
864 3250 892 3297 et
911 3244 1023 3314 ancipiti
1061 3239 1235 3307 tissimomm,
1255 3248 1285 3297 et
1307 3241 1504 3312 mancipiorum
1524 3243 1740 3308 consuetudinis,
1760 3250 1790 3298 et
1808 3243 1857 3298 hae

227 3315 470 3386 phaenomenorum
488 3321 662 3378 advocatione
683 3322 825 3395 gauderet
849 3321 965 3378 Proreus
984 3323 1023 3378 ita
1061 3319 1232 3389 oppositione
1253 3328 1397 3392 utrumque
1418 3321 1592 3377 mendacium
1611 3322 1641 3377 in
1661 3340 1692 3378 se
1706 3322 1856 3378 collidendo

227 3402 255 3449 et
268 3396 297 3450 in
311 3398 508 3455 universalibus
522 3401 635 3456 theoriis
648 3403 686 3457 tit.
727 3403 802 3458 Nam
815 3401 899 3457 veluti
914 3402 937 3456 si
952 3403 1021 3474 quis,
1061 3399 1194 3468 perderet,
1216 3407 1244 3456 et
1263 3400 1370 3455 veritati
1391 3399 1462 3455 inter
1484 3410 1611 3456 extrema
1628 3403 1703 3457 viam
1726 3402 1854 3473 quandam

226 3473 322 3547 lingua
335 3480 591 3535 tantumvernacula
605 3480 643 3535 uti
658 3481 747 3536 sciens
762 3480 891 3553 (adverte,
903 3481 950 3546 fill,
958 3498 1023 3536 nam
1060 3478 1186 3548 aperiret,
1200 3496 1256 3535 non
1276 3479 1421 3535 infeliciter
1438 3480 1666 3551 philosophatum
1680 3499 1742 3536 esse
1756 3490 1855 3553 reputo

226 3553 316 3611 simile
343 3565 385 3611 est
411 3558 567 3627 admodum)
596 3561 757 3631 scripturam
778 3559 866 3631 ignoti
890 3562 1023 3616 sermonis
1061 3556 1226 3630 Pythagora
1237 3575 1365 3614 numeros
1388 3558 1472 3614 etiam
1493 3559 1558 3614 boni
1575 3562 1678 3616 ominis
1698 3562 1762 3616 loco
1781 3578 1854 3632 poan

226 3634 325 3703 capiat,
336 3636 382 3689 ubi
396 3637 512 3707 paucula
522 3638 645 3709 quadam
656 3641 739 3695 verba
750 3639 866 3709 sparsim
877 3640 1023 3695 observans
1060 3634 1226 3693 Dindemum
1241 3638 1339 3693 Indum
1354 3639 1426 3710 quod
1444 3655 1550 3694 morem
1564 3639 1737 3711 Anfipbyein
1751 3641 1855 3703 dixerit.

226 3727 283 3767 sura
304 3713 407 3785 lingum
429 3717 567 3772 vocabulis
587 3735 654 3773 sono
675 3725 702 3774 et
724 3718 811 3773 literis
832 3717 956 3783 finitima,
973 3720 1023 3775 illa
1060 3714 1151 3772 laudo.
1192 3717 1264 3779 Quin
1285 3726 1313 3774 et
1333 3717 1482 3789 Epicurum
1504 3718 1637 3775 adversus
1654 3737 1800 3775 caumnrm
1817 3724 1857 3791 (at

226 3792 337 3862 quidem
346 3794 437 3849 statim
447 3812 479 3849 ac
490 3797 603 3852 fidenter
612 3798 732 3866 ejusdem
743 3814 803 3854 ease
812 3797 1022 3869 significationis
1060 3794 1218 3866 loquuntur)
1239 3814 1289 3869 per
1311 3797 1475 3853 intentiones
1498 3804 1525 3853 et
1546 3799 1617 3854 tinea
1639 3799 1856 3871 explicationem,

226 3871 310 3939 ponit,
321 3871 398 3943 (licet
408 3875 443 3929 ab
453 3891 486 3930 ea
493 3876 594 3946 sapius
603 3877 764 3949 longissime
771 3878 919 3944 recedant)
927 3885 1022 3948 postea
1060 3874 1242 3946 disputantem
1263 3876 1327 3931 licet
1352 3877 1498 3947 pueriliter,
1520 3885 1548 3932 et
1568 3878 1747 3950 philologiae,
1768 3888 1856 3933 nmen

227 3966 264 4004 ex
282 3951 317 4006 iis
334 3952 452 4009 invicem
470 3954 576 4011 collatis
597 3957 730 4028 reliquum
752 3956 881 4011 orationis
903 3974 1021 4022 sensum,
1059 3969 1113 4009 non
1127 3955 1228 4011 invitus
1242 3955 1331 4011 audio.
1358 3957 1448 4012 Etiam
1463 3957 1636 4027 Pyrrhonem
1644 3966 1671 4012 et
1681 3958 1857 4014 Academicos

225 4028 313 4085 multo
325 4030 431 4103 ingenii
444 4033 545 4100 labore,
557 4036 605 4090 sed
618 4042 647 4090 et
659 4038 746 4091 multa
758 4035 890 4101 libertate,
902 4036 1020 4093 divinat:
1060 4033 1225 4101 vacillantes,
1244 4044 1273 4090 et
1295 4052 1310 4091 1
1332 4035 1412 4090 linire
1432 4035 1585 4108 1011111111,
1599 4044 1627 4091 11
1646 4054 1715 4110 1131
1734 4038 1809 4093 111011
1827 4056 1855 4093 11

222 4108 337 4163 'omnino
350 4111 419 4167 tales
433 4120 461 4168 et
474 4114 520 4168 isti
537 4123 641 4170 natura
661 4115 824 4186 interpretes
837 4116 1020 4172 inveniuntur.
1059 4120 1185 4183 gerentes
1212 4114 1295 4170 veluti
1323 4122 1457 4171 amatores
1484 4115 1619 4187 quosdam
1646 4134 1769 4173 morosos
1797 4117 1854 4189 (qni

225 4185 300 4242 Nam
321 4189 394 4244 idola
414 4193 528 4264 quiaque
549 4210 599 4249 sua
620 4197 685 4264 (non
703 4194 762 4263 jam
781 4211 870 4250 scenm
890 4194 958 4259 dico,
973 4196 1021 4251 aed
1059 4193 1178 4247 amamus
1205 4210 1268 4249 suos
1291 4211 1401 4265 semper
1426 4195 1533 4265 probris
1559 4196 1692 4260 afficiunt,
1718 4214 1854 4269 nunquam

225 4266 361 4337 praecipue
382 4270 442 4336 fori,
459 4279 487 4326 et
507 4275 618 4344 specus)
633 4273 716 4329 veluti
735 4272 848 4344 linguae
862 4274 1021 4331 vernaculas
1059 4270 1200 4340 deserunt)
1215 4274 1299 4329 animi
1313 4281 1341 4328 et
1361 4274 1508 4329 hilaritatis
1522 4275 1612 4346 gratia
1626 4275 1755 4332 adhibeo.
1796 4277 1854 4331 Nec

225 4343 353 4411 diversas,
377 4348 411 4402 ad
439 4350 580 4407 historiam
607 4352 759 4417 afferentes,
787 4353 932 4409 confestim
960 4371 1021 4425 quae
1058 4350 1203 4407 immerito
1243 4351 1365 4408 Crateros
1379 4354 1452 4408 enim
1466 4352 1540 4409 idola
1553 4371 1682 4424 prorsum
1699 4356 1854 4428 agimthos

225 4421 314 4479 simila
339 4425 441 4498 aliquid
460 4438 564 4496 sonant,
584 4433 725 4503 arripiunt,
748 4438 846 4488 catera
866 4450 902 4488 es
923 4432 1020 4489 horum
1058 4446 1122 4484 vero
1136 4430 1165 4486 in
1179 4430 1288 4496 orbemc
1310 4432 1383 4503 quod
1399 4433 1520 4501 jaconus
1534 4440 1586 4489 est.
1626 4433 1759 4507 Denique
1773 4435 1853 4491 Pars·

225 4506 385 4572 symmetria
399 4508 616 4580 interpretantur,
1058 4508 1160 4565 celsum
1175 4517 1201 4565 et
1210 4510 1366 4567 Severinum
1379 4529 1441 4567 cum
1456 4513 1538 4568 tantis
1549 4512 1718 4571 clamoribus
1732 4515 1854 4570 homines

265 4582 354 4654 Atque
372 4585 432 4654 jam
448 4594 555 4659 tempus
574 4598 625 4656 est,
638 4589 685 4654 fili,
701 4598 731 4644 ut
747 4606 797 4646 nos
815 4590 979 4661 recipiamus
992 4598 1020 4646 et
1058 4587 1092 4642 ad
1106 4590 1281 4660 experientia
1294 4598 1452 4663 suggestum
1466 4601 1626 4658 convocant,
1635 4611 1780 4664 precones
1792 4593 1854 4649 mibi

224 4662 376 4731 expiemus,
391 4674 484 4737 utpote
503 4668 550 4739 qni
571 4678 628 4725 tam
644 4670 759 4739 profana
775 4678 802 4725 et
819 4669 922 4740 polluta
942 4670 1020 4741 (licet
1058 4677 1165 4739 exopto.
1194 4669 1265 4731 Quid
1278 4669 1384 4742 igiturl
1405 4670 1481 4725 Num
1494 4672 1617 4727 veritatis
1631 4684 1778 4745 compotes
1791 4672 1852 4728 isti?

224 4740 392 4813 importandi
407 4746 511 4815 animo)
533 4748 773 4805 attrectaverimua.
814 4749 955 4821 ligavero
974 4750 1019 4804 ad·
1057 4747 1268 4805 Nihilominus
1309 4749 1346 4804 Et
1366 4750 1535 4817 rusticorum,
1557 4750 1606 4815 fili,
1627 4754 1778 4823 proverbia
1796 4769 1853 4807 nco

224 4837 318 4876 rernu
331 4822 399 4878 istos
412 4841 506 4880 omnes
520 4825 633 4892 minora,
648 4845 728 4899 quarn
749 4845 798 4898 pro
818 4829 939 4900 ipsonrm
957 4845 1018 4884 son·
1057 4826 1133 4882 nulla
1145 4828 1270 4898 apposite
1284 4828 1319 4883 ad
1333 4829 1474 4884 veritatem
1488 4829 1622 4886 dicuntur.
1664 4830 1720 4887 Sus
1734 4832 1851 4888 rostroa'

223 4898 330 4955 tissima
339 4912 424 4969 reatu,
439 4904 503 4959 dixi.
544 4906 586 4961 Tu
600 4914 690 4962 tamen
705 4907 818 4963 fortasse
835 4908 924 4963 minus
937 4908 1017 4963 istam
1058 4905 1126 4961 forte
1151 4906 1227 4962 humi
1248 4907 1273 4962 A
1295 4906 1403 4964 literam
1425 4908 1603 4980 impresserit,
1620 4927 1688 4965 num
1712 4922 1851 4983 propterea

224 4979 441 5050 redargutionem
464 4983 604 5055 intelligis.
646 4987 720 5040 Nam
743 5003 794 5057 pro
813 4994 888 5042 certo
907 4987 1017 5051 habeas,
1057 4986 1229 5056 suspicabare
1256 4986 1392 5059 integram
1422 4989 1594 5060 trsgoediam,
1625 4988 1711 5045 veluti
1749 4991 1848 5046 literam

224 5056 271 5120 tili,
286 5061 434 5116 sententiaa
455 5063 530 5126 istas,
549 5081 616 5135 quas
637 5065 765 5121 adversus
784 5066 852 5120 istos
868 5065 926 5131 tuli,
947 5066 1018 5121 nihil
1056 5082 1146 5131 unam,
1160 5066 1196 5119 ab
1209 5082 1243 5121 ea
1261 5083 1342 5137 posse
1362 5067 1504 5122 describi?
1525 5067 1621 5142 Longe
1642 5070 1701 5124 alia
1716 5080 1761 5126 est
1780 5070 1846 5129 raba

223 5137 314 5192 minua
328 5155 387 5193 esse
401 5157 482 5211 quam
499 5141 700 5198 contumeliam.
741 5144 802 5216 Ego
821 5145 893 5200 enim
913 5162 976 5210 non,
988 5155 1018 5200 ut
1056 5143 1103 5208 uli,
1118 5145 1246 5210 veritatis,
1261 5154 1377 5216 qnoeest
1390 5164 1426 5201 ex
1439 5146 1560 5202 scientiae
1573 5148 1712 5219 andogm,
1724 5150 1781 5205 alia
1795 5164 1845 5219 qus

223 5213 345 5271 Velleius
360 5220 431 5289 apud
446 5220 615 5285 Ciceronem,
630 5222 794 5278 declamator
813 5231 840 5278 et
860 5224 1017 5296 philologus
1056 5241 1092 5277 ex
1102 5223 1167 5278 idoli
1181 5226 1301 5279 sectione
1315 5227 1480 5281 enuntiatur.
1523 5226 1576 5280 Illa
1589 5237 1719 5283 constans
1733 5238 1762 5282 et
1775 5238 1847 5299 quota

223 5294 366 5362 opiniones
387 5299 486 5353 omnim
508 5301 699 5371 perstringens,
724 5308 752 5354 et
775 5304 865 5374 magis
885 5304 1018 5371 abjiciens
1055 5304 1172 5374 gemina,
1191 5304 1251 5359 haec
1273 5304 1376 5359 discors
1397 5313 1425 5359 et
1447 5304 1578 5359 solitaria.
1618 5306 1697 5367 Quod
1720 5309 1804 5361 etiam
1823 5305 1849 5359 in

224 5388 305 5461 quam
329 5373 464 5446 frangens,
479 5378 552 5433 velut
567 5379 697 5449 Agrippa,
711 5382 862 5436 neotericus
883 5382 973 5448 homo,
988 5385 1015 5438 in
1056 5382 1230 5453 operibustit.
1261 5382 1355 5438 Pulvis
1370 5392 1563 5439 tormentorum
1577 5385 1600 5439 si
1615 5386 1705 5449 duom
1720 5403 1775 5440 non
1788 5402 1849 5439 casu

222 5453 375 5506 istiusmodi
395 5470 519 5512 sermone
534 5474 569 5512 ne
582 5458 762 5513 nominandus
776 5460 894 5530 quidem,
909 5462 957 5517 sed
971 5462 1017 5518 tri·
1056 5463 1099 5529 (ut
1121 5460 1280 5532 loquuntur)
1308 5470 1337 5518 et
1361 5463 1481 5535 impactu
1508 5463 1647 5521 inventum
1671 5466 1846 5527 fuissentne
