3800 5875
372 313 628 384 PARMENIDIS,
649 316 808 384 sanasti,
829 315 1114 373 arsamosata!
1138 318 1407 377 PHtLososffla
1647 323 1705 379 693

66 472 352 545 nttditstiproxintum
364 483 421 540 est3
436 485 516 546 atque
525 475 681 545 hujusmodi
692 487 802 541 vestem,
812 495 873 550 qaae
910 485 1001 532 tamen
1013 476 1098 532 ullum
1113 478 1171 546 ejus
1182 480 1221 533 rei
1236 480 1345 534 modum
1355 481 1502 544 ostendere,
1515 482 1707 550 speculationis

67 560 114 609 est
128 551 175 630 (ιιι
188 550 325 628 diximus)
340 557 394 610 reli
409 557 559 626 cujuspiam
574 558 668 622 instar,
681 574 735 611 non
751 558 873 627 proiecto
909 558 1049 626 cujusdam
1064 560 1187 612 attonitae
1196 559 1310 625 ridetur,
1321 567 1350 613 et
1364 560 1569 631 inquisitionem
1584 563 1708 617 deseren-

68 633 137 689 ιιιιι
157 635 302 705 spissioris
345 635 457 690 Vestem
479 645 570 691 sutem
591 638 734 707 Cupidinis
754 636 873 708 appella·
910 638 952 691 tis.
1008 639 1082 691 Nam
1106 639 1129 692 si
1157 637 1191 691 de
1217 639 1329 709 reipsa
1357 657 1408 711 per
1429 657 1537 695 sensum
1561 653 1706 709 constaret,

67 731 135 769 mus
160 715 276 770 formam
295 717 417 787 aliquam
440 718 564 771 materies
586 718 682 788 primae
707 717 871 781 attributam,
911 717 1051 772 fereadum
1066 726 1144 782 esset,
1158 717 1223 771 licet
1236 721 1331 774 modus
1345 728 1416 773 esset
1430 721 1457 772 ia
1470 720 1599 784 obscuro;
1614 741 1706 777 mrsus

68 811 135 865 quta
154 804 291 850 asseratur
312 813 373 850 esse
392 814 452 851 cum
474 796 562 851 forma
582 797 698 864 alicujus
717 815 752 852 ex
767 799 872 852 entibus
911 798 933 851 si
955 797 1051 852 modus
1062 799 1089 850 ιι
1113 798 1224 852 rationis
1244 808 1337 853 erutus
1351 809 1423 854 esset
1445 799 1544 871 aliquis
1564 800 1665 855 habilis
1678 811 1707 857 et

68 875 201 929 secundis
210 876 424 931 substantialiter
434 878 613 948 homogenea.
637 877 693 931 Ista
704 885 797 932 autem
812 895 873 949 quae
910 876 1057 940 credibilis,
1071 877 1264 932 discedendum
1279 880 1393 933 tortasse
1407 880 1442 932 ab
1456 882 1643 950 apparentiis3
1659 884 1707 936 sed

68 953 106 1008 de
125 971 206 1027 aqua,
220 955 293 1022 aere,
314 957 387 1028 igne,
402 957 437 1010 ab
458 958 517 1011 istis
536 965 702 1022 asseruntur,
716 974 771 1011 uon
787 957 873 1012 firmis
911 957 1022 1010 minime
1037 957 1226 1027 postulandum
1239 966 1268 1012 ut
1282 959 1316 1011 iis
1330 960 1517 1022 assentiamus,
1527 977 1640 1031 qaorum
1655 979 1706 1015 nec

68 1034 218 1090 admodum
237 1036 388 1092 maenibus
404 1038 478 1100 nixa,
498 1037 697 1108 reprehendere
715 1053 772 1091 nou
792 1036 872 1091 luerit
910 1037 983 1089 entia
997 1052 1046 1106 per
1056 1053 1164 1090 sensum
1180 1037 1332 1101 manifesta,
1346 1054 1434 1109 neque
1448 1039 1645 1108 explicationes
1659 1058 1707 1111 per

67 1114 200 1181 umore,
214 1133 304 1188 neque
317 1133 400 1172 causa
413 1117 519 1172 ridetur
532 1135 580 1171 cur
593 1117 627 1172 de
645 1117 762 1188 singulis
775 1117 872 1171 disser-
911 1116 1042 1169 rationem
1058 1116 1219 1185 probabiles
1242 1117 1386 1182 Proeterea‚
1395 1119 1416 1171 si
1433 1137 1516 1173 unum
1530 1129 1601 1172 esset
1617 1139 1705 1175 reram

68 1211 159 1261 smus
171 1197 360 1252 sedtantum
351 1214 382 1251 ιιι
395 1214 505 1268 genere.
534 1196 733 1268 Pn'moitaque
748 1197 873 1251 videntur
910 1195 1293 1266 pnacrprum,debuerate1us
1308 1198 1427 1268 conspici
1443 1198 1470 1251 ia
1485 1200 1610 1254 omnibus
1626 1200 1706 1256 rebus

68 1275 180 1347 antiqui
202 1276 272 1330 illi
264 1295 294 1332 ru
314 1277 490 1348 inquisitione
514 1277 718 1348 principiorum,
737 1278 871 1331 rationem
910 1283 975 1329 uota
990 1276 1120 1346 quiedam,
1136 1284 1164 1329 et
1183 1285 1312 1348 tanquam
1332 1289 1423 1347 partes
1445 1280 1572 1370 potiores,
1588 1289 1614 1332 et
1636 1297 1706 1350 prar-

68 1371 127 1410 non
142 1347 287 1411 admodum
301 1365 410 1412 acutam
424 1357 582 1422 instituisse,
597 1357 711 1412 sedhac
725 1357 872 1412 solummo·
911 1355 1079 1409 dominantia
1107 1355 1254 1420 nonnulla;
1277 1373 1364 1425 neque
1385 1358 1501 1412 inveniri
1525 1359 1705 1429 principatum

68 1434 109 1489 do
128 1436 228 1508 egisse,
247 1445 277 1492 ιιι
297 1454 333 1491 ιιι
353 1437 512 1507 corporibus
533 1437 728 1509 apparentibus
742 1445 769 1492 et
784 1439 872 1492 mani·
911 1434 1004 1499 ullum,
1017 1436 1090 1506 quod
1103 1436 1422 1505 principioesdiametro
1435 1449 1593 1508 opponatur.
1615 1440 1706 1495 Etiam

68 1515 159 1578 festis,
174 1517 246 1586 quod
260 1518 379 1572 maxime
394 1517 549 1582 excelleret,
564 1526 730 1589 quaererent;
752 1527 786 1582 et,
801 1518 872 1589 quod
911 1515 939 1568 ιιι
954 1516 1045 1569 media
1058 1516 1184 1569 collocari
1198 1515 1334 1582 debuerat,
1350 1527 1380 1572 ut
1399 1517 1524 1572 omnibus
1539 1520 1706 1576 commodius

69 1594 127 1650 tale
149 1596 300 1662 videbatur,
325 1598 490 1668 principium
514 1615 605 1652 rerum
632 1605 780 1669 ponerent;
813 1607 872 1651 tan·
911 1597 953 1649 sui
974 1596 1080 1666 copiam
1104 1596 1211 1660 laceret,
1226 1604 1253 1649 et
1276 1614 1324 1666 per
1343 1598 1474 1652 ambitum
1490 1615 1520 1653 ae
1536 1599 1705 1655 diffunderet.

68 1692 158 1747 quarn
171 1692 222 1747 per
235 1677 431 1742 excellentiam,
445 1695 499 1731 non
513 1695 576 1731 vere
592 1686 638 1732 aut
653 1678 775 1733 realiter.
817 1678 872 1731 Pu·
912 1675 948 1728 At
962 1674 1059 1730 horum
1073 1675 1142 1729 nihil
1157 1694 1216 1730 esse
1231 1678 1259 1729 in
1274 1676 1329 1731 illis
1343 1677 1450 1747 placitis
1464 1679 1609 1733 invenitur.
1632 1681 1706 1735 Nam

69 1755 169 1811 tabant
189 1757 261 1811 euim
283 1756 440 1825 hujusmodi
460 1765 585 1812 naturam
606 1758 725 1828 dignam,
740 1775 801 1829 quae
814 1758 874 1811 sola
911 1763 990 1819 terra,
1000 1757 1227 1827 quaeaprincipii
1241 1756 1343 1811 honore
1352 1768 1500 1827 separatur,
1510 1769 1536 1812 et
1545 1759 1705 1826 excluditur,

67 1851 134 1891 esse
147 1835 284 1891 diceretur
298 1838 387 1909 qualis
407 1845 535 1908 apparet:
555 1846 654 1893 caetera
671 1854 737 1892 vero
758 1838 872 1892 eandem
912 1835 1018 1889 videtur
1031 1837 1167 1905 suscipere
1182 1845 1209 1889 et
1230 1836 1323 1891 lovere
1337 1847 1449 1892 naturas
1467 1838 1522 1892 illis
1536 1840 1621 1893 tribus
1634 1841 1707 1909 prin-

68 1916 164 1987 ipsam
176 1926 303 1971 naturam
320 1934 381 1972 esse
403 1918 602 1981 existimabant,
617 1910 687 1973 licei
702 1918 814 1972 minime
832 1935 872 1972 se·
911 1913 1046 1985 cipalibus
1061 1916 1207 1986 oppositas,
1224 1933 1286 1971 cum
1301 1918 1334 1971 ad
1348 1917 1527 1972 mobilitatem
1541 1927 1569 1972 et
1588 1918 1706 1975 lucidam

68 1996 192 2051 cundum
212 1997 416 2068 apparentiam
438 2007 467 2052 ut
480 1997 524 2052 vel
537 2015 588 2069 per
602 2006 708 2068 tropum
723 1997 815 2063 ιιιιιιιι,
828 1998 873 2051 ιιι
911 2003 1036 2049 naturam
1049 1995 1122 2065 ignis
1136 2004 1255 2066 opponat
1269 2005 1393 2052 naturam
1407 1999 1525 2068 quietam
1538 2006 1567 2052 et
1580 2015 1705 2069 apacam;

69 2081 204 2148 tanquam
223 2077 349 2132 fascinati
367 2078 515 2141 rideantur,
531 2096 593 2133 cum
612 2079 756 2148 impressio
780 2078 874 2131 sortior
911 2074 946 2128 sd
960 2075 1121 2129 tenuitatem
1135 2086 1164 2129 et
1185 2075 1328 2130 mollitiem
1347 2077 1426 2142 aeris,
1442 2087 1560 2148 opponat
1580 2080 1706 2134 similiter

68 2155 179 2228 reliqua
203 2158 326 2212 traxerit.
368 2157 405 2212 At
424 2175 486 2212 vere
506 2158 742 2227 contemplantem,
765 2175 873 2228 aequum
911 2163 1038 2208 naturam
1059 2155 1171 2211 densam
1192 2164 1220 2210 et
1239 2156 1334 2210 duram
1346 2180 1353 2222 ς
1375 2166 1403 2212 et
1423 2157 1457 2210 ad
1479 2157 1665 2212 humiditatem
1679 2168 1707 2214 et

70 2251 103 2291 se
116 2236 241 2307 praebere
254 2245 361 2308 oportet
375 2238 409 2291 ad
423 2238 521 2302 omnia,
540 2245 620 2308 atque
635 2238 770 2307 principia
783 2255 872 2291 rerum
912 2235 1108 2306 sequacitatem
1136 2252 1221 2307 aquae,
1248 2246 1372 2290 naturam
1400 2237 1508 2300 siccam,
1536 2238 1652 2308 rigidam
1681 2247 1709 2294 et

69 2325 202 2382 statuere,
222 2335 283 2388 quae
304 2318 388 2372 etiam
408 2335 470 2372 cum
488 2318 609 2372 minimis
631 2326 658 2371 et
676 2317 831 2381 rarissimis,
846 2325 874 2371 et
911 2331 1053 2384 asperam
1076 2324 1157 2386 atque
1176 2317 1238 2386 ipsa
1261 2333 1368 2387 quoque
1390 2324 1461 2370 terra
1477 2317 1596 2371 me'dium
1618 2318 1707 2374 locum

69 2397 195 2450 maxime
212 2396 328 2452 desertis
351 2397 555 2470 quibuscunque
580 2398 682 2452 entium
703 2397 872 2462 conveniant,
912 2396 1058 2464 occuparit,
1086 2396 1191 2449 caeteris
1218 2396 1376 2451 deturbatis.
1426 2396 1518 2461 Porro,
1547 2399 1570 2450 si
1599 2400 1708 2454 unicum

68 2492 128 2529 non
143 2483 247 2531 tantum
261 2493 323 2531 cum
337 2478 464 2532 maximis
478 2485 505 2532 et
517 2477 641 2547 plurimis
663 2485 690 2531 et
708 2476 872 2548 rigentibus.
911 2482 985 2528 esset
1004 2492 1094 2529 rerum
1114 2476 1286 2545 principium,
1308 2475 1436 2530 debuerat
1457 2484 1483 2529 et
1505 2477 1573 2530 illud
1596 2486 1652 2532 tum
1673 2480 1708 2532 ad

69 2555 154 2609 Licet
167 2556 241 2611 euim
261 2573 311 2610 nos
329 2557 457 2612 homines
470 2558 552 2622 entia,
568 2575 628 2628 quae
647 2556 768 2612 maxime
783 2573 873 2611 occur·
911 2572 999 2608 rerum
1019 2555 1229 2625 generationem,
1252 2563 1307 2610 turn
1324 2556 1358 2609 ad
1380 2573 1473 2610 earum
1493 2556 1707 2622 dissolutionem,

71 2644 146 2699 runt,
163 2637 283 2692 maxime
297 2638 434 2703 miremur,
449 2645 541 2691 tamen
559 2645 662 2690 naturae
677 2637 752 2691 sinus
767 2636 802 2688 ad
819 2652 874 2689 om·
912 2651 1019 2705 tequam
1032 2635 1152 2705 praebere
1167 2645 1299 2689 naturam.
1339 2636 1407 2689 Tam
1423 2637 1494 2689 enim
1510 2645 1551 2689 est
1571 2638 1707 2709 principii,

70 2716 120 2769 nia
133 2716 251 2772 laxatur.
292 2716 403 2778 Quodsi
416 2717 579 2787 principium
594 2715 661 2770 illud
675 2734 752 2771 suum
764 2724 874 2769 teneant
912 2721 941 2767 ιιι
955 2731 999 2767 ιιι
1014 2714 1042 2766 in
1057 2713 1125 2767 illud
1138 2714 1283 2779 salvantur,
1295 2732 1374 2786 quam
1389 2724 1416 2768 ut
1426 2732 1469 2769 res
1484 2732 1518 2769 ex
1533 2715 1581 2768 illo
1595 2718 1709 2788 gignan-

70 2807 128 2849 ιιοιι
143 2795 405 2865 perexcellentium,
419 2797 467 2851 sed
486 2797 665 2867 simpliciterr
686 2795 873 2851 videnturuti-
913 2801 963 2847 tur.
1006 2793 1043 2847 At
1062 2793 1116 2847 hac
1136 2811 1190 2847 non
1210 2795 1259 2858 fit;
1281 2794 1329 2848 sed
1350 2813 1385 2848 ex
1400 2796 1434 2848 iis
1448 2796 1606 2864 corporibus
1620 2802 1669 2851 aer
1682 2805 1709 2851 et

71 2892 127 2948 qne
148 2876 177 2930 ιιι
200 2877 335 2932 duriorem
357 2884 466 2949 tropum
485 2878 622 2939 incidere3
644 2895 705 2932 curn
727 2894 771 2931 res
793 2875 874 2946 plane
912 2874 986 2944 ignis
1004 2873 1038 2927 ad
1057 2874 1200 2928 materiam
1221 2875 1403 2945 generationis
1424 2874 1597 2946 praebendam
1616 2878 1710 2948 inepta

70 2956 224 3012 deducatur
244 2958 279 3012 sd
300 2958 477 3030 aequivocam,
498 2976 587 3029 neque
608 2958 641 3012 de
662 2959 727 3030 igne
749 2956 873 3019 naturali,
913 2955 1043 3018 videatur,
1052 2954 1087 3007 ad
1101 2973 1192 3009 eorum
1206 2956 1395 3009 resolutionem
1407 2956 1594 3026 excipiendam
1604 2966 1708 3026 parata.

71 3043 121 3089 aut
135 3036 254 3091 naturali
269 3037 340 3102 aere,
352 3046 399 3093 aut
408 3055 487 3110 aqua,
500 3038 572 3110 quod
586 3047 716 3101 asserunt,
732 3037 873 3107 praedicari
913 3034 949 3086 At
964 3052 1035 3105 aqua
1048 3045 1142 3087 contra
1160 3033 1194 3087 ad
1217 3036 1420 3105 generationem
1442 3032 1561 3107 benigna
1581 3045 1609 3089 et
1628 3037 1709 3103 alma,

70 3116 263 3180 videmussed
277 3118 310 3172 de
325 3118 389 3189 igne
404 3118 498 3189 aliquo
511 3119 685 3189 phantastico
696 3125 723 3171 et
734 3116 873 3181 nationali,
913 3114 947 3167 ad
962 3115 1153 3168 resolutionem
1169 3116 1226 3168 sire
1241 3115 1440 3169 restitutionem
1461 3116 1552 3186 magis
1572 3114 1662 3170 aliena
1683 3124 1710 3172 et

73 3196 116 3264 (et
135 3197 175 3249 sic
190 3198 223 3251 de
237 3198 366 3267 crateris)
382 3199 427 3268 qui
442 3215 542 3253 nornen
557 3199 629 3269 ignis
644 3199 767 3260 retineat,
782 3196 874 3249 delini·
913 3211 1023 3258 arersa;
1045 3194 1073 3246 id
1088 3194 1159 3265 quad
1182 3193 1260 3248 facile
1274 3204 1436 3260 cerneretur,
1452 3196 1474 3248 si
1489 3195 1590 3249 imbres
1609 3197 1710 3266 paulis·

72 3277 177 3330 tionem
199 3277 326 3348 abneget.
367 3277 454 3331 Porro
468 3279 594 3332 videatur
615 3288 643 3333 et
663 3277 704 3331 illi
728 3278 756 3331 in
778 3276 873 3329 eadem
913 3285 1121 3344 percenserent.
1162 3274 1233 3334 Quin
1248 3282 1274 3327 et
1288 3275 1450 3345 putrefactio
1468 3275 1616 3344 ipsaaullo
1630 3278 1711 3331 modo

72 3354 248 3410 incommoda
270 3356 405 3426 compelli,
429 3375 490 3429 quar
518 3365 664 3412 assertores
685 3357 806 3412 materias
830 3355 875 3408 ab·
913 3371 957 3407 res
967 3353 1002 3406 ad
1016 3370 1115 3425 aquam
1130 3371 1223 3424 puram
1239 3361 1266 3407 et
1280 3353 1391 3408 crudam
1406 3354 1513 3425 redigit.
1556 3353 1612 3409 Sed
1628 3356 1709 3429 longe

73 3443 184 3490 nmctae
198 3436 322 3492 subeunt.
350 3436 389 3490 Ut
403 3438 476 3491 enirn
491 3437 531 3491 illi
546 3438 688 3491 materiam
701 3434 875 3507 potentialem
913 3435 1050 3487 maximus
1071 3451 1153 3498 error,
1168 3434 1239 3504 quod
1258 3435 1454 3489 constituerunt
1472 3433 1637 3505 principium
1653 3454 1711 3491 cor·

72 3523 104 3569 et
123 3514 327 3586 phantasticam
341 3534 378 3570 ex
391 3526 456 3582 toto,
471 3517 509 3571 ita
530 3525 558 3571 et
579 3518 624 3572 isti
640 3535 675 3572 ex
696 3523 771 3587 parte
792 3515 875 3569 intra
913 3514 1042 3584 ruptibile
1057 3522 1084 3566 et
1103 3514 1226 3568 mortale.
1270 3515 1301 3567 ld
1316 3515 1389 3568 eninr
1405 3514 1515 3578 iaciunt,
1530 3531 1593 3568 cum
1613 3515 1712 3587 priuci-

71 3594 184 3650 ducunt.
234 3594 343 3650 Ponunt
370 3597 452 3651 etiam
480 3598 625 3652 materiam
653 3596 743 3667 quoad
770 3594 875 3666 aliquid
913 3594 988 3663 pium
1005 3593 1178 3647 introducunt
1192 3593 1254 3659 tale,
1270 3594 1341 3664 quod
1361 3601 1484 3648 naturam
1500 3610 1577 3648 suam
1597 3596 1626 3651 iu
1639 3613 1711 3653 com·

72 3675 254 3745 (principium
272 3674 339 3729 illud
360 3692 459 3748 nempe
480 3676 571 3745 suum)
586 3678 729 3731 sarmatam
742 3684 770 3730 et
783 3684 875 3729 actua·
914 3674 1010 3743 positis
1026 3674 1131 3727 deserat
1145 3686 1172 3727 et
1186 3673 1314 3744 deponat.

72 3753 147 3817 lema
169 3755 258 3826 quoad
285 3754 393 3827 reliqua
421 3764 526 3810 tantum
551 3756 735 3826 potentialem.
776 3757 874 3825 Neque

72 3833 180 3905 aliquid
204 3833 272 3889 lucri
293 3835 352 3890 lieri
376 3852 426 3906 per
447 3837 522 3890 istud
542 3853 628 3908 genas
651 3836 778 3906 principii
803 3835 875 3889 unici

71 3913 185 3968 videtur
202 3915 299 3986 magis,
315 3932 397 3987 quam
420 3933 470 3986 per
483 3916 551 3971 illud
572 3916 693 3970 marenae
710 3916 870 3978 abstractae;

71 3993 129 4047 nisi
143 3993 217 4064 quod
231 3995 348 4050 habetur
361 3994 464 4067 aliquid
478 3997 550 4067 quod
568 3996 727 4049 obversetur
741 3996 776 4048 ad
797 3994 875 4047 intel·
954 3991 1057 4045 Verum
1071 3989 1124 4044 hac
1141 3991 1248 4045 ratione
1263 3992 1352 4062 magis
1366 3991 1445 4045 nobis
1464 4006 1533 4060 opus
1548 3989 1600 4043 erit
1611 3989 1709 4053 statim,

72 4073 176 4128 lectum
197 4074 355 4140 humanum,
370 4075 399 4129 ιιι
417 4092 477 4146 quo
496 4076 627 4146 cogitatio
648 4075 769 4129 humana
787 4073 876 4144 magis
914 4089 976 4125 cum
998 4072 1031 4123 ad
1051 4070 1128 4124 illam
1147 4071 1255 4125 tertiam
1277 4078 1385 4134 sectam,
1411 4087 1472 4141 quae
1492 4070 1572 4139 plura
1589 4068 1711 4123 decrerit

72 4152 211 4224 deligatur
228 4163 257 4207 et
277 4156 442 4226 acquiescat,
462 4161 489 4209 et
509 4172 559 4226 per
573 4155 645 4227 quod
658 4155 735 4208 notia
749 4152 876 4225 principii
915 4168 1007 4205 rerum
1030 4151 1172 4220 principia,
1194 4167 1284 4204 sermo
1308 4151 1367 4218 jam
1392 4149 1486 4203 ordine
1510 4148 1637 4203 devectus
1657 4149 1710 4214 sit3

73 4233 164 4304 ipsius
178 4234 261 4304 paulo
280 4233 387 4306 plenior
401 4235 443 4298 sit,
456 4233 621 4306 reliquarum
633 4234 754 4288 omnium
769 4234 875 4287 abstru-
915 4248 976 4301 quae
997 4239 1070 4284 certe
1093 4239 1167 4283 secta
1185 4230 1248 4301 plus
1268 4230 1373 4283 roboris
1393 4230 1494 4283 habere
1510 4228 1595 4282 videri
1616 4229 1710 4299 possit,

74 4313 133 4367 sior
148 4321 175 4366 et
190 4314 288 4369 durior.
330 4315 385 4369 Sed
396 4314 501 4368 scilicet
513 4314 562 4368 illa
575 4323 655 4368 aetate
665 4313 876 4384 praedicamenta
915 4310 976 4380 plus
1000 4310 1151 4380 praejudicii
1171 4320 1244 4364 certe
1265 4309 1357 4364 habet.
1401 4310 1496 4380 ltaque
1515 4308 1551 4362 ad
1571 4309 1712 4380 opiniones

74 4410 257 4464 regnumnon
269 4405 437 4466 acceperant,
449 4403 481 4449 ut
494 4394 626 4464 patuisset
640 4391 877 4464 principiumillud
916 4408 968 4445 non
984 4390 1132 4444 secundum
1153 4407 1240 4462 genus
1260 4398 1288 4445 et
1310 4390 1338 4444 in
1358 4390 1506 4457 communi,
1521 4389 1569 4444 sed
1590 4387 1712 4460 singulas

72 4474 200 4529 materiae
214 4473 357 4529 abstractae
371 4475 456 4529 latere
471 4474 522 4529 sub
536 4474 588 4528 lide
602 4482 630 4527 et
646 4472 731 4528 tutela
745 4473 877 4543 praedica·
915 4471 1082 4524 accedemus.

73 4554 162 4608 menti
178 4554 346 4609 substantiae.
369 4556 465 4626 ltaque
476 4570 558 4609 nemo
571 4571 653 4609 ausus
666 4561 707 4607 est
721 4554 877 4623 confingere

74 4634 221 4688 materiam
237 4633 356 4705 aliquam
377 4634 458 4705 plane
480 4634 687 4704 phantasticam,
704 4632 752 4687 sed
772 4632 876 4703 princi·
958 4630 1066 4691 lassos
1080 4647 1115 4684 ex
1129 4629 1171 4695 iis,
1187 4629 1233 4701 qui
1243 4629 1320 4701 plura
1335 4630 1470 4700 principia
1483 4630 1618 4693 dixerunt,
1633 4644 1712 4698 sepa·

74 4712 154 4783 pium
182 4722 333 4768 statuerunt
360 4716 508 4769 secundum
536 4730 661 4777 seasum;
689 4712 800 4783 aliquod
828 4729 876 4767 ens
917 4710 1037 4763 rabimus
1052 4727 1107 4772 eos,
1126 4710 1173 4781 qui
1192 4711 1300 4763 infinita
1313 4719 1444 4765 asserunt.
1487 4709 1537 4764 llle
1551 4709 1623 4763 enisu
1637 4707 1713 4761 locus

50 4795 420 4857 ,ιιιιιιιιςιιιοιιιιιιιιιιιιιιι
440 4795 500 4863 ejus
520 4793 695 4864 dispensandi
710 4791 878 4863 (libertasse
916 4789 1119 4844 deiutinitaad
1134 4790 1291 4859 parabolam
1306 4789 1376 4843 Coeli
1391 4790 1517 4859 pertinet.
1558 4789 1660 4843 Verum
1675 4805 1713 4841 ex

73 4876 218 4943 gerentes)
229 4873 441 4944 phantasacum
482 4874 564 4929 thrl
578 4890 651 4927 earm
665 4872 813 4934 inveniunt
824 4872 879 4926 imo
916 4871 1035 4941 antiquis
1056 4869 1232 4923 Parmenides
1247 4869 1404 4923 duorerum
1425 4869 1566 4939 principia,
1580 4868 1672 4937 ignem
1687 4874 1714 4921 et

73 4969 127 5006 nec
145 4946 396 5019 comminiscuntur,
411 4971 465 5024 quo
485 4954 609 5024 appetitu
625 4960 671 5007 aut
693 4951 813 5015 stimulo,
832 4958 879 5005 aut
918 4957 1025 5014 terram,
1040 4949 1116 5014 dixit,
1132 4948 1298 5002 sivecoelum
1312 4957 1341 5002 et
1355 4957 1463 5003 terram.
1494 4947 1586 5001 Solem
1600 4947 1673 5000 enim
1687 4954 1715 4998 et

74 5050 132 5103 qua
146 5034 262 5097 ratione,
276 5035 329 5098 ιιι,
344 5042 391 5088 aut
404 5034 495 5098 ductat,
509 5033 581 5088 istud
595 5032 760 5104 principium
774 5047 880 5086 suuma
917 5030 1015 5092 sidera,
1030 5046 1122 5082 verum
1136 5030 1229 5099 ignem
1243 5046 1302 5083 esse
1315 5030 1438 5092 asseruit,
1453 5042 1568 5097 eumque
1580 5043 1677 5117 purum
1687 5035 1715 5080 ot

73 5113 284 5184 sedegeneret,
304 5121 332 5168 et
352 5131 445 5168 rursus
463 5130 492 5167 se
512 5113 635 5184 recipiat.
678 5112 714 5166 At
728 5129 789 5165 cum
810 5112 878 5164 tanti
917 5108 1067 5202 limpidum,
1082 5124 1138 5162 uon
1152 5107 1322 5178 degenerem,
1334 5108 1422 5179 qualis
1432 5107 1503 5177 apud
1518 5122 1566 5159 nas
1578 5114 1619 5158 est
1632 5106 1713 5175 ignis,

74 5201 231 5263 appareant
253 5210 304 5265 per
329 5195 485 5250 universum
508 5193 706 5247 contrariorum
735 5190 879 5281 exercitus,
918 5190 973 5261 qui,
988 5196 1116 5260 tanquam
1130 5188 1297 5243 Vulcanus
1288 5206 1318 5242 ιιι
1336 5198 1436 5242 terram
1449 5187 1577 5254 dejectus,
1593 5202 1628 5238 ex
1648 5202 1715 5240 casu

74 5273 164 5337 densi,
179 5273 242 5337 rari,
256 5272 347 5338 calidi,
367 5273 469 5346 frigidi,
488 5271 580 5337 lucidi,
596 5272 683 5342 opaci,
697 5270 822 5335 animati,
837 5271 880 5323 in·
918 5268 1059 5325 claudicat.
1102 5265 1271 5323 Parmenidis
1285 5285 1349 5322 vero
1371 5267 1471 5336 placita
1492 5264 1654 5319 instauravit
1675 5282 1716 5318 se-

74 5353 203 5417 aaimati,
225 5363 253 5407 et
279 5354 394 5409 aliorum
417 5354 602 5424 plurimarum,
626 5370 687 5424 quic
710 5369 740 5406 se
764 5352 879 5405 inricem
918 5349 1085 5403 culonastro
1099 5348 1231 5413 Telesius,
1245 5348 1287 5401 vir
1307 5346 1497 5417 Peripateticis
1512 5344 1660 5398 rationibus
1675 5346 1713 5413 (si

75 5440 246 5525 oppugnant,
259 5434 376 5503 privant,
398 5434 552 5504 perimunt:
574 5432 633 5487 baec
656 5432 749 5486 omnia
769 5431 804 5485 ab
825 5447 881 5484 uno
918 5427 1021 5522 aliquid
1035 5428 1091 5483 ittae
1104 5430 1209 5496 esseut)
1224 5437 1320 5499 potens
1340 5437 1367 5480 ιι
1382 5426 1534 5488 instructus,
1550 5442 1618 5495 quas
1632 5424 1716 5480 ctiam

75 5514 208 5585 quopiam
222 5513 261 5568 rei
277 5514 426 5569 materiatae
448 5514 521 5567 lonte
543 5529 653 5567 manare
673 5519 777 5583 putare,
792 5528 881 5581 neque
918 5511 947 5563 in
969 5508 1060 5563 illos
1052 5525 1129 5580 ipsos
1150 5509 1248 5572 tertit3
1271 5507 1319 5561 sed
1338 5505 1497 5561 affirmando
1518 5504 1672 5576 impeditus,
1687 5514 1716 5561 et

1003 3808 1093 3855 “Nam
1104 3808 1262 3869 quodcunque
1273 3810 1321 3857 suis
1334 3816 1451 3856 mutatum
1462 3808 1549 3856 linibus
1556 3808 1612 3863 exit,

1024 3866 1144 3913 Continuo
1154 3867 1198 3914 hoc
1208 3883 1270 3914 mors
1281 3876 1317 3915 est
1327 3869 1398 3925 illius,
1408 3867 1470 3928 quod
1481 3868 1525 3914 tuit
1533 3868 1614 3915 ante.”
