3800 5875
223 290 280 355 tta
782 290 832 349 DE
853 289 1056 349 scemam
1076 291 1271 353 nutavit.

222 446 1012 519 imedcxerumlapideaterra(cumtelluscmuinmmater
1047 458 1167 507 coronat
1207 452 1297 506 Hasta
1315 456 1407 506 autem
1423 450 1453 503 iu
1473 447 1570 505 dextra
1589 449 1626 502 ad
1644 464 1694 504 eor
1712 446 1841 518 pertinet,

222 528 369 597 habeatur)
382 526 419 581 ab
431 527 542 583 oraculo
553 526 709 598 significari.
1048 547 1116 601 quoa
1128 531 1256 586 Nemesis
1269 536 1333 586 actu
1344 529 1464 600 percutit
1475 538 1504 584 et
1515 527 1660 599 umfigit
1700 526 1776 588 Quo·
1793 542 1840 580 δῦ·

262 606 367 662 Fabula
379 622 508 661 arcanum
520 614 624 661 natura
641 605 780 663 recludere
794 604 906 670 videtur,
921 612 950 660 et
968 623 1010 660 er·
1048 617 1103 663 tem
1115 609 1267 664 commitatu
1281 616 1310 664 et
1322 607 1470 663 infortunio
1486 623 1542 662 non
1555 613 1666 670 mactat,
1680 605 1737 661 illis
1751 614 1840 659 tamen

221 702 310 742 rorem
319 686 411 741 auimo
421 685 541 739 humano
552 683 712 740 familiarem
722 683 871 755 corrigeres
892 683 1011 741 hominis
1048 697 1185 759 spectrum
1205 688 1273 744 illud
1285 695 1373 743 atrum
1386 694 1414 741 et
1426 685 1573 741 infaustum
1586 684 1617 739 in
1630 685 1742 739 sinistra
1755 691 1841 738 caten

222 766 296 821 enim
308 764 446 835 imperitia
463 763 567 831 judicat
584 781 674 819 rerum
694 762 879 819 renovationes
898 764 956 818 sira
969 764 1011 818 in·
1048 774 1104 823 tat:
1118 768 1294 823 observantur
1306 767 1379 822 euim
1387 764 1565 836 proculdubio
1576 763 1747 828 mortalibus,
1760 764 1840 817 etiam

222 845 409 911 scantationes,
423 859 459 898 ex
472 842 617 897 earundem
630 843 771 913 putredine
790 849 818 896 et
832 841 956 913 reliquiis
970 846 1012 913 (ut
1047 847 1077 901 in
1098 863 1204 902 summo
1215 846 1325 918 fastigio
1338 843 1476 900 felicitatis
1488 843 1593 914 positis,
1608 859 1691 907 muru
1706 850 1735 897 et
1747 842 1838 905 motu,

222 922 382 979 Phoenicem
395 939 430 977 ex
444 922 535 976 cinere
555 922 678 993 propria)
696 920 820 977 sciscitari
838 937 926 991 posse,
940 922 1011 992 quod
1048 934 1075 981 et
1094 925 1251 992 infortunio,
1272 930 1301 980 et
1317 924 1466 979 amicorum
1484 923 1614 994 perfidiae,
1628 929 1657 977 et
1670 920 1837 975 inimieorum

222 1001 389 1056 nullomodo
407 1001 539 1066 convenit,
554 1017 617 1055 cum
636 999 791 1069 hujusmodi
810 1000 931 1055 materia
947 1017 1011 1071 spa·
1047 1005 1164 1072 insidia,
1184 1013 1212 1060 et
1223 1021 1313 1059 rerum
1332 1003 1501 1065 mutationes,
1516 1011 1543 1055 et
1557 1000 1735 1070 hujusmodi,
1757 998 1838 1053 veluti

223 1080 262 1134 tia
287 1097 337 1136 sua
362 1080 534 1143 confecerint,
558 1086 586 1134 et
607 1079 643 1133 ad
668 1079 748 1134 initia
773 1080 894 1152 ipsarum
920 1096 1011 1135 rerum
1047 1082 1189 1154 AEthiopes
1210 1082 1252 1138 illi
1271 1084 1302 1137 iu
1320 1081 1432 1155 phiala:
1453 1086 1526 1135 certe
1538 1079 1683 1149 Virgilius,
1696 1096 1759 1133 cum
1771 1095 1838 1149 pre·

222 1176 332 1230 prorsus
359 1159 459 1229 ineptas
485 1157 548 1213 sint.
604 1158 699 1230 ltaque
724 1156 944 1214 retrocedendum
975 1158 1011 1213 ad
1047 1162 1114 1218 lium
1125 1162 1266 1218 Actiacum
1275 1159 1454 1226 describitde
1466 1158 1612 1230 Cleopatra
1621 1158 1692 1214 illud
1702 1156 1838 1229 elegautm

222 1237 358 1309 principia
369 1237 458 1309 magia
471 1237 632 1293 eommunia.
1047 1242 1200 1314 subjungit:

360 1377 430 1416 xxii.
450 1374 745 1426 anniuersarium
760 1373 870 1416 suana.
1105 1348 1130 1451 ἓ
1175 1340 1627 1464 ᾧθῑέἑῇὴωξῖὲῗῐξῗὲἷ
1636 1341 1747 1446 mg„

261 1486 388 1541 Nrsrrsrs
408 1486 521 1541 traditur
539 1485 623 1541 fuisse
640 1486 699 1550 dec,
713 1484 838 1540 omnibus
849 1482 1009 1548 veneranda,
1628 1413 1695 1505 Ἠ
1712 1472 1760 1503 '¹¹¹'
1774 1455 1821 1503 ⁹³⁶

221 1565 377 1634 potentibus
386 1573 414 1619 et
423 1565 566 1620 fortunatis
576 1565 658 1620 etiam
667 1564 818 1619 metuenda
856 1563 900 1617 Ea
911 1563 1010 1618 Noctis
1046 1537 1149 1622 Verulis
1161 1581 1215 1621 nou
1232 1563 1318 1621 multo
1337 1571 1407 1636 poet,
1421 1575 1582 1636 quocunque
1594 1573 1627 1611 aa
1647 1555 1698 1611 illa
1716 1564 1834 1619 sertum

223 1650 251 1698 et
269 1643 372 1698 Oceani
391 1642 448 1698 filia
467 1643 550 1699 fuisse
568 1642 734 1715 perhibetur.
782 1641 897 1713 Effigies
917 1649 1009 1697 autem
1047 1653 1102 1701 tcta
1115 1645 1226 1718 agmina
1245 1644 1404 1713 AEthiopum
1425 1639 1647 1697 obversabantur.
1689 1634 1734 1689 Ad
1755 1644 1834 1688 exue·

222 1722 283 1790 ejus
294 1722 454 1777 describitur
473 1721 545 1777 talia
584 1720 667 1777 Alata
681 1730 747 1788 erat,
764 1723 847 1777 etism
863 1728 1008 1785 coronetur
1045 1741 1120 1780 mum
1143 1725 1292 1795 prudentor
1314 1722 1428 1786 additur,
1450 1718 1584 1775 Nemesin
1607 1731 1691 1770 cervo
1713 1714 1833 1777 insidere,

221 1800 252 1855 in
265 1801 390 1856 munibus
402 1808 494 1856 suum
507 1800 633 1872 gestabat
645 1801 742 1856 dextra
750 1799 856 1855 hastam
867 1816 883 1853 a
893 1799 1009 1864 fraxino,
1046 1805 1111 1876 quia
1123 1804 1204 1858 vivax
1217 1802 1360 1858 admodum
1373 1799 1477 1855 animal
1490 1805 1532 1854 est
1548 1810 1663 1858 cervusr
1686 1802 1768 1865 atque
1781 1794 1834 1846 fieri

222 1880 332 1935 amaus
354 1878 484 1950 phialam,
507 1880 612 1952 inqua
632 1878 732 1936 inclusi
754 1885 831 1935 erant
849 1877 1008 1951 AEthiopest
1047 1884 1160 1938 fortasse
1172 1889 1267 1953 potest,
1280 1889 1312 1936 ιιι
1325 1880 1371 1953 qui
1388 1878 1496 1948 juvenis
1517 1877 1573 1931 fato
1590 1882 1704 1944 ereptor
1724 1873 1767 1936 sit,
1781 1871 1835 1925 Ne·

221 1958 562 2015 insidebatautemcervo.
1046 1962 1132 2017 mesia
1145 1968 1290 2032 pravartat
1301 1967 1329 2015 et
1341 1958 1466 2030 effugiam
1487 1955 1533 2011 cui
1546 1961 1638 2009 autem
1648 1951 1833 2006 diuturnaob-

261 2036 395 2092 Parabcls
417 2038 549 2104 eiusmodi
568 2052 628 2093 case
647 2036 767 2101 videtum
802 2051 902 2091 nomen
919 2034 1010 2105 ipsum
1046 2042 1120 2096 venir
1136 2041 1253 2095 felicius
1273 2047 1303 2094 ct
1323 2038 1454 2110 potentis,
1475 2036 1501 2091 is
1522 2032 1705 2105 proculdubio
1725 2031 1833 2086 Nemesi

222 2115 351 2170 Nemesis
368 2115 521 2180 vindictam,
539 2116 595 2171 aive
614 2115 818 2173 retributionem
836 2115 903 2169 satis
915 2122 1009 2185 aperte
1046 2120 1193 2189 subjicitur,
1206 2136 1238 2175 ac
1252 2118 1336 2174 veluti
1349 2116 1534 2172 substernitur·

221 2194 373 2265 significate
392 2194 474 2262 hujus
484 2195 557 2248 enim
569 2195 628 2250 den
641 2195 766 2258 odicium,
776 2201 804 2248 et
813 2193 1010 2248 administratio

222 2273 251 2326 in
264 2273 316 2328 hoc
331 2273 383 2327 sita
397 2280 463 2338 erat,
476 2281 507 2328 ut
523 2274 661 2328 beatorum
680 2271 811 2328 comtanti
828 2281 856 2327 et
872 2280 1010 2343 perpetuae
1193 2257 1279 2299 ¹¹¹¹¹⁴
1300 2256 1449 2306 ¹⁰¹¹¹³⁰⁰⁸¹
1464 2255 1528 2294 ΒΜ
1541 2252 1692 2292 ”⁸⁰⁰¹

222 2350 354 2416 felicitati,
367 2353 453 2406 instar
465 2352 567 2407 tribuni
585 2351 679 2424 plebis,
693 2352 877 2415 intercederet,
892 2367 925 2405 ac
942 2350 1011 2405 illud
1085 2354 1238 2408 Nanneius·
1251 2350 1364 2422 antiqui,
1378 2367 1440 2404 cum
1454 2348 1590 2403 Hercules
1608 2353 1638 2400 et
1654 2343 1793 2399 Achelous
1803 2343 1835 2397 da

221 2446 301 2487 suum
322 2429 390 2485 Veto
407 2430 605 2501 interponeret:
624 2447 713 2503 neque
732 2431 820 2486 solum
839 2429 1010 2485 insolentiam
1045 2433 1150 2504 nuptiis
1175 2431 1312 2501 Deianira
1337 2429 1537 2493 contenderent,
1559 2443 1619 2481 rem
1645 2425 1684 2478 ad
1704 2432 1835 2481 cenamen

221 2509 376 2580 castigaret,
389 2510 578 2567 verumetiam
595 2510 676 2566 rebus
694 2509 839 2582 prosperis,
853 2509 917 2564 licet
934 2509 1010 2563 inuo-
1045 2511 1186 2567 deductum
1213 2527 1282 2566 esse.
1322 2508 1460 2564 Achelous
1482 2515 1581 2566 sutem.
1604 2521 1670 2558 cum
1699 2504 1787 2557 varias
1810 2512 1835 2555 et

221 2588 344 2643 centibus
363 2597 391 2645 et
410 2589 562 2655 moderatis,
582 2607 673 2645 rerum
692 2590 863 2644 adversarum
876 2588 950 2642 vices
970 2605 1010 2643 re·
1038 2589 1208 2661 multiplices
1221 2590 1322 2645 formas
1332 2595 1469 2650 tentasset,
1481 2589 1559 2654 (nam
1572 2583 1627 2639 hoc
1638 2583 1665 2637 ei
1680 2580 1836 2637 faeerelice

222 2666 367 2737 penderetr
388 2684 420 2722 ac
434 2669 605 2726 sineminem
613 2669 741 2725 humanm
751 2668 831 2724 sortis
841 2667 876 2721 sd
886 2666 1010 2722 canusia
1046 2670 1114 2737 bat)
1128 2669 1236 2725 tandem
1258 2667 1372 2724 Herculi
1391 2667 1442 2722 sub
1462 2666 1549 2719 forma
1569 2663 1642 2717 tauri
1663 2662 1736 2717 torvi
1749 2670 1776 2715 et
1788 2660 1837 2715 ire·

168 2823 170 2826 ,
219 2745 334 2803 deorum
347 2746 453 2802 admitti
465 2764 524 2803 mos
541 2754 620 2813 esset,
633 2748 687 2803 uisi
704 2748 739 2802 ad
752 2747 914 2802 ludibrium:
934 2745 1009 2818 equi·
1045 2748 1143 2804 mentis
1156 2749 1278 2814 occurrit,
1293 2757 1320 2802 et
1334 2746 1369 2801 cd
1388 2762 1509 2817 pugnam
1530 2741 1686 2812 separavit:
1709 2738 1837 2795 Hercules

222 2828 283 2883 dem
297 2847 358 2883 cum
371 2828 439 2884 illud
452 2827 599 2898 capitulum
616 2827 687 2898 apud
705 2826 738 2883 0.
754 2825 873 2881 Plinium
889 2825 1009 2896 perlego,
1045 2845 1118 2892 vero,
1136 2827 1242 2883 solium
1261 2827 1380 2881 retinens
1403 2825 1519 2894 figuram
1541 2823 1703 2886 humanam,
1728 2822 1758 2875 in
1780 2836 1837 2873 eun

222 2907 251 2961 in
265 2923 319 2979 quo
335 2907 383 2964 ille
403 2907 551 2963 infortunia
569 2913 597 2962 et
615 2905 739 2962 miserim
757 2904 873 2977 Augusti
894 2903 1010 2960 Cincaris
1046 2907 1179 2979 impetum
1192 2906 1272 2972 fecitr
1293 2922 1337 2962 res
1350 2904 1473 2959 cominus
1485 2911 1564 2974 gesta
1585 2908 1645 2956 est:
1666 2908 1782 2955 eventus
1794 2916 1838 2952 su·

221 2986 339 3060 collegit
362 3004 443 3060 quem
464 2987 583 3041 omnium
606 2986 747 3041 bominum
766 2984 1008 3040 fortunatissimum
1046 2995 1102 3043 tem
1115 2986 1177 3042 talis
1191 2987 1249 3050 fuit,
1260 2993 1291 3040 ut
1304 2984 1437 3040 Hercules
1447 2982 1560 3036 alterum
1572 2997 1608 3035 ex
1622 2980 1839 3034 cornibustsuro

222 3067 421 3131 efiflfimbbflm·
439 3065 539 3137 quique
557 3074 643 3121 artem
661 3066 745 3121 etiam
764 3065 900 3137 quendam
918 3064 1009 3118 utendi
1046 3067 1173 3139 fregerit:
1192 3067 1239 3121 ille
1260 3066 1391 3133 majorem
1405 3064 1434 3117 in
1452 3061 1561 3116 moduni
1579 3058 1678 3113 dolens
1693 3068 1721 3113 et
1741 3067 1838 3129 perter-

221 3154 250 3201 et
267 3146 373 3202 fruendi
390 3146 499 3200 fortuna
521 3144 645 3210 habebat,
666 3162 698 3201 ac
716 3145 795 3214 cujus
813 3144 843 3197 in
863 3143 955 3197 animo
970 3141 1010 3196 nil
1046 3147 1121 3210 ritus,
1133 3153 1163 3200 ut
1181 3162 1265 3200 cornu
1284 3143 1352 3199 illud
1372 3159 1450 3197 suurn
1473 3141 1626 3202 redimeret,
1640 3140 1839 3207 permutatione

221 3225 360 3289 tumidum,
374 3224 414 3278 ml
426 3223 496 3289 lere,
509 3223 550 3279 nil
567 3223 659 3292 molle,
674 3223 714 3278 nil
731 3222 880 3285 confusum,
893 3221 934 3276 nil
951 3238 1009 3277 me·
1046 3225 1216 3288 facts,cornu
1226 3215 1837 3289 Amalrbesssivccopiaeiiereulilargitusest

222 3301 412 3367 lancholicum,
432 3310 561 3358 annotare
579 3304 651 3367 licet,
677 3305 720 3371 (ιιι
739 3302 786 3357 ille
809 3303 890 3356 etiam
914 3308 1010 3371 sponte
1085 3303 1189 3358 Fabula
1202 3304 1237 3358 ad
1251 3301 1315 3356 belli
1328 3300 1517 3371 expeditiones
1535 3297 1674 3369 pertinetr
1696 3307 1839 3367 apparatis

222 3381 289 3438 mori
315 3381 460 3453 aliquando
482 3382 663 3451 destinasset)
683 3382 753 3436 hanc
777 3380 857 3436 deam
881 3396 1010 3451 maguam
1047 3383 1119 3438 enim
1141 3382 1208 3437 belli
1227 3400 1263 3436 ex
1282 3389 1359 3451 parte
1378 3378 1517 3433 defensiva
1539 3377 1599 3449 (qui
1620 3392 1671 3445 per
1691 3376 1838 3431 Acheloum

102 3467 105 3478 ¹
221 3468 250 3515 et
268 3469 461 3532 praepotentem
480 3478 541 3516 esse
557 3461 683 3529 judicavi,
703 3461 738 3514 ad
757 3461 834 3528 cuius
853 3474 929 3514 aram
948 3458 1010 3513 talis
1046 3462 1217 3532 proponitur)
1244 3461 1335 3515 varius
1361 3457 1506 3513 admodum
1533 3465 1561 3510 et
1586 3453 1767 3509 multiformis
1792 3463 1839 3508 est.

221 3540 333 3595 victima
354 3548 440 3594 tracta
464 3547 545 3596 esset.
594 3540 725 3596 Parentes
747 3538 829 3606 hujus
851 3538 910 3593 desc
934 3537 1010 3592 fuere
1047 3540 1121 3595 Nam
1139 3540 1292 3595 invadentis
1312 3538 1417 3610 species
1438 3537 1519 3591 unica
1539 3543 1581 3589 est
1596 3542 1625 3586 et
1637 3533 1768 3604 simplex,
1782 3551 1839 3587 eum

222 3618 346 3674 Oceanus
358 3626 386 3674 et
398 3620 479 3684 Noxr
500 3618 552 3674 huc
566 3626 614 3685 est,
628 3635 717 3674 rerum
727 3616 890 3680 vicissitudo,
901 3623 930 3671 et
940 3616 1011 3684 judi·
1047 3635 1082 3673 ex
1095 3621 1216 3675 exercitu
1235 3618 1294 3674 solo
1313 3624 1360 3671 aut
1378 3616 1466 3671 clame
1485 3615 1598 3669 fortasse
1618 3621 1747 3667 constet:
1768 3615 1840 3683 regio

221 3698 293 3754 cium
307 3699 430 3754 divinum
447 3698 589 3753 obscurum
603 3706 631 3754 et
650 3705 796 3761 secreturus
817 3696 917 3750 etenim
937 3695 1010 3750 vices
1047 3707 1144 3763 autem,
1159 3716 1220 3770 qum
1232 3698 1261 3752 in
1274 3695 1333 3752 solo
1345 3695 1456 3767 proprio
1468 3693 1575 3749 hostem
1585 3701 1722 3761 expectat,
1738 3692 1840 3746 infinita

198 3793 310 3832 -serum
335 3794 385 3848 per
408 3793 538 3832 oceanum
559 3785 621 3848 apta
643 3781 876 3847 representantur,
897 3774 932 3828 ob
951 3790 1011 3843 per·
1047 3777 1163 3842 molitur,
1185 3776 1286 3848 oppida
1306 3775 1400 3838 munit,
1421 3773 1510 3838 dirrrit,
1530 3771 1639 3843 plebem
1660 3788 1698 3826 ex
1718 3774 1794 3841 agris
1815 3781 1840 3825 et

221 3865 334 3926 petuam
351 3857 456 3912 fluxum
474 3863 504 3910 et
520 3856 669 3910 refluxum:
690 3853 796 3909 occulta
811 3861 903 3907 autem
922 3853 1010 3924 provi·
1048 3855 1121 3911 villis
1133 3855 1164 3911 in
1177 3856 1258 3911 urbes
1271 3863 1298 3910 et
1311 3852 1422 3908 castella
1430 3853 1512 3923 cogit,
1523 3859 1619 3921 pontes
1631 3852 1759 3914 exstruit,
1769 3867 1840 3921 pros·

221 3934 321 4000 dentis,
342 3952 391 4006 per
411 3942 518 3989 noctem
540 3934 591 3989 rite
615 3933 780 4005 proponitur.
827 3932 902 3986 Nam
929 3933 1010 3986 etiam
1047 3936 1136 4000 terruit,
1149 3935 1242 4005 copias
1259 3941 1467 3989 etcommestus
1488 3939 1634 4001 comparat,
1648 3929 1796 3994 distribuit,
1811 3930 1839 3984 in

221 4016 293 4083 ⁸P¹¹d
314 4014 437 4069 0¹h¹¹i⁰0⁸
459 4021 588 4068 memma
608 4014 658 4068 illa
676 4011 813 4076 Nemetis,
828 4027 890 4065 cum
907 4009 1011 4065 scilicet
1048 4014 1146 4079 fluviis,
1159 4012 1289 4084 portibus,
1303 4011 1414 4066 collium
1428 4010 1559 4074 faucibus,
1573 4009 1666 4078 sylvis,
1682 4018 1710 4062 et
1724 4007 1788 4062 aliis
1801 4026 1838 4062 re-

218 4092 349 4160 judicium
366 4092 516 4148 humanum
533 4092 655 4148 adivino
668 4092 770 4149 discors
782 4097 862 4154 esset,
874 4089 905 4144 in
918 4089 1011 4146 obser·
1048 4093 1099 4149 bus
1110 4091 1259 4148 innumeris
1278 4098 1410 4161 occupata
1428 4096 1523 4154 estut
1541 4104 1626 4144 novas
1646 4105 1739 4142 rerum
1759 4088 1839 4144 faciet

221 4172 328 4227 vatione
341 4180 408 4227 erat.
1048 4171 1167 4244 quotidie
1192 4171 1288 4226 induat
1313 4177 1343 4225 et
1368 4168 1545 4239 experiaturr
1580 4185 1612 4222 ac
1640 4167 1754 4222 tandem
1780 4183 1838 4221 eun

341 4289 833 4351 “-csditstltiphscsjussiutmtrunm
1048 4250 1155 4306 abunda
1175 4250 1280 4341 munita
1300 4257 1330 4304 et
1350 4248 1482 4339 instructa
1503 4246 1592 4312 fuerit,
1616 4246 1686 4300 tauri
1709 4247 1838 4316 pugnacis

335 4347 382 4400 Qui
393 4348 438 4394 tuit
450 4362 480 4395 cx
489 4348 595 4406 Teucris,
606 4347 824 4396 stanuum.
832 4344 902 4407 oqui.
1049 4331 1163 4386 formam
1175 4337 1204 4383 et
1216 4344 1304 4383 minas
1317 4327 1353 4382 ad
1366 4344 1456 4381 vivum
1466 4333 1650 4396 representet.
1688 4323 1740 4379 llle
1751 4333 1839 4379 autem

337 4404 469 4452 Dissfflitf
482 4406 582 4453 fflffl'
813 4459 847 4508 Ε
891 4459 906 4472 ,,
930 4459 974 4508 m
1049 4410 1097 4481 qui
1115 4408 1226 4474 invadit,
1241 4407 1365 4478 praelium
1385 4411 1483 4475 captat,
1504 4411 1532 4459 et
1551 4404 1580 4458 in
1598 4403 1652 4458 hoc
1664 4405 1786 4458 maxime
1802 4406 1839 4457 in-

850 4475 873 4510 n'
889 4475 914 4508 ¹⁸
975 4495 981 4508 '
1049 4488 1157 4552 cumbit,
1171 4487 1293 4558 inopiam
1313 4486 1429 4541 interra
1450 4482 1543 4538 hostili
1560 4491 1705 4537 metuente
1726 4483 1798 4553 quod
1815 4482 1839 4538 ri

221 4570 302 4626 Alata
315 4578 407 4627 autem
421 4571 580 4628 describitur
597 4573 735 4639 Nemesis,
749 4572 785 4628 cb
797 4571 907 4638 ‚subitas
920 4585 1010 4624 rerum
1049 4568 1097 4621 fiat
1109 4575 1146 4630 ut,
1159 4565 1254 4636 praelio
1266 4563 1419 4628 commisso,
1433 4562 1492 4617 acie
1510 4562 1597 4617 victor
1609 4562 1653 4627 sit,
1667 4571 1696 4616 et
1713 4571 1839 4634 unquam

221 4653 417 4716 conversiones,
425 4668 475 4706 uec
484 4662 547 4707 aute
555 4652 701 4723 pruriens,
722 4668 786 4706 nam
797 4651 826 4705 in
839 4650 912 4705 omni
922 4666 1010 4703 rerum
1049 4662 1133 4701 cornu
1156 4644 1229 4700 hosti
1252 4645 1376 4715 frangst3
1407 4651 1464 4696 tum
1485 4640 1664 4712 proculdubio
1682 4640 1751 4696 illud
1769 4658 1840 4695 asse·

221 4731 352 4786 memoria
370 4729 438 4785 illud
457 4732 515 4786 fere
531 4731 666 4797 usuvenit,
681 4739 711 4786 ut
729 4730 853 4785 homines
871 4727 964 4798 magui
984 4734 1012 4780 et
1049 4725 1146 4796 quitur,
1157 4732 1187 4779 ut
1199 4723 1288 4779 hostis
1301 4721 1422 4792 trepidus
1436 4728 1466 4774 et
1474 4721 1677 4775 existimatione
1688 4720 1839 4782 diminutus,

220 4811 366 4882 prudentes
380 4826 429 4882 per
442 4828 476 4866 ea
492 4809 650 4866 discrimina
666 4809 804 4881 perierint,
818 4825 879 4880 qun
891 4805 1010 4862 maxime
1049 4812 1079 4858 ut
1091 4820 1121 4858 ac
1134 4802 1261 4874 explicet,
1275 4810 1303 4857 et
1314 4800 1385 4856 vires
1398 4816 1462 4854 suas
1475 4808 1590 4869 reparet,
1603 4800 1634 4854 in
1648 4800 1796 4855 munitiora
1811 4817 1839 4854 sc

221 4891 437 4960 contempserint.
478 4889 566 4955 Certe,
587 4906 649 4945 cum
671 4886 713 4944 M.
735 4889 841 4953 Cicero,
862 4903 879 4939 a
898 4884 1011 4939 Decimo
1049 4882 1179 4953 recipiat,
1200 4889 1280 4952 atque
1302 4880 1381 4935 urbes
1394 4887 1422 4933 et
1440 4878 1565 4949 regiones
1582 4879 1679 4934 victori
1701 4880 1737 4933 sd
1756 4897 1839 4950 popu·

220 4968 313 5034 Bruto,
328 4969 362 5024 de
375 4969 481 5025 Octavii
495 4969 611 5024 Oresaris
624 4968 714 5024 minus
727 4968 834 5022 siccem
847 4966 899 5020 tide
912 4971 940 5019 et
953 4963 1011 5017 ani·
1049 4962 1159 5017 landum
1177 4969 1205 5016 et
1217 4959 1398 5032 diripiendum
1411 4957 1560 5029 relinquatr
1581 4958 1655 5029 quod
1674 4976 1740 5013 vere
1760 4961 1839 5013 instar

220 5064 267 5103 mo
279 5048 435 5104 exulcerato
447 5048 567 5104 monitus
580 5055 669 5112 easet;
687 5046 755 5101 illud
774 5054 878 5100 tantum
896 5043 1011 5112 rescrip·
1049 5058 1132 5098 comu
1144 5040 1218 5096 illius
1231 5038 1383 5095 Amalthea
1396 5038 1502 5092 censeri
1514 5037 1610 5108 possit.

220 5126 274 5181 aits
296 5132 312 5158 ‘⁶
325 5125 365 5180 Te
379 5135 477 5192 autem,
490 5127 530 5181 mi
549 5126 640 5191 Brute,
655 5125 725 5180 sicut
744 5124 837 5187 debeo,
851 5139 921 5186 amo,
940 5121 1012 5193 quod

221 5204 301 5270 istud,
326 5204 456 5277 quicquid
482 5212 532 5271 est,
558 5220 694 5274 nugarum
719 5220 764 5258 mc
784 5204 854 5258 scire
873 5200 1009 5256 voluisti.’'

221 5282 312 5337 Etiam
325 5301 425 5339 corona
436 5285 565 5340 Nemesis
583 5283 736 5353 insiguiter,
751 5282 786 5336 ob
799 5289 924 5337 naturam
937 5279 1013 5350 vulgi
1088 5271 1269 5329 Narratur*
1292 5270 1418 5326 Semelen
1442 5269 1518 5324 lovis
1541 5268 1679 5340 pellicem,
1702 5280 1838 5343 postquam

221 5360 341 5415 ¹¹¹V¹d⁸¹¹¹
363 5371 392 5415 ‘l
411 5364 579 5433 malignam:
614 5359 721 5434 quando
741 5361 815 5414 euim
835 5359 964 5414 f⁰¹l¹¹¹¹³fi
985 5367 1014 5449 ,²2
1079 5399 1095 5428 ·
1111 5393 1263 5441 esuriisse
1275 5390 1435 5447 ravenaria
1447 5390 1507 5436 usn
1515 5388 1838 5455 „amnemamnem

222 5446 348 5510 puteum
360 5450 449 5508 ruunt,
462 5450 519 5498 tum
532 5440 588 5496 fere
601 5438 700 5511 vulgus
713 5439 825 5504 exultat,
839 5447 868 5495 et
880 5439 1013 5494 Nemesin
1050 5453 1235 5511 atterutrum?
1246 5458 1316 5500 sucta
1326 5456 1351 5498 et
1359 5449 1509 5512 locupletata

1193 5178 1272 5218 ms.
1295 5177 1443 5226 ΒΙΟΝΥΒΠΒ,
1458 5176 1522 5216 alva
1540 5175 1703 5216 CUPIDIHS·
