3800 5875
67 347 130 402 Car.
151 343 202 397 ill.
581 334 632 390 DE
653 329 878 388 AUGMENTIS
900 326 1176 387 SCIENTIARUM.

58 501 188 564 nilaliud,
202 515 285 571 qnam
308 496 404 568 regula
423 495 569 564 imperans
610 493 712 547 Verum
731 505 778 546 eas
798 504 848 558 pro

61 582 157 652 regulis
172 579 282 642 habeto,
302 593 363 647 quac
378 577 407 629 in
428 575 516 628 torma
528 573 589 642 ipsa
599 572 712 640 justitiae
725 569 846 631 haerente

60 661 135 724 unde,
149 657 347 728 utplurimum,
362 671 412 724 per
428 655 492 722 jura
507 652 603 705 civilia
620 651 786 704 diversarum
807 664 847 700 re·
926 650 1069 719 Responsa
1087 650 1257 720 prudentum,
1275 667 1336 721 quae
1354 648 1510 720 petentibus
1528 649 1625 704 dantur
1644 650 1678 706 ds

61 737 285 809 rempublicamm
297 735 399 788 eaedem
413 732 515 800 regular
526 731 582 785 iere
593 729 780 799 reperiuntur;
794 725 847 779 nisi
883 728 953 794 jure,
969 729 1026 783 sive
1037 729 1072 782 ab
1083 729 1219 782 advocatie
1229 730 1285 782 sive
1300 728 1489 793 edoctoribus,
1502 735 1577 783 tauta
1587 729 1678 783 valere

60 819 127 873 forte
134 813 411 887 propterrelatiouem
418 811 453 864 ad
464 812 563 865 formas
574 805 846 881 politiammvarient.
885 809 1052 870 auctoritate,
1071 817 1100 862 ut
1119 808 1154 862 ab
1176 824 1268 861 eornm
1289 807 1422 862 sententia
1443 808 1528 874 judici
1551 808 1678 863 recedere

1261 554 1304 593 XC.

884 902 938 939 non
953 885 991 940 sit
1003 885 1115 953 licitum,
1125 902 1179 940 nou
1189 885 1289 957 placet.
1325 885 1342 940 J
1345 902 1394 941 ura
1403 903 1421 939 s
1430 887 1529 954 juratis
1540 886 1678 956 judicibus

396 951 513 990 mm·
885 971 1019 1020 sumuuto.

99 1048 161 1103 Post
170 1046 302 1118 regulam,
317 1045 391 1098 brevi
406 1054 434 1098 et
447 1043 535 1097 solido
548 1044 691 1097 verborum
701 1040 848 1110 complexu

60 1127 237 1189 escurialem,
266 1125 429 1192 adjiciantur
464 1123 598 1193 exempla,
634 1130 662 1175 et
698 1120 848 1173 decisiones

58 1223 166 1261 manum
183 1205 302 1259 maxime
326 1201 470 1257 luculenta
490 1202 524 1255 ad
545 1199 773 1271 explicationem
794 1198 847 1253 dis·
924 1197 1036 1252 'lentari
1054 1196 1158 1266 judicia
1176 1213 1226 1268 per
1244 1213 1340 1252 causas
1357 1202 1386 1251 et
1403 1213 1533 1266 personas
1549 1198 1632 1261 fictas
1646 1205 1678 1253 ut

58 1286 200 1339 tinctiones
214 1291 243 1337 et
260 1283 437 1351 exceptiones
455 1281 489 1334 ad
508 1280 696 1335 limitationem
704 1299 712 1344 ς
730 1285 848 1350 cognata
885 1293 919 1331 eo
931 1277 1012 1332 modo
1025 1277 1200 1346 experiemur
1212 1276 1336 1331 homines
1350 1276 1439 1347 qualis
1456 1277 1544 1331 futura
1558 1277 1593 1330 sit
1606 1276 1676 1348 legis

57 1362 308 1435 ampliationem
321 1360 443 1429 ejusdem
451 1359 562 1431 regula.
885 1372 988 1421 norma,
1009 1372 1064 1409 nou
1090 1353 1188 1426 placet.
1227 1355 1380 1409 Dedecorat
1406 1356 1480 1410 enim
1507 1356 1676 1422 majestatem

885 1434 976 1505 legum
990 1445 1023 1487 et.
1031 1450 1081 1505 pro
1094 1433 1314 1505 prevaricatione
1335 1435 1462 1505 quapiam
1476 1435 1611 1488 censenda
1625 1442 1675 1490 est.

885 1513 902 1567 J
905 1514 994 1568 udicia
1007 1522 1096 1569 autem
1109 1512 1213 1585 aliquid
1225 1513 1328 1568 habere
1341 1531 1378 1569 ex
1390 1530 1479 1579 saeua,
1493 1514 1611 1568 deforme
1624 1521 1674 1568 est.

1252 1105 1307 1143 xci.

399 1497 504 1536 LXXXV.

97 1594 182 1649 Recte
195 1593 314 1662 jubetur,
326 1598 357 1646 nt
369 1607 422 1644 non
434 1608 469 1644 ex
478 1589 580 1660 regulis
591 1590 637 1655 jus
649 1594 785 1649 sumntum
800 1586 847 1641 sed

58 1689 93 1727 ex
105 1673 167 1741 jore
181 1673 252 1744 qnod
267 1678 315 1735 est,
329 1669 423 1741 regule
438 1670 501 1722 liat:
521 1684 608 1737 neque
622 1668 695 1721 enim
709 1684 745 1721 ex
757 1665 847 1719 verbis

58 1752 158 1821 regular
172 1751 291 1822 petenda
305 1758 346 1804 est
356 1748 528 1820 probatique
541 1748 564 1801 si
576 1756 647 1800 esset
658 1755 748 1800 textus
762 1745 846 1814 legis:
924 1745 1053 1801 Judicum
1082 1746 1166 1818 igitur
1189 1747 1357 1801 solummodo
1378 1753 1434 1801 tam
1457 1747 1568 1815 judicia,
1593 1765 1674 1819 qnam

57 1830 152 1901 regola
164 1832 238 1885 euim
257 1829 348 1901 legem
369 1832 411 1895 (ut
432 1844 496 1881 acus
509 1827 617 1881 naunea
631 1825 720 1895 polos)
738 1824 846 1887 indicet,
885 1840 1016 1895 responsa
1029 1833 1057 1880 et
1070 1824 1192 1880 consulta
1205 1833 1292 1880 sunto.
1334 1825 1387 1880 Illa
1399 1826 1432 1880 de
1446 1826 1540 1881 litibus
1554 1829 1674 1896 penden-

57 1926 111 1963 nm
123 1911 227 1965 uetuit,
886 1903 976 1968 tibuse
1003 1904 1062 1958 haec
1082 1904 1115 1958 de
1134 1904 1225 1959 arduis
1242 1904 1313 1972 juris
1331 1905 1526 1975 quaestionibus
1544 1906 1573 1959 in
1593 1907 1673 1961 tbeei.

885 1982 927 2035 Es
940 1984 1070 2048 consulta,
1083 1984 1141 2038 sire
1155 1984 1184 2037 in
1197 1982 1310 2054 privatis
1323 1984 1411 2047 rebus,
1426 1984 1483 2039 sive
1504 1985 1533 2038 in
1547 1985 1672 2055 publicis,

885 2078 903 2114 a
922 2061 1059 2130 judicibus
1077 2062 1146 2132 ipsis
1165 2079 1200 2116 ue
1217 2063 1323 2132 poscito
1337 2063 1379 2132 (id
1392 2064 1465 2117 enim
1479 2064 1502 2117 si
1516 2063 1570 2127 fiat,
1588 2064 1674 2132 judex

95 2142 200 2199 Preter
209 2161 308 2215 corpus
322 2145 412 2215 ipsum
424 2140 502 2211 juris,
515 2139 622 2209 J'uvabit
635 2140 719 2194 etiarn
732 2139 847 2210 antiqui·
886 2147 1006 2194 transeat
1026 2142 1055 2194 in
1073 2141 1246 2208 advocatum)
1269 2141 1317 2195 sed
1338 2158 1355 2195 a
1373 2142 1504 2213 principe,
1527 2150 1573 2196 aut
1593 2151 1672 2198 statu.

59 2230 126 2276 tates
145 2223 239 2293 legum
255 2223 387 2286 invicem
409 2222 505 2292 quibus
523 2220 586 2274 licet
600 2221 739 2273 evannerit
758 2230 847 2272 aucto
886 2218 928 2274 sb
941 2219 997 2274 illis
1011 2221 1046 2274 ad
1056 2220 1162 2288 judices
1176 2220 1377 2276 demandentur.
1418 2220 1528 2276 Judices
1538 2238 1609 2286 veru,
1624 2222 1673 2276 tali

59 2303 129 2365 ritas,
143 2310 238 2356 manet
258 2309 348 2356 tamen
369 2300 527 2355 reverentia.
569 2297 623 2353 Pro
641 2297 848 2369 antiquitatibus
885 2299 1042 2354 anctoritate
1058 2297 1129 2363 freti,
1144 2300 1354 2370 disceptationes
1368 2300 1564 2365 advocatorum,
1578 2301 1621 2355 vel
1638 2300 1673 2355 ab

58 2390 146 2436 autem
156 2380 250 2452 legum
261 2380 412 2435 habeantur
421 2380 521 2448 scripta
531 2378 603 2431 circa
611 2377 688 2448 leges
696 2385 724 2432 et
730 2377 846 2445 judiciam
885 2376 937 2441 hie,
953 2395 1066 2449 quorum
1083 2378 1202 2442 interest,
1224 2378 1414 2444 adhibitorum,
1436 2379 1481 2433 vel
1500 2397 1517 2434 a
1536 2380 1673 2448 judicibus

58 2460 113 2514 sive
133 2460 184 2514 illa
207 2460 308 2514 suerint
325 2459 405 2522 edita,
418 2460 475 2512 sive
489 2474 552 2520 non,
567 2474 627 2526 quar
648 2456 736 2526 ipsum
749 2472 847 2527 corpus
885 2456 960 2526 ipsis,
984 2457 1007 2511 si
1032 2474 1100 2528 opus
1121 2458 1163 2520 sit,
1183 2458 1389 2528 assignatorum,
1407 2465 1435 2511 ct
1458 2466 1616 2530 argumenta
1636 2476 1673 2514 ex

59 2538 147 2609 legum
177 2547 301 2609 tempora
326 2543 531 2609 precesserunt.
585 2535 687 2590 Earum
713 2535 846 2604 siquidem
885 2544 997 2606 atraque
1012 2544 1097 2606 parte,
1112 2536 1253 2598 andiunto;
1275 2544 1304 2590 et
1314 2554 1341 2590 re
1353 2536 1501 2591 deliberata
1510 2538 1556 2606 jus
1564 2537 1673 2608 expedi-

57 2619 161 2684 jactura
181 2618 306 2671 demenda
322 2634 376 2671 uon
396 2624 445 2670 eet.
486 2616 581 2685 ltaque
599 2633 636 2670 ex
654 2616 689 2668 iis
702 2613 848 2668 utilissima
885 2620 949 2668 nuto
957 2622 983 2668 et
991 2615 1155 2670 declarante.
1190 2614 1673 2685 ConsultahujusmodiinterJ'udicia

59 2714 172 2766 quaeque
183 2698 324 2766 excerpito
334 2696 432 2765 (multa
445 2694 517 2748 enim
533 2694 703 2749 invenientur
715 2693 808 2746 inania
821 2701 847 2748 et
885 2692 1022 2748 reserante
1034 2702 1063 2748 et
1076 2695 1184 2759 edunto,
1197 2701 1225 2747 et
1239 2695 1312 2765 paris
1326 2694 1493 2750 auctoritatis
1505 2705 1593 2751 sunto.

1247 1654 1317 1693 xcii.

394 2048 511 2088 LXXXV&

61 2775 168 2841 irivola)
181 2792 268 2845 eaque
276 2777 304 2829 in
315 2792 397 2830 unum
406 2773 530 2828 volumen
541 2773 668 2844 redigitur
683 2789 718 2826 ne
729 2775 847 2843 antiquar

60 2853 165 2917 iabnlu,
179 2862 209 2908 ut
224 2853 343 2925 loquitur
362 2853 555 2918 Trebonianus,
576 2869 638 2906 curn
658 2851 764 2924 legibue
779 2852 847 2923 ipsis
1120 2867 1158 2908 ns
1179 2867 1439 2908 eamuscrrorvrsns.

60 2935 231 2989 misceantur.

1133 2992 1319 3031 nruoarsrsus
1341 2990 1423 3031 xcrtr.

396 3070 522 3111 ΝΜ·
609 3120 616 3136 ,
924 3083 1116 3140 Praelectiones
1129 3085 1162 3139 de
1174 3086 1335 3155 jurantque
1349 3083 1558 3139 exercitationes
1571 3100 1671 3150 eorum,

96 3166 230 3221 Pncticae
248 3181 314 3220 vero
331 3163 477 3235 plurimum
494 3164 613 3228 interest,
628 3170 659 3218 ut
676 3165 721 3231 jus
742 3163 846 3218 nniver—
885 3164 931 3234 qui
948 3163 1018 3230 juris
1031 3164 1126 3219 endiis
1144 3163 1308 3227 incumbunt,
1322 3171 1349 3217 et
1363 3179 1472 3234 operam
1490 3164 1562 3227 dant,
1577 3163 1615 3217 ita
1633 3164 1673 3218 in·

59 3262 116 3300 snm
132 3246 272 3316 digeratur
292 3244 385 3298 ordine
403 3244 433 3298 in
452 3244 526 3298 locos
547 3251 575 3297 et
594 3243 701 3307 titulos3
722 3243 757 3296 ad
779 3260 846 3314 quos
884 3242 1030 3296 stituuntor
1041 3252 1070 3297 et
1083 3243 1244 3305 ordinantor,
1259 3251 1289 3296 ut
1308 3243 1401 3296 omnis
1414 3243 1525 3296 tendant
1538 3243 1573 3295 ad
1587 3260 1673 3314 quas·

59 3324 148 3378 nrbitc
161 3329 255 3393 (prout
268 3323 377 3378 dabitur
396 3323 515 3390 occano)
530 3339 665 3377 recurrere
680 3323 741 3392 quis
754 3322 846 3393 possit,
886 3321 972 3375 tiones
984 3332 1012 3376 et
1021 3323 1214 3376 controversias
1224 3322 1257 3375 de
1269 3322 1329 3389 jare
1340 3322 1471 3377 sedandas
1481 3322 1579 3392 potins,
1591 3340 1672 3392 quarn

60 3402 140 3457 veluti
156 3405 184 3456 in
198 3403 412 3473 promptuarium
426 3411 549 3471 paratum
567 3401 601 3455 ad
615 3411 845 3470 proesentesusus.
885 3400 1051 3455 excitandas.
1091 3400 1184 3455 Ludus
1207 3401 1280 3455 enim
1304 3404 1347 3470 (ut
1369 3417 1440 3456 nunc
1464 3400 1507 3468 fit)
1527 3401 1582 3454 iere
1600 3401 1672 3471 apud

61 3482 222 3549 Huiusmodi
240 3481 303 3535 libri
322 3496 494 3544 summarum,
508 3487 537 3534 et
556 3480 682 3535 ordinant
700 3497 801 3550 sparsa,
819 3488 848 3535 et
885 3495 979 3534 omnes
1000 3479 1151 3535 instituitur
1173 3488 1200 3534 et
1220 3480 1344 3550 aperitur,
1366 3480 1401 3533 ad
1424 3479 1621 3543 altercationes,
1644 3488 1672 3534 et

59 3562 218 3615 abbreviant
245 3560 306 3614 tusa
333 3567 360 3613 et
387 3558 495 3629 prolixa
520 3560 550 3613 iu
576 3558 648 3629 lege.
690 3559 846 3614 Cavendum
885 3560 1049 3626 questiones
1062 3560 1095 3614 de
1115 3560 1175 3628 jore
1195 3559 1420 3629 multiplicandas,
1440 3566 1568 3629 tanquam
1585 3565 1672 3613 osteu-

60 3648 146 3694 sutem
162 3648 212 3706 est,
227 3656 260 3692 ne
275 3655 387 3692 summae
400 3639 460 3693 istae
473 3639 586 3692 reddant
605 3638 727 3694 homines
740 3655 847 3709 promp
885 3638 960 3691 tandi
973 3638 1075 3709 ingenii
1093 3655 1183 3694 causa.
1223 3639 1314 3710 Atque
1332 3637 1384 3691 hoc
1403 3646 1478 3692 vetus
1498 3645 1540 3692 est
1561 3636 1671 3692 malum.

60 3727 102 3773 tos
131 3719 169 3772 ad
200 3718 357 3788 practicam,
391 3725 538 3771 cessatores
572 3717 602 3770 in
632 3718 746 3772 scientia
778 3719 846 3787 ipsa.
886 3717 993 3770 Etenim
1008 3718 1092 3772 etiam
1112 3717 1182 3787 apud
1203 3717 1328 3787 antiquos
1348 3716 1443 3787 gloriae
1466 3716 1524 3779 luit,
1543 3722 1671 3788 tauquam

60 3796 160 3854 Earum
178 3798 253 3850 enim
273 3797 390 3851 officium
412 3803 453 3850 est
472 3795 534 3860 tale,
555 3804 585 3850 ut
604 3813 640 3851 ex
660 3795 694 3850 iis
713 3797 848 3852 recolatur
884 3811 932 3865 per
946 3804 1034 3851 sectas
1048 3804 1075 3851 et
1088 3797 1226 3860 factiones,
1241 3796 1401 3866 quaestiones
1410 3795 1560 3865 complures
1567 3795 1600 3850 de
1611 3796 1672 3864 jure

58 3877 172 3943 juanon
186 3875 363 3946 perdiscatur.
398 3871 517 3929 Summae
531 3876 848 3948 antemomninomagna
885 3875 1350 3950 magisiovere,quamextinguere.
1377 3875 1409 3929 Id
1419 3891 1453 3930 ne
1461 3875 1515 3940 fiat,
1523 3875 1673 3945 provideto.

60 3955 208 4026 diligentia,
218 3955 279 4018 fide,
290 3962 318 4009 et
327 3954 430 4023 judicio
440 3961 502 4008 sunt
512 3954 692 4021 conficiendae,
701 3971 735 4009 ne
746 3954 846 4011 turtum

61 4033 158 4088 iniant
170 4033 287 4105 legibus.
1043 4050 1080 4089 os
1101 4049 1307 4089 recusaremus
1329 4047 1515 4088 contemnunt.

384 4174 525 4214 cxxxviii.
1143 4177 1325 4217 assumsistis
1347 4178 1421 4217 xciv·

97 4267 241 4323 Formulas
265 4265 362 4337 agendi
383 4268 502 4322 diversas
521 4267 550 4321 in
570 4282 729 4338 unoquoque
748 4285 848 4339 genere
926 4268 1186 4338 Vacillantjndicia,
1201 4270 1245 4324 vel
1258 4277 1367 4341 propter
1381 4270 1552 4325 immaturam
1565 4278 1592 4325 et
1607 4288 1674 4342 prte-

61 4346 188 4418 colligito.
229 4346 304 4400 Nam
322 4353 348 4400 et
366 4346 491 4416 practicae
504 4347 556 4401 boc
575 4347 703 4412 interest3
724 4356 752 4402 et
774 4358 847 4403 certe
887 4347 1015 4402 festinam
1047 4350 1224 4414 sententiam
1258 4348 1302 4403 vel
1328 4356 1442 4420 propter
1474 4350 1673 4406 tumulationem

61 4426 179 4495 pandunt
192 4425 247 4480 illae
261 4423 372 4478 oracula
389 4433 415 4478 et
436 4426 540 4480 occulta
553 4424 653 4495 legum
694 4426 762 4481 Sunt
776 4429 847 4482 enim
885 4428 1038 4492 curiarume
1072 4427 1115 4481 vel
1136 4437 1246 4498 propter
1275 4427 1374 4483 malam
1394 4436 1423 4483 et
1442 4428 1593 4498 imperitam
1615 4446 1674 4500 per·

61 4521 112 4558 nou
132 4521 228 4574 pauca,
249 4521 311 4574 qum
332 4503 462 4557 latentia
484 4504 609 4575 legibus:
630 4512 658 4558 at
679 4506 707 4559 in
727 4506 848 4561 formulis
886 4506 1060 4575 scriptionem
1071 4507 1249 4575 judiciorum
1270 4506 1314 4561 vel
1327 4507 1519 4578 propterviam
1534 4509 1674 4580 prrebitam

61 4584 167 4654 agendi,
182 4584 282 4638 melius
297 4590 325 4635 et
338 4581 423 4636 iusim
432 4583 649 4654 perspiciuntur;
669 4584 754 4641 instar
763 4587 848 4658 pugni
886 4585 920 4638 ad
934 4585 1120 4640 rescissionem
1139 4602 1231 4640 eorum
1245 4586 1326 4640 nimis
1341 4585 1447 4641 facilem
1462 4596 1489 4641 et
1509 4589 1673 4658 expeditam.

60 4673 86 4716 et
100 4663 207 4734 palmae.
888 4664 983 4734 ltaque
998 4664 1190 4733 providendum
1206 4673 1254 4729 est,
1267 4674 1298 4719 ut
1307 4665 1410 4733 judicis
1423 4676 1556 4731 emanent,
1568 4676 1674 4721 matura

886 4742 1080 4797 deliberatione
1094 4743 1170 4813 prius
1183 4744 1295 4809 habita3
1317 4753 1397 4815 atque
1410 4753 1440 4800 ut
1457 4746 1540 4800 curiae
1559 4762 1588 4799 se
1602 4746 1673 4799 invi·

231 4835 269 4873 nr
289 4834 443 4873 naseonsrs
464 4834 500 4873 nr
520 4835 683 4876 consonare.
886 4838 945 4874 cem
972 4830 1158 4886 revereanturr
1193 4831 1272 4894 atque
1296 4830 1326 4877 nt
1350 4824 1451 4892 judicia
1477 4825 1675 4894 perscribantur

886 4899 1001 4954 fideliter
1024 4908 1052 4955 et
1075 4902 1233 4971 prudentem
1267 4908 1349 4972 utque
1372 4905 1417 4957 via
1443 4904 1478 4957 ad
1499 4903 1674 4958 rescindenda

883 4979 995 5047 judicia,
1010 4980 1046 5034 ait
1059 4987 1139 5046 arcta,
1154 4980 1320 5052 confragosa,
1335 4988 1363 5036 et
1380 4991 1508 5054 tanquam
1527 4981 1674 5036 muricibus

98 5047 290 5102 Dubitationes
304 5048 485 5116 particulares,
495 5068 557 5120 quae
566 5050 599 5105 de
611 5059 730 5122 tempore
741 5052 770 5105 in
785 5060 849 5106 tem·
886 5066 978 5112 stratu.

62 5144 109 5196 pus
130 5137 281 5198 emergunt,
308 5127 450 5182 dirimendi
474 5136 500 5182 et
523 5130 643 5183 solvendi
667 5131 758 5201 aliqua
780 5132 849 5184 ratio

60 5205 121 5260 iniri
134 5206 226 5261 debet.
268 5207 374 5259 Durum
393 5207 465 5260 enirn
485 5216 533 5271 est,
547 5216 577 5261 ut
597 5209 625 5273 ii,
640 5210 686 5279 qui
706 5210 742 5262 ab
759 5227 849 5264 errore
1252 5198 1316 5239 ¹⁰⁹·

61 5302 151 5340 cavere
166 5284 289 5355 cupiant,
304 5284 400 5338 ducem
413 5286 465 5339 viar
483 5303 536 5340 non
555 5287 701 5352 inveniant,
713 5305 806 5343 verum
820 5297 850 5343 ut
927 5288 957 5342 Si
968 5289 1100 5357 judicium
1114 5291 1246 5346 redditum
1260 5292 1342 5347 fuerit
1354 5292 1388 5346 de
1402 5308 1465 5346 casu
1479 5290 1571 5361 aliquo
1584 5291 1612 5344 in
1623 5290 1675 5345 ali·

62 5374 133 5419 attus
147 5366 203 5435 ipsi
219 5363 416 5434 periclitentur,
429 5380 518 5435 neque
537 5365 573 5419 sit
591 5366 691 5439 aliquis
709 5376 772 5422 ante
792 5386 848 5424 rem
888 5385 942 5438 que
955 5369 1030 5422 curia
1043 5369 1196 5441 principali,
1209 5379 1236 5424 et
1253 5371 1350 5425 similis
1370 5387 1448 5424 casus
1460 5370 1633 5424 intervenerit
1646 5371 1675 5425 in

64 5453 195 5512 peractam
206 5443 280 5512 jnris
294 5444 477 5512 praenoscendi
492 5444 593 5501 modus.
887 5447 941 5500 alia
956 5450 1037 5514 cuna,
1052 5465 1086 5503 ne
1100 5450 1237 5521 procedito
1255 5450 1288 5503 ad
1308 5449 1449 5518 judicium,
1463 5457 1607 5521 antequam
1628 5451 1676 5504 liet

295 4955 475 4994 critonianus
496 4956 613 4995 cxxxix.
