3800 5875
228 328 285 383 332
747 323 798 376 Du
819 321 1045 376 AUGMENTIS
1067 319 1342 376 SCIENTIARUM.

227 487 313 551 betur,
328 480 512 556 Angelorum,
534 491 562 536 et
576 481 709 535 fanaticas
722 479 756 533 de
769 481 804 533 iis
819 479 969 549 opiniones,
980 477 1025 532 vel

227 565 300 620 ultra
313 573 444 618 creaturas
458 569 559 616 sortem
569 577 617 615 eos
635 561 786 622 efferentes,
801 558 845 613 rel
863 557 1023 626 ampliorem
1286 554 1412 609 CAPUT
1432 552 1627 615 QUARTUM.

228 646 262 699 de
282 645 317 698 iis
337 642 528 713 coguitionem,
550 655 632 712 qaam
651 638 713 710 quis
733 654 827 692 resera
849 637 956 708 adeptis
979 637 1022 701 sit,

228 723 407 778 venditantes.
447 720 582 774 Craterum
595 718 685 772 sobria
699 717 772 771 circa
791 716 853 769 illos
873 715 1022 786 inquisitio,
1061 708 1323 766 Partitiadactre'aoe
1333 711 1829 782 speculatioaedeaotsrqiaphysitaa

229 820 290 873 quse
302 800 346 855 ael
363 818 412 872 per
431 817 521 853 rerum
539 813 731 867 corporearum
752 795 854 850 sesiam
872 795 907 847 ad
929 810 1022 848 eorum
1099 793 1241 862 specialem
1255 798 1281 843 et
1293 792 1519 862 autophysicamr
1541 807 1652 861 marum
1661 790 1768 860 physica
1779 807 1830 843 eas·

228 889 355 936 naturam
368 877 581 949 pernoscendam
595 876 732 938 ascendat,
746 873 790 928 vel
810 874 839 928 ia
859 874 950 927 anima
970 872 1023 926 hn-
1099 888 1155 924 som
1169 869 1325 940 efficientem
1346 879 1372 922 et
1384 872 1530 934 materiam,
1544 868 1721 939 metaphysica
1739 885 1830 924 cassas

228 977 318 1023 mana,
338 959 423 1014 veluti
437 959 465 1011 ia
483 956 601 1028 speculo,
623 971 683 1008 eam
704 956 849 1015 intueatur,
863 954 1022 1022 neutiquam
1090 950 1204 1019 finalem
1217 958 1242 1001 st
1250 947 1369 1022 samam
1382 950 1507 1020 inquirit.
1548 946 1671 1001 Partitis
1683 947 1795 1018 physica
1806 951 1828 1001 is

229 1039 396 1109 prohibetur.
438 1037 514 1090 idem
527 1036 561 1090 de
575 1034 714 1103 spiritibus
727 1030 1023 1087 statuendumimmun-
1100 1027 1237 1081 doctrinas
1257 1026 1290 1079 aa
1305 1026 1458 1098 principiis
1477 1045 1574 1091 rerum,
1588 1027 1738 1099 defabrica
1756 1045 1829 1080 reraa

230 1118 281 1182 dis,
295 1119 342 1189 qui
363 1135 379 1170 a
398 1123 470 1170 statu
491 1131 540 1168 suo
559 1113 726 1168 deciderunt.
769 1111 940 1166 Consortium
960 1127 1022 1163 eum
1099 1107 1158 1160 sive
1180 1106 1422 1170 demandanda
1443 1109 1574 1162 uarietate
1594 1123 1690 1159 rerum.
1728 1104 1830 1158 Partitis

230 1198 273 1262 iis,
295 1205 375 1267 atque
399 1211 463 1249 usus
484 1211 576 1263 operae
594 1209 695 1256 eorum,
719 1191 832 1246 illicitus
853 1197 909 1253 est;
936 1188 1022 1243 multo
1096 1185 1221 1255 physice
1235 1186 1267 1238 de
1280 1186 1412 1240 varietate
1425 1204 1514 1239 retreat
1527 1187 1558 1239 in
1578 1184 1722 1239 doctrinan
1738 1186 1767 1238 de
1780 1201 1829 1237 eoa·

230 1277 319 1347 magis
339 1274 534 1346 qualiscunque
553 1271 641 1326 cultus
659 1271 703 1326 vei
722 1270 869 1324 veneratio.
908 1267 945 1321 At
958 1284 1022 1321 con·
1100 1267 1190 1329 eretis,
1206 1273 1231 1316 et
1246 1265 1393 1318 doctrinata
1412 1265 1445 1318 de
1459 1264 1612 1320 adamastis.
1653 1262 1768 1316 Partitis
1781 1265 1829 1316 dae·

231 1353 370 1424 templatio
390 1361 417 1407 et
436 1352 556 1423 cognitio
574 1350 682 1405 illorum
701 1360 812 1412 naturae,
827 1346 977 1419 potestatis,
991 1346 1022 1400 il·
1099 1344 1184 1400 trinea
1192 1344 1225 1397 de
1234 1343 1569 1414 catastis“rejtotraraa
1576 1343 1828 1413 easdssapartitioaes,

230 1434 374 1498 lusionem,
388 1448 443 1486 aon
458 1431 545 1485 solum
559 1448 595 1485 ex
612 1430 680 1484 locis
700 1430 847 1498 Scripturas
867 1444 959 1490 sacroe,
973 1426 1022 1480 sed
1100 1439 1167 1492 quas
1184 1424 1301 1494 suscipit
1308 1423 1324 1449 '’
1339 1423 1454 1477 historia
1470 1424 1617 1477 naturalis.
1657 1420 1772 1476 Partitis
1783 1422 1830 1475 dac·

231 1530 266 1567 ex
276 1514 389 1577 ratione,
403 1519 450 1565 aut
464 1510 641 1580 experientia,
656 1508 731 1563 haud
744 1517 881 1578 postrema
895 1521 959 1576 pars
980 1511 1023 1559 est
1100 1501 1184 1558 trinea
1196 1503 1229 1556 de
1243 1502 1388 1556 abstractis
1404 1504 1435 1556 ia
1448 1502 1597 1556 aermnae
1618 1503 1650 1555 de
1662 1502 1829 1555 suasuram

232 1593 375 1662 sapientiae
389 1589 546 1660 spiritualis.
576 1588 621 1642 Sic
635 1595 708 1642 certe
723 1586 878 1656 Apostolus,
894 1592 910 1617 ¹⁸
923 1591 1022 1639 strata·
1098 1582 1228 1646 materiae,
1240 1590 1266 1634 et
1288 1581 1435 1636 doctrinam
1452 1582 1485 1635 de
1503 1582 1640 1636 mortibus.
1680 1580 1829 1652 Appendices

231 1679 370 1742 gematum
389 1671 449 1738 ejus
461 1685 516 1722 noa
530 1668 619 1740 ignari
640 1667 758 1721 sumus.''
799 1665 839 1719 Ac
858 1681 913 1718 non
933 1664 1022 1717 minus
1099 1660 1162 1715 duos
1175 1661 1301 1731 physicae
1319 1662 1505 1732 sperantiam
1523 1661 1687 1733 problemata
1706 1661 1828 1721 nataralia,

231 1751 385 1805 daemonum
397 1757 521 1803 naturam
533 1747 699 1817 investigare
712 1746 741 1799 in
756 1744 896 1815 theologia
905 1742 1022 1797 naturali
1096 1740 1202 1810 placita
1222 1743 1393 1811 antiquorum
1401 1740 1628 1811 philosophorum.
1668 1737 1779 1792 Partitis
1788 1754 1829 1790 ate·

230 1830 393 1894 conceditur,
404 1844 486 1899 quam
496 1842 661 1880 venenorum
671 1825 700 1878 iu
711 1824 886 1895 physicaaut
895 1822 1022 1876 vitiorum
1099 1818 1257 1889 taphysiea,
1272 1822 1303 1873 in
1324 1819 1472 1874 doctrinata
1487 1821 1520 1873 ds
1533 1820 1646 1894 formis,
1662 1828 1686 1872 st
1706 1818 1829 1872 doctrinm

231 1908 261 1962 iu
274 1909 374 1962 ethica.
417 1908 496 1960 Hanc
510 1911 600 1959 autem
613 1904 732 1960 scientia
744 1915 850 1973 partem
863 1904 897 1957 de
908 1901 1023 1971 Angelis
1100 1899 1133 1951 aa
1147 1898 1388 1971 causisfiaalibus.

231 1995 259 2042 et
271 1986 437 2042 daemonibus
456 1986 529 2039 iuter
550 1982 700 2037 desiderata
719 1999 861 2037 numerare
878 1997 933 2035 nou
952 1979 1022 2043 licet,

232 2067 334 2139 quippe
346 2083 406 2137 quse
419 2065 455 2119 ab
467 2063 541 2117 haud
550 2063 644 2134 paucis
655 2063 689 2117 sit
698 2068 812 2117 tentata:
828 2061 930 2132 aquius
942 2069 1022 2123 esset,
1101 2057 1269 2111 Nannenus
1290 2055 1473 2126 philosophia
1488 2062 1604 2126 partem,
1619 2070 1679 2125 quse
1691 2052 1831 2124 speculativa

231 2151 263 2199 ut
281 2146 442 2215 scriptorum
461 2143 491 2197 io
504 2142 558 2196 boc
577 2158 677 2212 genere
691 2158 755 2212 pars
775 2140 850 2194 haud
871 2155 963 2210 persa,
977 2148 1025 2194 aut
1062 2142 1104 2190 est
1125 2144 1154 2189 et
1176 2134 1306 2198 theorica,
1327 2135 1358 2190 in
1382 2134 1524 2205 physicam
1548 2135 1696 2206 specialem
1718 2143 1743 2187 et
1761 2137 1830 2185 meta·

232 2224 367 2287 vanitatis,
381 2230 430 2278 aut
443 2221 650 2292 superstitionis,
665 2228 714 2275 aut
733 2218 891 2275 subtilitatis
909 2217 1022 2283 inutilis,
1061 2214 1206 2285 physicam
1220 2213 1339 2269 dividere
1359 2213 1457 2286 placet.
1499 2214 1590 2284 Atque
1604 2215 1634 2268 in
1647 2213 1698 2267 hac
1711 2211 1830 2282 partitione

232 2309 389 2374 arguantur.
1062 2292 1568 2349 attendauthominesnosvocabulum
1578 2292 1764 2363 metaphysica
1772 2306 1832 2343 usur·

1061 2389 1127 2443 pare
1141 2389 1231 2436 sensu,
1246 2389 1263 2426 a
1281 2379 1391 2443 recepto
1409 2380 1436 2427 et
1456 2372 1568 2444 vulgato
1589 2371 1754 2441 discrepanti.
1788 2366 1831 2421 Hie

465 2488 590 2545 CAPUT
610 2488 785 2544 TERTIUM
1062 2460 1152 2507 sutem
1165 2453 1241 2507 locus
1254 2451 1415 2507 admonendi
1430 2453 1542 2515 videtur,
1553 2452 1590 2507 de
1601 2461 1694 2506 nosue
1707 2451 1733 2504 in
1743 2463 1830 2520 genere

786 2529 793 2544 ‘
1062 2532 1136 2586 cirea
1153 2548 1232 2586 usum
1253 2531 1454 2596 vocabulorum,
1474 2532 1609 2586 instituto.
1650 2529 1682 2586 Id
1702 2524 1831 2597 hujusmodi

233 2626 357 2681 Partitio
373 2629 509 2683 naturalis
526 2627 705 2699 philosophie
730 2629 760 2680 r'rs
781 2627 975 2698 speculativam
998 2635 1023 2680 et
1063 2619 1113 2675 “lv
1141 2619 1172 2665 ¹¹¹
1196 2617 1253 2664 ἴδω
1279 2611 1310 2666 in
1335 2611 1478 2682 Piaemi⁵⁸⁰
1498 2610 1634 2665 *⁰⁰⁸bUl0
1657 2606 1831 2678 memphim·

272 2709 452 2779 operativum.-
475 2708 594 2780 qttodque
615 2709 671 2762 illas
689 2708 761 2773 duaa,
781 2716 808 2760 et
825 2709 855 2760 iu
877 2709 1024 2760 intentione
1063 2708 1144 2761 (luam
1158 2691 1187 2745 in
1201 2691 1271 2755 filii&
1285 2690 1332 2745 Ubi
1352 2698 1499 2762 ⁰⁰¹¹⁰0P¹¹¹¹
1512 2696 1541 2744 et
1552 2690 1678 2744 n⁰⁶⁰¹¹²⁸
1696 2694 1832 2742 mmm*

273 2789 425 2854 tractantis,
445 2795 471 2841 et
491 2789 521 2841 r's
542 2804 649 2860 copore
671 2794 804 2842 tractatus
822 2790 966 2860 segregem·
979 2787 1024 2840 de.
1062 2787 1104 2824 vte
1117 2778 1187 2835 sunt,
1202 2778 1257 2825 eta
1270 2770 1385 2841 receptis
1404 2769 1542 2834 recedunt,
1556 2770 1680 2824 maxima
1699 2773 1765 2820 certe
1782 2779 1832 2816 eum

272 2866 359 2921 team.
1062 2850 1195 2921 religione
1209 2849 1321 2921 antiqua
1334 2848 1464 2904 vocabula
1477 2848 1655 2903 retineamus.
1694 2846 1758 2900 Cum
1773 2843 1832 2897 enim

381 3004 388 3018 Ο
411 3003 417 3017 ¹
1063 2931 1183 2985 tatarum
1205 2947 1352 3000 speremus,
1372 2937 1404 2984 ut
1425 2928 1492 2984 ordo
1511 2927 1572 2998 ipae
1593 2937 1622 2984 et
1639 2925 1832 2982 dilucidarem

272 3004 366 3059 Missa
379 3004 1025 3079 1g1turtheologiaasturali(caiinquisitionem
1063 3009 1219 3080 explicatio,
1234 3025 1317 3079 quara
1338 3009 1501 3080 subjungere
1523 3023 1722 3073 rossemannas
1740 3016 1832 3074 sprats

218 3084 267 3138 'de
281 3084 427 3155 spiritibus,
435 3090 467 3139 ut
480 3087 658 3156 appendicem
671 3088 855 3156 attribuimus)
865 3087 1025 3142 accedamus
1062 3088 1254 3144 vocabulorum
1269 3089 1381 3159 (quibus
1398 3089 1511 3156 utimum)
1526 3087 1708 3158 intelligentia
1724 3083 1831 3141 liberent

233 3163 268 3217 ad
282 3164 428 3218 secundam
438 3172 543 3234 partem
554 3186 562 3220 r
575 3166 708 3243 ,videlicet
721 3166 797 3221 illam
810 3167 844 3220 de
851 3174 956 3231 natura,
967 3168 1025 3221 sive
1062 3169 1211 3222 incaeteris
1232 3168 1343 3221 omuino
1357 3184 1470 3221 avemus
1491 3167 1642 3238 (quatenus
1661 3165 1716 3221 siae
1734 3158 1832 3217 vadatis

232 3241 435 3312 philosophiam
467 3244 627 3300 naturalem
694 3245 803 3315 Optime
837 3245 1024 3312 Democritus,
1062 3246 1275 3302 rescientiarum
1289 3246 1432 3317 dispendio
1442 3246 1500 3301 fieri
1510 3246 1662 3317 passionei
1673 3236 1832 3298 miniamsb

234 3327 251 3354 ‘⁴
263 3321 412 3413 §cientium
424 3320 458 3374 de
470 3332 565 3377 natura
577 3324 608 3378 iu
621 3325 760 3394 profundis
774 3325 892 3390 mineris,
907 3326 964 3380 sive
978 3343 1025 3395 pu·
1062 3328 1233 3397 antiquorum
1248 3333 1295 3379 sut
1308 3325 1488 3395 opinionibus,
1503 3332 1550 3380 aut
1570 3323 1699 3395 loquendi
1717 3336 1782 3375 more
1796 3317 1832 3370 dt·
1864 3366 1865 3387 ,

233 3406 294 3465 teis,
308 3400 392 3456 latere
406 3400 583 3457 demersam.''
623 3403 918 3470 Nonraaleohemici;
933 3405 1026 3460 “Vtul·
1062 3406 1178 3460 flectere.
1220 3405 1280 3466 Qua
1292 3406 1320 3459 in
1336 3423 1364 3460 re
1376 3404 1531 3459 Aristotelis
1540 3403 1730 3460 confidentiam
1740 3395 1830 3470 proinde
1864 3390 1865 3393 ’

235 3495 333 3534 canum
347 3479 461 3534 alterata
474 3488 600 3537 naturam
613 3499 688 3547 esee3
704 3483 852 3555 quinetiam
862 3483 891 3537 id
902 3484 1027 3540 celeriter
1062 3485 1136 3539 subit
1148 3484 1255 3548 mirari;
1278 3485 1325 3555 qui
1335 3485 1438 3553 impetu
1448 3484 1565 3555 quodam
1577 3483 1697 3554 percitus
1707 3474 1832 3533 embadis·
1864 3482 1865 3535 l

232 3560 370 3629 perticere,
384 3558 455 3630 quod
468 3567 566 3615 ustura
577 3578 626 3631 per
639 3563 769 3632 ambages
782 3570 811 3617 et
824 3563 954 3634 temporis
966 3580 1026 3618 mo·
1062 3564 1151 3628 tionis,
1166 3570 1193 3617 et
1213 3562 1315 3618 bellum
1333 3565 1467 3618 universis
1486 3562 1644 3632 antiquitati
1657 3560 1775 3620 indicent,
1790 3569 1833 3608 ¹1⁰⁰
1864 3606 1865 3609 ,

232 3654 278 3693 ras
298 3638 392 3693 solet''
446 3637 545 3699 Quidni
572 3641 656 3711 igitur
682 3641 884 3713 philosophiam
907 3644 936 3696 in
958 3643 1025 3697 duas
1062 3643 1151 3697 solum
1169 3658 1241 3696 nova
1260 3642 1361 3698 artium
1381 3641 1512 3697 vocabula
1527 3658 1578 3711 pro
1591 3642 1671 3696 libita
1691 3634 1793 3693 cudendi
1809 3631 1833 3683 ii·

233 3724 324 3808 partes
337 3734 466 3783 secamus,
480 3719 600 3774 fodinam
619 3728 648 3775 et
667 3720 820 3786 fornacem
842 3728 871 3775 et
892 3720 945 3775 duo
963 3738 1026 3776 con·
1062 3723 1180 3777 centiam
1193 3722 1348 3792 usurpavit3
1369 3721 1418 3776 sed
1437 3720 1520 3777 etiam
1534 3721 1655 3791 priscam
1668 3732 1766 3774 omnem
1777 3710 1833 3780 sspi-

233 3803 375 3888 statuamus
388 3796 613 3868 philosophorum
626 3800 1026 3870 muneraopersriosiumioe·
1062 3801 1164 3855 entiam
1178 3802 1338 3873 extinguere
1352 3810 1380 3855 et
1395 3800 1487 3856 delere
1508 3800 1621 3855 annisus
1639 3806 1690 3854 est.
1727 3793 1834 3849 Adsunt

232 3891 279 3939 rrs,
293 3882 322 3928 et
342 3876 452 3930 tabrosl
492 3877 563 3931 Saue
582 3886 718 3950 utcunque
738 3879 878 3934 videamur
898 3879 958 3934 haec
976 3897 1026 3950 per
1061 3896 1151 3950 neque
1164 3880 1287 3934 nominet
1299 3880 1407 3951 uspiam
1419 3869 1832 3951 auctoresantiqaosmequedog·

233 3952 323 4045 lpsqm
337 3954 427 4026 loqui;
448 3963 540 4011 tamen
560 3957 643 4025 hujus
663 3958 771 4029 generis
784 3959 958 4029 partitionem
972 3959 1025 4013 uti·
1062 3967 1165 4013 matum
1179 3976 1272 4014 eorum
1283 3961 1448 4014 mentionem
1468 3957 1553 4014 ullam
1567 3959 1658 4022 iaciat,
1672 3955 1781 4023 uisiqao
1796 3952 1833 4000 sut

233 4033 366 4124 hemmam
381 4051 441 4091 esse
461 4052 610 4101 censemus,
625 4054 688 4093 eum
707 4046 873 4109 proponetur
886 4037 1025 4093 vocabulis
1062 4037 1187 4092 homines
1198 4038 1399 4110 perstringeret,
1410 4044 1457 4092 aut
1466 4036 1568 4108 placita
1578 4039 1754 4108 redargueret
1775 4028 1832 4082 Sane

233 4111 412 4167 iamrharibus
435 4122 463 4169 et
482 4115 668 4179 scholasticim
692 4116 745 4170 hoc
765 4125 813 4182 est,
838 4126 869 4172 ut
889 4117 1025 4172 dividatur
1062 4117 1086 4170 si
1100 4117 1201 4171 mnsam
1215 4118 1319 4171 nomini
1334 4134 1391 4182 suo,
1406 4133 1438 4170 ac
1454 4116 1613 4186 sequacium
1630 4116 1732 4170 turbam
1743 4107 1833 4163 aueo

235 4195 251 4223 ‘⁴
264 4189 395 4244 Doctrina
408 4192 442 4248 de
455 4201 553 4248 natura
572 4195 602 4249 in
615 4195 819 4266 inquisitionem
832 4211 983 4261 causarum,
997 4206 1026 4250 et
1062 4196 1138 4260 verit,
1153 4195 1207 4249 hoc
1220 4196 1371 4250 rationibus
1391 4196 1447 4250 suis
1465 4195 1601 4265 imprimis
1616 4189 1831 4249 accommodatum

234 4270 439 4340 productionem
460 4272 621 4338 effectuumr
643 4275 845 4344 speculativam,
859 4282 888 4329 et
907 4276 1024 4345 operati·
1063 4274 1202 4344 Siquidem
1216 4276 1246 4328 in
1259 4275 1371 4329 veritate
1381 4274 1573 4345 philosophica
1586 4271 1728 4328 asserenda
1740 4276 1764 4322 et
1775 4262 1832 4319 reci·

233 4348 321 4403 ram'’
362 4349 456 4405 Altera
469 4359 573 4409 naturae
586 4353 691 4408 viscera
711 4370 761 4424 per
782 4362 924 4417 scrutatur,
938 4353 1025 4409 altera
1062 4353 1169 4423 pienda,
1193 4353 1266 4408 idem
1290 4354 1431 4425 contingit,
1455 4353 1581 4421 quadiu
1604 4352 1717 4407 veritate
1739 4344 1831 4402 diriutt

233 4434 358 4482 naturam
370 4429 455 4485 veluti
469 4447 550 4501 super
563 4433 687 4488 incudem
697 4434 828 4488 efformet.
868 4433 966 4504 Neque
979 4450 1024 4488 me
1063 4432 1164 4486 “Veni
1185 4432 1216 4486 in
1236 4432 1347 4487 nomine
1361 4432 1458 4496 Patris,
1473 4448 1523 4486 nee
1539 4431 1663 4503 recipitis
1676 4445 1732 4493 me3
1750 4420 1832 4491 siqua

233 4507 405 4578 fugitquam
420 4510 667 4582 arctoeopuleatur
679 4512 788 4567 vinculo
801 4528 890 4566 causoe
903 4521 930 4566 et
943 4512 1025 4567 effec-
1061 4511 1165 4566 venerit
1185 4511 1215 4565 in
1237 4511 1348 4565 nornine
1372 4527 1517 4577 m10,eum
1539 4510 1702 4581 recipietis”
1742 4502 1788 4558 Sed
1804 4514 1833 4552 et

233 4592 285 4650 tus,
306 4595 335 4641 ut
356 4586 569 4657 explicationem
591 4606 684 4645 eorum
704 4591 874 4663 aliquatenus
897 4592 1025 4661 conjrmgi
1062 4589 1228 4645 hoceoelesti
1241 4589 1407 4660 aphorismo,
1419 4586 1831 4661 si,quemprrecipuedesigaare·

234 4666 402 4720 sitnecesse.
443 4667 569 4722 Attamen
589 4670 806 4741 quandoquidem
828 4671 916 4725 omnis
938 4669 1025 4724 solida
1062 4669 1104 4734 rit,
1118 4676 1288 4739 spectemus3
1311 4667 1426 4743 (nempe
1436 4668 1632 4722 Antichristunr
1647 4665 1760 4721 omnium
1772 4672 1831 4714 sett-

172 4806 178 4817 ³
235 4751 263 4797 et
276 4744 414 4799 fructuosa
426 4745 741 4818 naturalisphilosophia
749 4749 884 4819 duplicem
895 4749 1025 4805 adhibeat
1061 4747 1149 4803 iorum
1168 4747 1344 4817 impostorem
1363 4748 1526 4816 maximum)
1548 4747 1677 4816 colligere
1696 4733 1831 4807 liceciaud

234 4822 343 4914 scalam,
359 4840 472 4895 eamque
486 4824 628 4890 diversam,
642 4829 823 4883 metatoriam
841 4835 870 4882 et
882 4829 1025 4882 descenso-
1061 4827 1158 4897 ipsum,
1174 4827 1304 4881 “Venire
1318 4828 1347 4881 in
1366 4828 1476 4882 nomine
1496 4828 1570 4889 sao,”
1585 4826 1661 4881 nulla
1677 4815 1829 4892 antiquitatis

234 4919 318 4967 namt
339 4903 375 4956 ab
388 4903 559 4974 experientia
571 4905 607 4959 ad
624 4906 770 4972 axiomata,
785 4916 812 4961 et
825 4907 861 4961 ab
879 4907 1024 4961 axiomati·
1062 4914 1109 4960 ant
1130 4906 1167 4978 (si
1187 4907 1226 4959 ita
1246 4904 1322 4975 loqui
1336 4904 1412 4973 licet)
1434 4906 1605 4976 paternitatis
1626 4903 1717 4960 habita
1736 4897 1829 4954 ntiuutt

234 4980 284 5036 bus
305 4983 341 5036 ad
359 4999 431 5036 nova
443 4983 573 5053 inventag
589 4984 819 5041 consultissimum
828 4986 920 5055 judico
933 4996 965 5040 ut
980 4986 1025 5041 hta
1062 5002 1120 5040 rem
1128 4985 1193 5040 mali
1206 4985 1304 5039 ominis
1314 4985 1580 5049 esseadveritatem3
1596 4988 1830 5052 atcunqueeaase·

234 5060 295 5116 dua
311 5068 409 5131 partes,
419 5059 585 5131 speculativa
598 5070 625 5117 et
638 5064 785 5133 operativa,
797 5073 825 5119 et
838 5066 867 5118 iu
876 5065 1025 5120 intentione
1062 5081 1097 5134 pe
1110 5081 1224 5118 numero
1238 5064 1380 5118 comitetur
1392 5062 1441 5118 illa
1451 5063 1566 5128 fortuna,
1578 5068 1593 5095 “
1602 5064 1674 5117 Eum
1688 5049 1827 5126 recipietis.”

235 5141 384 5206 mactantis,
399 5149 428 5196 et
439 5141 468 5195 iu
481 5156 594 5213 corpore
605 5149 734 5198 tractatus
747 5151 915 5214 separentur.
1063 5143 1200 5197 Caeterum
1221 5143 1254 5197 de
1273 5144 1332 5197 viro
1352 5150 1408 5196 tara
1429 5143 1531 5197 eximio
1550 5149 1629 5205 certe,
1644 5151 1673 5197 et
1690 5138 1723 5193 ob
1734 5144 1827 5189 acumen

1062 5222 1166 5292 ingenii
1187 5221 1312 5287 mirabili,
1328 5221 1482 5284 Aristotele,
1499 5221 1659 5276 crediderim
1680 5214 1753 5273 facile
1770 5210 1827 5264 hant

1063 5301 1239 5355 ambitionem
1261 5318 1324 5354 eam
1342 5317 1360 5353 a
1383 5299 1516 5370 discipulo
1537 5317 1586 5355 suo
1603 5298 1741 5370 accepisset
1762 5302 1827 5360 qaeu

1063 5379 1175 5433 fortasse
1189 5379 1331 5433 aemulatus
1344 5387 1399 5444 est,
1421 5388 1451 5433 ut
1465 5380 1489 5433 si
1502 5378 1550 5433 ille
1564 5395 1656 5432 omnes
1665 5365 1826 5431 nationesltic

1063 5475 1157 5512 omnes
1166 5460 1307 5528 opiniones
1317 5459 1468 5529 subigeret;
1484 5465 1511 5513 et
1521 5457 1701 5513 monarchiam
1711 5445 1826 5523 quandam
