3800 5875
229 314 286 371 tto
866 315 1007 370 NOVUM
1031 312 1232 370 ORGANUM.
1727 313 1784 369 ms
1799 314 1831 371 ll.

229 474 308 539 foret,
328 471 559 544 computavimus:
580 480 661 543 atque
676 478 779 527 tantam
792 474 1022 543 compressionem
1057 473 1191 526 immensa
1203 472 1294 541 spatia
1311 470 1471 526 milliarium
1487 470 1575 525 subito
1594 470 1695 525 deierri
1712 487 1788 540 posse
1804 475 1833 527 ad

228 569 336 623 passam
351 569 411 606 esse
424 567 523 624 aquarn
535 551 596 620 (sed
613 551 741 606 violentia
755 567 854 622 magna
867 552 1020 620 subactam)
1057 552 1165 607 usum:
1193 550 1241 605 sed
1264 551 1356 619 potius
1376 551 1475 606 debere
1494 567 1541 604 eas
1560 552 1590 604 in
1611 558 1731 620 tempore
1753 550 1833 621 aliquo

229 632 423 687 intelleximus.
1057 629 1170 683 notabili
1183 629 1281 683 delabi.
1324 630 1425 684 Verum
1439 630 1487 683 illa
1500 630 1634 683 dubitatio
1648 629 1747 699 (quoad
1757 631 1833 697 majus

269 711 307 765 At
325 711 461 776 solidiora,
484 710 564 771 sicca,
586 716 633 763 aut
651 710 740 780 magis
760 716 909 779 compacta,
929 710 1021 780 qualia
1058 709 1168 779 aliquod
1181 708 1353 763 intervallum
1366 710 1497 779 temporis
1510 710 1579 762 inter
1595 715 1702 778 tempus
1715 725 1800 763 rerrmr
1811 724 1834 763 et

230 798 292 844 sunt
308 790 413 860 lapides
428 798 456 844 et
472 788 557 859 ligna,
571 804 677 843 necnon
697 788 814 853 metalla,
828 787 914 843 multo
932 788 1021 843 adhuc
1059 788 1159 857 usum)
1183 796 1278 858 postes
1303 787 1384 858 plane
1409 790 1535 852 evannit3
1562 788 1747 857 reputantibus
1765 789 1833 843 nobis

229 869 364 923 minorem
380 868 608 939 compressionem
628 875 676 922 ant
696 869 890 932 extensionem,
910 874 938 921 et
964 868 1020 922 fere
1056 867 1191 934 jacturam
1209 866 1286 921 ssiam
1309 868 1448 932 infinitam,
1471 876 1499 921 et
1518 867 1724 921 diminutionem
1745 869 1832 937 quanti,

230 947 474 1019 imperceptibilem
496 947 601 1009 lerunt3
623 947 670 1000 sed
684 949 728 1002 rel
748 946 885 1010 fractione,
900 946 943 1000 rel
961 963 1022 1017 pro-
1059 953 1194 1015 quatenus
1207 946 1242 998 ad
1254 947 1442 1016 apparentiam
1455 946 1528 1000 inter
1540 962 1639 1016 corpus
1652 944 1737 1000 stellae
1745 962 1832 1009 rernm,

230 1028 378 1098 gressione,
393 1026 438 1081 vel
456 1027 516 1080 aliis
538 1027 780 1096 pertentationibus
801 1044 830 1081 se
851 1026 1022 1090 libertatus
1059 1032 1086 1077 et
1105 1025 1225 1093 speciem
1238 1026 1333 1089 visam,
1348 1043 1409 1096 qum
1427 1032 1555 1080 cansamr
1574 1025 1746 1087 adimentia,
1764 1034 1831 1095 atque

230 1106 260 1160 in
273 1106 471 1161 consationibus
484 1105 553 1174 ligni
567 1112 614 1159 ant
626 1105 740 1170 metalli,
753 1105 903 1176 horologiis
912 1122 1022 1159 moven·
1058 1103 1139 1156 simul
1151 1105 1306 1159 notantibus
1319 1105 1354 1157 ad
1374 1115 1503 1175 quantam
1521 1105 1680 1158 distantiam
1695 1104 1832 1175 (sexennis

230 1185 304 1240 tibus
314 1202 363 1256 per
372 1184 607 1255 complicationem
616 1185 733 1249 laminae,
744 1184 902 1247 missilibus,
911 1183 1021 1238 mallea-
1059 1181 1162 1237 scilicet
1180 1182 1215 1236 ad
1238 1185 1380 1238 minimum
1401 1183 1601 1250 milliariorum)
1623 1200 1741 1253 corpora,
1759 1200 1831 1253 esque

231 1265 358 1328 tionibus,
367 1273 395 1319 et
408 1264 557 1319 innumeris
571 1264 634 1318 aliis
647 1264 772 1326 motibus,
782 1269 903 1335 apparet
930 1264 1021 1334 Atque
1059 1267 1163 1315 tantum
1181 1261 1332 1327 albicantia,
1352 1262 1442 1317 subito
1461 1263 1507 1318 hic
1526 1263 1600 1332 apud
1621 1279 1673 1317 nos
1692 1270 1830 1325 cernentum

229 1342 391 1398 haecomnia
404 1361 466 1399 cum
478 1344 611 1398 mensuris
621 1343 676 1398 suis
686 1344 716 1398 in
728 1344 904 1415 indagatione
916 1350 1021 1397 naturae
1058 1357 1120 1394 cum
1133 1340 1243 1396 dubium
1257 1358 1312 1395 non
1331 1343 1368 1397 sit
1387 1342 1475 1397 lucem
1495 1341 1656 1406 cmlestium,
1674 1358 1728 1396 non
1744 1351 1830 1396 tantun

230 1424 349 1478 notanda
363 1432 391 1478 et
404 1423 570 1493 exploranda
582 1431 661 1488 eunte
684 1429 732 1476 aut
744 1423 775 1477 in
787 1422 948 1477 certitudine
962 1438 1020 1486 sua,
1059 1418 1191 1473 albedinis
1219 1421 1337 1475 vividum
1369 1422 1494 1486 calorem,
1521 1439 1619 1476 verum
1651 1422 1731 1475 etiam
1755 1424 1830 1475 omnis

230 1510 276 1555 aut
296 1519 345 1572 per
364 1503 548 1567 aestimativae,
570 1508 617 1556 aut
639 1518 690 1573 per
713 1502 918 1574 comparativas,
943 1511 1022 1573 prout
1059 1498 1829 1571 flammoelquaeapudnosnotaest)lucemqnosdrigoren

230 1580 437 1653 dabitur-eopia,
1059 1578 1223 1643 radiationis,
1232 1578 1456 1650 multispartibus
1466 1580 1708 1644 excedereretiam
1718 1582 1829 1634 inmensa

1058 1656 1107 1710 illa
1120 1656 1248 1711 velocitas
1261 1658 1290 1711 in
1303 1659 1364 1728 ipso
1377 1675 1497 1729 corpore,
1512 1677 1574 1730 qma
1595 1659 1717 1714 cernitur
1729 1660 1756 1712 in
1770 1668 1829 1713 mom

1058 1735 1155 1790 diurno
1169 1739 1244 1806 (qum
1257 1738 1340 1791 etiam
1357 1738 1429 1792 viros
1450 1754 1547 1809 graves
1566 1739 1607 1792 ita
1621 1738 1795 1808 obsmpeiecit,
1805 1746 1828 1791 nt

271 1815 345 1869 lnter
367 1814 570 1886 praerogatione
597 1814 789 1867 instantiarum
808 1828 940 1883 ponemus
961 1811 1021 1868 loco
1058 1813 1171 1868 mallent
1187 1816 1296 1871 credere
1317 1823 1420 1871 motum
1443 1816 1535 1883 terrae)
1560 1816 1629 1871 tacit
1651 1825 1749 1871 motum
1767 1816 1827 1870 illnn

231 1894 360 1948 vicesimo
381 1892 498 1948 secundo
519 1893 665 1946 irmtontioe
686 1893 825 1956 curriculi,
850 1908 917 1962 quas
939 1893 1020 1947 etiam
1059 1893 1245 1961 ejaculationis
1264 1896 1402 1950 radiorum
1419 1896 1455 1950 ab
1474 1896 1543 1966 ipsis
1563 1897 1645 1962 (licet
1660 1896 1827 1959 celeritatem

231 1974 378 2028 instantius
391 1973 429 2026 od
441 1989 536 2041 swern
549 1969 685 2040 appellare
700 1970 899 2034 consuevimusr
913 1979 1022 2041 sumpto
1058 1972 1184 2037 diximus,
1211 1974 1376 2043 mirabilem)
1403 1975 1492 2046 magis
1517 1975 1688 2030 credibilem.
1725 1976 1826 2030 Maxime

231 2050 362 2106 vocabulo
375 2049 555 2118 aclepsydris
573 2050 646 2119 apud
663 2050 796 2120 antiquos,
810 2050 839 2103 in
853 2066 920 2120 quas
933 2050 1021 2104 iniun-
1059 2067 1123 2106 vero
1149 2053 1268 2107 omnium
1290 2071 1340 2107 nos
1363 2056 1456 2117 movit,
1481 2054 1553 2125 quod
1581 2056 1606 2108 si
1632 2055 1826 2124 interponeretur

231 2131 344 2185 debatur
358 2146 429 2200 aquo
448 2127 511 2182 loco
529 2144 626 2182 arenae
667 2127 716 2183 Eas
729 2135 885 2183 mensurant
897 2136 1022 2183 naturam
1058 2130 1229 2186 intervallum
1239 2133 1368 2202 temporis
1378 2132 1487 2205 aliquod
1500 2133 1623 2188 notabile
1632 2135 1702 2188 inter
1710 2134 1826 2189 veritatem

231 2226 281 2280 per
306 2215 444 2263 momenta
465 2207 601 2276 temporis,
629 2207 852 2277 quemadmodum
881 2209 1021 2264 instantiae
1059 2210 1425 2282 etmmmioretutspecies
1435 2213 1585 2283 pernubes
1599 2213 1709 2267 interim
1721 2213 1824 2274 orientes.

231 2289 319 2358 virge
331 2304 381 2358 per
399 2286 499 2357 gradus
519 2286 609 2355 spatii.
650 2286 745 2341 Omnis
765 2287 837 2341 enim
856 2296 944 2342 motus
963 2288 1021 2342 sire
1059 2297 1086 2342 et
1098 2290 1203 2344 similes
1216 2290 1299 2345 medii
1318 2292 1543 2361 perturbationes,
1558 2292 1774 2363 interciperentur
1789 2308 1827 2345 aa>

231 2367 303 2421 actio
314 2366 447 2421 naturalis
457 2365 796 2435 transigiturintemporer
812 2365 881 2420 alius
891 2367 1019 2430 velocius,
1058 2385 1212 2439 penumero,
1233 2378 1261 2423 et
1277 2370 1512 2426 contunderentur.
1553 2370 1647 2442 Atque
1667 2371 1700 2426 de
1717 2371 1827 2426 mentoris

231 2445 302 2500 alius
321 2446 430 2507 tardius,
445 2445 492 2500 sed
510 2453 645 2515 utcunque
666 2445 810 2500 momentis
826 2446 914 2508 certis,
929 2454 957 2500 et
975 2462 1021 2499 na·
1060 2454 1210 2517 temporum
1223 2448 1392 2519 simplicibus
1405 2449 1465 2506 hac
1479 2450 1553 2504 dicta
1566 2451 1632 2505 sint.

231 2529 299 2580 turea
309 2525 389 2580 notis.
418 2525 508 2578 Etiam
521 2523 577 2579 illae
591 2524 718 2588 acdones,
728 2542 789 2595 quae
802 2525 1022 2580 eubitovidentur
1098 2527 1199 2582 Verum
1212 2545 1266 2582 non
1279 2527 1366 2583 solum
1376 2529 1521 2599 quaerenda
1533 2537 1578 2583 est
1590 2545 1717 2585 mensura
1727 2535 1826 2583 motum

232 2604 346 2674 operari,
361 2612 388 2659 et
400 2604 430 2657 in
443 2603 497 2657 ictu
511 2601 581 2657 oculi
596 2603 640 2670 (ut
653 2604 801 2674 loquimur)
815 2604 1020 2673 deprehendun-
1059 2612 1086 2660 et
1098 2607 1235 2661 actionum
1255 2606 1422 2677 simpliciter,
1436 2608 1484 2663 sed
1502 2608 1591 2663 multo
1608 2610 1696 2680 magis
1712 2623 1826 2676 compara

231 2691 275 2737 tnr
288 2684 407 2753 recipere
421 2683 511 2751 majus
525 2689 551 2735 et
563 2683 654 2737 minus
668 2683 755 2753 quoad
770 2690 883 2753 tempus.
1059 2686 1128 2740 tire:
1149 2685 1177 2740 id
1187 2687 1260 2741 enim
1274 2687 1368 2741 eximii
1378 2695 1421 2742 est
1433 2704 1506 2751 usus,
1517 2696 1545 2741 et
1559 2689 1595 2742 ad
1609 2688 1724 2760 plurima
1733 2694 1824 2758 spectat

271 2762 363 2817 Primo
387 2763 480 2832 itaque
506 2762 636 2826 videmus,
663 2762 846 2817 restitutiones
877 2779 1018 2832 corporum
1059 2763 1147 2835 Atque
1169 2766 1292 2821 ridemus
1318 2767 1456 2820 flammam
1483 2766 1602 2835 alicujus
1625 2767 1745 2823 tormenti
1766 2765 1824 2836 ignei

590 1706 665 1745 xtvl.

125 2838 126 2842 ’
231 2840 379 2896 coelestium
393 2842 451 2896 fieri
464 2857 514 2911 per
527 2849 649 2910 tempora
660 2848 818 2905 numeratae
838 2841 921 2897 etiam
931 2843 1021 2897 fluxus
1058 2844 1137 2898 citius
1150 2846 1231 2909 cerni,
1243 2862 1323 2916 quam
1336 2846 1442 2900 sonitus
1455 2846 1595 2911 audiatur3
1617 2847 1681 2901 licet
1692 2861 1788 2900 necesse
1797 2844 1825 2897 nt

231 2929 259 2976 et
280 2922 399 2977 refluxus
421 2920 514 2976 maris.
555 2919 636 2976 Latio
662 2927 753 2976 antem
782 2922 904 2993 gratim
927 2939 1021 2977 versus
1059 2922 1143 2993 pilam
1163 2924 1239 2994 prius
1260 2927 1352 2980 adrem
1374 2932 1522 2997 percutere,
1546 2943 1631 2996 quam
1654 2927 1762 2989 flamma
1778 2941 1825 2995 qna

231 3008 339 3064 terram,
353 3008 380 3054 et
392 3001 492 3055 levium
505 3017 599 3055 versus
615 3000 746 3055 ambitum
760 3000 830 3066 coeli,
843 3002 875 3055 fit
886 3018 935 3071 per
948 3010 1022 3056 certa
1059 3019 1129 3072 pone
1145 3011 1212 3069 erat,
1228 3005 1303 3058 exire
1324 3005 1457 3076 potueritr
1479 3006 1538 3060 fieri
1558 3007 1613 3060 hoc
1631 3013 1719 3061 antem
1737 3010 1825 3075 ptopttt

231 3087 374 3144 momenta,
385 3096 434 3150 pro
447 3079 552 3133 ratione
563 3080 685 3149 corporis
700 3081 771 3152 quod
785 3080 876 3144 fertur,
888 3089 916 3135 et
929 3081 1020 3135 medii.
1058 3082 1219 3137 velociorem
1241 3085 1450 3139 transmtionem
1468 3094 1558 3138 motus
1581 3085 1660 3150 lucis,
1679 3101 1753 3156 quam
1769 3082 1823 3137 soni.

231 3158 269 3213 At
285 3159 479 3214 vellicationes
500 3159 617 3222 navium,
637 3167 726 3214 motus
747 3159 912 3224 animalium,
934 3160 1022 3230 perla-
1060 3161 1189 3217 Videmus
1203 3162 1284 3216 enam
1299 3163 1404 3233 species
1417 3163 1539 3219 visibiles
1552 3181 1572 3219 a
1583 3166 1645 3219 risu
1658 3164 1735 3218 citius
1745 3159 1825 3230 exciti,

231 3239 319 3293 tiones
342 3237 493 3301 missilium,
514 3254 608 3292 omnes
632 3238 700 3292 fiunt
719 3239 815 3294 itidem
830 3256 880 3308 per
898 3247 1022 3310 tempora
1059 3258 1139 3311 quam
1160 3241 1275 3305 dimitti:
1295 3242 1367 3297 unde
1388 3243 1426 3306 fit,
1446 3244 1518 3311 qnod
1540 3245 1619 3299 nervi
1643 3243 1738 3307 fidiam,
1757 3241 1826 3310 digito

232 3319 373 3386 (quantum
388 3317 423 3370 ad
441 3319 572 3384 summas)
587 3317 775 3373 numerabilia.
818 3318 943 3373 Calorem
957 3334 1021 3373 vero
1058 3319 1176 3390 impulsi,
1191 3319 1361 3390 duplicentur
1374 3329 1422 3376 aut
1437 3321 1608 3391 triplicentur
1623 3322 1709 3395 quoad
1720 3321 1825 3391 speeiem.

232 3395 303 3465 quod
316 3397 420 3458 attinet,
434 3396 555 3451 videmus
569 3412 668 3466 pueros
682 3413 731 3465 per
744 3397 864 3452 hiemem
881 3414 979 3453 manua
992 3399 1020 3452 in
1059 3399 1124 3469 quia
1137 3400 1242 3469 species
1253 3416 1325 3454 nova
1338 3401 1474 3469 recipitur,
1489 3411 1637 3472 antequam
1648 3402 1720 3473 prim
1730 3400 1826 3453 dimitta-

232 3476 341 3529 flamma
359 3474 458 3537 lavare,
471 3491 522 3528 nec
541 3483 632 3529 tamen
652 3475 709 3538 uri;
731 3483 758 3530 et
775 3476 939 3544 joculatores
956 3494 1022 3531 vasa
1059 3486 1120 3541 tur;
1142 3495 1177 3533 ex
1199 3494 1253 3549 quo
1273 3480 1357 3534 etiam
1380 3481 1418 3543 fit,
1442 3488 1474 3533 nt
1493 3480 1589 3536 annuli
1609 3482 1690 3536 rotati
1709 3479 1825 3533 videantur

231 3553 314 3624 plena
335 3555 398 3608 rino
418 3554 462 3608 vel
479 3571 558 3624 aqna,
572 3571 622 3624 per
639 3560 729 3608 motus
750 3555 837 3626 agiles
854 3564 882 3610 et
902 3556 1021 3626 aequales
1059 3556 1172 3627 globosi,
1186 3565 1213 3612 et
1231 3557 1278 3611 fax
1291 3559 1397 3620 ardens,
1417 3566 1497 3614 noctu
1510 3558 1642 3616 velociter
1661 3566 1765 3630 portata
1776 3571 1824 3609 ooo·

230 3640 336 3687 vertere
355 3634 489 3696 deorsum,
503 3640 532 3686 et
550 3649 658 3687 sursum
678 3649 844 3704 recuperare,
858 3651 913 3689 non
935 3637 1022 3690 effuso
1059 3637 1189 3705 spiciatur
1209 3636 1331 3692 caudata
1371 3638 1462 3691 Etiam
1482 3656 1518 3693 ex
1539 3638 1594 3693 hoc
1616 3639 1780 3694 fundamento
1795 3634 1826 3687 in·

230 3710 352 3781 liquore,
374 3720 401 3766 et
426 3711 511 3766 multa
537 3710 701 3780 huiusmodi.
750 3714 811 3768 Nec
838 3715 928 3769 minus
954 3715 1022 3785 ipsa
1058 3715 1218 3785 equalitatis
1239 3725 1359 3771 motuum
1381 3718 1470 3788 quoad
1488 3718 1670 3784 velocitatem,
1687 3712 1827 3786 excogitavit

231 3790 452 3860 compressiones,
459 3797 487 3844 et
494 3789 671 3853 dilatationes,
682 3798 708 3844 et
716 3793 870 3863 eruptiones
879 3810 1021 3863 corporum
1060 3794 1190 3850 Galilaus
1209 3811 1318 3849 causam
1339 3796 1428 3851 fluxus
1446 3805 1475 3850 et
1494 3798 1617 3853 refluxus
1636 3797 1724 3859 maris,
1741 3799 1826 3849 rotante

231 3869 306 3933 liunt,
320 3868 382 3923 alim
391 3868 517 3930 velocius,
531 3868 593 3923 alise
606 3870 715 3936 tardius,
729 3887 779 3941 pro
791 3879 887 3926 natura
900 3874 1021 3942 corporis
1060 3880 1138 3928 terne
1156 3874 1282 3938 velocius,
1296 3876 1375 3946 aquis
1388 3876 1506 3938 tardius;
1524 3876 1644 3948 ideoque
1661 3869 1825 3930 scennntmti

232 3955 259 4001 et
282 3955 378 4012 motus,
402 3947 449 4001 sed
471 3964 519 4017 per
542 3958 679 4003 momenta
701 3959 781 4006 certa
822 3951 975 4012 Quinetiam
994 3953 1022 4006 in
1059 3952 1110 4007 bus
1124 3954 1243 4023 sanquis
1257 3954 1286 4007 in
1299 3971 1413 4018 sursum,
1423 3963 1451 4008 et
1460 3954 1557 4009 deinde
1568 3973 1619 4025 per
1633 3957 1704 4011 vices
1717 3970 1743 4008 se
1755 3949 1826 4006 remit·

232 4027 390 4095 explosione
408 4026 525 4096 plurium
539 4026 747 4084 bombardarnm
761 4030 850 4094 simul,
865 4047 926 4099 qum
940 4048 1022 4085 exau·
1061 4032 1178 4086 tentibus
1192 4032 1221 4085 in
1235 4032 1379 4097 deorsum
1394 4041 1424 4088 ut
1438 4033 1644 4090 demonstratur
1656 4037 1685 4090 in
1697 4049 1754 4086 vase
1763 4043 1826 4099 aque

232 4104 340 4158 dinntur
349 4105 508 4176 quandoque
518 4106 553 4158 ad
565 4106 719 4164 distantiam
732 4109 844 4180 triginta
856 4109 1021 4174 milliarium,
1059 4111 1195 4165 incitatius
1207 4120 1339 4167 movente.
1369 4112 1421 4167 Sed
1432 4112 1484 4167 hoc
1494 4124 1665 4169 commentus
1674 4121 1825 4169 estconeesso

232 4184 380 4253 percipitur
401 4200 483 4239 sonus
505 4185 579 4254 prius
599 4186 635 4240 ab
656 4187 699 4251 iis,
716 4188 763 4258 qui
784 4204 869 4258 prope
890 4189 1022 4244 absunta
1058 4207 1112 4243 non
1121 4190 1456 4262 concessibili(quodterra
1463 4209 1562 4263 nempe
1570 4194 1719 4258 moveatur)
1726 4188 1825 4245 sertim

232 4261 292 4315 loco
304 4262 351 4315 nbi
371 4261 402 4315 fit
414 4263 526 4327 sonitus,
540 4281 622 4336 quam
635 4265 670 4318 ab
686 4267 729 4329 iis,
752 4268 798 4338 qui
811 4266 900 4337 longe.
943 4267 978 4321 At
991 4268 1020 4321 in
1059 4285 1114 4323 non
1128 4270 1196 4324 bene
1211 4271 1418 4325 informatusde
1432 4273 1527 4326 oceani
1541 4283 1618 4328 motu
1631 4270 1786 4328 sexhorario.

232 4341 293 4395 risu
307 4341 397 4412 (cujus
418 4342 490 4396 actio
510 4351 551 4398 est
570 4345 769 4414 pernicissima)
784 4344 868 4415 liquet
887 4346 968 4400 etiam
983 4364 1022 4401 re-
1098 4349 1134 4402 At
1147 4347 1303 4418 exemplum
1322 4350 1404 4419 hujus
1418 4352 1465 4415 rei,
1482 4352 1517 4405 de
1537 4369 1594 4422 qna
1614 4353 1708 4424 agitur,
1720 4346 1826 4404 videliett

234 4420 303 4490 quiri
321 4419 356 4474 ad
379 4437 441 4476 eum
458 4423 619 4478 actuandum
636 4431 773 4480 momenta
786 4431 860 4480 certa
876 4426 1020 4493 temporis3
1060 4426 1093 4480 de
1103 4428 1293 4498 comparativis
1307 4430 1440 4485 mensuris
1453 4438 1582 4495 motuum,
1598 4448 1687 4503 neque
1700 4429 1777 4485 solum
1793 4421 1824 4478 rei

232 4498 314 4569 idque
324 4500 498 4569 probatnrex
511 4502 554 4568 iis,
564 4511 744 4574 quapropter
754 4511 841 4557 motus
851 4503 1021 4559 velocitatem
1060 4506 1152 4574 ipsius,
1167 4507 1215 4562 sed
1231 4514 1259 4561 et
1277 4524 1342 4562 usus
1360 4508 1476 4580 insignis
1490 4510 1549 4579 eius
1564 4512 1611 4578 (de
1625 4527 1679 4582 quo
1690 4508 1765 4580 paulo
1774 4511 1825 4557 ⁸²¹2

232 4594 286 4631 non
313 4587 475 4643 carnuntum
503 4589 532 4634 ut
555 4599 591 4636 ex
613 4582 713 4636 latione
741 4581 805 4651 pilas
829 4600 865 4637 ex
891 4582 1021 4652 sclopeto.
1059 4583 1163 4654 loquuti
1183 4589 1289 4653 sumus)
1304 4588 1407 4642 eminet
1422 4589 1452 4642 in
1470 4579 1825 4646 cunculissnbterrrneis.i1¹

233 4656 358 4711 Velocior
372 4658 446 4712 enim
455 4667 497 4713 est
511 4660 706 4728 praetervolauo
716 4661 778 4731 pilae
789 4678 869 4730 quam
880 4659 1023 4730 impressio
1060 4665 1157 4734 quibus
1170 4664 1316 4719 collocatur
1328 4665 1418 4737 pulvis
1428 4669 1537 4736 pyrius;
1551 4669 1599 4723 ubi
1612 4669 1745 4723 immensa
1755 4661 1824 4719 molet

233 4737 334 4808 speciei
349 4737 416 4805 ejus,
431 4755 492 4809 quse
505 4738 602 4793 deferri
617 4748 723 4809 poterat
736 4741 770 4794 ad
784 4741 879 4795 visum.
1061 4751 1147 4809 terrea,
1162 4745 1347 4810 edificiorum,
1362 4753 1390 4800 et
1403 4747 1540 4811 similium,
1561 4749 1789 4809 subremanet
1802 4740 1824 4792 in

272 4816 360 4888 Atque
374 4816 434 4881 hoc,
449 4833 511 4872 cum
523 4818 663 4884 similibus,
678 4820 755 4874 nobis
769 4820 930 4890 quandoque
943 4820 1022 4875 dubi·
1060 4820 1145 4876 altum
1161 4823 1306 4891 jaciuntur,
1320 4840 1338 4877 a
1351 4825 1449 4894 pusilla
1463 4828 1613 4897 quantitate
1631 4825 1744 4898 pulveris
1760 4817 1822 4892 pynl·

233 4896 362 4950 tationem
378 4896 484 4965 peperit
495 4896 778 4965 planemonstrosamr
794 4898 1022 4963 videlicetutrum
1061 4900 1146 4967 Cujus
1154 4918 1235 4957 causa
1244 4919 1296 4973 pro
1303 4914 1378 4958 certo
1387 4903 1435 4958 illa
1443 4915 1491 4968 est,
1502 4907 1575 4976 quod
1588 4897 1824 4961 nominamini·

232 4975 294 5030 coeli
304 4975 392 5030 sereni
406 4982 434 5029 et
444 4974 544 5029 stellati
552 4976 636 5030 iacies
644 4977 678 5030 ad
689 4978 760 5031 idem
772 4986 877 5048 tempus
890 4986 1021 5043 cernatur,
1059 4981 1178 5050 pulveris
1192 4982 1238 5052 qui
1257 4982 1382 5051 impellit,
1395 4984 1490 5039 multis
1509 4985 1633 5054 partibus
1649 4986 1685 5040 sit
1705 4978 1822 5054 pernicium

233 5055 340 5125 quando
360 5071 423 5109 rere
445 5055 546 5118 existit,
565 5072 600 5109 an
621 5058 712 5125 potius
733 5057 874 5128 aliquanto
896 5066 972 5128 post;
996 5067 1023 5112 et
1060 5076 1141 5130 quam
1154 5071 1243 5115 motus
1256 5062 1404 5130 parimus,
1418 5079 1468 5132 per
1485 5082 1566 5135 quem
1583 5065 1641 5119 fieri
1660 5063 1739 5134 possit
1750 5057 1823 5126 aliut⁸

231 5140 321 5188 utrum
335 5150 391 5188 non
404 5134 440 5188 sit
461 5135 608 5204 (quatenus
622 5136 657 5188 sd
672 5136 760 5191 risum
780 5136 944 5204 cmlestium)
967 5153 1022 5192 non
1059 5138 1230 5204 resistentia;
1250 5139 1318 5194 adeo
1338 5149 1370 5195 nt
1392 5142 1496 5211 primus
1519 5151 1607 5199 motus
1627 5142 1770 5214 perfunctus
1786 5133 1821 5193 ⁸5¹·

231 5213 321 5266 minus
334 5221 440 5283 tempus
456 5230 557 5278 verum,
574 5220 601 5268 et
616 5220 722 5284 tempus
737 5214 832 5279 visum,
850 5232 933 5286 qnam
947 5215 1023 5271 locus
1059 5226 1204 5288 antequam
1218 5226 1306 5274 mouns
1319 5221 1447 5276 adversus
1460 5222 1593 5293 inceperit
1604 5245 1611 5286 r
1624 5229 1654 5276 nt
1666 5221 1694 5276 in
1706 5211 1822 5290 ptintlpfil

232 5307 312 5345 uerus
333 5299 361 5346 et
380 5292 549 5357 locustisus,
570 5293 617 5363 qui
636 5300 745 5348 notatur
761 5294 796 5347 ab
814 5296 975 5350 astronomis
993 5296 1022 5350 in
1059 5297 1171 5354 nullitas
1193 5298 1317 5368 quaedam
1340 5300 1378 5354 sit
1397 5301 1566 5358 resistentia.
1607 5302 1679 5356 Hinc
1699 5298 1772 5353 etiam
1791 5291 1821 5350 fii

231 5370 426 5437 parallaxibus.
480 5372 557 5426 Adeo
582 5371 740 5427 incredibile
768 5373 847 5428 uobis
873 5374 1021 5438 videbatur,
1060 5377 1131 5447 quod
1144 5376 1173 5431 in
1187 5378 1260 5432 omni
1274 5378 1371 5433 missili
1385 5387 1461 5435 acuta
1478 5396 1533 5434 non
1553 5388 1609 5435 tam
1621 5380 1743 5438 robustus
1756 5385 1821 5442 quan

233 5450 337 5518 species
361 5450 418 5505 sive
445 5451 534 5507 radios
554 5469 697 5524 corporum
719 5451 868 5508 coelestiom
894 5470 943 5523 per
967 5462 1023 5510 tam
1059 5462 1162 5522 acutus,
1176 5465 1205 5511 et
1222 5456 1301 5522 celer,
1315 5457 1350 5512 ad
1373 5458 1549 5528 perlationem
1569 5459 1729 5531 potissimum
1739 5451 1820 5507 tttlttL
