3800 5875
211 279 269 335 532
816 280 998 336 HISTORIA
1019 281 1243 337 VENTORUM.
1282 355 1285 357 Α

251 440 278 492 2.
301 437 417 504 Primus,
429 438 489 494 icus
499 444 541 493 est
553 455 589 493 ex
603 446 705 509 quanto
715 438 789 493 venti
804 440 849 510 qui
864 439 1007 509 excipitur.
1090 440 1134 494 10.
1156 440 1271 503 Tertius,
1286 440 1348 493 fons
1366 437 1539 508 impulsionis
1560 441 1602 490 est
1619 452 1656 488 ex
1671 434 1732 489 loeo
1750 434 1799 488 ubi
1818 434 1849 487 dt

211 519 287 573 Nam
300 518 404 571 nemini
418 518 530 574 dubium
541 534 600 573 esse
613 518 708 589 possit,
720 518 785 588 quin
795 518 857 588 plus
870 519 944 572 venti
954 535 1009 572 ma·
1047 520 1201 589 percussi03
1222 520 1302 590 isque
1315 517 1425 588 duplex.
1467 518 1542 571 Nam
1561 532 1598 569 ex
1618 515 1756 568 anteriore
1771 524 1848 584 parte

212 598 256 669 gis
277 596 399 651 conferat
419 614 501 668 quam
514 598 614 652 minus.
657 597 753 668 ltaque
775 607 905 668 quantum
918 599 1009 669 ipsum
1047 599 1124 652 navis
1144 597 1251 652 facilior
1269 608 1297 652 et
1316 598 1412 653 fortior
1428 605 1470 651 est
1483 595 1621 666 impulsio,
1636 610 1719 664 quam
1733 610 1772 647 ex
1785 609 1848 664 pos-

211 677 286 731 senti
299 678 496 746 procurandum
515 676 675 748 diligenter:
696 677 724 729 id
739 677 792 740 fiet,
807 677 840 740 si,
855 678 941 732 instar
961 693 1008 747 pa-
1046 678 1162 741 teriore;
1184 684 1210 732 et
1224 695 1260 732 ex
1273 678 1411 748 superiore
1426 685 1504 747 parte
1517 674 1584 729 mali
1598 680 1627 727 et
1640 672 1703 738 veli,
1714 688 1799 744 qnam
1814 672 1849 725 ab

212 764 284 810 tmm
299 755 417 810 familias
427 756 638 826 prudentiorum,
650 764 677 810 et
688 756 761 827 frugi
771 758 862 820 umus,
873 765 900 811 et
910 773 927 809 a
937 756 1009 810 iurto
1047 756 1182 811 inferiore.

212 852 364 890 careamus.
405 835 502 898 Quare,
526 842 655 906 quantum
675 835 734 889 fieri
755 842 853 906 potest,
875 834 916 889 nil
934 836 1009 890 venti
1090 835 1134 891 tl.
1155 837 1253 908 Neque
1267 835 1319 889 hoc
1339 835 1480 906 ignorasse
1499 833 1560 887 visa
1580 839 1622 885 est
1643 830 1779 885 industria
1798 830 1849 884 hn-

213 915 382 984 disperdatur
395 923 443 968 ant
456 915 614 980 effundatur,
627 914 667 968 nil
681 915 765 969 etiam
778 915 975 990 surripiatrrr.2
1047 931 1135 979 mans,
1150 933 1212 969 cunr
1225 922 1253 970 et
1267 916 1349 968 flante
1370 922 1450 968 vento
1470 921 1545 967 recto
1563 911 1711 982 plurimam
1728 911 1760 964 in
1779 909 1848 964 relir

253 994 279 1049 3.
301 994 405 1049 Ventus
418 1001 466 1049 aut
479 1010 561 1064 supra
580 993 668 1048 latera
679 994 790 1048 navium
803 995 858 1059 flat,
873 1002 920 1048 aut
938 993 1009 1049 infra
1046 993 1112 1048 mali
1126 1010 1214 1065 proroe
1224 1011 1300 1064 spem
1313 1002 1429 1063 ponant;
1450 994 1517 1047 etin
1532 991 1658 1045 malacfis
1671 1000 1700 1043 et
1713 991 1847 1061 tranquil-

213 1090 299 1144 nsque
314 1072 348 1126 ad
362 1089 454 1127 aream
472 1074 564 1128 maris.
605 1074 694 1145 Atque
714 1080 746 1127 ut
764 1072 890 1127 homines
903 1074 1009 1142 providi
1047 1073 1170 1129 litatibus
1182 1075 1242 1127 vela
1256 1091 1273 1127 s
1286 1090 1393 1128 summo
1404 1074 1509 1143 erigere
1523 1088 1579 1125 non
1594 1069 1747 1141 negligant.
1790 1071 1847 1124 Ne-

213 1152 301 1207 solent
322 1152 405 1206 etiam
426 1153 500 1207 circa
522 1152 636 1207 minima
659 1168 774 1223 quaque
797 1153 885 1223 magis
906 1170 1008 1218 curare,
1047 1170 1100 1223 que
1113 1154 1193 1207 nobis
1211 1154 1240 1206 iu
1261 1154 1408 1224 praesentia
1429 1152 1553 1215 occurrit,
1575 1149 1642 1219 quid
1659 1149 1790 1204 humana
1811 1168 1847 1203 ex

214 1230 296 1305 (quia
314 1231 419 1299 majora
436 1248 517 1286 nemo
537 1249 591 1286 nou
612 1248 706 1286 curare
720 1228 833 1305 potest)
846 1233 886 1285 ita
900 1232 933 1286 de
948 1233 1008 1288 istis
1046 1231 1100 1285 hac
1113 1242 1189 1303 parte
1203 1233 1341 1286 industriae
1355 1232 1417 1285 eddi
1432 1231 1526 1301 possit,
1540 1230 1596 1283 nisi
1609 1230 1678 1283 torte
1690 1230 1779 1299 quoad
1793 1230 1847 1300 pri·

213 1311 386 1365 interioribus
400 1311 489 1365 ventis
500 1309 564 1384 (qui
577 1311 754 1381 proculdubio
762 1327 817 1364 non
829 1318 936 1366 tantum
945 1328 1009 1382 pos-
1047 1329 1130 1377 mum,
1144 1320 1175 1366 ut
1193 1312 1390 1365 constituantur
1409 1310 1463 1364 duo
1481 1316 1527 1364 aut
1548 1319 1603 1363 tres
1623 1308 1691 1362 mali
1707 1310 1737 1362 in
1759 1326 1845 1379 prora,

213 1398 275 1443 sunt
289 1390 421 1461 quandum
432 1386 601 1463 superiores)
616 1389 704 1460 primo
718 1390 871 1445 videndum.
1048 1391 1166 1460 (medius
1179 1399 1275 1454 rectus,
1289 1390 1387 1461 reliqui
1400 1389 1545 1456 inclinati)
1560 1404 1679 1459 quorum
1700 1388 1763 1442 vela
1781 1405 1845 1458 pro·

252 1472 279 1523 4.
301 1470 461 1535 Adventus,
477 1469 523 1541 qui
537 1471 640 1525 circum
653 1470 740 1524 latera
751 1470 862 1526 nuvium
875 1477 904 1524 et
916 1470 1009 1525 subter
1046 1469 1198 1539 pendeant,
1219 1477 1248 1524 et
1267 1471 1356 1540 quoad
1374 1469 1529 1531 secuudum,
1548 1476 1581 1521 ut
1600 1468 1769 1537 amplientur
1786 1468 1846 1521 vela

212 1547 274 1602 vela
293 1550 414 1620 ipsarum
431 1550 604 1619 potissimum
622 1549 698 1614 dunt,
722 1549 802 1620 plane
827 1555 869 1603 est
890 1549 1009 1604 officium
1047 1565 1136 1618 prora
1154 1550 1184 1605 in
1204 1566 1317 1613 summo,
1332 1556 1359 1603 et
1378 1546 1432 1603 siut
1450 1549 1548 1611 minus,
1563 1564 1647 1618 quam
1668 1547 1759 1602 solent
1778 1565 1843 1609 esse.

213 1628 267 1682 veli
290 1630 326 1682 ab
345 1628 417 1682 infra
433 1627 500 1682 mali
521 1629 686 1699 rostrique
707 1629 839 1683 inclinata
860 1635 944 1683 estet
965 1629 1010 1683 de·
1047 1629 1209 1684 acuminata
1250 1628 1305 1683 Sed
1323 1629 1352 1682 in
1370 1630 1484 1699 utroque
1501 1627 1653 1682 cavendum
1673 1627 1843 1681 incommodo

213 1723 308 1778 pressa
321 1715 352 1762 nt
366 1708 542 1778 excipiantur,
555 1725 591 1762 ne
605 1709 654 1761 fiat
666 1708 838 1779 dispendium
856 1714 885 1762 et
901 1708 1009 1777 jactura
1047 1708 1162 1777 periculi
1175 1725 1211 1763 ex
1224 1708 1310 1763 nimia
1323 1707 1497 1779 depressione
1510 1708 1597 1761 navis.

213 1787 296 1841 venti.
340 1786 425 1857 quue
440 1794 469 1840 et
481 1803 530 1856 per
548 1803 579 1841 se
598 1787 715 1857 prodest,
730 1794 757 1841 et
769 1788 868 1853 ventis,
883 1789 931 1858 qui
943 1787 1008 1842 reli-

214 1866 275 1937 quis
289 1865 356 1920 velis
370 1865 532 1932 ministrant,
545 1865 586 1920 nil
599 1866 683 1921 obest.
725 1866 806 1920 Circa
819 1867 872 1921 hoc
890 1882 947 1921 non
967 1868 1009 1921 vi·

213 1945 266 1999 deo
280 1945 346 2016 quid
355 1944 467 2000 ulterius
475 1962 526 2015 per
535 1944 706 2016 diligentiam
716 1945 865 2000 humanam
874 1946 934 2000 fieri
945 1964 1009 2018 pos-
1090 1944 1114 1996 l.
1135 1942 1228 1997 Motus
1248 1941 1465 1997 molendinorum
1482 1941 1517 1993 ad
1537 1946 1649 1993 ventum
1669 1938 1742 1993 nihil
1764 1938 1842 1993 habet

213 2025 258 2088 sit,
273 2024 327 2078 nisi
341 2024 409 2078 forte
423 2023 506 2078 etiam
519 2041 556 2078 ex
568 2025 659 2079 medio
671 2025 749 2078 navis
769 2024 871 2079 similia
883 2024 944 2079 vela
957 2026 1008 2081 hu·
1047 2022 1213 2087 subtilitatis,
1227 2030 1256 2076 et
1267 2021 1445 2076 nihilominus
1457 2036 1512 2074 non
1531 2019 1602 2073 bene
1619 2018 1802 2072 demonstrari
1818 2030 1843 2072 er

213 2102 291 2157 milia
308 2102 494 2169 adhibeantur,
508 2103 594 2157 instar
613 2104 758 2174 pinnarum
777 2113 825 2158 aut
846 2103 958 2171 alamm,
973 2122 1009 2160 ex
1047 2100 1178 2171 explicari
1193 2101 1271 2156 solet.
1312 2100 1383 2155 Vela
1395 2100 1594 2155 constituuntur
1607 2107 1684 2151 recta
1696 2098 1727 2152 in
1739 2100 1843 2169 opposi-

213 2190 328 2252 utroque
353 2182 439 2236 latere
453 2182 570 2254 gemina,
585 2199 646 2237 cum
659 2190 755 2238 ventus
769 2191 811 2238 est
823 2190 922 2239 rectus.
1047 2187 1105 2235 tum
1118 2182 1194 2236 venti
1207 2182 1305 2236 flantia
1345 2179 1456 2234 Prostat
1469 2188 1560 2233 autem
1580 2178 1610 2231 in
1627 2186 1744 2231 ventum
1765 2195 1842 2231 unum

255 2263 283 2316 b.
304 2260 340 2315 At
354 2261 426 2331 quod
445 2261 481 2315 ad
500 2261 651 2316 cavendum
671 2262 705 2317 de
725 2261 798 2316 furto
819 2263 921 2329 attinet,
936 2264 1009 2335 quod
1046 2260 1119 2314 latus
1131 2261 1194 2326 veli,
1210 2260 1324 2315 alterum
1337 2259 1409 2314 latus
1421 2258 1555 2330 paulatim
1573 2257 1661 2311 flectit
1678 2273 1709 2312 se
1732 2266 1762 2311 et
1781 2258 1841 2311 snb·

213 2340 245 2393 iit
257 2357 320 2394 cum
333 2339 393 2394 vela
407 2340 557 2411 posteriora
575 2350 683 2396 rentum
705 2341 740 2395 ab
760 2342 934 2398 interioribus
947 2362 1008 2398 sur·
1046 2340 1244 2395 ducitavento.
1267 2340 1414 2394 Conversio
1424 2347 1516 2394 autem
1526 2338 1582 2392 sire
1592 2338 1753 2392 consecutio
1760 2348 1842 2391 motus

214 2419 315 2489 ripiant
334 2419 363 2473 iu
381 2428 463 2475 vento
481 2429 564 2486 recto,
580 2423 656 2490 (nam
676 2422 705 2476 in
722 2421 829 2476 laterali
842 2423 934 2476 omnia
946 2423 1009 2477 vela
1046 2419 1077 2472 fit
1090 2436 1198 2489 semper
1211 2436 1229 2474 a
1241 2420 1325 2474 latere
1339 2419 1476 2484 inferiore,
1490 2418 1543 2472 hoe
1557 2424 1608 2480 est,
1622 2433 1657 2471 eo
1674 2417 1749 2488 quod
1763 2434 1843 2470 remo

214 2501 413 2568 cooperantur,)
427 2516 482 2554 non
496 2500 575 2555 rideo
589 2500 655 2571 quid
668 2501 731 2555 addi
753 2502 841 2571 possit
859 2502 1009 2573 diligentiae
1047 2498 1101 2553 tius
1114 2507 1280 2554 estavento.
1311 2498 1348 2552 At
1356 2506 1452 2554 ventus
1464 2496 1663 2568 superfundens
1675 2513 1706 2551 se
1716 2497 1746 2549 in
1756 2496 1843 2550 adser-

214 2577 359 2643 humanam
381 2579 443 2645 nisi,
458 2579 534 2645 forte,
544 2587 581 2646 ut,
592 2581 675 2635 flante
688 2589 770 2635 vento
783 2588 866 2644 recto,
875 2583 923 2636 fiat
935 2581 1010 2636 scala
1047 2595 1106 2633 sum
1119 2578 1290 2642 machinam
1303 2587 1419 2649 quatuor
1430 2577 1500 2632 velis
1511 2583 1639 2639 arentur,
1650 2584 1679 2630 et
1690 2577 1721 2629 in
1735 2584 1843 2645 quatuor

214 2656 339 2727 quadam
353 2657 480 2724 velorum,
495 2666 526 2714 ut
544 2659 694 2731 posteriora
712 2660 774 2714 vela
787 2678 805 2714 a
821 2660 896 2715 malo
908 2662 1009 2731 puppis
1047 2657 1196 2712 intervallis
1209 2659 1281 2713 mam
1295 2674 1372 2712 suam
1385 2658 1455 2712 inire
1469 2657 1584 2728 cogitur.
1625 2656 1699 2709 Eam
1710 2672 1843 2725 compres-

214 2737 271 2790 sint
284 2735 446 2803 humillima,
460 2739 551 2793 media
570 2756 588 2793 a
608 2741 682 2793 malo
698 2740 832 2810 principis
852 2740 1007 2807 mediocria,
1047 2737 1152 2792 sionem
1164 2754 1220 2792 non
1231 2739 1300 2792 bene
1315 2739 1413 2791 tolerat
1424 2745 1539 2800 ventusr
1559 2736 1654 2807 itaque
1674 2752 1787 2789 necesse
1805 2744 1843 2788 est

1067 1848 1163 1888 uows
1185 1848 1347 1888 vastorum
1367 1848 1399 1886 IN
1420 1848 1494 1886 aurs
1515 1845 1659 1885 uacsrms
1681 1846 1822 1885 aduenis.

106 2843 107 2847 1
213 2816 737 2888 anterioraamaloproraecelsissima3
752 2819 1008 2876 utalterumvelum
1047 2824 1220 2888 uttanquam
1233 2817 1325 2872 cubito
1338 2819 1472 2887 percutiat
1484 2817 1571 2870 latera
1590 2814 1722 2878 velomm,
1736 2824 1764 2868 et
1783 2830 1841 2885 pro·

213 2895 329 2951 alterum
343 2912 398 2951 uon
411 2897 550 2969 impediat,
560 2901 608 2954 sed
620 2898 712 2970 potius
726 2899 843 2968 adjuret,
858 2907 887 2954 et
899 2907 1009 2956 ventum
1047 2895 1110 2952 inde
1125 2905 1222 2963 vertat,
1237 2895 1463 2969 quemadmodum
1480 2896 1587 2951 ludicra
1603 2894 1743 2950 vertibula
1761 2895 1842 2967 digito

213 2977 303 3031 tradat
322 2985 350 3030 ct
372 2978 545 3032 nausmittat.
587 2978 675 3051 Atque
697 2979 730 3033 de
750 2979 839 3049 primo
857 2979 933 3034 fonte
956 2980 1007 3035 im-
1047 2977 1153 3048 impelli
1167 2987 1195 3031 et
1208 2978 1275 3032 verti
1289 2977 1384 3031 solent.
1436 3035 1445 3054 ,

213 3056 346 3127 pulsionis
360 3055 419 3110 haec
433 3058 574 3112 observata
587 3059 649 3113 sint.
1089 3059 1116 3111 2.
1137 3057 1251 3118 Quodsi
1270 3057 1333 3110 vela
1353 3074 1389 3111 ex
1409 3073 1487 3126 aequo
1506 3071 1631 3127 expansa
1650 3062 1751 3119 essent,
1766 3054 1842 3108 dubia

254 3135 280 3191 6.
303 3136 454 3202 Secundus,
468 3136 529 3191 ions
549 3137 722 3207 impulsionis
742 3145 834 3193 estex
851 3139 932 3193 modo
950 3155 1009 3208 per·
1047 3153 1091 3190 res
1106 3145 1179 3191 esset
1192 3154 1228 3191 ex
1249 3153 1303 3208 qua
1319 3143 1396 3205 parte
1418 3135 1490 3190 foret
1509 3134 1661 3200 inclinatio,
1680 3141 1712 3188 ut
1731 3135 1761 3188 in
1781 3152 1841 3188 casu

213 3215 346 3270 cassionis
363 3214 416 3270 veli
430 3233 480 3287 per
500 3225 622 3281 ventum
643 3234 712 3287 quae,
727 3218 750 3271 si
770 3225 882 3289 propter
899 3227 1009 3273 ventum
1047 3216 1156 3282 baculi,
1177 3233 1239 3270 cum
1256 3223 1346 3270 autem
1366 3216 1523 3286 proximum
1542 3213 1622 3276 latus,
1638 3214 1713 3285 qnod
1731 3217 1843 3268 occurrit

213 3300 381 3349 contractum
401 3295 437 3349 sit
457 3304 537 3351 acuta
556 3303 583 3350 et
603 3297 706 3367 rapida,
720 3298 839 3353 movebit
854 3299 962 3370 megin
984 3298 1009 3352 si
1047 3304 1136 3361 vento,
1151 3297 1284 3365 impetum
1298 3297 1358 3364 ejus
1372 3295 1483 3363 dejiciat
1496 3294 1524 3348 in
1538 3293 1611 3347 latus
1625 3293 1749 3356 interius,
1764 3302 1841 3365 atque

214 3373 311 3428 obtusa
324 3381 352 3428 et
366 3375 503 3445 languida,
514 3376 614 3430 minus.
1048 3375 1123 3430 illinc
1145 3376 1175 3430 in
1195 3377 1291 3446 spatia,
1310 3392 1427 3446 eumque
1445 3374 1516 3428 latus
1534 3374 1652 3428 inferius
1671 3382 1782 3428 ventum
1800 3390 1842 3427 ex·

254 3450 280 3513 7.
302 3451 380 3514 Quod
393 3455 427 3508 ad
441 3454 493 3509 hoc
507 3456 611 3520 attinet,
621 3456 768 3527 plurimum
781 3457 893 3512 interest
904 3464 936 3512 ut
948 3456 1010 3512 vela
1048 3455 1139 3526 cipiet,
1151 3464 1279 3526 tanquam
1290 3455 1381 3526 palma
1391 3471 1495 3519 manus,
1506 3459 1554 3507 aut
1567 3454 1655 3507 instar
1664 3452 1719 3508 reli
1729 3453 1842 3525 scapha,

213 3534 378 3587 mediocrem
391 3535 577 3589 extensionem
592 3543 619 3588 et
632 3543 766 3590 tumorem
779 3536 930 3607 recipiant:
945 3553 1009 3590 uam
1048 3536 1079 3588 iit
1088 3535 1211 3605 protinus
1221 3536 1361 3589 conversio
1370 3534 1405 3588 ab
1419 3551 1452 3588 ea
1462 3540 1548 3603 parte.
1583 3532 1744 3587 Notandum
1755 3542 1842 3586 autem

213 3613 237 3668 si
252 3613 432 3667 extendantur
446 3614 542 3685 rigide,
556 3614 643 3669 instar
664 3614 776 3686 parietis
792 3625 901 3671 ventum
918 3633 1010 3687 reper-
1048 3623 1097 3680 est,
1117 3614 1252 3686 originem
1270 3622 1358 3669 motus
1376 3629 1510 3668 essenon
1533 3628 1551 3665 a
1572 3613 1663 3682 prima
1684 3612 1841 3683 impulsione

213 3693 332 3756 cutirmt;
354 3693 377 3746 si
392 3691 464 3758 laxe,
479 3694 577 3748 debilis
591 3694 621 3748 nt
633 3695 772 3766 impulsio.
1048 3712 1109 3766 quse
1130 3696 1160 3748 tit
1182 3694 1212 3748 in
1232 3694 1337 3760 fronte,
1363 3693 1412 3748 sed
1430 3710 1449 3747 a
1468 3691 1576 3747 laterali
1597 3692 1762 3764 impulsione
1785 3701 1843 3764 post

254 3773 282 3825 8.
303 3771 384 3825 Circa
402 3772 456 3826 hoc
474 3773 544 3827 bene
565 3789 595 3828 se
616 3775 757 3845 expedivit
775 3775 805 3828 in
820 3775 957 3847 aliquibus
970 3774 1010 3830 in·
1047 3773 1287 3844 compressionem.

213 3851 316 3905 dustria
337 3851 465 3918 humana,
479 3852 543 3907 licet
564 3854 653 3925 magis
675 3871 711 3908 ex
726 3870 810 3909 causa
824 3872 906 3925 quam
919 3872 956 3909 ex
967 3854 1010 3923 ju·
1087 3855 1114 3909 3.
1136 3853 1315 3908 Probationes
1323 3851 1453 3924 quasdam
1464 3857 1492 3905 et
1501 3852 1695 3920 experimenta
1702 3852 1774 3906 circa
1784 3852 1841 3915 hoe,

213 3931 292 3985 dicio.
341 3931 416 3986 Nam
432 3933 462 3986 in
483 3941 564 3987 vento
587 3933 703 4000 laterali,
719 3934 884 3988 contrahunt
904 3943 1010 4004 partem
1048 3949 1099 4002 pro
1120 3933 1245 4004 augendo
1267 3934 1320 3988 hoc
1344 3939 1428 3996 motu,
1453 3930 1575 3995 fecimus,
1599 3939 1659 3986 tum
1686 3932 1721 3986 ad
1746 3932 1841 4002 pignus

212 4009 275 4074 veli,
291 4027 352 4080 qnae
368 4019 449 4065 vento
462 4013 616 4083 opponitur,
631 4021 762 4084 quantum
780 3992 907 4083 possunl3
929 4021 1010 4086 utque
1048 4028 1138 4067 causas
1164 4021 1238 4067 recte
1259 4014 1385 4076 inventae,
1406 4019 1463 4064 tum
1486 4010 1522 4063 sd
1548 4028 1647 4076 usum;
1677 4012 1840 4066 imitamenta

213 4088 266 4142 hoc
285 4089 366 4144 modo
388 4097 498 4146 ventum
519 4093 669 4147 immittunt
689 4093 718 4147 in
740 4109 800 4147 eam
822 4101 937 4164 partem,
957 4111 1011 4164 qua
1049 4091 1131 4160 hujus
1145 4102 1234 4148 motus
1248 4094 1408 4164 affingentes
1422 4090 1452 4144 in
1465 4089 1534 4145 velis
1548 4107 1584 4143 ex
1600 4091 1711 4156 chartis,
1725 4101 1751 4145 et
1763 4101 1840 4144 vento

214 4168 280 4221 liare
294 4169 382 4224 debet.
424 4170 514 4241 Atque
528 4172 581 4226 hoc
601 4179 693 4242 agunt,
707 4180 735 4226 et
755 4172 858 4228 volunt.
900 4173 954 4228 Sed
968 4175 1010 4227 iu·
1048 4187 1085 4226 ex
1104 4172 1222 4227 follibus
1265 4172 1352 4244 Igitur
1370 4170 1524 4224 addidimus
1543 4168 1623 4224 lateri
1648 4170 1703 4225 veli
1722 4170 1837 4224 inferiori

215 4247 294 4301 terim
305 4246 357 4300 hoc
364 4251 484 4319 sequitur
489 4251 574 4323 (quod
582 4252 693 4306 tortasse
702 4269 757 4305 nou
763 4250 868 4321 vident)
878 4259 908 4307 ut
913 4261 1011 4307 ventus
1048 4250 1150 4319 plicam
1162 4252 1298 4306 inversam
1311 4268 1329 4304 a
1337 4258 1425 4313 vento,
1436 4257 1468 4303 ut
1480 4249 1596 4304 haberet
1609 4259 1715 4315 ventus,
1726 4248 1838 4303 lateralis

215 4326 251 4378 sit
264 4328 433 4391 contractior,
444 4336 471 4383 et
480 4331 879 4403 reddatpercnssionemmagis
893 4341 1009 4386 acutum.
1046 4330 1104 4398 jam
1118 4331 1212 4396 iactus,
1227 4330 1344 4402 amplius
1363 4329 1492 4401 quiddam
1509 4329 1581 4399 quod
1601 4337 1772 4399 percuteret,
1792 4345 1837 4381 nee

256 4403 282 4459 9.
304 4404 374 4465 Quid
398 4408 461 4461 addi
482 4411 570 4480 possit
590 4411 730 4465 industria
753 4410 880 4466 humanae
904 4412 935 4466 in
957 4411 1011 4466 hac
1049 4411 1160 4480 profuit,
1175 4411 1248 4481 plica
1261 4410 1311 4465 illa
1324 4425 1377 4464 non
1392 4416 1448 4462 tarn
1462 4409 1668 4479 percussionem
1681 4410 1754 4463 venti
1768 4408 1837 4476 adju·

214 4492 300 4554 parte,
323 4501 377 4539 non
397 4487 486 4552 video;
511 4490 565 4544 nisi
587 4498 706 4545 mutetur
727 4490 815 4561 figura
832 4491 862 4544 in
885 4491 961 4555 velis,
983 4498 1012 4545 et
1049 4498 1139 4555 vante,
1154 4507 1235 4562 qnam
1250 4491 1397 4545 sectionem
1410 4487 1483 4542 aeris
1502 4489 1532 4541 iu
1551 4490 1745 4560 consequentia
1757 4488 1838 4557 impe·

215 4565 281 4617 fiant
294 4562 386 4634 aliqua
399 4566 460 4619 vela
473 4584 527 4622 non
541 4570 673 4624 tumentia
686 4569 715 4623 iu
729 4570 851 4636 rotundo,
865 4571 913 4625 sed
926 4571 1012 4624 instar
1050 4569 1150 4624 diente.
1178 4567 1682 4639 Locavimuspostvelaadnounullam
1689 4568 1837 4622 distantiam

215 4643 336 4708 calcaris,
351 4651 398 4698 aut
419 4645 558 4718 trianguli,
573 4665 636 4702 cnm
656 4648 730 4702 malo
751 4657 797 4703 aut
817 4649 894 4721 ligno
915 4651 945 4702 in
963 4649 1012 4703 illo
1050 4648 1195 4714 obstacula,
1210 4650 1238 4703 in
1251 4648 1421 4704 latitudinem
1435 4648 1561 4701 diametri
1578 4649 1701 4702 omnium
1715 4649 1837 4707 velorum,

215 4723 317 4795 angulo
335 4723 452 4792 verticis,
467 4733 538 4780 utet
557 4737 667 4781 ventum
688 4729 777 4800 magis
800 4729 963 4783 contrahant
983 4730 1011 4783 iu
1049 4735 1080 4781 ut
1092 4737 1189 4783 ventus
1206 4730 1295 4800 magis
1313 4744 1484 4797 compressus
1506 4727 1604 4781 fortius
1623 4736 1793 4797 percuteret,
1812 4735 1839 4777 at

215 4811 331 4867 acutum,
346 4810 374 4857 et
388 4813 481 4858 secent
495 4808 587 4859 a'e'rem
607 4814 748 4863 externum
770 4808 916 4878 potentius.
960 4807 1011 4862 Ille
1049 4807 1102 4861 hoc
1116 4808 1204 4862 ohiirit
1222 4810 1320 4879 potius,
1341 4807 1547 4878 repercussione
1566 4814 1670 4861 motum
1688 4806 1838 4878 primarium

215 4891 307 4938 autem
320 4882 437 4953 angrrlus
452 4886 496 4953 (οῖ
512 4884 686 4954 arbitramur)
701 4904 756 4942 non
776 4888 856 4942 dehet
876 4905 935 4942 esse
956 4905 1012 4941 om·
1050 4886 1203 4941 hebetante.
1245 4888 1282 4941 At
1300 4887 1361 4941 vela
1379 4888 1493 4941 lecimus
1511 4885 1610 4939 latiora
1628 4887 1658 4940 in
1677 4886 1796 4958 duplum,
1812 4892 1839 4937 nt

214 4964 281 5018 nino
295 4971 399 5028 acutus,
412 4962 461 5017 sed
474 4971 605 5034 tanquam
615 4965 767 5036 triangulus
782 4974 909 5032 curtatus,
920 4974 951 5022 ut
963 4966 1011 5021 ha·
1049 4974 1145 5020 ventus
1158 4973 1307 5021 arctaretur
1319 4967 1415 5037 magis,
1430 4975 1459 5020 et
1476 4966 1554 5019 deret
1570 4967 1712 5035 percussio
1724 4963 1839 5021 lateralis

214 5041 279 5096 beat
291 5042 472 5097 latitudinem.
513 5044 611 5114 Neque
627 5044 709 5098 etiam
722 5046 847 5101 novimus
866 5048 931 5119 quid
950 5063 1012 5117 pro-
1050 5045 1162 5100 fortior:
1191 5047 1252 5100 Hoc
1272 5048 1381 5100 tandem
1400 5060 1567 5116 magnopere
1588 5045 1736 5111 successim
1756 5052 1787 5098 nt
1816 5049 1840 5095 et

216 5121 335 5176 futurum
357 5123 432 5186 foret,
448 5123 470 5177 si
492 5124 540 5176 fiat
561 5129 690 5193 tanquam
703 5123 795 5179 velum
814 5129 843 5180 in
859 5127 937 5192 velo;
958 5126 1011 5181 hoc
1049 5124 1131 5197 longe
1144 5125 1251 5180 mitiore
1264 5127 1333 5180 flatu
1346 5127 1423 5180 fieret
1442 5125 1592 5190 conversio,
1606 5131 1636 5180 et
1653 5125 1736 5197 longe
1754 5123 1838 5194 magis

215 5207 264 5264 est,
279 5201 341 5254 siin
355 5202 446 5256 medio
458 5201 511 5256 veli
526 5201 643 5270 alicujus
661 5204 772 5271 majoris
793 5206 828 5259 sit
844 5206 927 5261 bursa
940 5223 1011 5276 qure-
1049 5205 1195 5275 perniciter
1213 5205 1373 5260 volveretur.

215 5279 286 5344 dam,
300 5296 355 5333 nou
369 5282 480 5336 omnino
493 5281 557 5336 laxe
571 5296 607 5334 ex
620 5282 740 5347 carbaso,
752 5283 799 5337 sed
813 5302 875 5339 curn
883 5285 966 5339 costis
976 5302 1012 5339 ex
1128 5284 1256 5339 Fortasse
1283 5284 1335 5338 hoc
1359 5289 1536 5355 augmentum
1563 5291 1651 5338 motus

215 5356 306 5428 lignis,
321 5376 382 5428 quae
395 5369 505 5417 ventum
520 5360 548 5415 in
563 5360 653 5415 medio
666 5361 720 5416 veli
741 5363 869 5433 excipiat,
884 5373 911 5419 et
930 5370 1012 5436 cogat
1089 5364 1257 5418 commodius
1277 5365 1324 5418 liet
1337 5381 1386 5434 per
1406 5371 1469 5418 octo
1482 5362 1552 5428 vela,
1567 5380 1649 5433 quam

216 5436 246 5488 in
260 5444 376 5492 acutum·
1088 5459 1137 5514 per
1150 5442 1211 5498 vela
1226 5451 1348 5514 quatuor,
1362 5442 1506 5499 latitudine
1527 5442 1684 5514 duplicata;
1706 5440 1759 5495 nisi
1773 5437 1839 5493 torte

1693 5326 1830 5370 blandum
