3800 5875
644 282 810 341 lMPETUS
829 283 1114 342 PHILOSOPHIOI.
1632 286 1689 350 687

64 440 225 508 solitarium,
234 440 282 496 sed
292 458 354 495 cum
365 439 451 496 mults
463 440 633 496 inventorum
641 443 774 499 nobilium
783 449 858 516 (quse
894 441 937 496 vel
950 442 1031 497 urbes
1047 440 1234 508 condidemnt,
1248 440 1292 497 vel
1311 442 1503 516 legumlatores
1522 445 1689 513 exstitemnt,

64 522 114 578 sub
127 521 243 576 eundem
258 521 437 576 meridianum
450 519 562 586 cadunt)
577 520 731 593 frequentis
745 524 858 595 prodiis-
894 520 939 575 vel
957 522 1033 589 justa
1052 522 1167 592 imperia
1184 530 1369 589 exercuerunt,
1382 524 1427 578 vel
1440 525 1556 594 injustas
1568 525 1690 582 domina

63 609 113 658 set
154 601 200 655 Sic
223 608 252 654 et
271 599 328 653 alia
351 608 408 655 tum
428 615 520 671 opera,
548 606 604 654 tum
631 600 729 669 posita.
769 601 857 664 Quare
893 601 983 655 dones
1001 600 1178 666 debellsmnt,
1196 600 1317 657 locorum
1336 611 1365 657 et
1384 610 1535 674 temporum
1554 606 1689 675 angustiis

63 680 200 745 monensi
208 679 274 734 torte
283 678 386 734 idolum
397 680 507 750 aliquod
515 676 750 748 alicujusistorum
759 699 856 747 meam,
893 679 1097 749 circumscripta
1110 696 1170 735 esse
1179 680 1283 735 notavi:
1298 698 1388 737 reruni
1396 690 1485 739 antem
1497 684 1688 750 inventionem,

64 759 161 824 idest,
182 775 272 814 rerum
286 759 427 813 veritatem
446 757 540 830 aliquo
558 757 588 812 in
611 766 714 828 puncto
733 762 856 827 secuerit,
893 758 959 813 licet
978 758 1090 813 minoris
1110 776 1218 830 pompa
1239 760 1275 814 sit
1299 777 1351 826 res,
1375 761 1410 816 sd
1428 761 1639 818 universalitatis
1660 772 1689 818 et

63 836 119 893 noli
134 846 181 892 aut
194 838 228 893 de
242 838 278 893 iis
291 838 403 905 maiora,
417 845 464 892 aut
477 838 511 893 de
524 853 569 891 me
583 835 713 893 inferiora
726 840 856 911 cogitare,
893 838 1053 893 aternitatis
1066 839 1200 893 rationem
1213 839 1303 910 magis
1313 842 1543 896 accommodatam
1556 858 1617 897 esse
1627 859 1690 898 cen·

64 935 125 972 cum
138 917 204 973 satis
218 926 351 989 appareat
370 934 408 972 ex
420 916 586 989 reliquorum
606 917 776 988 ignoratione
796 919 857 989 ipsa
893 916 945 972 sui.
987 917 1056 970 Ante
1077 918 1169 972 omnis
1183 934 1247 972 sero
1265 917 1288 973 si
1307 918 1437 990 quianon
1457 920 1618 991 particulare
1639 922 1690 977 ali·

64 997 112 1050 illa
125 1012 179 1052 non
198 1015 235 1052 ex
254 996 376 1051 scientim
393 994 522 1067 analogia
539 1010 587 1050 eos
607 996 718 1052 dixisse
759 997 855 1053 Adhuc
894 995 1125 1066 qnodinventum,
1138 995 1204 1051 licet
1220 1015 1328 1069 mamre
1346 998 1478 1065 utilitatis,
1493 1009 1577 1065 eruat,
1591 1001 1640 1056 sed
1658 1001 1689 1056 in

63 1075 289 1142 incusantium
303 1092 370 1147 ergo
383 1075 522 1130 universas
535 1074 648 1129 istorum
661 1075 770 1132 chartas
782 1076 856 1132 thuri
892 1081 990 1130 natura
1002 1073 1095 1130 lumen
1113 1076 1250 1142 accendat,
1265 1077 1337 1148 quod
1356 1085 1417 1133 ortu
1430 1079 1490 1149 ipso
1507 1096 1570 1136 oras
1589 1097 1687 1146 rerum,

63 1164 90 1209 et
104 1155 231 1210 moribus
244 1154 361 1210 amicula
375 1153 433 1209 fieri
444 1153 546 1223 jubes?
569 1154 635 1208 Non
649 1153 717 1209 illud
730 1156 855 1212 dixerim.
894 1169 955 1223 quas
978 1170 1021 1208 res
1046 1155 1105 1222 jain
1128 1155 1254 1211 inventas
1280 1157 1449 1226 contingunt,
1473 1158 1597 1223 illustret,
1624 1160 1687 1214 dein

63 1234 159 1289 Manet
179 1235 253 1289 enim
274 1233 413 1305 paulisper
436 1232 535 1305 aliquis
557 1249 650 1290 eorum
672 1251 746 1300 usna,
767 1237 856 1290 tenuis
892 1233 976 1301 paulo
996 1241 1059 1303 post
1077 1233 1211 1290 elevatum
1230 1235 1431 1291 abstrusissima
1450 1254 1564 1308 quasque
1583 1238 1687 1307 patela-

63 1314 171 1384 quidem
185 1322 213 1368 et
226 1321 367 1384 angustus,
389 1321 417 1368 et
437 1311 519 1385 longe
540 1310 610 1367 alius
630 1328 712 1384 qnam
733 1314 762 1370 in
776 1331 856 1386 quem
893 1311 948 1365 ciat
970 1321 998 1366 et
1016 1312 1045 1366 in
1066 1322 1239 1384 conspectum
1260 1315 1313 1380 det,
1327 1315 1351 1369 is
1371 1315 1441 1370 mihi
1462 1316 1573 1371 humani
1586 1318 1614 1371 in
1629 1317 1688 1372 uni·

62 1392 205 1448 destinata
219 1399 304 1458 erant,
322 1408 354 1446 ac
368 1409 439 1446 nnnc
453 1399 627 1461 usurpantur,
643 1393 690 1446 sed
705 1400 794 1448 tamen
808 1393 856 1448 ali·
894 1407 1000 1445 versum
1014 1390 1122 1461 imperii
1137 1402 1306 1464 propagator,
1319 1393 1454 1450 libertatis
1471 1395 1580 1461 vindex,
1593 1412 1687 1451 neces·

62 1472 133 1544 quia.
173 1472 249 1527 sude
268 1479 296 1526 et
313 1470 381 1526 alias
398 1470 498 1526 multas
509 1470 617 1526 chartas
631 1470 687 1526 illis
700 1471 855 1528 celebritate
893 1469 1004 1525 siutum
1017 1473 1280 1543 expugnator,sisus
1294 1482 1343 1529 est
1384 1475 1432 1529 Me
1445 1473 1535 1545 ipsum
1548 1481 1638 1530 nutem
1652 1475 1687 1529 ad

61 1550 238 1615 obscuriores,
260 1567 310 1605 usu
331 1549 531 1627 praestantiores
549 1565 617 1605 esse.
659 1550 813 1606 Aristotelis
827 1560 854 1607 et
892 1550 1014 1605 veritatis
1028 1550 1278 1621 contemplationes,
1289 1570 1370 1624 quam
1381 1553 1415 1610 sd
1426 1554 1488 1629 alia,
1500 1554 1590 1626 magis
1601 1553 1687 1608 tabre-

60 1628 760 1701 Platonismorsliapleriqnemirsntur:sed'l'acitus
768 1632 856 1703 magis
894 1626 995 1684 iactum
1008 1629 1182 1699 deprehendi,
1196 1638 1226 1686 ut
1240 1632 1287 1703 qui
1301 1639 1419 1687 mentem
1439 1639 1468 1688 et
1487 1634 1522 1687 ad
1540 1650 1629 1688 rernm
1649 1633 1687 1687 si·

60 1710 136 1764 viras
150 1727 254 1765 momm
268 1708 468 1763 observationes
482 1709 577 1779 spirat.
608 1708 710 1764 Verum
723 1726 783 1780 quae
797 1720 855 1764 tan·
893 1707 1074 1763 militudinem
1088 1709 1174 1780 (quod
1188 1711 1338 1766 maximum
1352 1715 1405 1780 est)
1422 1713 1624 1783 agnoscendum
1642 1728 1687 1767 sa·

61 1788 123 1843 dem
139 1789 240 1844 utilitas
254 1806 290 1843 ex
304 1788 406 1842 chartis
420 1788 482 1859 capi
492 1788 586 1859 possit,
597 1804 712 1860 queque
723 1787 784 1843 alia
794 1788 856 1844 aliis
894 1786 930 1841 tis
943 1787 1080 1852 mobilem,
1096 1797 1122 1842 et
1136 1790 1170 1843 ad
1183 1789 1395 1846 differentiamm
1414 1791 1575 1847 subtilitates
1595 1791 1687 1846 obser·

61 1868 177 1923 utilitate
188 1868 356 1933 antecedant,
368 1884 481 1939 quaeque
489 1867 739 1937 minimapsrssint
748 1868 855 1924 charta·
892 1864 994 1921 sandes
1016 1867 1082 1920 satis
1105 1867 1188 1922 lixam
1214 1875 1242 1923 et
1268 1868 1401 1925 intentam
1427 1869 1564 1936 haberem,
1589 1871 1636 1941 qui
1660 1877 1688 1925 et

60 1965 122 2003 rum
135 1964 249 2002 munera
262 1964 362 2012 eorum,
377 1945 479 2016 qumad
493 1946 741 2018 interpretationem
752 1956 856 2004 naturis
893 1945 1032 2015 quarendi
1054 1944 1223 2011 desiderium,
1247 1954 1275 2002 et
1300 1949 1441 2004 dubitandi
1468 1949 1637 2020 patientiam,
1660 1955 1688 2004 et

60 2027 210 2090 conferunt,
232 2043 282 2081 suo
303 2026 364 2080 loco
383 2026 495 2081 dicetur.
536 2025 686 2092 Postremo,
706 2026 753 2091 tili,
767 2027 806 2082 ita
827 2035 855 2083 te
893 2024 1042 2078 meditandi
1057 2024 1228 2096 voluptatem,
1243 2034 1270 2082 et
1284 2028 1422 2083 asserendi
1438 2029 1645 2094 cunctationem,
1660 2035 1688 2084 st

60 2113 226 2178 quaerentem
239 2106 328 2169 audio,
342 2106 417 2160 Num
430 2111 499 2160 tute
513 2104 543 2159 in
555 2105 667 2160 istorum
681 2107 803 2161 omnium
813 2106 855 2162 lo·
893 2103 1072 2175 resipiscendi
1088 2104 1255 2172 facilitatem,
1271 2113 1298 2161 et
1311 2107 1471 2178 disponendi
1488 2107 1687 2163 solicitudinem

60 2201 123 2240 cum
138 2185 262 2240 sufficis?
298 2171 492 2256 Respondebo,
507 2191 588 2256 atque
609 2184 637 2238 id
658 2201 713 2240 non
726 2185 856 2242 dissimu·
894 2183 1557 2255 1111111111,(1111(1111111111011111111111511111θῦ1*
1573 2204 1623 2242 ¹¹0⁰
1638 2204 1687 2242 ²¹¹·

60 2263 349 2329 lanter,etexintimo
362 2280 527 2319 sensumeo.
557 2263 854 2334 Egnfilisuarissime,
893 2261 1045 2334 tiquitatem
1055 2263 1210 2330 admirarer,
1220 2271 1362 2320 etomnem
1370 2267 1548 2338 imposturam
1559 2267 1686 2322 odissem.

60 2343 110 2397 tibi
130 2351 259 2407 sanctum,
274 2350 385 2409 castum,
400 2349 428 2397 et
444 2342 598 2415 legitimum
616 2343 781 2400 connubium
794 2362 855 2400 cum
894 2339 981 2401 Quare
995 2349 1120 2396 naturam
1133 2360 1223 2399 meam
1243 2361 1304 2400 cum
1325 2347 1437 2400 veritate
1458 2347 1593 2417 quandam
1610 2346 1688 2402 femi·

60 2421 141 2477 rebus
159 2423 228 2493 ipsis
247 2422 369 2477 firmabo.
409 2421 454 2476 Ex
475 2438 530 2494 qua
549 2423 743 2478 consuetudine
762 2423 856 2496 (supra
893 2419 1038 2475 liaritatcm
1050 2428 1077 2475 et
1088 2424 1279 2493 cognationem
1289 2423 1390 2478 habere
1401 2425 1531 2493 judicavi.
1559 2424 1688 2480 Attamen

62 2501 155 2555 omnia
163 2500 399 2573 epithalamiomm
406 2501 673 2571 rotaibeatissimam
680 2502 782 2573 prolem
792 2521 854 2558 vere
893 2516 954 2553 cum
975 2516 1074 2570 genere
1095 2508 1122 2555 et
1145 2502 1304 2557 educatione
1322 2504 1403 2558 rebus
1424 2503 1548 2560 civilibus
1567 2504 1687 2560 imbutus

59 2578 174 2634 heroum
185 2580 245 2652 (qui
260 2581 380 2635 infinitas
393 2580 527 2636 humanas
538 2581 721 2646 necessitates,
732 2584 856 2638 omnibus
893 2595 990 2643 essem,
1005 2586 1032 2632 et
1050 2579 1223 2649 opinionibus
1236 2581 1389 2653 aliquando,
1404 2589 1498 2653 utpote
1520 2582 1687 2648 adolescens,

60 2659 225 2731 gigantibus,
240 2661 375 2726 monstris,
390 2670 418 2716 et
430 2660 553 2731 tyrannis
566 2661 744 2726 exitiosiores,
759 2662 854 2716 subsc-
892 2656 1080 2724 labefactaret,
1099 2665 1126 2712 et
1147 2660 1242 2730 petrin
1264 2677 1308 2714 me
1326 2660 1429 2731 aliquid
1450 2661 1594 2733 peculiare,
1616 2662 1688 2734 quod

59 2739 112 2792 mei
127 2740 326 2803 materiebus
341 2740 438 2795 vestris
448 2740 592 2811 placidam,
604 2748 631 2795 et
644 2740 741 2796 testem
756 2742 855 2797 securi·
893 2754 947 2791 non
961 2737 1100 2792 adomnes
1114 2737 1287 2809 sumpsisse
1301 2756 1337 2794 ex
1348 2757 1427 2811 equo
1437 2741 1576 2811 pertineat
1587 2741 1687 2797 debere

61 2823 153 2883 tatem,
170 2827 198 2873 et
212 2819 320 2890 copiam
334 2819 517 2887 conciliaturi)
532 2820 672 2891 suscipies.
699 2820 768 2892 Ego,
782 2838 854 2887 sero,
892 2824 1024 2886 putarem,
1039 2832 1230 2889 eperatemque
1250 2818 1340 2883 me,si
1360 2820 1474 2890 gradem
1494 2820 1613 2892 aliquem
1634 2820 1685 2876 ho·

59 2897 107 2963 fili,
119 2899 142 2953 si
158 2905 185 2954 te
196 2897 255 2967 jam
266 2900 325 2969 jam
335 2900 427 2955 animo
437 2899 472 2954 ab
482 2898 562 2955 idolis
570 2917 624 2955 non
635 2906 789 2973 repurgato,
797 2918 855 2957 ver.
892 2905 1000 2951 nestum
1021 2896 1050 2952 in
1071 2895 1212 2968 republica
1234 2896 1393 2965 obtinerem,
1412 2899 1515 2969 majore
1533 2899 1638 2972 ingenii
1659 2907 1686 2956 et

58 2978 186 3049 tiginosis
205 2980 380 3049 experientia
402 2979 562 3050 ambagibus
584 2982 788 3047 committerem,
812 2998 855 3037 nra
892 2975 1032 3031 induetriae
1052 2976 1173 3031 11111ῦὶὥο
1193 2993 1254 3048 (1¹¹ae
1273 2977 1471 3034 (11111111111111
1494 2979 1686 3050 perfecturum,

58 3064 87 3112 tn
109 3058 207 3112 ducem
232 3059 286 3112 cito
310 3058 485 3114 desiderares.
540 3059 617 3113 Idola
639 3067 730 3114 autem
754 3077 855 3116 exuere
892 3065 921 3109 et
934 3064 1006 3111 artes
1019 3055 1113 3111 civiles
1128 3055 1218 3121 didici,
1231 3064 1258 3113 et
1271 3074 1325 3129 que
1338 3057 1419 3112 debui
1439 3059 1573 3114 modestia
1592 3059 1688 3114 amicis

58 3137 179 3207 simplici
192 3146 329 3208 praecepto
339 3155 400 3193 meo
414 3139 473 3193 sins
488 3155 577 3193 rerum
591 3140 694 3205 notitia,
708 3156 751 3203 ne,
765 3141 788 3193 si
797 3140 854 3194 vel·
892 3136 970 3199 meib
985 3135 1032 3205 (111ἰ
1047 3133 1150 3207 aliquid
1163 3144 1279 3206 P⁰⁸⁸0¹¹i=
1289 3136 1548 3208 111111181111111111»
1557 3155 1601 3193 1111
1614 3155 1688 3193 001¹]-
1721 3140 1724 3148 ’

57 3213 99 3270 les
113 3218 355 3286 maxime,posses.
392 3217 424 3272 ln
432 3217 530 3271 tabulis
542 3217 596 3271 nisi
609 3219 701 3289 priora
714 3219 854 3285 deleveris,
893 3215 1027 3268 mendaci.
1068 3214 1314 3281 Accessitetillud,
1329 3217 1475 3288 quodista,
1490 3217 1687 3288 qualiacunque

57 3311 113 3348 non
127 3295 183 3348 alia
193 3296 375 3366 inscripseris.
412 3297 445 3350 ln
459 3305 548 3351 mente
563 3306 666 3352 contra:
681 3298 733 3351 nisi
748 3298 803 3352 alis
812 3299 854 3353 in·
893 3293 956 3357 aiut,
970 3310 1026 3347 11011
1039 3292 1111 3348 ultra
1124 3293 1238 3363 hujusce
1253 3296 1374 3349 mortalis
1389 3297 1453 3351 vitae
1466 3296 1646 3351 conditionem
1660 3304 1689 3350 et

57 3374 210 3444 scripseris,
224 3391 279 3428 non
293 3376 386 3445 priora
398 3375 541 3431 deleveris.
582 3376 671 3448 Atque
686 3385 716 3430 ut
730 3377 782 3431 hoc
796 3378 854 3432 tisri
893 3371 1687 3446 1111111811Ρ1111111111ῑ11111111101Ρ111111Α1111111111·

55 3462 160 3524 posset,
175 3462 206 3508 ut
226 3454 299 3508 idola
320 3454 433 3524 hospitii
455 3471 577 3520 exueres,
591 3463 682 3511 tamen
704 3456 854 3526 periculum
893 3450 1002 3522 ligionie
1016 3459 1086 3506 111111
1100 3451 1174 3506 haud
1187 3453 1331 3508 111111οἆ11111
1352 3471 1488 3524 1110111110,
1503 3470 1591 3524 110111,
1606 3455 1630 3509 11
1648 3455 1687 3508 11·

56 3534 171 3586 omnino
185 3540 235 3595 est,
250 3542 280 3587 ut
293 3533 328 3586 ab
350 3533 429 3589 idolis
451 3535 503 3588 sisa
522 3551 576 3588 non
597 3535 717 3589 initiatus
731 3536 853 3591 obruere.
893 3531 959 3584 vilia
971 3532 1064 3585 munia
1078 3531 1189 3595 obirem,
1204 3532 1346 3603 1111191111
1360 3533 1394 3587 ad
1408 3532 1686 3588 11111111111111111111111

55 3608 151 3666 Nimis
165 3611 227 3666 duci
241 3613 393 3667 assuevisti.
436 3614 526 3667 Etiam
542 3614 636 3669 Romae
651 3615 755 3669 firmata
770 3616 855 3670 semel
892 3610 958 3664 b0ni
972 3627 1123 3681 procurate·
1165 3611 1219 3666 Sed
1231 3628 1293 3666 cum
1306 3612 1425 3666 studium
1439 3629 1530 3668 meum
1544 3612 1685 3667 ambitioni

55 3691 203 3761 tyrannide
229 3709 336 3763 semper
357 3701 449 3762 postea
471 3702 669 3749 sacramentnm
693 3695 722 3747 in
747 3704 854 3750 senatus
892 3689 1074 3759 111Ρ1111111111,
1090 3691 1688 3759 11111113111110111111118111111111011·

54 3768 208 3841 populique
224 3770 339 3825 Romani
354 3772 634 3827 nomenirritumiuit.
676 3772 852 3839 Confide‚fili‚
893 3767 1005 3823 iectast
1021 3768 1101 3824 malie
1115 3769 1249 3824 tarditatis
1263 3787 1331 3824 mete
1344 3788 1388 3825 me
1403 3771 1567 3835 admoneret,
1582 3777 1611 3825 et
1624 3770 1688 3825 sub·

54 3859 82 3902 st
95 3850 134 3904 da
146 3858 173 3903 te
187 3850 265 3914 mihi,
279 3858 308 3905 ut
324 3859 350 3905 te
366 3852 414 3905 tibi
428 3851 547 3906 reddam.
893 3847 955 3902 inde
966 3857 1117 3918 reputarem
1125 3865 1167 3902 me
1179 3849 1269 3902 otlicio
1277 3866 1339 3903 meo
1347 3849 1422 3905 nullo
1431 3851 1512 3905 modo
1522 3850 1687 3912 satisfacere,

893 3942 954 3981 curn
976 3944 1016 3990 ea,
1038 3944 1086 3997 per
1109 3945 1169 3997 quas
1188 3928 1247 3997 ipse
1266 3927 1422 3984 hominibus
1439 3946 1490 4000 per
1502 3946 1546 3984 me
1560 3929 1688 3999 prodesse

893 4021 1010 4074 possem,
1024 4007 1183 4070 omitterem,
1198 4014 1227 4060 et
1240 4007 1275 4061 nd
1288 4023 1329 4070 ea,
1344 4025 1405 4078 quae
1418 4025 1454 4063 ex
1468 4007 1559 4063 alieno
1576 4009 1689 4063 arbitrio

893 4086 1048 4154 penderent,
1061 4102 1103 4140 me
1118 4086 1293 4156 applicarem,
1308 4086 1412 4141 abillis
1425 4088 1633 4160 cogitationibus
1644 4105 1688 4143 ine

893 4180 1003 4233 prorsus
1025 4163 1149 4228 alienavi,
1165 4173 1193 4219 et
1213 4165 1242 4218 in
1263 4164 1315 4219 hoc
1337 4181 1405 4236 opus
1421 4184 1457 4221 ex
1477 4168 1566 4237 priore
1579 4168 1688 4222 decreto

166 4232 215 4279 DE
230 4231 567 4282 INTERPRETATIONE
584 4234 741 4284 NATURAE
893 4260 936 4297 me
958 4251 1044 4298 totum
1065 4244 1171 4314 recepi3
1192 4260 1242 4298 nec
1262 4244 1331 4299 mihi
1353 4245 1475 4300 animum
1496 4246 1601 4309 minuit,
1616 4246 1688 4317 quod

318 4370 599 4435 PROOEMIUM.
893 4324 1689 4475 titttlttt‘t'zazl‘t.“ttatt{altit

893 4488 964 4535 statu
978 4482 1129 4552 prospici03
1151 4483 1258 4536 tametsi
1278 4482 1540 4558 enimbarbaronrnt
1561 4484 1690 4539 incursio·

93 4550 163 4605 Eoo
176 4569 237 4605 crim
250 4570 293 4607 me
307 4554 342 4607 ad
359 4553 490 4608 utilitates
504 4552 638 4610 humanas
653 4562 744 4611 natum
759 4557 853 4612 existi·
893 4575 941 4613 nes
963 4577 1017 4615 non
1038 4567 1163 4625 metuam,
1188 4560 1255 4629 (nisi
1278 4560 1345 4616 forte
1364 4562 1509 4632 imperium
1532 4563 1689 4634 Hispanum

50 4647 169 4693 marem,
185 4640 212 4684 et
225 4649 318 4687 curam
333 4633 487 4702 reipublice
501 4634 573 4688 inter
586 4651 619 4688 ea
631 4651 699 4700 esse,
715 4654 776 4708 quse
789 4638 855 4708 pub
893 4655 922 4693 se
936 4638 1158 4703 corroboraverit,
1173 4647 1200 4693 et
1213 4639 1282 4695 alios
1295 4640 1387 4706 armis,
1402 4658 1431 4696 se
1446 4659 1526 4697 onere
1544 4658 1689 4712 oppresse·

51 4710 100 4763 lici
125 4717 190 4763 sunt
207 4710 286 4780 juris,
300 4720 327 4767 et
348 4712 422 4766 velut
440 4712 540 4766 undam
560 4722 714 4769 autauram
729 4717 854 4772 omnibus
893 4718 964 4772 citet
974 4718 1145 4786 debilitaris)
1154 4725 1289 4774 tamenex
1299 4719 1379 4774 bellis
1392 4720 1517 4776 civilibus
1531 4721 1605 4792 (quie
1618 4720 1687 4775 mihi

50 4795 150 4858 patere
166 4789 365 4861 interpretarer,
377 4790 481 4862 etquid
494 4790 650 4847 hominibus
661 4795 779 4849 maxime
794 4813 855 4851 con·
894 4797 1029 4863 videntur,
1044 4804 1155 4868 propter
1168 4815 1258 4853 mores
1269 4799 1408 4869 quosdam,
1421 4816 1476 4854 non
1486 4801 1524 4854 ita
1533 4799 1638 4870 pridem
1649 4799 1690 4853 in·

50 4868 155 4922 ducere
171 4878 262 4937 posset
275 4870 396 4942 quaesivi,
411 4879 438 4923 et
452 4870 487 4923 ad
500 4871 565 4941 quid
576 4872 635 4943 ipse
649 4890 666 4925 a
679 4881 777 4927 natura
788 4877 855 4946 opti·
893 4877 1036 4940 troductos,
1051 4877 1152 4931 multas
1166 4877 1291 4948 regiones
1305 4879 1496 4949 peragratura)
1510 4886 1536 4932 et
1550 4895 1586 4932 ex
1601 4886 1688 4932 secta·

50 4964 97 5001 me
116 4947 204 5001 iactus
219 4964 315 5013 essem,
330 4949 485 5004 deliberavi.
528 4951 723 5006 invenientem
734 4953 774 5007 nil
787 4956 854 5008 tanti
894 4973 955 5010 rum
967 4955 1148 5027 malignitate,
1163 4963 1191 5011 at
1211 4974 1248 5011 ex
1268 4958 1478 5027 compendiariis
1492 4957 1552 5011 istis
1565 4956 1690 5011 artificiis

50 5042 116 5080 esse
138 5042 206 5097 erga
227 5046 313 5097 genus
334 5029 483 5083 humanum
503 5030 601 5095 meriti,
623 5046 706 5100 quarn
725 5048 855 5087 novarum
894 5044 920 5087 et
928 5035 1049 5098 cautelis,
1061 5052 1122 5105 quae
1135 5036 1163 5089 in
1173 5035 1331 5092 emditionis
1339 5036 1428 5091 locum
1440 5043 1689 5105 surrepseruntnon

50 5122 149 5159 rerum
163 5113 192 5159 et
205 5107 312 5172 artium,
325 5108 425 5179 quibus
435 5107 575 5162 hominum
586 5109 642 5164 vita
656 5110 802 5176 excolatur,
817 5112 856 5166 in·
894 5114 983 5169 minor
992 5114 1020 5167 in
1033 5114 1125 5169 literas
1135 5115 1297 5170 etscientias
1306 5115 1426 5187 procella
1436 5113 1691 5186 videbaturimpen·

49 5184 212 5239 santionem
226 5194 254 5239 et
268 5193 506 5241 auctoramentum.
550 5188 625 5243 Nam
639 5198 666 5244 et
679 5190 776 5260 priscis
791 5197 856 5245 tem·
894 5192 967 5246 dere.
996 5193 1055 5247 Nec
1066 5193 1299 5264 typographomm
1310 5193 1469 5249 officinabis
1479 5192 1559 5248 malis
1567 5194 1691 5248 sufficere

49 5263 179 5333 poribus,
194 5265 266 5334 apud
279 5266 405 5321 homines
419 5265 509 5330 rudes,
523 5266 630 5322 rudium
650 5286 741 5324 rerum
761 5270 855 5324 insen·
894 5279 984 5342 quest
1013 5271 1104 5343 Atque
1113 5270 1162 5327 ista
1171 5273 1281 5343 quidem
1295 5273 1414 5328 imbellis
1425 5273 1624 5342 doctrinaque
1634 5272 1692 5327 otio

50 5350 129 5396 tores
144 5350 173 5396 et
186 5353 378 5400 monstratores
386 5351 554 5399 consecratos
565 5346 656 5411 sitisse,
670 5355 697 5403 et
707 5348 735 5403 in
746 5348 857 5404 deorum
894 5350 984 5414 alitur,
999 5351 1112 5421 praemio
1125 5360 1151 5405 et
1165 5351 1245 5407 laude
1259 5352 1409 5416 efflorescit,
1421 5368 1482 5423 quta
1491 5350 1692 5407 vehementiam

50 5438 201 5477 numerum
215 5433 327 5495 optatos,
339 5425 515 5480 animadverti
527 5447 535 5489 ;
557 5433 584 5479 et
597 5434 660 5481 acta
674 5426 796 5494 heroum,
811 5429 857 5499 qui
894 5430 1030 5500 opinionis
1043 5446 1098 5486 non
1111 5431 1235 5498 sustinet,
1250 5439 1277 5487 et
1290 5431 1412 5487 artificiis
1425 5442 1452 5486 et
1465 5430 1623 5502 imposturis
1636 5432 1693 5486 eln-
