3800 5875
639 315 691 371 DE
712 313 916 372 SAPIENTIA
935 315 1131 372 VETERUM.
1641 316 1703 381 723

65 471 118 529 sed
144 471 236 528 subita
260 471 446 530 miracdoue
472 479 503 529 ct
525 472 736 530 comminutione
762 481 868 530 tantum
903 491 968 530 nem
987 479 1070 546 atque
1095 473 1322 531 instaurationem
1344 474 1530 549 quadantenus
1555 493 1700 548 corporum

65 552 256 624 compingitur
277 562 307 609 et
329 553 431 626 figitur,
453 553 566 625 perinde
586 569 619 607 ac
642 553 667 608 si
691 554 754 625 quia
775 553 867 609 adrem
904 553 1068 609 naturalium
1081 570 1171 625 prora
1184 555 1703 631 desperatanonhabnisse,sedpotius

65 648 149 702 aquas
168 634 346 688 comminuere
359 640 460 698 tentet3
481 632 644 704 qnodnnllo
661 633 742 687 modo
760 633 866 688 edicere
905 649 998 703 prore
1012 633 1138 689 abstrusa
1151 643 1179 690 et
1193 634 1270 706 quasi
1285 635 1356 690 avia.
1398 634 1490 706 Atque
1508 636 1583 692 idem
1601 637 1702 691 sentire

65 712 164 781 possit,
175 712 230 766 nisi
243 730 293 784 per
305 713 480 784 agitationem
494 711 612 767 celerem
620 721 648 766 et
658 713 799 783 rapidam:
813 713 865 766 hae
905 712 958 767 hoc
972 711 1054 768 etiam
1067 713 1129 768 loeo
1146 714 1278 778 ridentur,
1293 731 1355 769 cum
1374 716 1508 786 virgulam
1529 716 1611 769 istam
1630 716 1704 771 inter

65 790 144 845 enim
162 791 267 846 radone
279 792 403 848 ridemus
415 792 464 846 illa
477 806 591 862 corpora
608 792 738 863 conjungi
757 792 787 845 in
805 808 867 862 spu·
904 792 1010 847 infinita
1029 792 1148 864 virgulta
1161 793 1280 864 ingentis
1293 801 1321 848 et
1335 792 1503 849 densissime
1517 792 1601 864 sylam
1622 794 1703 849 collo·

66 868 196 933 masere
205 879 335 942 tanquam
344 872 558 942 raptoabaqua.
587 871 686 941 Neque
697 869 867 942 ineleganter
904 881 1012 937 curantr
1033 889 1144 926 auream
1152 879 1242 927 autem
1253 871 1364 935 maxum,
1373 873 1438 943 quia
1447 891 1543 928 aurum
1553 873 1702 929 durationis

66 948 187 1014 additur,
201 949 393 1021 Proserpinam
406 952 487 1006 flores
498 949 624 1006 Narcissi
637 951 667 1003 in
679 949 796 1004 vallibus
809 949 865 1004 col·
905 959 1006 1007 tessera
1019 960 1077 1008 est:
1098 953 1241 1017 insitivam,
1256 953 1320 1022 quia
1332 951 1368 1005 ab
1378 960 1436 1007 erte
1449 953 1604 1021 hujusmodi
1621 953 1702 1007 effec-

66 1026 202 1099 ligentem
218 1038 325 1101 raptam
340 1030 445 1086 fruisser
465 1030 530 1102 quia
549 1029 696 1084 Narcissus
717 1046 735 1083 a
757 1037 866 1101 torpore
905 1038 947 1085 tna
962 1031 1111 1101 sperandus
1125 1040 1173 1096 est,
1187 1048 1242 1085 non
1254 1031 1290 1085 ab
1303 1031 1398 1102 aliqua
1410 1031 1554 1098 medicina,
1565 1034 1703 1088 autmodo

67 1108 127 1161 sire
142 1116 253 1179 stupore
266 1126 366 1164 nomeu
379 1109 477 1164 nrmit:
505 1116 588 1180 atque
608 1115 667 1163 tum
685 1108 794 1163 demum
812 1109 866 1179 spi·
905 1110 1025 1181 simplici
1038 1119 1086 1165 eut
1097 1109 1224 1165 naturali.

67 1186 139 1240 ritus
152 1187 189 1240 sd
202 1196 310 1258 raptum
327 1189 448 1243 meterius
466 1188 601 1243 terrestris
619 1187 709 1258 magis
727 1204 865 1259 praepara-

67 1274 115 1320 tus
127 1273 170 1320 est
183 1275 210 1320 et
223 1274 397 1337 opportunus,
407 1284 469 1322 cum
477 1266 615 1338 coagulari
625 1266 730 1337 incipit,
740 1283 772 1321 ac
781 1267 866 1320 veluti

68 1352 211 1416 torporem
231 1347 370 1418 colligere.
410 1347 497 1402 Recte
519 1354 611 1401 autem
632 1346 759 1401 tribuitur
779 1346 867 1401 honor
943 1344 1087 1399 Nessana
1097 1347 1186 1415 po'e‘tra
1198 1344 1302 1415 antiqui
1316 1342 1412 1398 lovem
1427 1346 1532 1415 cepisse
1543 1344 1573 1398 in
1587 1362 1701 1402 uxorem

67 1422 118 1478 ills
132 1424 312 1497 Proserpinae,
327 1425 416 1499 qualis
428 1425 498 1482 nulli
512 1425 591 1481 uxori
609 1424 729 1489 deorum,
743 1432 773 1480 ut
793 1425 866 1480 Ditis
905 1423 1002 1490 Metin,
1020 1425 1097 1492 cujus
1115 1440 1215 1478 nomen
1236 1439 1291 1477 non
1305 1422 1418 1478 obscure
1437 1424 1581 1478 consilium
1595 1424 1701 1495 signifi-

67 1502 192 1558 Domina
204 1502 250 1569 ait,
264 1507 328 1577 quia
348 1504 396 1560 ille
415 1505 528 1577 spiritns
548 1504 629 1575 plano
649 1504 742 1558 omnia
761 1504 790 1558 in
811 1502 866 1558 illis
905 1510 965 1556 cat:
987 1520 1048 1557 eam
1072 1512 1164 1558 autem
1188 1520 1224 1558 ex
1244 1502 1294 1557 illo
1316 1503 1456 1573 gravidam
1476 1504 1575 1558 iactam
1596 1504 1700 1559 inisse:

68 1583 229 1654 regionibus
241 1584 418 1649 administrat,
432 1585 542 1656 stupido
555 1590 582 1638 et
594 1584 673 1655 quasi
694 1584 790 1653 ignaro
804 1583 866 1637 Plu·
905 1582 977 1653 quod
990 1600 1051 1636 curn
1060 1582 1108 1636 ille
1122 1583 1259 1646 sensisset,
1273 1590 1379 1652 partum
1394 1583 1453 1651 ejus
1466 1582 1542 1637 nullo
1560 1583 1641 1638 modo
1654 1599 1701 1638 ex·

68 1668 144 1717 tnnc.
186 1663 267 1718 Hunc
280 1672 370 1719 annm
379 1664 503 1736 spiritum
517 1662 701 1729 ruthenensis
714 1660 865 1716 coelestium
904 1669 1052 1731 spectasse,
1072 1661 1120 1715 sed
1143 1661 1237 1732 utique
1259 1678 1321 1715 eam
1342 1661 1493 1725 devorasse,
1507 1662 1578 1717 unde
1592 1669 1620 1716 st
1639 1663 1700 1733 ipsa

69 1744 137 1812 (per
149 1741 278 1798 Cererem
291 1740 466 1817 adumbrata)
481 1743 588 1798 infinita
602 1740 744 1797 sedulitate
758 1741 865 1805 elicere,
906 1756 1049 1811 praegnans
1062 1741 1149 1795 iactus
1167 1741 1220 1794 sit:
1240 1740 1415 1810 puerperium
1432 1748 1523 1795 autem
1543 1742 1642 1796 mirum
1660 1741 1701 1796 iu-

66 1828 153 1891 atqne
177 1821 231 1876 sibi
254 1822 395 1878 restituero
421 1822 565 1878 eonmndit.
615 1822 675 1878 Fax
703 1829 794 1875 antem
816 1820 865 1874 ills
904 1819 975 1883 isser
996 1835 1061 1874 nam
1074 1837 1108 1875 ex
1122 1820 1220 1891 capite,
1230 1821 1287 1875 sire
1297 1819 1408 1875 cerebro
1417 1819 1557 1876 Palladem
1568 1827 1701 1875 armatam

69 1899 191 1965 etheris,
206 1899 263 1956 sire
276 1902 348 1956 tarda
368 1902 466 1959 ardum
479 1902 509 1957 in
524 1918 607 1957 mann
628 1900 744 1965 Cereris,
758 1898 866 1971 procul·
904 1898 1054 1970 peperisse.

69 1978 155 2034 dubio
167 1978 254 2036 solem
266 1980 383 2047 mactat,
397 1981 444 2053 qai
457 1981 530 2035 eirca
549 1988 628 2035 terrm
640 1979 773 2034 ambitum
786 1979 866 2034 lumi·
945 1978 1037 2046 Hujus
1056 1976 1156 2032 iabnira
1173 1985 1331 2033 monstrosus
1351 1984 1380 2033 et
1397 1977 1487 2047 primo
1506 1977 1601 2032 auditu
1617 1977 1702 2032 insui·

69 2058 115 2112 nia
128 2059 219 2114 officio
230 2060 360 2131 iungitur,
375 2066 457 2132 atque
476 2060 591 2115 maximi
604 2058 727 2114 omnium
747 2066 819 2113 esset
832 2060 867 2113 sd
905 2057 1023 2112 sisaim
1041 2073 1136 2111 senam
1154 2072 1282 2111 amanum
1298 2056 1408 2127 imperii
1427 2057 1564 2111 continere
1584 2057 1700 2123 ridetur,

70 2136 264 2208 Proserpinam
276 2140 488 2211 recuperandam
502 2139 641 2205 momenti,
655 2138 679 2194 si
693 2138 804 2193 omnino
813 2137 866 2192 hoc
906 2153 960 2209 qua
974 2144 1039 2200 arte,
1054 2136 1165 2201 scilicet,
1179 2152 1259 2207 reges
1272 2136 1527 2191 resersusooncilia
1542 2153 1592 2191 sus
1605 2154 1701 2208 gerere

70 2216 132 2272 fieri
149 2225 250 2288 possen
292 2217 345 2274 Ille
368 2225 460 2274 tamen
481 2219 574 2281 haeret,
595 2225 625 2272 et
651 2226 758 2272 manet:
788 2218 867 2285 cujas
905 2216 1019 2281 soleant,
1033 2223 1063 2271 ut
1076 2216 1223 2270 auctoritas
1242 2223 1271 2270 et
1288 2216 1417 2290 majestas
1430 2231 1524 2269 eorum
1544 2231 1599 2269 aon
1612 2215 1701 2271 solnm

70 2297 143 2351 ratio
162 2297 284 2369 seqnitur
303 2305 428 2354 aocnmte
448 2306 476 2354 et
495 2296 660 2354 excellenter
679 2297 819 2375 proposita
837 2298 866 2352 in
905 2295 1011 2350 illibata
1023 2303 1201 2358 conservetur,
1215 2311 1309 2350 rerum
1328 2294 1402 2364 apud
1421 2294 1551 2365 populum
1570 2303 1702 2366 augeatur

70 2376 160 2446 paens
173 2376 320 2432 illisionis
333 2383 361 2431 et
374 2376 491 2433 Cereris.
531 2377 654 2433 Primum
667 2376 867 2431 enimccrtissi·
905 2382 933 2429 et
945 2374 1099 2430 extollatur.
1139 2374 1213 2428 Nam
1227 2390 1307 2445 reges
1320 2390 1349 2429 se
1363 2391 1425 2428 cum
1439 2373 1561 2429 conciliis
1575 2374 1702 2429 snisrin-

70 2472 149 2510 mum
162 2462 213 2522 est,
227 2455 296 2512 duos
310 2472 369 2512 esse
383 2457 478 2512 modos
491 2457 602 2528 spiritus
614 2456 644 2511 iu
657 2456 771 2511 materia
780 2455 868 2509 solida
905 2454 968 2510 culo
980 2454 1063 2509 veluti
1075 2452 1192 2524 nuptiali
1202 2453 1330 2523 copulare
1343 2460 1372 2508 et
1380 2455 1552 2525 conjungere,
1566 2461 1594 2508 et
1613 2453 1648 2507 de
1660 2471 1702 2509 rs·

71 2542 100 2590 st
119 2536 240 2590 terrestri
258 2535 417 2591 cohibendi:
438 2537 554 2592 alterum
574 2552 625 2607 per
642 2534 867 2604 constipationem
905 2535 957 2589 bus
969 2534 1099 2589 maximis
1118 2550 1181 2587 enm
1194 2533 1236 2587 eis
1255 2532 1413 2597 deliberare,
1427 2541 1503 2587 recto
1522 2542 1550 2588 et
1568 2533 1701 2603 prudente

72 2613 131 2669 sire
144 2614 364 2680 obstructionem,
378 2616 427 2687 qui
440 2623 482 2671 est
490 2614 866 2672 merainusrcerstioetvio-
905 2614 1031 2668 instituto
1054 2620 1272 2677 consummante
1303 2612 1385 2683 idque
1408 2614 1581 2680 maiestatem
1606 2629 1701 2668 sorum

71 2692 172 2748 lentis:
193 2693 308 2750 alterum
318 2711 367 2765 per
375 2695 602 2751 ministrationem
613 2693 808 2766 proportionati
819 2694 867 2748 ali-
905 2694 1065 2764 neutiquam
1078 2692 1240 2747 imminuere
1254 2692 1327 2747 haud
1341 2692 1390 2746 aba
1403 2708 1432 2746 re
1444 2692 1586 2760 judicant:
1606 2709 1701 2748 rernm

71 2772 168 2838 menti,
191 2781 273 2843 atque
292 2774 321 2829 id
339 2776 369 2829 tit
389 2780 483 2846 sponte
503 2782 531 2830 et
553 2774 678 2829 libenter.
719 2772 868 2844 Postquam
905 2789 968 2828 cum
982 2773 1094 2841 resjam
1107 2771 1293 2826 addecretum
1313 2778 1427 2841 spectat,
1442 2771 1516 2841 quod
1533 2771 1620 2824 instar
1641 2788 1702 2842 par·

70 2851 147 2906 enim
170 2853 281 2923 spiritus
303 2853 425 2910 inclusus
448 2854 593 2926 depascere
612 2853 715 2924 incepit
735 2859 817 2923 atquo
837 2868 867 2907 so
906 2858 949 2906 tras
963 2860 1011 2917 est,
1025 2850 1134 2906 concilii
1148 2859 1239 2921 partes
1258 2867 1312 2905 non
1337 2850 1409 2904 ultra
1429 2851 1539 2906 tendere
1554 2849 1652 2916 sinunt,
1666 2867 1701 2905 ue

71 2930 156 2998 alem,
178 2932 285 2988 evolare
299 2929 430 3005 'protinus
446 2951 502 2990 nou
522 2934 648 2990 festinat:
668 2931 717 2988 aed
736 2930 818 2987 veluti
839 2932 868 2987 in
906 2942 968 2987 acta
982 2949 1019 2988 ex
1028 2930 1137 2987 concilii
1145 2930 1258 2986 arbitrio
1271 2930 1389 3002 pendere
1400 2929 1550 2985 rideantur.
1590 2928 1700 2996 Verum,

71 3020 146 3066 terra
163 3028 214 3067 sua
233 3014 340 3084 figitur:
361 3021 442 3087 atque
461 3014 522 3070 hcc
534 3021 577 3069 est
589 3013 742 3085 degustatio
756 3011 868 3067 Proser·
906 3021 964 3067 tum
978 3013 1086 3067 demum
1095 3027 1174 3081 reges
1184 3008 1254 3086 (nisi
1265 3010 1422 3079 hujusmodi
1432 3026 1476 3064 rsa
1485 3010 1522 3065 sit
1532 3018 1561 3064 ut
1570 3010 1702 3066 insidiam

71 3091 147 3162 pina
161 3107 197 3146 ex
210 3091 284 3146 malo
296 3102 428 3165 granatos
448 3110 510 3165 quus
523 3094 612 3150 sinon
626 3092 730 3156 inisset,
742 3091 801 3160 jam
810 3092 867 3161 pri-
906 3109 967 3147 ase
980 3092 1102 3147 densare
1115 3087 1242 3166 cupiunt)
1257 3089 1384 3162 quiequid
1406 3107 1423 3143 a
1441 3089 1558 3144 concilio
1577 3088 1701 3145 elabora·

72 3169 136 3224 dem
158 3186 177 3223 a
198 3170 308 3237 Cerere,
327 3189 390 3227 cum
408 3174 468 3228 iace
486 3173 536 3228 ilia
553 3190 602 3229 sus
623 3172 716 3226 orbem
737 3179 867 3226 terrarum
907 3171 1097 3227 tumetveluti
1111 3171 1140 3224 in
1163 3177 1240 3224 utero
1261 3170 1429 3224 efformatum
1449 3177 1499 3233 est,
1513 3169 1542 3223 in
1563 3185 1593 3223 se
1614 3177 1701 3223 trans·

71 3259 246 3320 peragrante,
260 3251 375 3306 abducta
389 3252 494 3309 inisset.
534 3252 652 3322 Spiritus
660 3252 741 3315 enim,
752 3251 799 3320 qui
807 3251 868 3305 snb
907 3251 978 3307 ierrs
999 3255 1203 3314 consueverunt,
1219 3256 1248 3304 ut
1267 3250 1405 3304 decretum
1426 3256 1454 3303 et
1473 3250 1599 3304 executio
1619 3252 1701 3319 (qua,

73 3337 117 3383 est
143 3329 262 3385 metallis
285 3339 313 3386 et
339 3331 522 3396 mineralibua,
546 3330 729 3403 compingitur
754 3329 868 3385 fortasse
907 3333 972 3401 quis
991 3348 1053 3386 cum
1067 3336 1200 3401 potestate
1220 3329 1342 3398 procedit
1361 3335 1388 3382 et
1401 3329 1589 3384 necessitatem
1611 3329 1701 3394 insert,

70 3408 212 3478 praecipue
224 3425 274 3480 per
287 3425 383 3465 massa
391 3410 569 3476 soliditatemr
591 3411 638 3482 qni
647 3418 737 3465 antem
747 3408 777 3461 in
790 3407 868 3479 plan·
906 3410 1046 3482 eleganter
1060 3409 1110 3464 sub
1123 3407 1210 3480 figura
1223 3407 1344 3464 Palladis
1363 3415 1474 3463 annatae
1494 3407 1651 3476 involvitur)
1666 3409 1702 3462 ab

74 3487 110 3542 tia
132 3496 224 3543 estet
245 3489 435 3556 animantibus,
456 3490 616 3562 incorpore
635 3505 734 3560 poroso
754 3486 868 3553 habitat,
906 3490 975 3561 ipsis
988 3505 1115 3544 emanare
1129 3488 1258 3543 videatur.
1298 3489 1397 3560 Neque
1417 3488 1483 3541 satis
1496 3494 1581 3543 estut
1596 3486 1648 3542 hoc
1665 3487 1702 3542 ab

73 3573 102 3620 et
115 3574 210 3636 aperta
222 3568 326 3640 effugia
338 3568 429 3635 habet,
440 3570 494 3625 nisi
507 3586 556 3640 per
565 3569 642 3624 illum
653 3569 763 3623 modum
773 3566 869 3639 degus-
907 3570 1067 3624 auctoritate
1088 3585 1184 3639 regum
1198 3574 1226 3622 et
1248 3584 1342 3622 eorum
1357 3567 1494 3622 voluntate
1508 3567 1604 3629 soluta,
1619 3574 1647 3620 et
1667 3566 1701 3621 li·

72 3645 184 3701 tationis
196 3647 312 3702 libenter
323 3647 498 3704 detineretur.
539 3648 793 3704 Secundumautem
806 3664 870 3717 pac·
907 3651 1017 3714 bera‚et
1030 3646 1382 3717 nonobuoxiaproiectum
1396 3647 1533 3712 ridentum
1554 3646 1607 3700 nisi
1619 3646 1702 3701 etiam

72 3734 133 3780 tum
153 3726 187 3779 dc
208 3727 331 3781 semestri
349 3727 543 3783 consuetudine
561 3743 616 3781 non
635 3727 709 3781 aliud
723 3734 772 3790 est,
787 3743 868 3797 quam
907 3728 960 3782 hoo
975 3728 1027 3782 sibi
1040 3743 1120 3798 reges
1130 3735 1246 3789 sumant,
1262 3735 1291 3781 ut
1305 3743 1340 3781 ex
1351 3726 1440 3795 capite
1450 3742 1551 3788 eorum,
1566 3725 1594 3778 id
1607 3732 1655 3790 est,
1666 3743 1702 3781 ex

74 3803 189 3876 elegans
203 3805 351 3878 descriptio
368 3807 563 3877 dispertitionis
578 3807 654 3871 sanir
675 3822 738 3860 cum
755 3805 869 3875 spiritns
904 3807 1008 3876 judicio
1016 3813 1043 3861 et
1051 3806 1194 3878 prudentia
1202 3807 1318 3876 propria,
1324 3805 1701 3861 decretanataexistimentur.

72 3882 130 3949 ille,
144 3899 193 3954 per
206 3894 305 3940 terram
318 3885 451 3957 peritrsus,
462 3886 552 3958 quoad
564 3902 607 3940 res
617 3883 784 3957 vegetabiles
793 3900 869 3938 men·

74 3963 152 4018 sibus
165 3963 271 4018 testatis
290 3964 364 4035 apud
377 3966 516 4036 superiora
534 3965 623 4035 degat,
638 3973 717 4035 atque
731 3962 868 4017 mensibus

72 4040 175 4096 hiemis
188 4044 224 4097 ad
237 4043 413 4098 subterranea
422 4044 523 4100 redeat.
562 4044 638 4105 Quod
652 4059 716 4098 vero
726 4042 821 4096 attinet
834 4042 869 4095 ad
946 4039 1062 4095 Fanum
1075 4038 1109 4092 de
1122 4038 1262 4093 Sirenibus
1275 4036 1490 4107 adperniciosas
1503 4035 1645 4090 illecebras
1658 4052 1702 4091 ro·

73 4129 203 4176 conatum
222 4121 303 4177 illum
318 4121 420 4178 Thesei
442 4130 469 4178 et
487 4122 603 4177 Pirithoi
623 4120 788 4177 abducendos
801 4121 868 4174 Pro-
906 4117 1020 4190 luptatis
1041 4125 1125 4182 recte,
1146 4118 1195 4171 sed
1214 4133 1296 4171 sensu
1316 4116 1509 4187 vulgatissimo,
1531 4115 1701 4170 transfertur.

73 4200 203 4271 serpinas,
216 4201 292 4256 ideo
305 4210 416 4272 spectat,
431 4202 502 4274 quod
522 4202 622 4272 smpins
643 4203 698 4265 fiat,
712 4207 742 4254 ut
759 4199 869 4269 spiritus
907 4199 997 4253 Nobis
1007 4206 1099 4251 autem
1107 4197 1213 4250 ridetur
1223 4196 1492 4266 snpientiavetrrum,
1502 4203 1631 4265 tanquam
1642 4211 1702 4249 urae

73 4278 239 4346 subtiliores,
253 4280 300 4352 qui
321 4281 356 4337 ad
377 4288 477 4336 terram
490 4282 519 4335 in
540 4280 633 4336 multis
646 4278 804 4350 corporibus
822 4278 869 4333 de·
906 4277 978 4332 male
1002 4276 1131 4339 calcataer
1159 4293 1195 4330 ex
1216 4274 1399 4346 quibuslicet
1423 4272 1549 4327 nonnihil
1570 4274 1701 4342 exprimi·

73 4357 213 4423 scendunt.
227 4360 385 4432 nentiquam
398 4360 467 4416 illud
485 4360 603 4415 efficiunt
623 4368 652 4414 ut
665 4360 792 4430 spiritum
806 4359 869 4413 sub·
907 4365 958 4422 tur,
973 4364 1063 4411 tamen
1076 4354 1218 4425 potissima
1232 4370 1345 4426 qumque
1360 4353 1478 4407 resident
1497 4361 1524 4408 et
1541 4353 1702 4422 praetermit-

74 4446 230 4493 terraneam
250 4448 393 4512 exsugunt,
407 4448 434 4494 et
454 4457 546 4494 secum
567 4440 670 4503 uniant,
684 4446 712 4492 et
735 4436 867 4502 evehant3
907 4444 1006 4492 tuntur.
1047 4435 1157 4489 Sirenes
1172 4433 1286 4487 Acheloi
1305 4440 1332 4487 et
1352 4432 1554 4502 Terpsichores,
1569 4433 1649 4487 nnius
1667 4449 1703 4487 ex

73 4517 123 4573 sed
144 4526 240 4573 conns
261 4519 315 4589 ipsi
332 4518 515 4590 coagulentur,
534 4535 622 4588 neque
641 4516 759 4587 amplius
780 4533 868 4571 resur·
907 4515 1007 4580 Musis,
1022 4513 1086 4568 filim
1101 4514 1183 4568 inisse
1194 4521 1351 4567 narrantur:
1372 4528 1413 4566 em
1426 4511 1523 4581 primis
1536 4511 1702 4581 temporibus

72 4604 154 4669 gant,
169 4605 200 4651 ut
214 4598 379 4670 Proserpina
392 4615 442 4669 per
455 4614 502 4652 eos
512 4606 591 4651 aucta
604 4595 701 4650 incolis
715 4604 741 4650 et
755 4596 869 4665 imperio
906 4593 986 4650 nlatae
1000 4601 1094 4647 erant:
1115 4594 1163 4646 sed
1176 4592 1245 4645 inito
1259 4600 1358 4646 temere
1373 4608 1436 4645 cunr
1451 4590 1540 4645 Musis
1555 4591 1701 4645 certamine

73 4679 117 4732 sit.
158 4676 201 4731 De
222 4676 301 4749 virga
314 4686 403 4732 autem
416 4677 465 4731 illa
485 4693 575 4740 aurea,
590 4675 638 4730 vix
652 4675 775 4730 videmur
789 4675 869 4728 susti·
906 4673 992 4737 victae,
1007 4673 1058 4727 slis
1071 4671 1208 4726 mulctatae
1222 4677 1292 4724 sunt.
1333 4669 1378 4724 Ex
1388 4672 1484 4740 pennis
1498 4678 1590 4724 sutem
1600 4668 1701 4724 evulsis

73 4772 139 4811 nere
159 4772 241 4827 posse
259 4755 389 4828 impetum
404 4756 606 4818 chemistaram,
620 4754 687 4809 siin
700 4770 749 4808 nos
766 4752 819 4807 hac
833 4771 869 4808 ex
907 4752 996 4806 Murra
1009 4768 1122 4805 coronas
1135 4750 1188 4805 sibi
1203 4751 1340 4805 iecerunt:
1360 4749 1430 4804 adeo
1442 4756 1473 4803 ut
1486 4748 1521 4802 ab
1536 4764 1569 4802 eo
1579 4759 1701 4818 tempore

73 4845 152 4906 parte
165 4836 285 4899 irruant;
307 4835 423 4891 camilli
437 4835 579 4890 abeodem
591 4833 681 4904 lapide
696 4849 753 4896 suo,
767 4840 795 4887 et
809 4834 868 4887 auri
907 4831 996 4886 Muses
1007 4848 1069 4885 cum
1081 4830 1217 4900 capitibus
1230 4829 1309 4883 alatis
1320 4829 1502 4900 procederent,
1513 4833 1701 4897 praeterunam

73 4925 188 4977 montes,
199 4921 227 4968 et
237 4915 437 4970 restitutionem
448 4930 590 4985 corporum
600 4912 774 4977 naturalium,
784 4911 869 4967 veluti
907 4911 1032 4965 Sirenum
1047 4917 1172 4964 matrem.
1213 4908 1394 4962 Moraautem
1409 4908 1533 4962 Sirenum
1547 4913 1606 4960 erat
1619 4906 1647 4960 in
1661 4905 1702 4960 in·

73 4994 192 5066 sportis
205 4994 362 5059 interorum,
372 4994 539 5064 promittant.
581 4989 868 5057 Vernmdechemica,
907 4990 974 5044 salis
987 4988 1148 5061 quibusdam
1161 4988 1289 5042 amoenis:
1309 4987 1365 5043 illm
1378 5004 1443 5042 vero
1460 4985 1602 5056 espeoula
1618 5001 1702 5040 nares

73 5083 156 5145 atque
176 5072 277 5144 lapidis
298 5073 374 5127 illius
394 5073 484 5144 procis
507 5073 653 5143 perpetuis,
674 5079 748 5126 certo
768 5070 868 5126 scimus
907 5069 1082 5123 adventantes
1113 5083 1175 5121 cum
1208 5067 1402 5138 conspicerent,
1430 5073 1509 5120 cantu
1541 5064 1703 5135 navigantes

73 5152 225 5209 theoricam
239 5169 333 5207 eorum
346 5169 406 5207 esse
420 5154 478 5207 sine
493 5152 679 5215 fundamentm
701 5149 869 5220 suspicamur
907 5148 996 5218 primo
1007 5146 1169 5211 detinebant,
1183 5145 1280 5200 deinde
1294 5145 1459 5209 alliciebant,
1470 5153 1600 5214 exceptos
1609 5151 1702 5199 autem

73 5234 156 5288 edam
176 5233 325 5303 practicam
349 5249 410 5287 esse
430 5232 490 5286 rinc
513 5239 586 5286 certo
606 5232 730 5303 pignore.
773 5230 869 5300 itaque
907 5228 1050 5281 necabant.
1091 5226 1191 5299 Neque
1201 5226 1319 5296 simplex
1329 5231 1387 5280 erat
1397 5222 1597 5287 cantilenased
1610 5222 1703 5295 singn-

73 5313 168 5367 missis
190 5310 255 5376 illis,
277 5311 312 5366 de
329 5312 383 5366 ista
402 5317 539 5383 postrema
557 5310 694 5380 parabolas
714 5316 790 5379 purte
809 5308 869 5364 hnc
906 5305 948 5362 los
972 5307 1060 5361 modis
1087 5308 1207 5361 mamma
1234 5313 1337 5359 naturas
1359 5319 1453 5358 eorum
1480 5302 1703 5358 convenientibus

72 5399 166 5447 nosna
188 5392 323 5446 sententia
344 5401 394 5446 est.
433 5390 523 5445 Nobis
544 5399 616 5444 certe
637 5397 804 5459 compertum
827 5395 869 5443 ost
907 5386 1061 5458 captabant.
1102 5385 1189 5441 Tanta
1206 5391 1296 5439 sutem
1316 5381 1403 5454 pestis
1416 5389 1483 5447 erat,
1498 5388 1530 5436 ut
1549 5381 1644 5437 insula
1658 5381 1702 5437 Si·

72 5469 306 5544 excompluribus
319 5471 491 5542 antiquorum
505 5469 606 5541 figuris,
621 5485 668 5523 eos
689 5467 869 5524 conseruatio-
907 5483 1002 5523 renum
1024 5465 1106 5521 etiam
1125 5465 1207 5538 longe
1221 5461 1386 5518 intuentibus
1399 5460 1522 5517 alberent
1538 5479 1575 5518 ex
1596 5461 1702 5519 ossibus

431 5549 449 5602 3
471 5549 528 5603 a‘l

1067 1252 1134 1290 XXX.
1169 1250 1262 1299 HETlS,
1285 1249 1348 1288 SIVE
1368 1250 1537 1290 constituat.

1066 3946 1148 3986 xxxi.
1170 3945 1294 3994 SIRBNBS,
1309 3945 1373 3983 ΒΜ
1392 3909 1544 3984 ΥΟιΠΠίΒ.
