3800 5875
240 327 297 386 55⁶
794 326 977 383 HISTORIA
996 325 1112 382 DENSI
1132 325 1182 380 nt
1202 325 1305 381 nant.

284 488 329 543 15.
348 487 474 543 Plamma
487 488 671 558 proculdubio,
685 504 748 541 curn
768 485 942 557 extinguitur,
956 485 1035 539 verti·
1110 483 1181 537 lulla
1194 491 1222 537 et
1234 483 1308 554 liga;
1334 488 1363 537 et
1375 500 1469 555 merge
1482 500 1544 538 eam
1557 477 1628 536 intr'a
1642 482 1745 537 ιιιιιιιιι
1758 497 1808 552 per
1821 481 1867 535 sti-

241 576 286 623 ιιι
299 569 327 622 ιι
342 567 459 639 aliquid,
480 567 606 622 videlicet
619 568 646 621 in
661 565 854 638 post-fumumr
870 565 917 635 qui
934 571 961 617 et
975 565 1033 633 ipse
1110 579 1178 633 quos
1191 562 1257 625 dies,
1271 569 1298 616 et
1312 563 1421 628 exime·
1443 569 1470 617 et
1482 569 1556 625 nota,
1571 562 1594 614 si
1608 563 1704 615 vesica
1717 559 1866 631 aliqualiter

242 649 356 701 vertitur
382 648 410 700 in
435 646 585 718 fuliginem.
626 645 669 700 De
696 645 814 699 flammis
837 660 901 697 vero
924 643 1034 713 spiritus
1109 641 1269 696 flaccescet:
1297 640 1407 712 quodsi
1422 642 1494 707 ιιιιι,
1509 642 1580 696 scias
1598 640 1688 712 frigus
1699 641 1766 695 nitri
1780 639 1866 694 ae'rem

241 726 346 790 vinies
359 725 514 794 hujusmodi
528 742 663 789 aurarum,
682 723 838 794 diligentior
852 722 978 776 facienda
992 729 1033 776 est
1109 722 1285 775 contraxisse.
1326 720 1476 775 Fiatidem
1491 719 1712 790 experimentum
1724 719 1865 791 mergendo

242 805 390 876 inquisitio,
405 806 434 858 in
456 805 536 876 quale
556 821 652 875 corpus
674 804 826 867 densentur,
841 809 869 856 et
890 802 978 872 qualis
998 801 1034 855 sit
1109 799 1460 871 vesicamintraargentnm
1469 800 1575 855 vivum:
1567 799 1865 890 ·seddebetsuspendi

242 893 385 955 post-aura
398 883 529 954 ipsarum.
570 885 668 955 Neque
683 883 756 937 enim
774 889 887 951 apparet
904 881 1033 951 fuligino-
1109 879 1199 933 vesica
1209 894 1258 948 per
1271 877 1353 943 filum,
1364 879 1489 951 utmergi
1498 878 1593 950 possit,
1604 880 1735 933 etminus
1744 878 1864 948 opprimi.

242 981 303 1019 sum
316 962 432 1033 aliquod,
446 964 518 1016 utin
532 963 648 1017 flammis
662 978 697 1016 ex
711 961 816 1015 oleosis.
1110 955 1138 1018 7.
1160 958 1261 1029 Accipe
1285 967 1452 1029 unguentum
1473 973 1603 1021 rosarum,
1624 966 1675 1011 aut
1698 957 1864 1026 hujusmodi;

279 1089 399 1134 ...a
479 1041 569 1173 qq..
596 1039 1033 1183 ⁶⁰.⁰21”‘fl·⁰.‘{⁰lll'¹i.i⁰.¹f⁰.l.l
1069 1036 1419 1172 {illitt‘lttlll‘
1434 1036 1786 1181 ·‘.²¹tt¹¹²¹·t.‘:.5‘.t‘ltl⁰:
1799 1037 1863 1170 til

457 1137 487 1175 er
513 1138 533 1172 ιι
556 1138 587 1174 ns
601 1138 632 1173 ac
646 1138 664 1174 ι
692 1137 706 1172 ι
737 1137 745 1172 ι

243 1198 300 1253 sive
314 1199 343 1253 in
357 1137 484 1271 aquispet
495 1138 715 1269 liqioribusf
669 1199 725 1252 sive
739 1199 768 1251 in
781 1197 908 1261 flammn3
901 1213 956 1249 ·ac
975 1214 1033 1251 rur·
1070 1195 1164 1250 reddat
1175 1133 1264 1266 ιιιιξιι
1276 1134 1472 1251 ιιιιιιιιιξιιι
1484 1133 1609 1249 affinius.

243 1294 296 1342 sus,
311 1279 368 1332 sive
389 1278 437 1331 illa
459 1279 494 1332 sit
512 1278 660 1332 contracuo
672 1276 797 1347 simplex
812 1277 869 1330 sive
888 1275 1031 1343 restitutio,
1109 1272 1389 1330 Actrourdrlatatroms
1399 1293 1449 1346 per
1458 1274 1616 1344 amplexum
1624 1290 1674 1344 op-
1713 1317 1831 1361 comm

242 1356 299 1412 sive
313 1356 465 1428 coagulatio
476 1365 503 1411 et
509 1374 605 1422 versio
620 1356 679 1411 haec
693 1356 822 1427 inquisita
836 1355 896 1409 sint
938 1354 1033 1425 Sequi·
1070 1355 1178 1424 ponitur
1188 1355 1260 1409 actio
1273 1354 1463 1410 contractionis
1472 1371 1522 1425 per
1533 1354 1629 1445 fugam
1642 1361 1672 1407 et

242 1443 285 1490 tur
311 1437 383 1490 actio
409 1455 469 1508 quaa
496 1438 641 1507 opponitur
663 1434 815 1489 dilatationi
842 1450 892 1504 per
915 1432 1032 1488 calorem
1070 1433 1282 1503 antiperistasin.
1332 1432 1564 1496 Quemadmodum
1577 1434 1654 1487 enim
1681 1447 1798 1502 corpora
1808 1448 1861 1485 rer

242 1515 426 1586 potentialem,
437 1515 540 1570 scrlrcet
550 1514 698 1569 contractio
711 1531 761 1586 per
774 1514 859 1584 frigus
873 1513 1031 1584 potentiale
1070 1528 1116 1567 sus
1139 1521 1219 1604 grata
1245 1520 1274 1566 et
1295 1514 1383 1568 amica
1396 1529 1426 1568 sa
1454 1513 1548 1567 laxant
1574 1512 1761 1584 undiquaque,
1788 1519 1860 1582 atque
1886 1559 1887 1566 ,

1070 1592 1182 1647 euntia
1200 1608 1356 1658 occursum,
1384 1592 1423 1647 ita
1443 1609 1505 1647 cum
1526 1590 1682 1646 incidunt
1673 1608 1704 1645 ιιι
1725 1591 1817 1645 odiosa
1834 1601 1860 1644 et
1886 1651 1887 1654 ι

242 1655 467 1698 Wlf'l'ssb'l'lom
481 1656 635 1696 OORPGRUU
653 1654 708 1694 PER
726 1654 828 1694 Fatuus
849 1653 1078 1693 MENTIALL·
1069 1670 1187 1735 immica,
1212 1671 1319 1743 fugiunt
1339 1672 1521 1744 undiquaque
1545 1678 1574 1727 eq
1595 1687 1626 1726 κ
1651 1671 1814 1725 contradunt
1835 1679 1859 1724 eg

285 1749 311 1803 l.
333 1748 564 1810 Οιιιιιιιιιοιιιι
577 1747 746 1803 consulendae
759 1756 822 1802 sunt
836 1746 934 1802 tabulae
948 1745 1033 1801 medi·
1070 1751 1266 1822 constringunt

242 1827 344 1884 sinales
358 1828 516 1898 qualitatum
533 1828 709 1884 secundarum
723 1827 758 1881 ad
777 1827 982 1898 inquisitionem
999 1826 1033 1880 de

242 1907 331 1961 calore
346 1908 494 1978 potentiali,
505 1908 629 1963 similiter
641 1906 812 1962 consulendae
822 1914 885 1960 sunt
898 1905 933 1960 ad
945 1906 1034 1977 inqui·

244 1986 369 2041 sitionem
388 1986 422 2041 de
442 1987 542 2059 frigore
561 1986 721 2058 potentiali:
750 1987 779 2039 in
801 1985 899 2056 quibus
922 1985 1033 2056 excerpi

243 2065 341 2121 debent
361 2067 532 2136 potissimum
556 2066 683 2130 astrictio,
704 2064 879 2137 repercussio,
894 2063 1032 2135 oppilatio,
1114 2066 1137 2119 l.
1159 2064 1254 2120 Csina
1274 2065 1348 2137 ignis
1371 2082 1421 2136 pet
1444 2064 1650 2136 antiperiatasin
1674 2065 1782 2120 videtur
1802 2081 1859 2119 non

242 2144 406 2214 inspissatio,
421 2145 590 2215 stupefactis.
1071 2144 1140 2199 nihil
1153 2145 1268 2210 densari,
1282 2154 1310 2199 et
1323 2145 1381 2200 fleri
1396 2146 1490 2210 acrior,
1504 2153 1535 2200 ut
1548 2145 1599 2199 snb
1612 2143 1689 2216 gelu.

283 2224 310 2278 2.
331 2223 438 2294 Opium,
456 2224 643 2295 hyoscyamus,
654 2224 749 2290 cicuta,
765 2222 897 2286 solanum,
911 2223 1034 2277 mandra-
1110 2225 1139 2279 2.
1162 2223 1269 2288 Contra,
1284 2224 1313 2278 in
1326 2225 1484 2296 regionibus
1501 2224 1619 2288 torridis,
1635 2224 1745 2278 videtur
1760 2224 1858 2278 densari

243 2319 319 2374 gora,
343 2312 371 2356 et
393 2303 548 2373 hujusmodi
574 2304 718 2368 narcotica,
740 2303 850 2375 spiritus
874 2302 1034 2357 animalium
1071 2303 1157 2375 frigus
1167 2303 1442 2375 perantiperistasim
1464 2304 1532 2358 adeo
1545 2304 1697 2375 ut,siquis
1712 2321 1743 2357 ae
1756 2305 1860 2374 recipiat

243 2381 386 2436 manifesto
406 2382 526 2449 densant,
540 2385 568 2439 in
581 2400 611 2438 se
628 2391 742 2448 vertunt,
762 2382 902 2446 suffocant,
917 2390 945 2435 et
958 2391 1033 2436 motu
1071 2399 1107 2438 ex
1114 2400 1211 2453 campo
1221 2393 1315 2454 aperto
1325 2390 1353 2438 et
1362 2384 1445 2439 radiis
1455 2382 1588 2438 solaribus
1598 2383 1651 2438 sub
1660 2383 1759 2438 arbme
1767 2383 1860 2454 patula,

243 2461 360 2530 privant.
400 2462 498 2518 Utrum
512 2481 575 2518 vero
587 2480 669 2534 super
682 2479 795 2534 corpora
809 2468 916 2516 mortua
929 2460 1033 2552 aliquid
1071 2463 1163 2516 statim
1177 2463 1325 2518 cohorreat

243 2541 363 2634 possint,
382 2541 430 2595 flat
456 2544 670 2614 experimentum
696 2541 857 2596 macerando
883 2556 979 2594 carnes
1004 2539 1034 2595 in
1111 2542 1139 2596 3.
1160 2542 1329 2606 Attribuitur,
1352 2558 1402 2596 nec
1425 2558 1536 2612 prorsus
1560 2541 1642 2606 male,
1667 2543 1723 2598 ista
1746 2542 1860 2635 operatio

244 2621 331 2675 succis
354 2621 482 2691 ipsorum,
495 2623 529 2677 ad
553 2622 748 2693 experiendum
769 2622 792 2675 si
815 2622 939 2676 succedat
961 2619 1033 2674 deni
1070 2621 1260 2677 contractionis
1283 2637 1332 2691 per
1354 2621 1556 2691 antiperistasin
1569 2622 1670 2677 medias
1693 2623 1801 2694 regioni
1820 2621 1860 2675 ιι·

244 2699 381 2769 gratiosi
404 2719 567 2773 gangrena,
588 2702 631 2756 rel
650 2700 929 2756 macerandosemina
948 2709 1033 2753 etnu-
1071 2701 1116 2763 ris,
1141 2701 1188 2755 nbi
1205 2701 1309 2772 colligit
1329 2718 1358 2755 se
1382 2709 1411 2755 et
1430 2701 1490 2755 unit
1512 2709 1611 2755 natura
1638 2701 1744 2773 frigidi,
1763 2702 1860 2772 fugiens

243 2778 323 2844 cleos,
346 2780 380 2834 ad
403 2782 595 2852 experiendum
617 2790 707 2836 utrum
729 2779 921 2836 mortificent
912 2796 981 2849 ipsa,
1005 2786 1034 2832 ut
1072 2781 1160 2834 radios
1187 2781 1253 2835 solis
1279 2780 1396 2835 directos
1421 2796 1528 2849 sparsos
1551 2797 1569 2833 a
1595 2780 1675 2844 coelo,
1697 2791 1726 2835 ιι
1752 2781 1859 2835 reflexos

242 2873 297 2912 non
311 2866 447 2927 crescant·
468 2860 512 2916 ιιι
522 2862 631 2915 linendo
642 2860 824 2916 summitatem
836 2859 899 2914 vitri
910 2858 1034 2913 calenda·
1071 2859 1221 2914 resilientes
1235 2867 1345 2923 ιιιιτιι
1367 2859 1437 2914 unde
1448 2859 1516 2914 fiunt
1526 2875 1633 2931 magnae
1643 2861 1859 2915 condensationcs

243 2939 282 2993 ris
305 2955 354 3009 per
380 2941 498 3006 interius,
524 2943 611 2996 succis
632 2942 758 3035 ipsorum,
783 2940 818 2994 ad
839 2938 1033 3011 experiendum
1071 2942 1099 2995 in
1117 2940 1173 2995 illis
1190 2940 1313 3012 partibus
1326 2940 1486 3012 pluviarum,
1501 2939 1580 3005 nivis,
1591 2941 1745 3012 grandinis,
1759 2952 1788 2996 et
1803 2941 1860 2995 alio

243 3026 331 3073 utrum
344 3019 499 3090 aliqualiter
511 3021 673 3076 contrahant
685 3024 784 3075 ιἰιιιι.
1071 3036 1140 3074 rum.
1888 3052 1889 3065 .

283 3097 310 3153 3.
331 3097 411 3169 Apud
434 3100 525 3155 lndias
547 3098 734 3154 Occidentales
755 3098 932 3170 reperiuntur,
950 3098 1033 3152 etiam
1110 3099 1138 3153 4.
1159 3099 1261 3154 Merito
1282 3098 1400 3153 dubitari
1420 3098 1514 3169 possit,
1528 3106 1619 3154 ιιιιιιι
1642 3101 1740 3171 opium
1761 3110 1791 3155 et
1809 3116 1861 3153 nar·

243 3177 415 3248 perdeserta
439 3195 554 3234 arenosa
574 3187 603 3233 et
615 3179 693 3233 valde
714 3178 796 3242 aridu,
811 3194 905 3232 cannas
917 3194 1032 3248 magnae,
1071 3178 1157 3232 eotica
1178 3178 1357 3250 stupefaciunt
1378 3195 1396 3231 a
1416 3177 1559 3248 potentiali
1578 3179 1692 3250 frigido,
1707 3179 1752 3235 vel
1771 3197 1788 3233 a
1805 3179 1861 3248 tuga

244 3272 304 3326 quta
318 3273 399 3328 super
412 3258 533 3330 singulas
548 3257 700 3334 juncturas,
714 3258 772 3313 sive
786 3256 920 3329 genicula,
934 3257 1033 3310 bonam
1071 3258 1223 3327 spirituum.
1264 3259 1338 3312 Nam
1358 3257 1462 3311 videtur
1475 3257 1569 3327 opium
1583 3267 1676 3329 partes
1690 3258 1862 3314 habereml's

244 3335 349 3405 copiam
364 3338 484 3408 praebent
496 3355 575 3409 aqum
589 3337 681 3403 dulcis,
695 3354 796 3410 magno
805 3336 945 3391 commodo
955 3336 1033 3390 itine-
1072 3337 1120 3390 das
1130 3354 1166 3391 ex
1174 3337 1328 3391 fortitudine
1336 3337 1432 3399 odoris,
1443 3353 1479 3392 ex
1486 3337 1676 3402 amaritudine,
1684 3347 1713 3394 et
1723 3338 1862 3410 provocati·

243 3415 369 3471 rantium.
1071 3415 1452 3487 onesudoriaetaliissignis.
1492 3413 1783 3474 Verumcumemittat
1791 3432 1863 3484 rapo

283 3495 310 3549 4.
332 3495 463 3550 Referunt
476 3510 535 3549 esse
548 3495 577 3549 in
591 3495 706 3566 quadam
719 3495 817 3559 insula,
830 3500 877 3549 aut
890 3511 925 3549 ex
938 3494 1033 3548 Terce-
1071 3512 1128 3550 rem
1149 3496 1290 3551 inimicum
1308 3503 1336 3549 et
1361 3494 1519 3550 horribilem
1536 3496 1688 3566 spiritibus,
1711 3499 1789 3569 furgat
1806 3495 1861 3550 illos

243 3573 289 3639 ιιι,
303 3582 349 3629 ιιι
364 3593 399 3630 ex
413 3573 544 3639 (lanariis,
558 3575 690 3640 arborem,
705 3592 765 3645 quas
778 3582 909 3645 perpetuo
931 3573 1032 3637 stillet3
1072 3575 1260 3646 undiquaque,
1282 3574 1352 3629 unde
1362 3591 1391 3629 se
1407 3574 1561 3646 coagulant,
1576 3582 1604 3630 et
1617 3577 1796 3633 ιιιιοιιιιιιι.

243 3655 298 3708 imo
312 3670 373 3724 quse
386 3651 546 3708 nubeculam
560 3655 694 3724 quandam
714 3653 845 3708 roscidam
866 3669 973 3722 semper
985 3651 1032 3706 ha·
1111 3654 1220 3708 Actioni
1234 3654 1408 3719 dilatationis,
1423 3671 1483 3725 quie
1497 3654 1527 3708 fir
1539 3671 1589 3725 per
1602 3656 1673 3710 assi·
1712 3700 1831 3743 cmm&

243 3732 306 3787 best
318 3733 529 3804 impendentem.
567 3732 660 3804 Digna
673 3742 764 3788 autem
777 3749 821 3788 res
835 3733 1033 3804 coguituesset,
1072 3734 1238 3788 milationem
1264 3741 1293 3789 et
1318 3734 1470 3789 versionem
1496 3732 1525 3788 ιι
1552 3736 1670 3801 tenuius,

243 3821 332 3867 utnrm
356 3813 511 3868 inveniatur
536 3811 565 3866 in
592 3812 739 3884 vegetabili
766 3813 859 3883 aliquo
885 3811 1033 3882 potentiale
1072 3814 1216 3884 opponitur
1229 3814 1301 3867 actio
1320 3813 1518 3877 contractionis,
1537 3831 1598 3884 quse
1620 3815 1651 3868 fit
1672 3831 1725 3884 per
1738 3810 1861 3867 ιιιιιιιιι

243 3890 624 3962 frigimquoddensetadrem
637 3893 667 3947 in
681 3908 789 3962 aquam.
830 3889 1033 3962 ltaquedehoc
1072 3893 1174 3947 tionem
1183 3892 1369 3947 etrersiouem
1378 3892 1407 3948 in
1417 3892 1535 3946 densius.
1578 3893 1861 3964 iutelligimusantem.

243 3970 389 4042 diligenter
401 3971 572 4043 inquiratur:
593 3972 641 4026 sed
654 3971 742 4041 magis
755 3970 891 4036 existimo,
906 3969 957 4024 has
975 3987 1034 4024 esse
1072 3972 1179 4043 quando
1200 3971 1253 4026 hoc
1275 3973 1306 4025 fit
1324 3988 1378 4026 non
1399 3987 1449 4042 per
1471 3970 1607 4043 frigidum,
1630 3971 1677 4026 rel
1701 3970 1806 4026 actuale
1823 3968 1862 4023 vel

243 4066 344 4105 cannas
357 4051 531 4122 geniculatus,
544 4050 578 4104 de
593 4051 691 4121 quibus
704 4050 830 4104 diximus.
1071 4049 1228 4122 potentiale,
1243 4052 1292 4105 sed
1311 4067 1361 4121 per
1380 4051 1524 4122 imperium
1537 4051 1660 4122 corporis
1676 4051 1769 4123 magis
1780 4048 1860 4110 actiri,

283 4128 312 4184 5.
334 4130 510 4185 Inveniuntur
522 4146 605 4201 super
625 4129 691 4184 folia
703 4127 892 4184 nonnullarum
909 4128 1035 4183 arborum
1073 4131 1143 4202 quod
1157 4147 1186 4186 se
1201 4128 1364 4201 multiplicat
1376 4147 1413 4184 ex
1426 4145 1537 4200 corpore
1551 4131 1642 4203 magis
1656 4132 1778 4202 passivo.
1814 4128 1860 4181 ιι·

244 4206 340 4278 (velnti
351 4209 478 4280 quercus)
490 4226 550 4279 ιιι
559 4209 633 4263 unita
643 4215 713 4272 sunt,
724 4225 775 4262 nec
784 4207 925 4262 humorem
936 4217 1036 4278 sugunt
1073 4209 1202 4264 similatis
1216 4217 1305 4264 autem
1320 4209 1356 4264 ad
1368 4209 1481 4264 densum
1494 4210 1583 4281 magis
1597 4227 1661 4265 rara
1674 4218 1726 4275 est,
1741 4219 1770 4264 et
1780 4209 1860 4263 minus

244 4287 427 4353 autcondnnt,
441 4289 578 4359 praecipue
595 4304 689 4343 mense
709 4287 779 4342 Maii
798 4287 940 4357 apudnos,
959 4303 1035 4341 rores
1073 4297 1168 4359 potens
1195 4287 1288 4353 multo,
1316 4305 1398 4360 qnam
1422 4287 1584 4343 assimilatio
1606 4289 1642 4343 ad
1666 4307 1777 4354 ramme
1805 4286 1860 4357 qni·

244 4364 343 4430 dulces,
357 4367 443 4421 instar
460 4384 574 4430 mannae,
589 4375 617 4421 et
631 4366 709 4438 qnasi
723 4365 833 4420 melliti:
863 4373 955 4420 utrum
971 4382 1036 4420 vero
1073 4384 1185 4439 corpora
1198 4367 1387 4440 densamagia
1403 4368 1620 4440 suntignavact
1636 4368 1859 4436 inertissdopns

245 4444 282 4498 sit
299 4444 341 4499 vis
359 4444 450 4517 aliqua
463 4446 492 4499 in
506 4446 578 4501 foliis
591 4445 746 4517 coagulaus,
761 4461 797 4498 an
816 4452 921 4499 tantum
933 4444 983 4499 illa
995 4461 1036 4499 ro-
1073 4446 1276 4502 assimilationis
1288 4464 1370 4519 quarn
1384 4446 1484 4502 tenuia

244 4539 288 4577 res
300 4524 438 4578 commode
453 4523 590 4595 excipiant
603 4532 631 4580 et
644 4525 803 4588 custodiant,
814 4540 868 4578 non
882 4530 995 4579 constat.

285 4601 311 4658 6.
332 4602 387 4656 Vix
403 4603 539 4658 invenitur
559 4620 663 4675 corpus,
676 4605 772 4675 inquo
790 4604 910 4657 emineat
932 4610 1035 4657 tantum

244 4681 389 4753 potentiale
407 4681 501 4752 frigus,
516 4691 645 4752 quantum
665 4683 694 4737 in
707 4684 786 4737 nitro.
828 4682 902 4737 Nam
924 4691 956 4736 ut
979 4698 1036 4735 aro·

244 4770 325 4824 mata,
348 4769 375 4816 et
396 4759 458 4824 alia,
481 4759 545 4815 licet
567 4762 603 4815 ad
623 4769 724 4816 tactum
746 4761 865 4825 minime,
890 4770 981 4814 tamen
1001 4761 1036 4815 ad
1116 4756 1140 4811 l.
1161 4755 1257 4813 sum
1277 4757 1439 4820 notavimus,
1454 4755 1539 4811 lutum
1554 4756 1628 4810 inter
1640 4756 1751 4828 lapides
1769 4764 1859 4829 parvo·

244 4840 365 4913 linguam
378 4848 424 4894 aut
436 4839 556 4910 palatum
570 4839 672 4895 habent
684 4840 802 4895 calorem
816 4840 1035 4910 perceptibilem
1073 4837 1180 4892 densari
1193 4836 1222 4890 in
1236 4837 1375 4890 materiam
1390 4835 1536 4905 lapideam.

244 4921 283 4975 ita
296 4919 491 4975 etiamnitrum
510 4918 545 4972 ad
558 4917 679 4990 lingnam
693 4918 737 4973 vel
750 4918 869 4991 palatum
891 4918 976 4972 habet
992 4918 1036 4972 fri
1113 4916 1140 4970 2.
1161 4914 1400 4970 Lateradoliorum
1408 4913 1522 4968 densant
1532 4914 1612 4969 faces
1621 4914 1678 4969 vini
1689 4915 1719 4969 in
1731 4924 1858 4972 ιιιιιιει

244 5017 296 5070 gus
310 4997 493 5072 perceptibile,
507 4997 594 5088 magis
608 5015 689 5069 quam
706 4999 910 5068 sempervirum‚
924 5006 972 5053 aut
988 4997 1037 5051 ali·
1112 4995 1141 5050 3.
1163 4994 1267 5049 Dentes
1280 4995 1395 5049 densant
1405 5010 1446 5058 ea,
1461 5010 1521 5064 quta
1534 5010 1570 5047 ex
1589 4995 1809 5050 manducatione
1822 4999 1861 5050 cil

245 5097 298 5150 qna
326 5079 411 5134 herba
437 5094 472 5132 ex
498 5077 617 5131 maxime
645 5078 760 5149 frigidis.
811 5078 905 5149 ltaque
931 5076 1036 5132 videtur
1074 5081 1101 5128 et
1114 5073 1272 5129 humoribus
1294 5074 1350 5127 oris
1364 5071 1532 5127 adherent
1524 5089 1552 5126 ru
1575 5090 1716 5144 squamas,
1732 5086 1864 5363 ιιιξὲ

1071 1888 1299 1930 OONUUOE'IONB
1321 1888 1474 1930 coaeum
1496 1888 1550 1928 PB!
1570 1887 1671 1927 suum
1692 1888 1730 1927 ΕΤ
1752 1887 1858 1928 lilim·

1396 1967 1536 2008 Blfflblll·

1073 4585 1299 4627 OONTRAOTIONU
1312 4585 1463 4625 conroaust
1473 4585 1526 4624 Ρῑιι
1543 4585 1795 4633 mtutunottu,
1804 4580 1860 4621 lm

1294 4664 1454 4704 vmtonast
1468 4665 1498 4704 lli
1513 4664 1642 4705 nanetus.

245 5158 396 5225 subjeetum
414 5155 616 5211 accommodum
642 5158 676 5211 ad
698 5156 890 5225 experiendam
911 5156 1035 5211 virtutem
1074 5154 1132 5245 gari
1156 5160 1185 5207 et
1205 5152 1327 5207 abscindi
1351 5152 1470 5223 possint,
1506 5168 1601 5206 verum
1625 5154 1747 5224 aequed
1848 5164 1865 5207 Ι

245 5237 399 5306 potentialis
422 5235 550 5307 frigidi
542 5251 570 5288 tn
589 5236 671 5293 nitro.
725 5235 829 5289 Poterit
859 5243 949 5289 autem
976 5252 1035 5290 ease
1073 5233 1162 5302 ipsum
1175 5249 1206 5287 os
1219 5232 1348 5286 dentium.

245 5315 401 5371 mandatum
414 5317 485 5371 tule:
1112 5312 1139 5365 4.
1160 5311 1259 5365 Omnia
1281 5311 1349 5365 dura
1372 5317 1400 5364 et
1419 5308 1506 5365 solida
1527 5308 1632 5379 aliquid
1654 5327 1691 5365 ex
1713 5310 1790 5380 lique
1850 5312 1873 5369 1

516 5392 616 5462 Accipe
636 5392 767 5446 minutam
787 5392 905 5446 vesicam
926 5409 962 5446 ex
981 5391 1036 5461 pel·
1074 5391 1144 5443 etin
1167 5390 1251 5444 fundo
1273 5389 1419 5459 (maxime)
1433 5396 1463 5444 et
1485 5405 1535 5460 per
1557 5389 1645 5444 latera
1664 5388 1775 5444 adhare
1858 5396 1889 5455 βξ

273 5435 410 5482 mum*
479 5471 570 5538 licula,
595 5480 727 5542 quantum
747 5471 806 5525 fieri
835 5479 928 5540 potest,
952 5471 1035 5525 tenui.
1072 5469 1244 5524 condensant.
1772 5452 1822 5525 δι)
