3800 5875
57 337 120 393 Las
139 337 164 393 1.
586 333 637 390 DE
658 332 885 390 AUGMEN‘l'lS
906 334 1181 392 solustriacum.
1635 336 1694 393 299

57 496 201 566 sapientia,
222 502 251 550 et
268 494 420 566 integritas,
440 493 496 565 qui,
516 510 580 547 curn
599 491 760 564 diligentem
774 493 859 564 scrip
896 495 1111 550 succubuerunt:
1133 511 1214 566 quem
1234 499 1325 547 tamen
1345 492 1434 563 ipsum
1454 508 1641 564 saepenumero
1653 515 1695 553 se·

57 577 123 630 serit
143 584 228 646 atque
257 582 412 629 accuratam
434 573 576 627 historiam
604 571 772 637 animalium,
800 580 857 627 tam
898 591 998 643 quaces
1025 576 1068 629 sui
1089 575 1180 646 potius
1204 574 1385 644 depravarunt
1407 590 1489 644 quam
1513 572 1692 632 illustrarunt.

58 672 139 725 parce
161 657 226 709 licta
249 661 298 708 aut
323 652 446 708 tabuoaa
465 651 658 707 admiscuerit:
680 652 746 722 quin
767 653 859 722 potius
898 654 935 706 Ut
946 655 1020 708 enim
1032 671 1104 724 aqua
1113 670 1167 708 non
1178 653 1305 708 ascendet
1315 651 1405 718 altius,
1417 669 1500 723 quam
1511 662 1593 723 caput
1602 654 1693 720 fonds,

59 735 211 790 auditiones
224 733 407 798 admirandas,
425 749 493 803 quas
513 740 663 786 memoratu
677 731 775 802 dignas
785 732 858 799 judi·
896 748 912 785 a
927 750 983 803 quo
996 741 1156 803 promiscam
1177 734 1215 786 ita
1225 732 1347 786 doctrina
1360 732 1396 786 ab
1410 732 1556 787 Aristotele
1572 734 1693 800 deducta,

59 816 135 878 cavit,
150 815 179 867 in
194 830 281 869 unum
294 812 550 867 commentariolum
564 810 697 879 coniecit:
713 810 859 880 prudenter
896 828 978 881 supra
987 814 1136 867 doctrinam
1147 811 1299 867 Aristotelis
1309 827 1446 882 nunquam
1458 821 1588 883 assurget
1619 814 1695 869 ldeo·

59 895 230 963 perpendens
245 894 389 964 perspicue
403 909 469 947 vera
488 895 563 962 (que
580 898 710 961 tanquam
724 890 797 944 basis
811 907 858 944 ex·
897 908 949 960 que
971 892 1025 947 etsi
1045 909 1100 947 non
1122 893 1265 961 displiceat
1287 890 1389 961 regula,
1412 900 1521 962 oportet
1541 892 1693 948 discentem

59 975 198 1043 perientire
218 973 314 1037 solida,
330 970 512 1043 philosophice
530 979 558 1024 et
579 970 699 1024 scientiis
722 970 857 1024 substerni
895 971 1024 1036 credere;
1046 973 1110 1025 huic
1124 982 1214 1025 tamen
1225 970 1442 1040 conjungendum
1456 980 1506 1037 est,
1517 980 1622 1041 oportet
1632 973 1692 1040 jam

59 1054 173 1122 possint)
190 1052 267 1107 haud
281 1061 382 1107 temere
397 1068 456 1106 esse
476 1068 539 1104 cum
552 1051 633 1104 rebus
646 1057 779 1118 suspectas
794 1050 857 1103 fidei
896 1050 1020 1105 edoctum
1037 1052 1142 1127 judicio
1164 1067 1213 1105 suo
1237 1050 1285 1105 uti.
1334 1049 1471 1120 Discipuli
1496 1051 1568 1105 enim
1591 1052 1692 1107 debent

59 1133 215 1196 miscenda3
238 1143 266 1187 et
279 1149 373 1186 rursus
386 1133 470 1185 etiarn
484 1147 545 1185 rara
558 1138 639 1201 atque
659 1127 776 1193 insolita,
795 1146 857 1200 qnae
895 1130 1034 1201 magistris
1048 1131 1238 1201 temporariam
1259 1130 1346 1184 solum
1366 1130 1454 1195 iidem,
1466 1128 1615 1201 judiciique
1635 1147 1692 1186 sus·

57 1212 196 1282 plerisque
210 1211 384 1268 incredibilia
392 1211 525 1275 videntur,
536 1226 591 1264 non
601 1205 711 1262 omnino
720 1224 780 1262 esse
794 1224 856 1278 sup
895 1210 1062 1279 pensionem,
1087 1211 1172 1264 donec
1199 1211 1309 1280 penitus
1335 1209 1490 1264 imbiberint
1517 1219 1604 1275 artes;
1635 1229 1691 1266 non

55 1293 207 1361 primenda,
221 1308 311 1362 neque
326 1291 464 1346 memoriae
477 1289 657 1360 posteriorum
670 1287 837 1358 deneganda.
895 1297 986 1343 autem
999 1288 1108 1360 plenam
1122 1290 1254 1344 libertatis
1276 1289 1461 1357 ejurationem,
1476 1298 1690 1362 perpetuamque

92 1372 132 1426 At
152 1371 205 1424 ills
227 1371 316 1425 alters
336 1370 491 1433 credulitas,
507 1386 568 1439 quta
589 1384 644 1422 nou
665 1367 795 1431 historias,
810 1377 856 1421 aut
894 1368 1000 1439 ingenii
1014 1370 1177 1424 servitutem.
1199 1368 1295 1432 Quare,
1306 1376 1336 1422 ut
1345 1368 1483 1423 absolvam
1494 1368 1564 1423 hanc
1574 1379 1689 1440 partem,

54 1451 265 1515 narrationibus,
287 1450 335 1505 sed
354 1450 458 1505 artibus
478 1456 508 1503 et
524 1447 698 1519 opinionibus
719 1446 854 1511 tribuitur,
894 1446 947 1501 hoc
968 1456 1071 1503 tantum
1092 1449 1236 1517 adjiciam
1258 1448 1364 1519 magnis
1385 1450 1540 1503 auctoribus
1563 1466 1629 1504 suns
1649 1450 1690 1504 sic

53 1529 156 1601 duplex
164 1541 220 1588 este
236 1538 285 1584 aut
294 1547 357 1585 cum
367 1530 471 1583 artibus
484 1528 559 1598 ipsis,
566 1535 613 1581 aut
627 1543 689 1580 cum
702 1526 855 1580 auctoribus
894 1535 999 1582 constet
1006 1526 1100 1594 honos,
1107 1538 1135 1582 ut
1144 1528 1246 1582 auctori
1254 1535 1402 1593 auctorum,
1408 1537 1436 1583 et
1443 1527 1567 1584 veritatis
1574 1528 1688 1598 parenti,

53 1611 82 1663 in
103 1619 164 1664 arte
187 1610 306 1665 nimium
326 1610 470 1664 credimus
511 1608 592 1661 Artes
614 1605 689 1676 ipsse,
711 1623 772 1676 qun
794 1603 854 1675 plus
893 1607 1017 1678 tempori,
1031 1624 1085 1662 non
1099 1608 1251 1679 derogetur.

53 1688 160 1744 habent
184 1706 221 1743 ex
244 1689 392 1761 phantasia
413 1696 441 1744 et
460 1687 521 1751 fide,
541 1703 623 1757 quam
645 1702 681 1739 ex
700 1685 806 1739 ratione
826 1691 855 1738 et

52 1768 341 1832 demmstrationibns,
367 1775 431 1824 sunt
451 1766 588 1839 praecipue
611 1773 675 1828 tres,
699 1762 853 1834 astrologia,
932 1766 1150 1822 Easarcsvruus
1165 1766 1274 1821 tandem
1287 1772 1341 1820 tres
1355 1765 1483 1821 doctrina
1503 1765 1686 1836 intemperies,

53 1848 189 1903 naturalis
207 1849 309 1920 magia,
323 1856 352 1903 et
368 1847 519 1910 alchemia;
541 1862 654 1917 quarum
676 1852 766 1898 tamen
787 1845 854 1898 lines
892 1846 949 1901 sire
971 1846 1095 1909 morb0s;
1121 1853 1221 1916 preter
1242 1862 1310 1917 quos
1329 1844 1452 1899 nonnulli
1474 1852 1544 1910 sunt,
1557 1862 1612 1899 non
1632 1852 1687 1901 tam

53 1944 109 1981 non
136 1936 203 1982 sunt
234 1926 379 2000 ignobiles.
432 1927 578 1982 Profitetur
605 1925 678 1979 enim
707 1922 854 1994 astrologia
893 1926 980 1980 morbi
994 1926 1154 1989 confirmati,
1169 1943 1251 1996 quam
1264 1925 1354 1980 vitiosi
1368 1923 1515 1979 humores:
1537 1924 1583 1997 qui
1597 1932 1688 1980 tamen

54 2007 227 2077 superiorum
254 2007 286 2061 in
313 2003 443 2062 inferiora
470 2007 604 2060 intiuxum
632 2011 660 2058 et
686 2002 852 2057 dominatum
892 2021 947 2059 non
966 2007 1035 2060 adeo
1054 2005 1153 2059 occulti
1174 2013 1244 2069 sunt,
1258 2015 1304 2058 aut
1318 2003 1441 2068 latentes,
1455 2003 1521 2074 quin
1542 2005 1572 2058 in
1592 2004 1688 2060 multo-

54 2085 214 2141 recludere:
236 2087 330 2157 magis
343 2086 396 2140 sibi
416 2085 544 2157 proponit
560 2081 712 2138 naturalem
735 2080 854 2152 philoso·
892 2100 953 2139 rum
975 2102 1084 2140 sensum
1106 2092 1134 2138 et
1153 2083 1391 2155 reprehensionem
1411 2084 1557 2150 incurrant,
1571 2083 1686 2156 ideoque

54 2165 148 2234 phiarn
164 2183 184 2219 a
198 2166 334 2221 varietate
353 2165 567 2236 speculationum
584 2163 619 2217 ad
637 2161 852 2233 magnitudinem
892 2165 1048 2235 nentiquam
1062 2164 1294 2235 praetermittendi.

53 2261 168 2314 opernm
196 2261 342 2299 revocare:
363 2245 488 2299 chemica
513 2244 543 2297 in
569 2259 599 2297 se
626 2242 740 2310 suscipit
762 2248 853 2310 partes
933 2244 1039 2299 Horum
1058 2244 1162 2314 primus
1184 2251 1225 2298 est
1245 2242 1420 2297 immodicum
1434 2242 1552 2296 studium
1573 2242 1687 2299 duorum

53 2341 144 2378 mum
157 2324 367 2395 heterogeneas,
389 2340 449 2395 quta
466 2325 496 2378 in
513 2321 671 2394 corporibus
684 2318 854 2375 naturalibus
892 2330 1083 2386 extremorum,
1105 2322 1275 2393 antiquitatis
1297 2331 1327 2375 et
1346 2321 1483 2376 novitatis
1525 2322 1585 2382 Qus
1605 2324 1634 2377 in
1656 2339 1686 2378 re

53 2401 137 2457 latent
158 2412 188 2458 et
209 2402 393 2475 implicantur,
417 2420 543 2473 separare
564 2409 592 2457 et
611 2398 773 2464 extrahere3
797 2414 854 2453 cor·
892 2404 1021 2474 temporis
1045 2402 1110 2456 filiae
1137 2401 1208 2457 male
1233 2401 1396 2472 patrissant:
1425 2409 1455 2455 ut
1483 2400 1557 2455 enim
1580 2409 1687 2473 tempus

53 2499 175 2553 peraque
189 2482 253 2553 ipsa
265 2484 409 2554 inquinata
421 2484 561 2553 deputare,
579 2480 710 2551 impedita
725 2479 850 2542 liberare,
892 2482 998 2552 prolem
1008 2483 1128 2546 devorat,
1139 2481 1178 2536 sic
1192 2481 1252 2535 haec
1267 2498 1296 2536 se
1305 2480 1439 2544 invicem
1460 2481 1525 2535 dum
1538 2480 1687 2552 antiquitas

54 2563 202 2617 immatura
223 2563 363 2632 perticere.
405 2563 459 2617 Sed
473 2563 525 2616 viss
545 2569 625 2631 atque
648 2559 773 2623 rationes,
793 2575 853 2628 quse
891 2563 970 2616 novis
983 2562 1102 2616 invideat
1115 2560 1275 2633 augmentis,
1286 2567 1315 2614 et
1327 2560 1433 2613 novitas
1445 2576 1500 2613 non
1514 2560 1550 2614 sit
1559 2570 1687 2616 contenta

53 2642 150 2696 ducere
163 2649 298 2712 putantur
311 2643 347 2696 ad
361 2643 412 2696 lios
426 2644 502 2707 fines,
516 2649 573 2696 tam
586 2641 616 2694 in
626 2639 732 2694 theoria
744 2637 853 2692 illarum
892 2643 1011 2696 recentia
1032 2642 1159 2708 adjicere,
1182 2640 1235 2694 nisi
1257 2648 1350 2694 vetera
1370 2655 1480 2708 prorsus
1504 2639 1634 2706 eliminet,
1658 2648 1687 2695 et

53 2723 152 2776 artium
174 2738 259 2791 qnam
280 2722 309 2774 in
333 2722 421 2791 praxi,
441 2722 541 2776 erroris
562 2727 591 2775 et
610 2735 743 2790 nugamm
766 2717 853 2789 plante
892 2722 1008 2790 rejiciat.
1050 2721 1130 2775 Certe
1151 2718 1295 2774 consilium
1309 2718 1455 2788 Propheta
1469 2719 1577 2773 verain
1590 2719 1643 2774 hac
1656 2736 1686 2774 re

53 2809 124 2855 aunt
166 2802 354 2871 Neqneadeo
373 2802 482 2855 traditio
501 2801 630 2870 ipsarum,
650 2797 852 2867 utplurimum,
891 2817 986 2855 norma
1008 2810 1068 2855 est:
1095 2799 1197 2854 “State
1219 2814 1300 2870 super
1320 2799 1378 2852 vias
1400 2798 1533 2868 antiquas,
1548 2806 1576 2852 et
1596 2799 1685 2854 videte

54 2881 170 2933 eanfflda
184 2888 236 2945 eat,
251 2880 300 2934 sed
314 2881 437 2935 artificiis
451 2888 478 2937 et
497 2879 609 2934 latebris
629 2877 741 2933 munita.
783 2877 853 2931 Che-
892 2897 1016 2953 quianam
1031 2879 1124 2935 sitris
1138 2886 1259 2943 recta,et
1273 2879 1352 2944 bons,
1367 2884 1396 2931 et
1415 2876 1552 2932 ambulate
1574 2878 1603 2932 in
1625 2880 1684 2933 ea.”

52 2962 132 3015 micer
145 2968 242 3014 misen
256 2961 310 3015 hnc
324 2969 398 3016 certe
411 2962 533 3025 debetur,
542 2960 614 3031 quod
626 2976 689 3013 rere
700 2958 852 3027 comparari
892 2962 1046 3032 Antiquitas
1069 2977 1128 3014 eam
1153 2967 1270 3015 meretur
1295 2958 1482 3021 reverentiam,
1505 2966 1534 3011 ut
1559 2958 1686 3014 homines

52 3041 139 3109 possit
152 3040 287 3111 agricola
306 3041 379 3110 apud
399 3042 539 3111 AEscpnm,
555 3040 609 3110 qui,
624 3055 639 3092 e
652 3039 707 3090 rita
722 3037 853 3103 exiturus,
892 3041 1049 3112 aliquandiu
1057 3039 1171 3111 gradum
1179 3040 1315 3104 sistere,et
1322 3054 1404 3107 supra
1412 3054 1473 3091 eam
1480 3043 1550 3091 stare
1558 3037 1685 3106 debeant,

52 3120 123 3174 dixit
136 3119 213 3183 tiliis,
230 3120 293 3173 “Se
303 3119 361 3173 illis
374 3121 429 3175 vim
442 3136 571 3191 magnam
585 3118 644 3173 auri
658 3118 687 3171 in
702 3117 789 3180 vinea,
803 3133 853 3170 nec
891 3129 972 3192 atque
983 3120 1162 3190 undequaque
1172 3118 1387 3188 circumspicere,
1396 3135 1457 3187 quas
1467 3116 1503 3171 sit
1513 3118 1558 3170 via
1567 3118 1684 3185 optima:
1730 3124 1734 3133 '

52 3200 120 3253 satis
132 3200 296 3254 meminisse
307 3216 361 3270 quo
371 3200 440 3264 loco,
450 3200 586 3254 defossam
599 3196 741 3267 reliquisse
752 3195 785 3249 :'’
807 3195 853 3265 qui
892 3216 974 3269 quum
994 3208 1085 3253 autem
1106 3199 1139 3253 de
1160 3197 1205 3252 ria
1227 3198 1295 3253 bene
1318 3196 1476 3259 constiterit,
1491 3205 1555 3249 tunc
1576 3195 1685 3252 demum

52 3297 113 3333 enm
123 3280 237 3332 vineam
252 3278 399 3349 diiigenter
412 3280 550 3351 ligonibus
561 3278 660 3347 ubique
670 3273 852 3339 invenissent,
891 3294 947 3332 non
960 3279 1145 3341 restitandum,
1156 3278 1205 3333 sed
1214 3276 1340 3332 alacriter
1349 3275 1583 3347 progrediendum.
1605 3276 1684 3341 Sane,

52 3375 148 3412 aarum
164 3358 278 3429 quidem
293 3367 451 3429 repererunt
469 3357 582 3422 nullum,
597 3356 644 3411 sed
660 3362 750 3408 tamen
763 3353 854 3408 vinde·
892 3364 923 3412 ut
948 3376 1040 3412 verum
1068 3357 1198 3420 dicamus,
1227 3363 1243 3389 “
1253 3356 1411 3428 Antiquitas
1438 3354 1531 3420 seculi,
1555 3356 1685 3424 juventus

52 3439 135 3492 miam
157 3438 331 3507 insequentis
352 3440 425 3503 anni,
440 3447 549 3509 propter
567 3437 712 3491 fossionem
727 3434 798 3487 circa
813 3450 854 3487 ra·
891 3439 1011 3492 mundi”
1032 3438 1134 3492 Nostra
1148 3436 1268 3507 prolecto
1280 3445 1342 3491 sunt
1355 3435 1468 3507 antiqua
1481 3442 1611 3505 tempora,
1621 3452 1685 3490 cum

52 3518 126 3572 slim
140 3517 250 3580 vilium,
264 3517 478 3589 iulefflntlonge
491 3516 674 3578 uberrimamr
695 3514 735 3569 sic
749 3512 853 3567 strenui
892 3517 1007 3572 mundus
1026 3518 1085 3585 jam
1108 3517 1243 3582 senuerit,
1271 3532 1325 3570 non
1349 3532 1390 3581 ea,
1414 3531 1475 3586 quae
1498 3522 1687 3584 computantur

53 3598 92 3651 illi
111 3596 313 3651 chemistsrum
327 3596 435 3654 labores
455 3606 483 3652 et
505 3596 646 3652 molimina
666 3594 739 3648 circa
759 3609 854 3647 aarum
892 3597 986 3651 ordine
1000 3597 1165 3667 retrogrado,
1179 3596 1287 3651 initium
1301 3595 1431 3650 sumendo
1444 3594 1562 3649 saeculo
1571 3602 1671 3649 nostro.

53 3676 263 3739 conficiendum,
275 3676 351 3730 haud
364 3679 457 3746 paucis
470 3676 607 3731 nobilibus
620 3673 737 3728 inventis
758 3680 785 3726 et
805 3689 853 3726 ex·
931 3675 1011 3732 Alius
1019 3693 1101 3741 error,
1110 3693 1125 3730 e
1134 3675 1217 3745 priori
1226 3675 1362 3739 oriundus,
1371 3681 1411 3729 est
1421 3674 1541 3745 suspicio
1551 3674 1686 3745 quaedam,

53 3756 223 3825 perimentis,
236 3762 295 3810 tum
303 3756 340 3809 ad
349 3756 522 3812 reserandam
532 3762 665 3819 naturam,
678 3761 734 3806 tum
745 3751 779 3806 ad
789 3767 853 3807 usus
892 3763 921 3810 et
933 3757 1091 3820 diffidentia,
1103 3773 1163 3827 quac
1174 3754 1245 3809 nihil
1255 3772 1325 3809 nunc
1336 3770 1415 3824 posse
1425 3752 1541 3808 inveniri
1555 3760 1685 3819 summat,

54 3838 114 3889 rita
125 3836 257 3906 apprime
270 3835 385 3900 idoneis,
400 3836 479 3909 quasi
492 3836 581 3890 facem
593 3833 780 3889 accenderunt.
893 3853 945 3906 quo
958 3836 1074 3890 mundus
1085 3843 1139 3889 tam
1150 3834 1196 3889 diu
1205 3851 1296 3889 carere
1306 3834 1411 3904 potuit:
1433 3850 1464 3887 ac
1476 3832 1499 3887 si
1509 3832 1559 3887 ills
1567 3832 1687 3901 objectio

92 3915 145 3970 llls
158 3922 254 3969 antem
266 3915 420 3981 credulitas,
433 3934 492 3987 quse
506 3923 594 3970 certos
607 3912 781 3969 scientiarum
792 3927 854 3965 auc-
891 3916 1047 3970 conveniret
1055 3932 1121 3986 erga
1129 3922 1244 3985 tempus,
1253 3931 1308 3986 qua
1318 3913 1454 3968 Lucienus
1462 3913 1570 3984 impetit
1579 3912 1596 3965 J
1599 3930 1686 3980 ovem,

55 3995 284 4050 turesdictatoria
298 3995 415 4065 quadam
428 4002 561 4066 potestate
571 3993 687 4049 munivit
697 3999 727 4046 ut
737 3990 852 4055 edicant,
891 4003 1056 4065 caeterosque
1077 3995 1245 4049 ethnicorum
1268 3993 1350 4048 deos:
1378 3993 1520 4048 “Miratur
1542 3992 1622 4057 enim,
1637 4010 1686 4048 cur

55 4090 106 4128 non
119 4075 261 4129 senatoria
274 4083 305 4128 ut
318 4074 465 4141 consulant,
479 4075 577 4145 ingens
591 4073 719 4127 damnum
732 4070 853 4125 scientiis
892 4082 932 4129 tot
945 4075 1011 4129 olim
1024 4075 1168 4145 genuerint
1181 4072 1288 4139 liberos,
1303 4071 1391 4127 nullos
1404 4080 1494 4127 autem
1508 4089 1558 4127 suo
1570 4072 1687 4128 seculo?

55 4153 155 4219 intulit,
165 4162 299 4223 tanquam
310 4155 450 4225 precipua
463 4171 625 4225 causaque
640 4158 780 4220 tantopere
791 4147 853 4205 illas
893 4155 1097 4226 Interrogatque
1130 4154 1233 4222 jocans,
1261 4153 1359 4224 ecquid
1393 4153 1596 4224 septuagenarii
1626 4153 1686 4222 jun

56 4234 159 4297 afflixit,
175 4242 205 4286 et
226 4232 367 4303 depressit,
380 4243 417 4298 ut,
432 4235 535 4305 absque
554 4233 656 4304 insigni
676 4229 769 4302 aliquo
789 4245 853 4298 aug·
891 4243 991 4297 essent,
1006 4242 1054 4288 aut
1074 4233 1136 4305 lege
1150 4234 1245 4303 Papia,
1260 4241 1353 4286 contra
1374 4248 1471 4287 senam
1489 4233 1599 4302 nuptias
1621 4234 1686 4298 lata,

55 4324 154 4377 marato,
169 4328 313 4383 exangues
324 4314 454 4381 jacerent.
496 4310 791 4383 Hincnempefactum
805 4315 853 4372 est,
891 4314 1078 4369 constrictit”
1111 4314 1156 4368 Sic
1180 4313 1306 4367 sidentur
1330 4312 1457 4367 homines
1481 4312 1627 4376 subvereri,
1648 4328 1685 4367 ne

56 4400 85 4445 at
102 4393 137 4447 in
158 4392 265 4447 artibus
291 4392 458 4447 mechanicis
484 4392 565 4464 primi
592 4392 748 4445 inventores
768 4403 854 4458 pauca
892 4400 999 4463 tempus
1012 4393 1132 4447 effaetum
1144 4393 1202 4462 jam
1217 4393 1317 4447 factum
1336 4392 1379 4457 sit,
1394 4391 1469 4446 etad
1483 4392 1685 4462 generationem

55 4472 282 4542 excogitaverint,
303 4481 411 4543 tempus
434 4473 539 4545 reliqna
559 4469 732 4542 suppleverit,
746 4474 774 4521 et
796 4484 854 4537 per·
892 4473 1025 4542 ineptum.
1064 4473 1135 4534 Quin
1149 4473 1240 4543 potius
1260 4472 1357 4527 levitas
1379 4471 1518 4526 hominum
1543 4480 1624 4543 atque
1647 4472 1686 4526 in·

55 4550 170 4615 leceritr
198 4551 278 4605 stin
300 4552 428 4616 scientiis,
451 4553 531 4622 primi
550 4558 673 4606 auctores
695 4546 854 4618 longissime
892 4552 1051 4617 constantia,
1065 4552 1131 4606 hinc
1152 4554 1255 4622 optime
1276 4552 1393 4623 perspici
1416 4560 1513 4622 potest,
1529 4554 1584 4622 qui,
1599 4552 1685 4606 donec

54 4630 267 4701 penetraverint,
275 4626 853 4702 tempasplurimadetriveritetcorruperit
892 4649 937 4687 res
961 4631 1054 4703 aliqua
1074 4631 1195 4702 perlecta
1215 4633 1331 4696 siteam
1352 4631 1485 4686 mirantur
1505 4632 1564 4686 fieri
1587 4648 1685 4702 posse3

55 4710 103 4763 Sic
109 4705 854 4781 noemae,coementariamnauticam,typographicam
893 4720 1036 4783 postquam
1051 4712 1123 4767 iacta
1136 4712 1221 4766 semel
1232 4719 1282 4776 est,
1292 4713 1390 4767 iterum
1405 4712 1536 4766 mirantur
1549 4728 1608 4766 eam
1627 4712 1687 4779 jam

55 4790 107 4843 fib
128 4790 217 4844 ἱῦἱῑίίῦ
246 4790 429 4861 imperfectus
451 4799 479 4845 el
502 4789 698 4860 propemodum
726 4785 855 4842 informes
894 4792 1000 4863 pridem
1016 4792 1115 4846 lacum
1128 4809 1182 4846 non
1197 4791 1288 4846 luisse.
1330 4793 1373 4846 lta
1386 4791 1536 4846 Alexandri
1549 4791 1687 4862 expeditio

55 4869 150 4933 faisse,
164 4879 192 4923 et
206 4870 398 4924 exercentibus
412 4886 547 4935 onerosas,
561 4869 691 4940 temporis
712 4881 777 4921 vero
796 4881 856 4935 pro·
893 4872 922 4926 in
937 4871 1032 4926 Asiam
1044 4871 1139 4926 habita
1152 4879 1194 4926 est
1206 4870 1286 4926 initio
1298 4888 1349 4942 pro
1363 4879 1438 4926 vasto
1452 4878 1480 4925 et
1492 4870 1577 4926 arduo
1597 4870 1687 4924 admo-

55 4964 152 5019 grem
166 4949 305 5020 expolitas
319 4955 348 5003 et
361 4949 558 5004 accommodas
581 4949 616 5003 At
629 4955 724 5003 contra
736 4944 857 5017 pbiloso-
893 4952 958 5006 dum
971 4951 1098 5020 negotic;
1120 4968 1203 5022 quam
1216 4959 1306 5006 tamen
1320 4959 1415 5022 postea
1428 4950 1531 5021 plscmt
1554 4949 1637 5004 Livio
1657 4949 1687 5003 in

56 5028 132 5097 Phlfl
154 5037 183 5082 ‘l
205 5029 329 5083 ”50³5OE
354 5028 518 5094 Ᾱώΐθῑθῐῑῡν
542 5029 675 5093 ΡῙδῖθΰὶῦ,
699 5024 855 5088 Πθῦὶθῦῐῑῦ,
894 5037 998 5085 tantum
1013 5029 1128 5095 elevare,
1138 5038 1170 5085 ut
1182 5031 1285 5085 diceret
1293 5031 1327 5085 de
1338 5029 1501 5094 Alexandro,
1517 5036 1534 5062 ⁴‘
1544 5029 1592 5083 Nil
1603 5028 1686 5093 aliud,

57 5108 245 5179 ffiwmfib
260 5108 392 5171 Euclidib
407 5107 586 5174 Archimedi&
600 5109 630 5162 in
643 5107 712 5178 ipsit
726 5103 783 5160 515⁸
796 5121 857 5158 ¹²11sp
895 5127 977 5181 quarn
990 5110 1059 5164 bene
1074 5127 1156 5167 ansus
1169 5117 1211 5164 est
1223 5127 1293 5165 rana
1305 5110 1502 5164 contemnere.’'
1545 5107 1620 5162 ldem
1635 5107 1687 5162 Co-

57 5188 161 5242 ΜΝ·
190 5189 347 5259 viguerunt»
380 5195 468 5243 meta
498 5187 628 5257 temporis
659 5188 858 5258 degenerarunt
896 5190 991 5244 lumbo
1000 5191 1091 5244 evenit
1101 5190 1174 5244 circa
1185 5189 1378 5245 occidentalem
1388 5189 1597 5258 navigationem.
1633 5187 1688 5242 Sed

58 5268 156 5335 potina,
170 5275 198 5320 et
207 5284 263 5321 non
278 5268 423 5322 minimum
436 5267 586 5339 splendoris
597 5266 760 5321 amiseruntr
780 5262 858 5330 cuius
896 5271 926 5324 in
940 5270 1022 5323 rebus
1035 5269 1262 5325 intellectualibus
1278 5268 1331 5324 hoc
1345 5270 1375 5323 fit
1396 5267 1483 5322 multo
1504 5267 1687 5337 frequentiusr

58 5346 166 5400 reiron
179 5356 223 5400 est
236 5346 293 5401 alis
306 5347 385 5410 ratio,
400 5364 482 5417 quam
496 5346 568 5417 quod
585 5347 614 5400 in
636 5346 737 5401 artibus
750 5342 858 5397 mecha·
896 5351 933 5404 uti
958 5349 1049 5404 videre
1071 5357 1115 5404 est
1137 5350 1166 5404 in
1194 5349 1331 5421 plerisque
1358 5345 1588 5418 propositionibus
1616 5347 1689 5417 apud

58 5425 130 5479 ¹¹3⁰st
142 5427 254 5497 5¹¹8th
269 5427 460 5480 mullffl‘umin
473 5443 558 5480 unum
571 5426 741 5490 0⁰ier¹1ssblss
754 5423 859 5477 ⁸rllb11⁸
896 5429 1046 5493 Euclidem,
1069 5448 1130 5500 quae
1150 5436 1297 5500 antequam
1317 5429 1540 5491 demonstrentur,
1555 5426 1630 5481 mira
1651 5428 1689 5481 vi-

60 5512 90 5555 et
113 5506 232 5561 mentm
256 5504 419 5561 liberalibus
438 5506 550 5577 ingenis
568 5508 713 5563 multorum
734 5503 784 5560 sub
805 5519 860 5557 uno
896 5509 999 5574 dentur,
1021 5517 1050 5564 et
1071 5510 1169 5580 quibus
1191 5510 1252 5579 quis
1272 5525 1327 5563 non
1347 5506 1427 5561 facile
1446 5508 1607 5574 assenserit;
1629 5516 1690 5578 post
