3800 5875
250 331 307 388 492
877 330 1017 387 NOVUM
1038 329 1240 386 ORGANUM.
1750 328 1805 384 Lis.
1818 331 1847 386 ll.

246 491 437 547 liberationem
450 507 467 545 a
480 487 620 562 pressura)
633 506 711 562 aqua
733 489 760 544 in
784 489 912 552 natendo,
927 490 1000 543 aeris
1013 489 1041 543 in
1080 497 1123 544 tus
1136 490 1226 559 tylen·
1247 487 1294 560 qui
1307 488 1402 543 modus
1415 485 1599 558 antistropbos
1612 494 1654 541 est
1674 487 1850 558 quodammodo

247 570 379 636 volando;
401 588 480 641 aquae
500 572 529 625 iu
542 570 708 641 remigando,
723 569 795 623 ains
815 570 843 622 in
856 567 1039 623 undulationi·
1080 570 1174 632 motui,
1188 568 1223 623 de
1240 584 1295 639 quo
1307 567 1434 630 diximus,
1448 565 1590 622 libertatis.
1632 566 1739 621 Etenim
1751 568 1779 621 iu
1789 578 1850 624 mdo

247 650 299 705 bus
311 660 460 714 ventorum,
469 650 578 704 lamium
588 650 616 703 in
628 647 784 718 horologiis
825 648 886 702 Nec
900 647 1040 719 inelegau·
1079 646 1212 702 libertatis
1238 663 1351 717 corpora
1376 662 1478 701 novom
1505 646 1664 710 dimensum,
1692 647 1747 701 sire
1768 663 1850 702 noran

247 735 289 784 ter
308 746 338 784 se
358 728 476 784 ostendit
495 737 584 784 motos
605 728 677 782 airis
697 727 844 797 compressi
862 727 891 780 in
912 726 1040 797 sclopetis
1079 726 1289 796 spheramsive
1299 742 1397 780 noram
1406 724 1592 779 &sonuum
1601 734 1649 778 aut
1661 726 1849 781 contractionem

246 806 358 863 ludicris
379 825 531 877 puerorum,
549 825 610 861 oum
629 806 722 861 alnum
739 815 785 860 aut
804 805 893 860 simile
911 806 1040 877 quiddam
1079 805 1153 876 (hec
1167 808 1239 860 eninr
1247 805 1387 859 verborum
1396 806 1513 859 raneos
1522 805 1594 859 idem
1606 804 1708 874 innuit)
1716 805 1848 871 exhorruit,

247 896 386 952 excavant,
401 895 428 941 et
439 887 586 942 inferciunt
598 886 684 940 frusto
701 885 816 955 alicujus
828 885 929 939 radicis
943 902 1038 941 succo-
1079 892 1216 955 respuunt,
1238 885 1354 955 lugiunt,
1368 891 1396 938 et
1416 884 1521 939 resilire
1535 892 1702 938 muctarem
1721 886 1849 939 cmsisten

246 966 335 1031 lentes,
349 965 393 1021 rel
413 966 550 1031 similium,
565 966 599 1020 ad
620 973 746 1035 utrosque
767 966 852 1028 lines3
873 964 970 1018 deinde
991 981 1040 1034 per
1078 963 1146 1017 dem
1159 980 1318 1034 recuperare
1326 964 1389 1018 totis
1398 964 1502 1018 viribrm
1514 962 1690 1018 contendunt.
1728 963 1847 1018 Atocotn

247 1045 383 1102 embolum
397 1045 506 1099 trudunt
522 1045 648 1109 radicem,
663 1045 706 1098 rel
725 1042 880 1113 hujusmodi
895 1043 1038 1098 farcimen-
1078 1042 1106 1096 iu
1125 1042 1177 1096 hoc
1199 1051 1273 1097 motu
1295 1043 1377 1111 hyles,
1399 1059 1513 1113 corpora
1535 1058 1636 1097 novam
1656 1040 1783 1113 sphaeram
1803 1046 1847 1096 sire

247 1132 304 1180 tum
317 1124 347 1178 iu
360 1126 481 1178 foramen
504 1123 635 1178 alterum:
656 1123 729 1178 unde
745 1123 878 1177 emittitur
892 1129 919 1177 et
932 1123 1039 1191 ejicimr
1077 1121 1228 1177 dimensum
1241 1130 1387 1192 appetuntr
1408 1129 1490 1193 atque
1503 1122 1539 1175 ad
1554 1120 1626 1175 illud
1641 1120 1753 1174 libenter
1764 1129 1789 1174 et
1801 1138 1848 1191 pro·

246 1204 325 1257 radix
342 1221 403 1257 cum
422 1204 510 1257 souitu
524 1204 558 1257 ad
580 1204 700 1257 toramen
721 1202 843 1264 alterum,
857 1201 939 1272 idque
960 1212 1038 1256 ante·
1077 1217 1149 1271 pere,
1163 1210 1192 1255 et
1204 1201 1364 1272 quandoque
1377 1200 1564 1256 sdmnsnmo
1575 1200 1645 1255 nixu
1660 1204 1702 1267 (ut
1714 1201 1741 1254 in
1754 1200 1845 1270 pulvere

248 1299 329 1353 quam
348 1290 474 1353 tangatur
487 1299 505 1336 a
519 1282 617 1346 radice,
630 1291 677 1336 aut
695 1282 853 1336 farcimento
876 1282 977 1346 citimo,
991 1291 1038 1337 aot
1077 1281 1168 1350 pyris)
1182 1281 1311 1351 aspirant.
1352 1281 1535 1335 iustrumenta
1554 1288 1647 1335 autem
1670 1279 1747 1349 hujus
1765 1290 1845 1343 motus,

247 1360 362 1416 embolo.
403 1361 539 1422 Quatenus
553 1377 618 1415 vero
637 1362 671 1414 ad
685 1360 874 1415 liberationem
888 1378 905 1414 a
918 1369 1037 1426 namra,
1076 1377 1132 1414 non
1141 1359 1200 1414 sola
1213 1369 1292 1424 certe,
1307 1359 1354 1415 sed
1364 1360 1561 1429 potentissima,
1573 1368 1622 1414 aut
1635 1358 1729 1413 saltem
1743 1360 1844 1431 frequen

219 1440 225 1459 ¹
247 1440 362 1495 ostendit
379 1457 408 1495 se
428 1441 474 1495 hic
496 1448 582 1495 motus
599 1441 628 1494 in
642 1440 705 1495 aiire
725 1446 789 1510 post
809 1440 995 1495 excoctionem
1007 1441 1037 1495 in
1076 1439 1189 1503 dssima,
1204 1448 1267 1494 sont
1279 1440 1354 1493 calor
1366 1446 1394 1492 et
1412 1439 1506 1509 frigus
1547 1438 1676 1507 Exempli
1693 1438 1790 1509 gratis:
1807 1439 1844 1492 air

246 1520 305 1573 oris
316 1520 409 1574 vitreis
418 1528 589 1584 remanente3
604 1518 760 1584 inchordis,
768 1520 798 1573 in
805 1520 886 1584 corio,
893 1528 920 1574 et
930 1535 1036 1588 pann03
1076 1518 1163 1589 siper
1180 1525 1316 1573 teneuram
1331 1515 1421 1592 (velot
1442 1534 1493 1588 per
1511 1519 1697 1573 exsuctionem
1714 1518 1741 1570 in
1753 1518 1804 1571 oris
1814 1518 1842 1570 ri-

246 1598 428 1654 resilientibus
441 1607 502 1670 poet
515 1606 638 1654 tensurus
647 1599 777 1663 sonnnisi
790 1606 906 1654 tensare
919 1598 976 1653 illm
989 1616 1038 1669 per
1076 1596 1155 1664 meis)
1175 1597 1311 1662 dilatetur,
1333 1613 1433 1667 magno
1456 1596 1562 1651 laborat
1588 1596 1723 1651 desiderio
1744 1598 1841 1666 seipsam

247 1694 351 1731 moram
364 1677 598 1743 invaluerintetc.
638 1675 728 1750 Atque
738 1676 811 1731 hunc
824 1684 927 1732 motum
942 1678 1037 1733 schola
1075 1677 1243 1732 restituendi.
1283 1675 1320 1729 At
1333 1676 1441 1730 admmo
1460 1676 1559 1739 calore,
1574 1693 1590 1730 e
1605 1684 1699 1729 contra
1712 1677 1841 1745 appetitd‘s

246 1756 297 1810 sub
317 1757 425 1811 nomine
447 1764 536 1812 motus
550 1774 587 1812 ex
601 1762 694 1831 sorno
711 1758 833 1810 elementi
849 1757 950 1822 innuit;
972 1759 1037 1812 satis
1075 1755 1162 1821 laturi,
1177 1762 1205 1810 et
1226 1756 1390 1824 concupiscit
1410 1771 1509 1809 noram
1525 1755 1674 1825 sphaeram,
1688 1764 1716 1808 et
1728 1756 1840 1810 nsuntet

247 1835 355 1907 quidem
369 1836 544 1900 inscite,cum
554 1836 600 1891 hic
614 1844 702 1889 motus
712 1853 766 1890 non
777 1842 882 1891 tantum
892 1837 927 1890 ad
936 1840 1035 1902 abram,
1075 1835 1174 1906 migrat
1186 1836 1216 1889 in
1229 1834 1304 1889 illam
1318 1834 1440 1898 libenter,
1454 1843 1582 1906 tauquam
1597 1835 1627 1888 in
1642 1850 1736 1888 nomm
1749 1835 1838 1887 iormem

247 1931 354 1985 aquam,
369 1923 416 1968 aut
435 1915 573 1968 flammam
596 1915 738 1985 pertineat,
753 1915 801 1969 sed
820 1914 855 1968 ad
875 1931 984 1969 omnem
999 1917 1037 1969 di·
1075 1912 1122 1989 (ot
1135 1910 1305 1988 loquuntur).
1346 1914 1406 1968 Nec
1425 1921 1488 1982 post
1508 1913 1696 1968 dilatationem
1709 1912 1837 1966 nonnullam

247 1993 404 2047 versitatem
426 1994 628 2059 consistentiam
662 2002 692 2046 ut
718 1993 795 2064 ligni,
822 1994 895 2058 ferri,
922 1993 1035 2064 plumbi,
1074 1993 1108 2047 de
1122 1994 1210 2048 reditu
1228 2002 1311 2057 curat,
1324 1993 1378 2046 nisi
1391 2009 1441 2062 per
1454 1993 1639 2048 admotionem
1653 1993 1836 2063 trigidiadesu

246 2073 338 2143 panni,
358 2073 530 2136 membranas,
551 2082 602 2127 eto.
628 2072 657 2126 in
679 2073 776 2143 quibus
795 2072 903 2143 singula
923 2089 1037 2143 corpora
1073 2073 1219 2138 invitetur3
1247 2090 1308 2143 qum
1330 2089 1385 2126 non
1406 2072 1510 2127 reditus
1533 2080 1583 2137 est,
1610 2071 1659 2127 sed
1681 2073 1838 2125 transmutato

247 2167 303 2205 sore
316 2149 420 2205 habent
433 2151 770 2215 dimonmooismodulum
792 2152 1037 2223 etabeosrgread
1074 2152 1199 2223 repetitu.
1240 2152 1344 2207 Eodem
1358 2151 1437 2205 modo
1450 2160 1477 2205 et
1490 2168 1569 2222 aqua,
1585 2152 1611 2206 si
1632 2152 1837 2221 percompreerio

247 2230 365 2300 spatium
379 2230 488 2301 aliquod
497 2230 618 2285 notabile
631 2230 808 2301 abripiuntur.
851 2231 954 2286 Verum
972 2233 1037 2303 quia
1075 2246 1138 2286 uem
1156 2238 1281 2297 arctetur,
1301 2230 1467 2294 recalcitrem
1489 2239 1517 2284 et
1537 2230 1599 2285 volt
1619 2232 1678 2285 fieri
1698 2230 1776 2302 qualis
1793 2229 1836 2291 init,

246 2315 335 2362 motus
349 2309 401 2363 iste
420 2310 552 2364 libertatis
571 2309 690 2364 omnium
705 2317 747 2364 est
759 2310 878 2363 mamme
893 2312 995 2375 obvius,
1009 2322 1037 2366 et
1074 2307 1179 2365 scillcet
1191 2310 1279 2364 latiur.
1320 2310 1357 2364 At
1370 2310 1394 2364 si
1407 2310 1571 2364 interveniat
1590 2310 1679 2381 frigus
1690 2311 1836 2363 intensumet

247 2386 281 2440 ad
295 2387 401 2443 infinita
421 2397 553 2459 spectans,
574 2388 726 2443 cmeultum
747 2389 828 2444 merit
846 2406 907 2444 eoru
924 2390 995 2445 bene
1009 2400 1036 2446 et
1074 2390 1263 2454 continuatum,
1277 2395 1404 2444 mutntse
1417 2400 1514 2459 sponte
1528 2407 1578 2444 sna
1593 2398 1623 2444 et
1635 2390 1745 2444 libenter
1756 2389 1836 2442 meon

246 2466 389 2537 perspicue
407 2468 581 2539 distinguere.
622 2468 736 2529 Quidam
757 2469 829 2522 enim
850 2468 927 2524 valde
950 2470 1037 2541 negli·
1073 2468 1257 2524 densationem
1272 2468 1388 2540 glaciei3
1409 2477 1490 2540 atque
1504 2470 1528 2523 si
1541 2468 1625 2540 plane
1638 2467 1836 2523 continueturiri·

246 2553 343 2616 genter
360 2547 526 2602 confundunt
551 2548 624 2603 hunc
646 2555 748 2603 motum
771 2565 833 2603 cum
854 2550 965 2620 gemino
988 2550 1037 2605 illo
1074 2565 1132 2618 gos,
1146 2564 1227 2602 neca
1244 2548 1412 2618 temporibus
1433 2548 1646 2618 interrumpatur
1661 2552 1703 2616 (ut
1714 2549 1741 2601 fit
1756 2547 1781 2600 iu
1792 2562 1836 2616 spe·

246 2631 321 2679 motu
341 2628 486 2698 antitypim
507 2634 535 2682 et
551 2645 655 2687 nesus,-
684 2627 872 2681 liberationem
892 2627 996 2683 scilicet
1019 2647 1036 2683 a
1073 2627 1159 2682 luncis
1173 2634 1201 2682 et
1213 2628 1336 2682 cavernis
1355 2626 1438 2697 petilo
1457 2628 1692 2698 profundioribus)
1705 2625 1836 2681 mrtitmin

245 2719 378 2773 pressura,
393 2723 454 2760 com
468 2714 542 2762 motu
555 2708 718 2778 antitypum,-
739 2714 876 2771 atensura,
887 2725 947 2762 cum
962 2718 1036 2763 motu
1073 2707 1235 2776 crystallum,
1250 2714 1296 2762 aut
1316 2707 1460 2761 materiam
1478 2707 1609 2773 similem,
1623 2725 1673 2762 nec
1693 2720 1835 2778 unquamne

245 2800 350 2838 necas.-
370 2801 402 2839 ac
415 2786 439 2839 si
452 2785 514 2839 ideo
527 2787 653 2840 cederent
665 2798 711 2840 aut
720 2803 749 2840 se
764 2786 907 2842 dilatarent
921 2804 1035 2857 corpora
1073 2787 1200 2842 stituitnr.

245 2877 407 2934 compressa,
427 2881 462 2919 ne
476 2873 632 2938 sequeretur
647 2867 799 2938 penetratio
820 2866 1033 2934 dimensionum
1113 2866 1155 2920 Sit
1168 2871 1257 2920 motus
1270 2865 1388 2939 quintm
1402 2872 1491 2920 motus
1504 2867 1735 2922 ecnttnunrtnts:
1755 2861 1834 2917 lutelli

245 2942 307 2997 ideo
320 2943 453 2999 resilirent
471 2952 498 2999 et
515 2946 705 3000 conuaherent
722 2962 752 3001 se
770 2962 883 3016 corpora
900 2955 985 3011 tensa,
1000 2964 1034 3003 ne
1073 2946 1162 3017 gimm
1174 2954 1265 3000 notem
1279 2963 1334 3001 non
1348 2947 1557 3001 continuationis
1571 2947 1740 3017 simplicitet
1756 2944 1833 3015 prins·

245 3031 403 3094 sequeretur
412 3042 531 3079 coenans
572 3025 655 3097 Atqui
667 3026 691 3079 si
701 3024 749 3080 aer
759 3042 928 3096 compressus
941 3043 971 3080 se
981 3027 1035 3081 vel·
1073 3026 1128 3089 rias,
1142 3044 1203 3081 eum
1216 3043 1330 3096 corpore
1351 3025 1444 3097 aliquo
1463 3025 1548 3081 altero
1562 3031 1643 3097 (nam
1656 3025 1701 3080 ille
1715 3034 1752 3078 est
1767 3033 1833 3076 notos

244 3099 283 3155 lct
294 3103 414 3173 recipere
427 3105 455 3157 in
470 3104 631 3159 densitatem
647 3121 733 3175 aqum,
747 3113 793 3159 not
806 3105 910 3176 lignum
924 3106 954 3159 in
967 3106 1034 3160 den·
1072 3108 1172 3171 nenne)
1186 3106 1234 3160 sed
1247 3106 1455 3161 continuationis
1464 3107 1515 3170 sui,
1525 3106 1555 3159 in
1565 3123 1679 3177 corpore
1691 3113 1763 3159 certo
1786 3102 1833 3156 Cer·

244 3180 354 3236 nitatem
367 3182 473 3252 lapidis,
485 3182 525 3237 nil
535 3200 602 3255 opus
616 3184 685 3237 ioret
693 3186 879 3255 penetratione
893 3187 1034 3240 dimensio-
1073 3186 1206 3240 tissimum
1220 3187 1291 3239 enim
1306 3195 1355 3249 est,
1371 3184 1442 3255 quod
1459 3202 1573 3255 corpora
1587 3187 1680 3241 omnia
1699 3183 1832 3237 solutionem

244 3276 326 3320 nun:
347 3270 373 3314 et
385 3262 563 3318 nihilominus
576 3262 656 3334 longe
677 3265 763 3332 major
779 3273 872 3335 posset
886 3281 946 3319 esse
960 3282 1034 3320 com·
1072 3265 1259 3319 continuitatis
1273 3263 1454 3328 exhorreant;
1475 3263 1530 3318 alia
1539 3258 1833 3336 maginaliamiuusssd

244 3340 349 3407 pressio
375 3339 489 3406 illorum,
523 3359 604 3412 quam
628 3341 677 3395 illa
698 3343 755 3397 ullo
780 3343 861 3398 modo
886 3345 1033 3414 patiuntur.
1072 3344 1163 3399 omnis
1184 3342 1361 3415 aliquatenus
1412 3344 1486 3398 Nam
1508 3352 1538 3398 nt
1559 3346 1588 3398 in
1611 3343 1758 3415 corporibus
1777 3340 1833 3393 duris

243 3416 348 3474 Eodem
366 3420 446 3474 ruodo
460 3421 482 3474 si
497 3437 568 3492 aqua
581 3437 610 3474 se
629 3420 739 3475 dilatate
752 3422 835 3476 vellet
848 3424 878 3477 in
896 3423 1033 3479 raritatem
1073 3419 1173 3496 (veluti
1187 3421 1319 3493 chalybis,
1334 3418 1413 3494 vitri)
1427 3422 1569 3478 reluctatio
1578 3432 1673 3478 contra
1685 3421 1833 3476 discondms

244 3496 325 3564 aeris,
340 3507 387 3553 aut
410 3497 481 3569 lapis
500 3499 529 3553 in
552 3500 689 3554 raritatem
711 3499 788 3571 ligni,
808 3519 862 3555 non
875 3518 943 3572 opos
964 3504 1034 3559 foret
1072 3503 1171 3556 tionem
1186 3511 1228 3556 est
1244 3504 1364 3557 maxime
1383 3502 1493 3557 robusta
1513 3511 1541 3557 et
1554 3502 1663 3566 validm
1683 3503 1720 3555 ita
1733 3497 1831 3554 enaniu

243 3594 345 3630 mono.-
366 3585 496 3632 ettamen
516 3579 596 3649 longe
616 3579 704 3647 major
724 3580 811 3649 possit
828 3581 887 3635 lieri
909 3583 1034 3638 extensio
1071 3580 1227 3653 liquoribus,
1249 3582 1295 3637 ubi
1309 3597 1415 3637 cessare
1434 3589 1480 3637 aut
1498 3581 1631 3653 languere
1651 3581 1739 3636 mom
1751 3578 1832 3631 ridetur

243 3672 343 3721 eorum,
361 3674 442 3728 quarn
455 3656 666 3712 illaullomodo
680 3657 824 3727 patiuntur.
868 3661 964 3732 ltaque
977 3679 1031 3717 non
1071 3661 1312 3729 motoseJosmodi,
1327 3669 1418 3716 tamen
1433 3677 1488 3715 uon
1504 3679 1617 3732 proruas
1631 3657 1832 3732 reperiturprirs

242 3735 378 3791 reducitur
398 3753 441 3790 res
457 3737 492 3790 ad
510 3739 720 3807 penetrationem
741 3738 927 3794 dimensionem
942 3749 970 3794 et
989 3761 1033 3796 uo·
1071 3741 1109 3794 tio
1123 3742 1198 3808 ejus;
1220 3741 1267 3795 sed
1281 3740 1361 3811 plane
1372 3742 1444 3795 inest
1456 3742 1525 3810 ipsis
1539 3741 1568 3795 iu
1582 3742 1669 3813 gradu
1682 3749 1792 3810 tanquan
1802 3735 1832 3786 io

243 3830 328 3879 cnunc,
342 3815 395 3868 nisi
408 3815 438 3868 in
450 3814 640 3871 ultimitatibus
653 3815 869 3873 condensationis
883 3821 1033 3876 etrarelac·
1071 3820 1141 3882 fimo,
1157 3827 1183 3873 et
1196 3820 1285 3890 prodit
1298 3836 1328 3874 se
1341 3821 1370 3874 io
1383 3822 1575 3890 experimentis
1590 3821 1725 3892 plurimis;
1743 3814 1831 3870 siculis

243 3892 341 3957 tionls;
362 3910 423 3948 cum
438 3903 529 3948 tamen
543 3894 588 3948 isti
599 3895 779 3968 motuslonge
793 3898 861 3951 citra
875 3906 922 3952 eat
937 3901 1033 3955 sistant
1070 3897 1159 3964 bullis,
1182 3900 1210 3952 in
1231 3899 1394 3953 rotunditate
1415 3908 1561 3971 guttarum,
1576 3900 1606 3955 in
1625 3901 1677 3955 slis
1696 3894 1831 3953 momentus

242 3979 271 4023 et
284 3979 440 4037 versentur3
461 3989 550 4044 neque
563 3972 638 4028 aliud
652 3975 713 4039 sint,
725 3993 808 4047 qoam
822 3977 961 4032 desiderea
973 3996 1032 4033 cor·
1070 3977 1275 4042 stillicidiorum,
1290 3988 1318 4032 et
1330 3979 1359 4033 in
1374 3981 1538 4050 sequacitate
1552 3997 1695 4051 corporum
1714 3976 1831 4047 glutinus

242 4065 337 4118 porum
356 4052 530 4107 conservandi
549 4070 578 4107 se
594 4053 623 4107 in
643 4055 824 4110 consistentiis
845 4057 902 4111 suis
916 4058 993 4124 (sive,
1008 4060 1032 4113 si
1070 4073 1137 4120 rom,
1153 4067 1180 4111 et
1194 4058 1334 4126 ejusmodi.
1377 4058 1430 4112 Sed
1440 4061 1560 4114 maxime
1570 4062 1726 4114 omoiumse
1739 4050 1830 4109 ontulit

242 4128 343 4194 malint,
358 4129 387 4184 in
400 4130 495 4186 lormis
513 4131 582 4200 anis)
595 4150 646 4188 neo
662 4134 698 4186 ab
715 4134 751 4189 iis
773 4136 914 4191 recedendi
934 4137 1030 4202 subito,
1070 4138 1207 4208 appetitus
1228 4138 1325 4201 iste,si
1349 4137 1558 4192 discontinoatio
1581 4147 1697 4194 tentetur
1716 4149 1787 4206 usque
1803 4129 1829 4181 td

241 4207 295 4261 nisi
309 4224 358 4277 per
372 4209 465 4266 modos
479 4227 582 4277 suaves,
594 4229 625 4266 ac
637 4230 686 4283 per
694 4230 856 4270 consensum
871 4215 1029 4272 niterentur.
1070 4215 1216 4271 fractiones
1229 4218 1354 4272 minores.
1395 4218 1469 4272 Nam
1487 4218 1516 4271 in
1529 4219 1675 4280 mortariis,
1694 4217 1829 4286 postremo

242 4284 279 4340 At
291 4285 371 4358 longe
388 4289 477 4361 magis
497 4293 680 4346 necessarium
694 4301 736 4347 est
750 4295 826 4365 (quia
839 4295 925 4350 molta
939 4312 1030 4350 secum
1069 4295 1172 4350 sionem
1195 4296 1230 4349 ad
1250 4305 1352 4351 certum
1375 4297 1496 4368 gradum,
1519 4297 1709 4368 nouamplius
1730 4298 1829 4363 operm

242 4364 339 4435 trabit)
361 4375 390 4421 ut
409 4369 547 4425 intimetur
568 4369 732 4437 hominibus,
758 4382 860 4428 motum
883 4374 1031 4430 violentum
1068 4374 1217 4445 pistillum:
1238 4392 1378 4446 aquanon
1395 4376 1626 4432 subintratrirnna
1640 4378 1762 4431 minores:
1779 4368 1828 4438 qais

242 4446 394 4515 (quemnos
407 4449 601 4510 mechanicum
623 4451 800 4517 Democritus,
811 4453 859 4524 qui
870 4454 897 4507 in
912 4455 1030 4509 motibus
1069 4455 1168 4524 etipse
1182 4453 1237 4518 abr,
1257 4470 1310 4508 non
1325 4454 1447 4509 obstante
1461 4455 1612 4510 subtilitate
1630 4453 1743 4526 corporis
1755 4449 1828 4520 ipsius

241 4524 299 4578 suis
318 4525 414 4594 primis
428 4528 604 4598 expediendis
617 4531 699 4585 etiam
718 4530 790 4585 infra
802 4531 951 4588 mediocres
970 4534 1031 4603 phi·
1069 4550 1148 4601 poros
1161 4551 1286 4588 vasorum
1306 4534 1388 4604 paolo
1408 4534 1564 4590 solidiorum
1584 4552 1639 4590 non
1657 4529 1828 4605 pererrantes

240 4601 371 4674 losophos
393 4608 532 4674 ponendus
555 4616 604 4672 est,
627 4618 729 4664 motum
749 4612 844 4682 plaga
857 4613 976 4679 vocavit)
991 4613 1029 4666 nil
1068 4612 1132 4677 bito,
1146 4630 1195 4667 nec
1208 4614 1260 4667 nisi
1272 4631 1322 4683 per
1335 4614 1489 4669 diuturnam
1502 4615 1716 4669 insinuationem.

240 4681 314 4737 aliud
337 4700 396 4738 esse
419 4702 500 4755 quarn
522 4695 624 4742 motum
643 4688 784 4754 libertatis,
802 4689 936 4745 sciliceta
955 4709 1028 4746 corn-
1108 4693 1151 4746 sit
1164 4701 1251 4746 motus
1265 4701 1364 4756 sextas,
1377 4702 1465 4747 motus
1478 4710 1558 4764 quern
1571 4692 1825 4749 nominamusootuo

239 4763 377 4832 pressione
394 4764 433 4817 ad
454 4764 656 4822 relaxationem.
697 4768 805 4823 Etenim
824 4770 852 4824 in
874 4771 947 4824 omni
972 4772 1029 4825 sive
1069 4772 1105 4823 ud
1118 4772 1585 4844 luscum,sivemotunindigentioe.
1626 4774 1707 4832 lsest,
1715 4777 1826 4839 ptrqwss

240 4841 357 4912 simplici
378 4845 556 4912 protrusione‚
570 4846 627 4900 sive
641 4846 733 4901 volatu
749 4865 798 4918 per
817 4853 917 4914 airem,
931 4866 984 4903 nou
1001 4851 1030 4905 tit
1067 4866 1187 4920 corpora,
1199 4851 1306 4922 qnando
1315 4860 1457 4908 versantur
1469 4853 1539 4906 inter
1549 4853 1631 4922 plane
1642 4847 1825 4919 heterogrneatl

240 4923 385 4975 fflfflm0250
399 4930 446 4977 ⁸¹11
460 4923 526 4977 Ῑθῑῑθ
535 4923 638 4988 1008Ῑὶ8,
649 4933 796 4996 antequam
809 4937 899 4998 partes
908 4931 1029 4999 corporis
1068 4930 1144 5000 quasi
1159 4930 1278 4994 inimica,
1293 4931 1316 4983 si
1331 4932 1399 4984 ione
1412 4932 1601 4986 nanciscantur
1614 4931 1715 5001 copiam
1727 4935 1824 4979 sumta
1860 4957 1861 4970 l

240 5001 494 5070 praeternaturaliter
502 5003 637 5073 patiantur
643 5013 669 5058 et
674 5006 884 5075 comprimantur
889 5008 924 5062 ab
929 5008 1028 5079 impel-
1068 5010 1221 5063 moditatem
1232 5010 1351 5064 evitandi
1365 5009 1413 5064 illa
1422 5010 1613 5081 heterogenea,
1624 5019 1688 5064 etse
1699 4995 1823 5076 cpolim(li

239 5078 320 5135 lente.
363 5081 432 5135 'lum
446 5099 510 5136 vero
522 5082 644 5151 partibus
658 5084 720 5138 aliis
734 5085 802 5140 alias
815 5103 866 5156 per
878 5089 1028 5143 successio·
1067 5088 1102 5142 ad
1115 5090 1203 5160 magis
1216 5097 1333 5160 cognata
1347 5088 1428 5164 (licet
1447 5089 1496 5143 illa
1515 5091 1577 5160 ipsa
1588 5098 1699 5161 cognata
1717 5079 1823 5138 tuosne
1859 5089 1861 5120 ¹

238 5173 301 5213 nem
315 5160 489 5226 tradentibus,
502 5160 586 5216 senor
599 5168 699 5224 totum;
720 5180 770 5217 nec
784 5165 872 5220 solum
885 5167 1028 5239 progredi·
1068 5168 1128 5230 rint,
1137 5185 1199 5239 quae
1212 5184 1267 5221 noo
1281 5168 1399 5221 habeant
1409 5177 1512 5223 arctum
1526 5185 1683 5223 consensum
1693 5180 1748 5219 coru
1759 5151 1823 5228 ipsit)

239 5239 315 5301 endo,
330 5240 474 5295 sedetiam
490 5240 610 5294 notando
623 5241 722 5306 simul;
742 5251 773 5296 ut
785 5245 867 5300 etima
881 5245 934 5300 hoc
948 5247 1029 5301 modo
1067 5253 1157 5300 tamen
1176 5251 1267 5301 statim
1289 5263 1323 5301 ea
1339 5248 1545 5318 amplectuntur,
1560 5257 1589 5303 et
1606 5257 1724 5318 tanquam
1741 5237 1823 5311 polim

238 5326 329 5386 partes
349 5335 378 5372 se
391 5319 514 5383 liberare,
529 5327 576 5374 ant
594 5321 682 5390 magis
697 5338 732 5375 ex
746 5340 823 5394 aequo
838 5323 953 5380 tolerare
967 5343 1029 5397 pos·
1067 5326 1185 5389 maluntr
1206 5332 1234 5379 et
1248 5325 1315 5380 lucri
1335 5325 1395 5380 loco
1409 5327 1492 5394 (unde
1506 5326 1663 5382 vocabulum
1675 5312 1821 5403 mmptifflssl

239 5396 301 5450 sint.
342 5396 430 5468 Atque
445 5398 478 5453 de
492 5399 544 5453 hoc
554 5406 630 5455 motu
644 5400 782 5456 hacteuus.
1066 5404 1118 5457 hoc
1135 5421 1236 5476 ponere
1249 5405 1380 5469 videntur,
1399 5413 1528 5477 tanquam
1549 5407 1643 5462 talium
1657 5413 1778 5472 corporum
1792 5407 1822 5444 ΠΡ
1859 5413 1860 5446 l

278 5475 320 5529 Sit
332 5483 420 5532 motus
434 5487 550 5548 quartus,
565 5486 654 5536 motus
667 5481 711 5536 coi
726 5497 825 5537 nomen
840 5482 964 5539 dedimus
974 5501 1029 5540 mo
1065 5483 1137 5555 diga
1178 5484 1306 5554 Exempli
1324 5485 1428 5555 grstia;
1450 5502 1553 5550 aurum,
1568 5494 1615 5541 aut
1627 5482 1695 5538 aliud
1708 5471 1819 5534 metallum
