3800 5875
389 305 639 374 PARMRNIDIS,
659 308 816 373 tanasii,
838 309 886 362 ΕΤ
907 307 1121 364 Damocrtr'rr
1143 306 1410 363 PHILOSOPHIA.
1649 305 1705 362 695

81 462 163 519 altius
177 463 232 518 rina
247 464 384 521 inimicam
399 465 544 521 ascendere
564 482 651 536 posce,
666 468 809 537 perspicue
823 482 877 521 non
914 475 1014 537 partes,
1028 465 1098 520 unde
1120 465 1193 519 calor
1213 465 1279 519 colia
1298 466 1327 519 in
1348 466 1527 537 qualicunque
1542 464 1634 534 vigore
1652 482 1705 519 non

80 543 168 614 penit.
209 543 338 598 Attanae
353 547 483 616 (quaeest
503 546 636 615 oppositae
654 553 757 601 naturm
775 547 877 616 contig-
914 546 1024 600 aaeiduo
1036 546 1227 615 ingeminatur,
1240 545 1288 598 sed
1301 562 1350 614 per
1361 543 1502 599 intervalla
1513 545 1615 610 majora
1628 546 1720 599 redit'

80 623 158 677 natio
172 629 200 676 et
212 621 305 693 aedes)
319 625 471 694 portionem
485 623 580 679 itidem
594 626 750 688 maximam,
765 627 877 678 inteme·
914 625 1023 689 Quarto,
1037 624 1206 679 celeritatem
1219 623 1285 679 aolia
1303 632 1426 693 respectu
1443 631 1531 677 motus
1546 623 1643 686 diurni,
1658 624 1704 694 qui

81 709 168 757 ratam
188 710 215 756 et
235 703 422 757 inconcussam
442 704 542 768 statuit,
562 710 589 757 et
609 722 663 775 quo
682 703 802 758 coelestia
821 721 876 758 non
914 712 1018 758 tantum
1032 703 1164 758 ambitum
1177 711 1232 756 tam
1241 705 1342 773 exiguo
1352 702 1576 772 temporiaspatio
1589 704 1704 766 conficit,

80 789 232 852 penetrent.
272 781 342 836 Eam
355 798 420 836 vero
433 781 522 852 qualia
535 783 713 846 sitnonesae
727 800 776 836 cur
789 783 876 853 inqui·
913 784 985 837 unde
999 784 1087 836 minor
1100 799 1177 836 mora
1193 781 1299 846 caloris,
1314 798 1402 853 neque
1417 789 1582 835 momentum
1597 780 1705 851 aliquod

80 868 163 924 ratur,
178 861 224 916 ait.
265 860 314 916 Sat
328 876 387 916 ease
402 870 431 916 ut
444 868 558 933 quatuor
574 861 629 916 illis
642 862 754 926 naturis,
768 861 875 933 frigidi-
913 862 1051 932 temporis,
1071 861 1099 915 iu
1120 879 1175 932 quo
1194 862 1268 915 calor
1288 869 1400 924 constet.
1442 861 1547 922 Quinto,
1569 860 1704 913 continua-

81 945 145 1004 tate,
159 940 303 1010 opacitate,
317 940 458 1005 densitate,
472 947 500 995 et
519 943 619 1012 quiete,
633 940 722 1011 iisque
736 940 875 1005 absolutio,
913 941 1015 995 tionem
1035 956 1178 1010 corporum
1199 941 1269 994 inter
1291 940 1376 994 colem
1394 948 1423 993 et
1443 947 1549 1002 terram,
1572 930 1644 1008 quod
1664 941 1705 994 sol

79 1025 108 1072 et
126 1018 282 1074 nullatenus
303 1019 454 1073 imminutis
472 1020 564 1074 dotata
581 1020 724 1088 judicetur.
766 1019 875 1075 Partem
912 1036 967 1075 nou
987 1036 1161 1090 pervacuum
1174 1020 1295 1089 integrae
1311 1019 1410 1072 caloris
1427 1020 1544 1072 dimittat
1561 1019 1639 1082 circs,
1655 1020 1704 1072 sed

79 1105 171 1151 autem
186 1105 265 1153 terras
274 1114 368 1153 versus
381 1098 552 1167 superficiem
566 1098 632 1167 ejus,
643 1099 726 1154 veluti
740 1099 875 1169 quendam
912 1114 962 1167 per
976 1107 1016 1153 tot
1030 1115 1145 1168 corpora
1157 1099 1302 1153 renitentia
1314 1115 1464 1167 permeans,
1474 1107 1500 1150 et
1513 1114 1575 1150 cum
1589 1097 1704 1166 cingulis

78 1176 217 1241 corticem,
231 1185 277 1231 aut
293 1177 522 1242 incmatationem,
536 1179 704 1248 generationi
723 1195 813 1232 rerum
830 1194 875 1233 aa·
912 1185 1046 1249 satagens,
1066 1186 1094 1231 et
1116 1178 1256 1241 dimicans,
1283 1179 1311 1230 in
1334 1178 1495 1232 immensum
1521 1176 1650 1246 langueat
1678 1185 1704 1230 et

79 1255 188 1326 aiguat;
222 1256 366 1328 omniaque
386 1257 467 1320 entia,
491 1274 553 1327 qum
573 1257 653 1311 nobis
676 1256 876 1328 quovismodo
912 1256 1517 1328 enervetur,tautomagis‚quodquolongius
1530 1256 1705 1326 procedatat·

79 1335 261 1399 innotuerunt,
290 1336 373 1390 etism
404 1336 639 1405 ponderosissima,
667 1336 819 1402 durissima,
847 1344 875 1391 et
913 1354 965 1407 que
979 1337 1095 1390 debilior
1108 1338 1213 1400 evadat,
1224 1353 1257 1390 co
1266 1352 1380 1406 corpora
1392 1336 1511 1389 inveniat
1525 1336 1613 1405 magis
1628 1335 1702 1388 inob-

79 1411 213 1468 altiaaime
230 1413 360 1478 demersa,
377 1414 628 1485 metalla,lapidea,
647 1432 730 1481 mare,
750 1424 875 1470 exterra
912 1418 1062 1487 sequentia,
1087 1417 1206 1470 maxime
1233 1416 1363 1480 omnium,
1391 1423 1535 1486 postquam
1562 1415 1596 1467 ad
1625 1423 1703 1471 rerrae

79 1507 130 1561 per
147 1491 267 1546 calorem
286 1493 349 1547 eceli
368 1492 461 1565 aliqua
479 1502 605 1564 exparte
619 1496 871 1560 versaetaubacta,
912 1496 1080 1565 superficiem
1095 1505 1206 1550 ventum
1220 1503 1268 1558 est,
1282 1494 1329 1548 ubi
1343 1495 1448 1548 videtur
1467 1511 1520 1547 non
1534 1494 1621 1548 solum
1635 1496 1703 1547 reni·

79 1577 108 1625 et
134 1589 197 1642 quaa
216 1572 341 1627 nmrnilril
360 1571 467 1637 caloris,
487 1573 654 1640 radiationis,
678 1574 825 1639 tenuitatis,
848 1583 875 1629 et
912 1576 1006 1641 tentia,
1021 1576 1069 1629 sed
1082 1574 1161 1644 plane
1176 1574 1300 1645 quaedam
1313 1574 1441 1645 repulsio.
1471 1572 1704 1628 Proceasumvero

79 1649 241 1705 mobilitatis
263 1652 323 1720 jam
348 1652 510 1723 conceperit,
534 1659 563 1708 et
586 1654 702 1724 denique
725 1670 761 1708 ex
783 1654 875 1708 media
911 1653 1108 1708 immutationis
1121 1654 1203 1707 talem
1218 1654 1324 1708 asserit.
1363 1652 1471 1708 Bellum
1485 1653 1565 1722 plane
1578 1652 1703 1722 inexpia-

80 1729 151 1784 inter
163 1729 250 1785 solem
263 1736 291 1785 et
304 1738 404 1786 terram
419 1748 514 1802 purarn
533 1739 629 1786 natura
647 1733 796 1803 participet,
809 1750 874 1786 con·
911 1732 967 1787 bile
981 1743 1063 1804 atque
1077 1735 1360 1797 interneciuum,
1374 1750 1462 1803 neque
1476 1732 1622 1788 contrarias
1636 1733 1703 1785 iataa

80 1808 186 1864 cistere
228 1810 323 1881 Itaque
336 1827 446 1865 neceme
460 1818 502 1866 est
515 1818 546 1865 ut
559 1818 631 1866 terra
650 1811 698 1865 illa
716 1829 785 1883 pura
803 1813 874 1866 inira
911 1820 1022 1867 naturas
1037 1812 1093 1867 ullo
1106 1813 1229 1881 symbolo
1247 1812 1400 1876 convenire,
1413 1827 1501 1882 neque
1519 1828 1568 1881 per
1587 1812 1702 1875 tertiam,

80 1888 293 1957 profundissima
306 1890 396 1954 maria,
412 1889 585 1955 minerurum,
599 1897 626 1945 et
644 1892 733 1945 omnia
751 1892 875 1962 generati
912 1900 1093 1962 preterquam
1106 1891 1198 1961 hylen.
1241 1891 1337 1963 ltaque
1352 1899 1492 1962 utramque
1513 1897 1637 1944 naturam
1651 1890 1703 1944 boc

80 1967 262 2037 deprimaturr
284 1975 310 2023 et
329 1985 346 2022 a
366 1975 438 2024 terra
457 1969 506 2024 illa
524 1987 593 2040 pura
613 1986 698 2042 uaque
719 1971 753 2025 ad
773 1971 874 2036 lunam,
912 1971 1002 2041 ipsum
1022 1980 1157 2041 appetere,
1178 1971 1236 2036 uiti,
1256 1972 1425 2035 contendere,
1440 1977 1469 2024 ut
1491 1969 1603 2024 alteram
1623 1968 1703 2038 plane

80 2054 127 2100 aut
139 2045 238 2101 altiora
251 2047 374 2112 fortaaac,
387 2048 477 2103 media
496 2050 619 2120 quaedam
637 2057 734 2103 natura
751 2067 786 2104 ex
805 2058 875 2105 tem·
912 2051 1015 2120 perdat,
1030 2068 1112 2122 aeque
1127 2050 1213 2104 solam
1228 2057 1255 2105 et
1275 2068 1352 2105 auam
1372 2050 1493 2105 materia
1513 2049 1605 2110 indam
1625 2057 1655 2103 ut
1668 2047 1704 2103 ait

80 2126 246 2194 perementia
266 2133 295 2181 et
312 2127 518 2182 retractionibus
536 2128 598 2183 cccli
617 2135 646 2183 et
664 2136 742 2184 terrae
758 2129 874 2184 colloce-
913 2130 978 2184 solis
991 2148 1060 2201 opus
1075 2130 1160 2201 (quod
1180 2130 1322 2200 perspicue
1337 2138 1365 2183 ct
1380 2146 1452 2199 saepe
1465 2129 1544 2195 dicit)
1559 2127 1639 2198 piane
1654 2134 1705 2182 ter·

81 2210 135 2259 tur.
185 2204 333 2277 Postquam
359 2214 451 2261 autem
478 2207 606 2263 interiora
631 2209 771 2279 utriusque
797 2210 875 2280 regni
912 2226 972 2263 ram
985 2217 1089 2264 vertere
1103 2211 1131 2263 in
1146 2209 1239 2274 solem,
1254 2217 1282 2264 et
1295 2208 1414 2262 uicissim
1434 2224 1502 2282 cpua
1518 2216 1605 2271 terrm,
1619 2207 1704 2261 solem

80 2284 147 2338 sane
174 2284 324 2349 muniisset,
352 2286 553 2357 expeditionem
580 2296 608 2342 et
629 2287 731 2342 bellum
757 2288 874 2344 molitur.
912 2297 1016 2344 vertere
1036 2290 1066 2342 in
1088 2298 1202 2352 terrumr
1223 2306 1312 2360 neque
1333 2287 1385 2341 hoc
1403 2289 1511 2342 officere
1533 2287 1599 2357 quin
1614 2287 1706 2341 omnia

81 2363 154 2418 Nam
176 2363 207 2417 in
230 2365 327 2434 spatiis
347 2364 402 2420 illia
422 2367 496 2420 intra
518 2366 621 2421 extima
644 2367 706 2420 coeli
728 2375 756 2421 et
778 2368 876 2422 intima
913 2376 988 2422 certo
1002 2368 1103 2432 ordine,
1117 2369 1235 2422 definitis
1250 2367 1424 2437 temporibus,
1438 2376 1466 2421 et
1476 2367 1557 2434 iustis
1571 2365 1705 2420 mensuris

80 2449 158 2497 terrm
176 2458 285 2498 omnem
304 2443 456 2508 nrmultum,
475 2452 502 2499 et
521 2446 685 2510 conflictum,
704 2453 732 2500 et
753 2447 875 2502 tartaris·
913 2447 996 2512 fiant3
1024 2455 1105 2519 atquc
1131 2449 1203 2501 actio
1227 2464 1340 2518 quaeque
1365 2464 1445 2500 cursu
1471 2446 1563 2500 debito
1585 2445 1705 2515 incipiat,

80 2539 154 2576 muru
168 2522 293 2587 inveniri,
306 2531 338 2578 ut
356 2524 387 2577 fit
399 2524 428 2578 in
440 2524 572 2594 imperiis,
587 2526 616 2579 in
631 2526 729 2596 quibua
742 2524 812 2580 illud
824 2543 875 2582 usu
913 2526 1047 2591 moliatur,
1064 2527 1163 2597 vigeat,
1175 2526 1313 2598 langueat,
1324 2533 1420 2579 cesset.
1462 2525 1540 2586 Quod
1553 2531 1642 2578 tamen
1656 2542 1705 2594 per

80 2601 162 2668 veuit,
178 2608 210 2656 nt
223 2602 290 2658 fines
303 2603 502 2658 incursionibus
516 2612 542 2658 et
553 2605 691 2659 violentiis
703 2604 874 2670 infestentur,
912 2605 990 2677 leges
1014 2606 1123 2660 loederis
1147 2613 1195 2660 aut
1218 2605 1368 2660 concordiae
1392 2604 1462 2658 sallas
1485 2620 1540 2657 nou
1567 2604 1633 2668 fieri,
1658 2604 1706 2657 sed

80 2680 143 2735 dura
172 2681 315 2737 interiores
342 2683 490 2752 provinciae
516 2700 612 2739 secura
644 2701 711 2755 pace
744 2685 875 2740 fruuutnr.
913 2686 1024 2740 omnino
1035 2703 1084 2756 per
1096 2685 1299 2754 impotentiam:
1321 2700 1401 2738 omne
1416 2683 1488 2737 enim
1502 2682 1563 2752 plus
1577 2688 1604 2736 et
1616 2683 1706 2738 minue

81 2760 140 2814 Hae
167 2760 261 2832 itaqua
287 2769 405 2828 naturas,
426 2769 454 2817 et
478 2780 571 2818 earum
597 2765 789 2830 concretiones,
815 2782 875 2820 aesc
913 2764 942 2818 in
956 2765 1055 2820 virtute
1069 2772 1097 2820 et
1110 2766 1214 2819 actione
1228 2781 1283 2818 non
1291 2764 1327 2817 ab
1340 2762 1500 2817 intentionis
1513 2762 1705 2828 moderamine,

79 2839 186 2894 midae
199 2841 346 2912 generandi
361 2848 389 2896 et
406 2842 613 2913 multiplicandi,
627 2851 655 2898 et
674 2861 875 2916 quaquaversus
915 2847 989 2915 (quaa
1002 2845 1138 2915 integrum
1152 2844 1280 2915 quiddam
1294 2841 1482 2914 concupiscit,)
1502 2840 1551 2894 aed
1569 2840 1604 2892 ab
1624 2858 1706 2910 oppo-

78 2919 245 2988 effundendi,
251 2929 278 2978 et
284 2922 383 2978 molem
393 2922 515 2978 materiae
523 2924 674 2979 univercum
683 2923 840 2995 occupandi,
849 2931 877 2979 et
913 2924 974 2980 aitoe
986 2931 1090 2979 naturae
1103 2924 1159 2978 ictu
1172 2930 1199 2978 et
1211 2923 1296 2978 fraeno
1309 2940 1385 2987 esae3
1407 2920 1572 2991 operationis
1591 2919 1704 2976 diversi-

78 3016 137 3055 aeae
157 3008 254 3057 mutuo
268 3004 441 3073 oppugnandi
456 3012 483 3058 et
496 3003 649 3069 inuadendi,
663 3013 690 3058 et
704 3005 821 3074 propriis
841 3021 872 3059 sa
913 3010 997 3058 tatem
1010 3011 1038 3058 et
1050 3003 1287 3073 multiplicitatem,
1298 3010 1379 3074 atque
1393 3003 1477 3056 etiam
1487 2999 1704 3071 perplexitatem,

79 3080 191 3135 aedibus
205 3080 367 3136 deturbaudi
381 3089 407 3137 et
420 3083 555 3152 ejiciendi,
570 3092 598 3139 et
611 3101 671 3138 sese
684 3085 713 3137 in
728 3084 762 3138 iia
777 3084 874 3137 conan-
913 3083 1024 3137 omnino
1038 3091 1148 3153 propter
1161 3099 1243 3137 unum
1263 3098 1299 3137 ex
1319 3083 1405 3136 tribus
1424 3080 1485 3135 istis
1505 3080 1629 3145 evenire;
1650 3079 1706 3134 vim

78 3159 181 3224 tuendi,
196 3169 328 3229 practerea
341 3169 369 3215 et
382 3160 492 3217 alterius
510 3169 613 3218 naturre
625 3164 688 3225 vim,
706 3170 734 3216 et
746 3162 874 3227 actiones,
913 3162 1019 3228 caloris,
1033 3162 1240 3232 dispositionem
1254 3161 1381 3226 materiae,
1399 3161 1507 3214 modum
1522 3159 1704 3223 subactionis3

77 3246 105 3291 et
117 3240 245 3308 proprias
258 3241 341 3295 etiam
355 3240 522 3312 percipiendi
537 3252 564 3295 et
581 3242 773 3312 prehendendi,
794 3248 821 3296 et
840 3258 875 3297 ex
914 3259 975 3313 quae
989 3249 1081 3296 tamen
1096 3243 1148 3296 tria
1161 3257 1235 3297 nexu
1255 3241 1371 3312 quodam
1391 3239 1462 3295 inter
1475 3256 1504 3293 se
1525 3238 1705 3307 implicantur,

77 3316 237 3386 hujusmodi
249 3317 423 3390 perceptione
435 3337 464 3376 se
473 3321 597 3375 morendi
609 3328 635 3376 et
646 3321 874 3387 accommodandi,
913 3329 995 3392 atque
1009 3322 1062 3376 aibi
1076 3321 1299 3392 ipaisconcausre
1312 3327 1382 3374 aunt.
1423 3319 1549 3373 Calorem
1563 3317 1704 3388 ipsumri,

77 3397 233 3467 appetitum
245 3408 274 3452 et
289 3399 444 3454 facultatem
458 3400 567 3466 habere,
577 3408 657 3472 atque
667 3418 702 3455 ex
715 3401 771 3455 iata
786 3402 875 3456 decer·
913 3401 1000 3470 copia,
1008 3417 1091 3464 mora,
1097 3400 1194 3465 medio,
1201 3400 1370 3455 successione
1379 3400 1499 3453 differret
1508 3398 1706 3452 successionem

78 3476 191 3541 tatione,
215 3479 335 3532 omnium
358 3480 469 3543 entium,
494 3487 575 3550 atque
597 3481 686 3534 omnis
707 3481 822 3535 actionis
847 3487 876 3536 et
913 3496 978 3534 vero
987 3480 1075 3550 ipsam
1084 3480 1113 3534 in
1123 3480 1248 3550 plurimis
1257 3480 1364 3543 vanari,
1372 3478 1535 3540 accedentia,
1545 3477 1705 3541 recedentia,

75 3555 188 3611 virtutis
202 3557 359 3612 varietatem
379 3559 483 3614 deduci.
524 3560 636 3615 Videtur
655 3567 744 3614 tamen
766 3560 874 3625 alicubi,
913 3560 971 3614 aive
984 3560 1143 3623 intentione,
1158 3559 1327 3623 remissione,
1342 3557 1420 3623 saltu,
1435 3558 1528 3629 gradu,
1538 3557 1632 3620 reditu,
1647 3556 1704 3611 aire

76 3634 144 3691 licet
166 3636 315 3691 titubanter
335 3645 362 3692 et
383 3638 506 3703 strictim,
531 3639 635 3711 aliquid
658 3640 730 3693 dotia
753 3640 875 3693 materiae
912 3639 1076 3709 repetitione
1090 3656 1139 3709 per
1152 3640 1257 3708 majora
1269 3639 1433 3692 autmiuora
1446 3636 1604 3699 interualla3
1625 3644 1706 3707 atque

75 3715 233 3786 impertirir
249 3717 337 3785 primo
351 3724 382 3772 ut
394 3733 449 3771 uon
462 3727 593 3787 augeatur
607 3736 658 3772 uec
672 3719 815 3784 minuatur,
826 3735 876 3788 per
913 3719 1068 3787 hujusmodi
1094 3718 1309 3773 alterationibus.
1352 3717 1464 3771 Calores
1483 3716 1574 3786 itaque
1596 3731 1706 3785 prorsus

77 3794 180 3849 immas
191 3803 219 3849 et
230 3796 318 3850 activa
328 3797 410 3861 entia,
420 3797 467 3851 sed
482 3814 587 3851 summa
595 3797 742 3853 universali
758 3805 873 3852 constet:
912 3798 939 3852 vi
955 3805 981 3851 et
995 3806 1093 3852 natura
1106 3798 1188 3869 longe
1203 3797 1400 3852 diversissimos
1414 3812 1481 3859 esee,
1492 3803 1571 3866 prout
1582 3794 1706 3863 puriores

76 3873 178 3928 deinde
192 3881 223 3929 ut
234 3883 324 3930 motus
344 3877 485 3946 gravitmia
505 3878 563 3932 sire
577 3878 724 3932 descensus
744 3870 779 3930 ad
798 3878 875 3932 illam
913 3877 956 3931 rel
978 3878 1147 3948 impuriores,
1168 3877 1262 3930 babitu
1284 3877 1388 3930 ratione
1409 3875 1444 3928 nd
1467 3875 1583 3946 primum
1604 3873 1707 3929 sontem

75 3953 232 4008 referatur:
260 3954 344 4009 etiam
370 3955 498 4027 quiddam
526 3957 559 4010 tle
587 3956 728 4027 nigredine
755 3957 875 4011 materioe
914 3955 1013 4022 (solem
1027 3956 1165 4025 videlicet)
1180 3957 1244 4011 iacti
1258 3955 1322 4011 sint.
1355 3957 1453 4026 Neque
1468 3953 1584 4008 calorem
1599 3968 1708 4007 omnem

76 4032 177 4099 injicit.
221 4032 292 4088 illud
314 4043 405 4088 autem
425 4036 582 4106 perspicuc3
604 4036 722 4090 calorem
743 4043 771 4090 et
787 4036 875 4107 frigus
913 4035 1030 4090 calorem
1046 4036 1152 4090 fovere:
1173 4036 1221 4090 aed
1234 4043 1376 4106 postquam
1390 4034 1519 4105 gradibus
1532 4034 1601 4086 bene
1615 4032 1707 4087 multis

77 4112 176 4166 eadem
190 4110 218 4165 ri
232 4120 260 4165 et
274 4113 360 4183 copia,
375 4113 404 4167 in
418 4116 532 4170 materia
546 4115 682 4184 explicata
696 4116 767 4170 vires
781 4116 874 4170 remit·
913 4115 948 4167 ad
972 4117 1088 4171 invicem
1116 4115 1224 4179 distent,
1249 4132 1278 4169 se
1305 4123 1398 4168 mutuo
1424 4130 1478 4167 non
1500 4113 1597 4175 minua,
1626 4129 1707 4182 quam

77 4191 188 4253 tere,in
209 4191 372 4262 complicata
393 4193 540 4258 intendere,
560 4212 620 4249 curn
643 4212 798 4249 mensuram
820 4212 874 4249 non
914 4194 1025 4265 frigora,
1048 4195 1182 4265 perimere
1201 4211 1233 4248 ac
1255 4194 1418 4264 perdere,'et
1440 4194 1565 4263 proprias
1587 4192 1707 4246 actiones

77 4270 347 4327 auamsedmateriae
360 4272 502 4341 impleant.
530 4273 722 4328 Modumvero
735 4275 875 4346 excogitat
913 4290 1004 4345 agere,
1019 4281 1047 4327 et
1056 4275 1168 4328 alterius
1182 4273 1333 4327 actionibus
1343 4273 1480 4327 adversari
1494 4281 1576 4343 atque
1590 4271 1706 4342 opponi;

76 4357 162 4420 atque
184 4349 305 4421 explicat
326 4350 458 4417 Telesina,
477 4369 532 4423 quo
551 4370 588 4407 ex
605 4352 657 4407 hoc
676 4354 825 4407 certamine
847 4359 876 4406 et
914 4360 944 4407 ut
958 4354 1076 4407 minores
1085 4353 1188 4407 calorea
1198 4353 1232 4407 sd
1246 4352 1333 4406 multo
1341 4353 1459 4420 majores
1472 4353 1617 4406 constituat
1631 4350 1708 4404 'lele-

76 4427 153 4481 lucta
172 4427 264 4484 induci
284 4438 365 4502 atquc
386 4431 515 4501 expediri.
529 4433 616 4502 possit
634 4440 690 4487 tam
710 4432 834 4487 ioecnuda
847 4440 875 4486 et
914 4433 972 4487 sius
985 4441 1113 4503 tanquam
1126 4432 1279 4503 proditores
1293 4439 1320 4486 et
1334 4432 1471 4501 perfugae,
1486 4440 1513 4485 et
1528 4448 1589 4484 cum
1607 4430 1707 4501 frigore

76 4507 226 4576 multiplex
239 4509 342 4563 entium
356 4511 507 4581 generatio.
540 4512 580 4565 Ac
593 4512 683 4581 primo
696 4518 774 4566 cavet
788 4519 874 4575 terrae,
914 4513 1110 4582 conspirantes.
1153 4513 1249 4583 ltaque
1258 4510 1378 4565 vividum
1392 4510 1470 4565 illum
1484 4510 1610 4571 calorem,
1618 4511 1664 4580 qui
1678 4508 1708 4562 in

77 4585 203 4641 inferiori
217 4587 320 4642 scilicet
334 4588 477 4659 principio,
490 4607 522 4644 ac
537 4591 657 4644 ostendit
670 4592 735 4661 quid
749 4591 778 4644 in
792 4606 876 4644 causa
913 4591 979 4661 igne
999 4600 1050 4654 eat,
1065 4598 1093 4645 et
1111 4591 1238 4654 vibratur,
1253 4590 1353 4645 exilem
1375 4590 1454 4645 illum
1473 4589 1598 4650 calorem,
1612 4588 1658 4659 qui
1679 4589 1708 4640 in

78 4667 124 4729 ait,
134 4682 184 4719 cur
197 4682 215 4719 a
228 4667 285 4720 cole
300 4674 371 4721 terra
381 4668 544 4739 jampridem
557 4669 699 4733 destructa,
710 4678 737 4723 et
749 4670 877 4740 absorpta
914 4686 986 4741 aque
1000 4670 1093 4741 carpit,
1104 4670 1215 4724 omnino
1227 4670 1398 4733 interimerer
1414 4679 1494 4741 atque
1504 4667 1627 4722 similiter
1637 4667 1708 4720 calo

76 4761 135 4798 nou
149 4746 195 4807 eit,
209 4746 303 4800 necin
318 4747 438 4801 futurum
452 4765 512 4802 ease
526 4750 619 4818 possit.
654 4748 742 4818 Caput
756 4748 822 4804 huic
835 4749 875 4803 rei
914 4767 973 4803 rem
992 4749 1239 4819 protematuralem
1259 4749 1403 4803 humorum
1422 4749 1590 4818 putridorum
1604 4747 1633 4799 iu
1646 4762 1705 4798 cor-

77 4823 239 4878 diatantiam
260 4824 335 4894 ponit
355 4835 435 4881 terrae
448 4815 572 4882 catellis
592 4828 655 4883 fixis
675 4830 876 4892 immensuma
914 4829 1118 4899 porebumauo,
1133 4828 1250 4881 calorem
1264 4828 1415 4883 naturalem
1430 4829 1561 4882 suffocare
1576 4832 1603 4878 et
1617 4824 1708 4878 ernn-

77 4901 139 4957 aole
152 4903 215 4972 ipco
228 4904 444 4976 ratiamagnam,
460 4914 494 4972 et,
509 4907 597 4979 qualia
612 4924 672 4962 esse
686 4907 791 4972 debeat,
806 4907 875 4961 bene
915 4925 1007 4979 guere.
1049 4907 1165 4978 Copiam
1187 4923 1252 4961 vero
1274 4907 1372 4961 caloris
1397 4907 1543 4977 plurimum
1567 4905 1708 4967 interesse,

75 4989 272 5037 memoratam
301 4983 432 5049 Secundo,
445 4985 652 5042 declinationem
663 4986 799 5041 radiorum
810 4986 876 5042 solia
914 4987 1084 5041 manifestius
1095 5003 1252 5057 essequam
1263 4987 1481 5058 utexplicaticne
1493 4991 1581 5056 egeat.
1609 4984 1708 5053 Neque

77 5077 98 5115 a
121 5062 325 5132 perpendiculo,
350 5063 447 5118 habito
468 5074 593 5136 respectu
617 5067 652 5121 ad
679 5074 770 5137 partes
796 5074 876 5122 terrra
915 5067 988 5122 enirn
1002 5083 1085 5121 unam
1105 5074 1152 5121 aut
1172 5066 1285 5120 alteram
1305 5067 1379 5137 ignia
1400 5082 1514 5136 prunam
1533 5079 1610 5132 reque
1625 5061 1709 5115 rehe-

77 5138 222 5204 direraaac
252 5141 323 5212 quod
349 5142 478 5198 videlicet
506 5160 588 5215 supra
610 5147 742 5214 majorem
770 5153 876 5216 partem
914 5154 1026 5209 menter,
1041 5162 1072 5199 ac
1086 5145 1184 5201 multas
1205 5155 1385 5209 coacervatas,
1399 5144 1567 5205 calefacere;
1589 5141 1709 5195 maxime

77 5226 162 5273 terrm
174 5219 217 5274 sol
229 5237 369 5292 nunquam
384 5223 419 5276 ait
431 5223 460 5276 in
473 5224 574 5279 vertice
589 5233 637 5279 aut
647 5224 795 5279 incidentia
807 5225 877 5279 radi·
915 5233 1007 5280 antem
1020 5226 1163 5297 insigniter
1176 5226 1262 5296 copiae
1276 5225 1374 5279 caloris
1388 5225 1513 5277 effectum
1531 5222 1709 5276 demonstrari

77 5314 159 5353 mum
183 5300 430 5369 perpendiculariar
459 5302 528 5355 adeo
556 5311 586 5357 ut
611 5305 768 5358 universum
796 5312 875 5359 terrae
915 5305 943 5358 iu
958 5304 1185 5375 multiplicatione
1205 5305 1304 5359 caloris
1324 5304 1389 5357 aclis
1408 5319 1459 5372 per
1476 5301 1652 5356 reflexionem
1666 5315 1709 5354 ra·

78 5377 194 5450 globum
203 5377 297 5447 rigore
311 5378 404 5450 aliquo
412 5381 509 5435 caloria
524 5383 637 5436 notabili
647 5400 786 5454 nunquam
800 5399 878 5437 occu-
915 5384 1039 5447 diorum
1060 5401 1187 5439 numerus
1201 5385 1273 5437 enim
1289 5382 1422 5436 radiorum
1437 5380 1642 5449 conduplicetur
1661 5395 1710 5448 per

79 5466 136 5528 pet.
177 5456 279 5523 Tertio,
290 5457 477 5530 obliquitatem
492 5468 580 5516 motus
594 5461 668 5526 solis,
682 5464 878 5517 intranscurau
914 5464 1090 5518 reflexionem
1117 5463 1276 5532 simplicem,
1306 5459 1500 5529 multiplicatur
1522 5476 1571 5528 per
1594 5458 1708 5511 ranam.

78 5553 130 5608 per
155 5536 304 5605 zodiacum,
333 5536 428 5594 habito
454 5547 579 5612 respectu
605 5541 641 5595 ad
667 5541 777 5597 eaedem
800 5549 878 5598 terras
916 5543 1011 5613 Copiae
1030 5542 1128 5599 caloris
1146 5559 1210 5598 cero
1224 5540 1304 5596 debet
1318 5539 1433 5595 adscribi
1450 5540 1492 5594 rel
1514 5537 1576 5594 addi
1590 5545 1617 5593 et
1637 5538 1709 5601 unio,
