3800 5875
381 1087 770 1173 FRANCISCUS
811 1091 899 1173 DE
942 1070 1340 1189 VE'RULAMIQ

677 1362 748 1429 SIC
777 1362 1036 1441 ΟΟΟΙΤΑἿΙΤ,

99 1624 268 1670 rimavit
282 1624 364 1667 APUD
376 1624 411 1667 8ss
423 1624 581 1669 annonast
594 1625 755 1674 matritum
769 1626 855 1671 stss
869 1625 1048 1668 vtvertTlBUs
1060 1625 1099 1667 BT
1112 1625 1252 1668 Possem
1264 1625 1368 1668 ΝΟΤΔΜ
1381 1625 1469 1676 PlBRl,
1482 1625 1615 1672 lHOBUH

705 1706 867 1749 tardasses
880 1706 1016 1748 Pursvtt.

71 1947 410 2021 cuuilnprocomperto
420 1956 500 2015 esset,
511 1949 840 2006 intellectumhnmanum
874 1958 969 2006 tumen
989 1950 1063 2006 idem
1083 1955 1201 2005 tractatu
1221 1965 1319 2005 sanum
1332 1948 1496 2020 invenietur,
1511 1967 1544 2005 ac
1558 1950 1681 2006 sobrium

30 2029 158 2099 sibiipsi
186 2031 333 2100 negotium
361 2030 614 2101 decesseremque
637 2030 748 2085 auxiliis
769 2032 841 2086 veris
874 2032 972 2102 magis,
985 2047 1069 2102 quam
1078 2046 1119 2096 ea,
1129 2047 1192 2101 quse
1206 2029 1296 2085 adbuc
1308 2030 1380 2085 iacta
1394 2038 1465 2086 sunt
1497 2031 1596 2087 Exitus
1605 2031 1681 2086 enim

31 2113 103 2180 (qna
117 2109 148 2165 iu
167 2109 295 2165 bominis
316 2117 454 2180 potestate
475 2109 552 2182 sunt)
566 2111 606 2165 uti
623 2111 713 2165 sobrie
727 2119 756 2166 et
769 2128 841 2165 corn-
875 2111 959 2181 hujus
972 2112 1013 2166 rei
1027 2110 1238 2166 estnonnullua
1281 2112 1315 2165 ln
1329 2111 1365 2166 iis
1379 2127 1451 2176 vero,
1467 2128 1528 2182 quse
1539 2111 1599 2180 jam
1612 2112 1682 2167 liunt

30 2190 127 2252 mode3
149 2190 224 2246 unde
239 2188 391 2260 multiplex
408 2209 499 2247 rernrn
513 2191 659 2262 ignoratio,
674 2199 702 2245 et
716 2209 753 2247 cx
765 2191 841 2263 igno
875 2192 949 2245 circa
963 2191 1102 2256 scientias,
1118 2199 1161 2246 est
1173 2192 1280 2263 vertigo
1295 2191 1429 2263 quiedam,
1448 2198 1477 2246 et
1490 2192 1607 2264 agitatio
1621 2209 1682 2264 per-

30 2271 134 2324 ratiune
147 2287 243 2325 rerum
257 2271 423 2326 detrimenta
435 2271 597 2336 innumera:
618 2272 693 2326 omni
712 2288 765 2343 ope
779 2289 841 2326 con·
875 2280 965 2342 petua,
995 2280 1022 2326 et
1048 2271 1174 2327 circulus.
1216 2272 1317 2343 Neque
1345 2289 1408 2326 eum
1431 2271 1505 2343 fugit
1528 2280 1631 2345 quanta
1651 2272 1682 2328 iu

31 2351 173 2406 nitendum
185 2351 466 2423 existimavitsiquo
476 2352 557 2406 modo
566 2352 842 2407 commercinmistud
875 2352 1024 2407 solitudine
1051 2362 1174 2407 versetur
1200 2351 1253 2406 boc
1284 2352 1512 2422 experimentum,
1541 2358 1570 2408 ct
1598 2369 1681 2423 quam

31 2432 128 2486 mentis
137 2439 167 2486 et
181 2448 277 2486 rerum
288 2431 347 2501 (cui
361 2431 409 2486 six
420 2432 525 2503 aliquid
538 2432 568 2486 in
583 2433 671 2496 terris,
681 2440 730 2487 aut
743 2431 840 2487 saltem
875 2433 974 2487 durum
985 2441 1013 2486 et
1022 2432 1184 2487 incredibile
1196 2432 1233 2487 sit
1242 2431 1277 2487 ad
1288 2432 1441 2487 faciendam
1452 2432 1542 2488 fidem.
1571 2432 1682 2488 Nihilo

30 2510 56 2564 in
69 2513 196 2576 terrenis,
205 2528 236 2565 se
247 2511 371 2566 ostendit
385 2512 489 2583 simile)
507 2513 615 2567 restitui
629 2521 722 2584 posset
733 2514 762 2566 in
772 2514 842 2567 inte·
876 2513 976 2578 minus,
990 2529 1041 2568 nec
1063 2530 1129 2577 rem,
1148 2529 1199 2567 nec
1216 2514 1339 2583 seipsum
1359 2511 1540 2568 deserendum
1558 2514 1681 2583 putavit;

30 2601 171 2660 grammat
180 2591 319 2646 saltemin
327 2592 427 2648 melius
435 2593 542 2647 deduci.
566 2592 604 2647 Ut
610 2594 840 2664 seroerroresqui
876 2594 943 2664 quin
954 2594 1036 2659 viam,
1052 2611 1113 2665 quse
1126 2609 1182 2648 une
1202 2592 1332 2648 humanae
1344 2593 1431 2648 menti
1451 2593 1547 2664 pervia
1560 2601 1609 2658 est,
1624 2602 1682 2648 ten-

30 2671 213 2737 iuraluernnt,
229 2673 337 2743 quique
351 2673 380 2726 in
398 2681 531 2728 aeternnm
548 2672 689 2728 invalitnri
703 2681 774 2738 sunt,
793 2673 841 2728 alii
876 2682 948 2728 taret
962 2680 1044 2746 atquc
1057 2674 1158 2728 iniret:
1173 2678 1286 2744 praestat
1296 2672 1370 2728 enim
1381 2672 1548 2744 principium
1555 2674 1619 2728 dare
1631 2674 1681 2741 rei,

30 2760 88 2821 pust
101 2752 174 2807 alios
191 2753 230 2824 (si
245 2770 327 2808 mens
341 2753 394 2807 sibi
408 2753 595 2825 permittatur)
610 2753 664 2824 ipsi
679 2770 709 2808 se
723 2755 841 2826 corrige·
876 2772 939 2826 quta
952 2754 1059 2809 exitum
1072 2754 1175 2809 habere
1189 2754 1284 2824 possit,
1300 2769 1383 2825 quam
1397 2753 1427 2807 in
1441 2753 1485 2818 iis,
1499 2769 1562 2825 quse
1575 2754 1679 2814 exitum

31 2840 95 2896 rent,
114 2832 163 2887 vel
184 2850 222 2888 ex
242 2833 270 2886 vi
293 2833 449 2888 intellectus
468 2834 588 2904 propria,
608 2832 653 2888 vel
672 2852 709 2890 ex
728 2834 842 2890 auxiliis
875 2835 982 2890 nullum
1003 2834 1114 2901 babent,
1129 2841 1263 2905 perpetus
1283 2832 1457 2888 contentione
1477 2839 1504 2887 et
1522 2833 1613 2888 studio
1631 2834 1670 2888 im

30 2921 109 2985 atque
125 2912 309 2969 adminiculis
323 2913 482 2980 dialectica,
503 2912 581 2970 nulls
601 2930 713 2985 prorsus
732 2915 843 2971 suberat
875 2914 982 2988 plicari.
1024 2915 1085 2971 Via
1099 2923 1190 2971 nutem
1204 2913 1424 2986 contemplativae
1437 2913 1491 2970 riis
1508 2911 1565 2969 illis
1585 2914 1682 2970 activis

29 3010 108 3063 spen
129 3002 282 3065 propterea
303 2995 376 3065 quod
393 2996 517 3051 notiones
538 3013 629 3050 rerum
653 2997 758 3067 primm,
773 3013 842 3067 quas
876 2997 1028 3051 decantatis
1039 2996 1095 3051 fere
1106 2996 1292 3066 respondente
1306 3001 1339 3051 nt
1351 2994 1448 3062 altera,
1460 2994 1495 3049 ab
1507 2991 1586 3049 initio
1596 2995 1682 3050 ardua

29 3092 105 3130 mens
116 3075 224 3129 haustu
239 3074 316 3128 incili
332 3082 360 3128 et
375 3076 474 3146 supino
487 3077 600 3147 excipit,
615 3076 744 3143 recondit,
760 3083 841 3148 atque
877 3083 906 3131 et
919 3076 1048 3142 difficilis,
1060 3077 1167 3133 desinet
1177 3077 1207 3131 in
1217 3082 1359 3147 spertnm;
1374 3074 1469 3142 alters,
1480 3075 1571 3145 primo
1580 3074 1682 3131 intuitu

30 3154 187 3210 attumulat
207 3155 295 3227 (unde
314 3155 424 3226 reliqna
438 3156 530 3210 omnin
543 3155 644 3228 fluunt)
658 3157 766 3211 vitiosae
780 3157 841 3222 sint,
876 3157 1008 3228 expedita
1029 3162 1058 3211 et
1074 3156 1213 3227 proclivis,
1231 3158 1314 3212 ducat
1337 3155 1366 3210 in
1388 3157 1451 3211 avia
1470 3163 1498 3210 et
1517 3155 1680 3227 praecipitis.

30 3244 55 3288 rt
79 3235 215 3298 emisisse,
243 3242 272 3290 et
296 3241 400 3290 temere
423 3253 440 3289 a
462 3236 544 3293 rebus
565 3236 727 3301 abstraetae;
751 3254 842 3308 neque
877 3237 947 3292 Cum
962 3246 1054 3293 autern
1070 3238 1192 3292 incertus
1213 3244 1293 3302 esset,
1307 3235 1416 3308 quando
1437 3236 1497 3291 brec
1511 3236 1595 3290 alicui
1608 3242 1682 3306 post-

31 3317 118 3370 minor
140 3317 180 3371 sit
202 3316 232 3370 in
256 3316 386 3371 secundis
408 3325 436 3370 et
456 3316 571 3389 reliquis
595 3316 682 3371 libido
700 3326 729 3372 et
750 3318 842 3371 incon·
876 3317 930 3372 hac
952 3318 981 3372 in
1000 3326 1121 3373 mentem
1139 3325 1255 3373 ventura
1275 3318 1346 3381 sint;
1368 3333 1401 3371 eo
1421 3316 1595 3389 potissimum
1616 3330 1682 3371 usus

33 3397 143 3450 nantia:
166 3413 205 3450 ex
220 3413 278 3467 quo
290 3396 331 3460 lit,
346 3405 377 3451 ut
397 3396 528 3451 universa
547 3399 601 3453 ista
619 3398 690 3452 ratio
710 3398 840 3462 humana,
877 3406 1047 3470 argumento,
1061 3399 1134 3470 quod
1152 3399 1291 3453 neminem
1312 3397 1444 3452 hactenus
1458 3396 1570 3461 invenit,
1585 3396 1632 3468 qui
1646 3396 1683 3451 sd

34 3492 82 3544 qua
101 3477 211 3531 utimur
233 3476 326 3547 quoad
348 3476 555 3547 inquisitionem
567 3486 681 3541 naturae,
696 3494 751 3531 non
771 3478 842 3532 bene
877 3478 983 3534 similes
1006 3480 1186 3551 cogitationes
1206 3478 1329 3533 animum
1352 3477 1533 3548 applicuerit3
1558 3476 1682 3531 decrevit

35 3566 163 3625 emgesta
177 3564 209 3610 et
222 3556 361 3610 edificata
374 3558 419 3621 sit,
433 3558 482 3611 sed
503 3566 635 3629 tanquam
648 3558 735 3614 moles
749 3558 843 3629 aliqua
877 3559 968 3629 prima
996 3576 1120 3631 qumque,
1140 3576 1201 3630 quas
1226 3560 1356 3629 perlicere
1381 3557 1467 3623 licuit,
1488 3557 1518 3611 in
1541 3557 1682 3629 publicum

36 3636 180 3708 magnifica
208 3637 271 3690 sine
299 3636 488 3692 fundamento,
544 3637 620 3692 Dum
652 3639 726 3692 enirn
754 3637 839 3694 falsas
877 3640 968 3694 edere.
1010 3640 1111 3711 Neque
1139 3638 1199 3694 haec
1225 3639 1364 3693 festinatio
1385 3637 1530 3692 ambitiosa
1552 3637 1611 3703 init,
1634 3637 1683 3692 sed

37 3717 130 3770 nentis
151 3718 230 3771 sires
253 3716 388 3771 mirantur
406 3718 533 3773 homines
553 3727 582 3772 et
602 3717 749 3781 celebrant,
764 3735 843 3772 veras
877 3719 999 3785 solicita3
1020 3729 1052 3774 ut
1066 3720 1090 3774 si
1105 3719 1172 3790 quid
1185 3719 1228 3774 illi
1242 3718 1402 3774 humanitus
1417 3717 1560 3783 accideret,
1575 3724 1683 3773 extaret

37 3796 163 3862 eiusdem,
179 3814 245 3868 quse
260 3813 322 3851 esse
336 3797 444 3867 possint
457 3798 494 3869 (si
510 3798 604 3854 debita
621 3799 647 3853 ei
662 3798 843 3853 adhibeantur
877 3807 969 3855 tamen
991 3799 1146 3871 designatio
1164 3801 1298 3871 quaedam,
1313 3816 1345 3853 ac
1366 3798 1512 3853 destinatio
1533 3797 1582 3861 rei,
1598 3815 1682 3870 quam

37 3878 145 3941 auxilia,
154 3886 241 3949 atque
252 3878 315 3947 ipsa
325 3878 409 3933 rebus
419 3878 556 3950 morigera
566 3879 609 3943 sit,
617 3895 668 3933 nec
679 3880 843 3949 impotenter
877 3881 971 3934 animo
984 3880 1145 3950 complexus
1158 3887 1217 3945 est;
1240 3888 1324 3951 utque
1345 3886 1453 3934 exteret
1466 3877 1550 3934 simul
1570 3878 1682 3950 signum

36 3957 111 4012 rebus
125 3956 254 4025 insultet)
270 3966 441 4028 praetereunt
454 3966 482 4012 et
496 3958 631 4029 perdunt:
646 3959 766 4013 restabat
774 3958 843 4013 illud
877 3960 989 4032 aliquod
999 3960 1122 4015 honesta
1136 3977 1194 4017 suae
1207 3966 1236 4015 et
1247 3976 1390 4031 propense
1401 3960 1429 4013 in
1444 3959 1553 4030 generis
1566 3958 1682 4014 hnmani

37 4038 263 4101 masmae
273 4039 512 4110 integrotentetur
522 4037 682 4094 melioribus
691 4039 841 4110 praesidiis3
877 4040 1022 4095 commoda
1052 4039 1209 4095 voluntatis.
1264 4037 1345 4095 Certe
1378 4038 1461 4094 eliam
1490 4056 1682 4112 quamcunque

35 4126 116 4188 nque
125 4118 174 4171 fist
185 4119 363 4173 scientiarum
372 4126 400 4172 et
410 4118 517 4183 artium,
525 4128 607 4191 atque
619 4118 844 4174 omnishumnnne
878 4121 1058 4175 ambitionem
1072 4121 1230 4175 inferiorem
1246 4119 1324 4175 duxit
1338 4137 1375 4185 re,
1388 4137 1470 4191 quam
1484 4137 1541 4191 prae
1555 4120 1682 4175 manibus

35 4194 212 4263 dottnmin
226 4199 387 4254 universnm
401 4198 710 4264 instauratio,adebitis
724 4199 844 4254 excitata
877 4200 993 4256 babuit:
1014 4209 1062 4255 aut
1082 4201 1157 4256 enim
1178 4201 1239 4267 hoc,
1254 4201 1327 4272 quod
1345 4200 1443 4271 agitur,
1461 4199 1534 4255 nibil
1553 4206 1612 4266 θεῖς
1633 4207 1683 4256 aut

36 4274 227 4332 fundamentis
270 4278 334 4333 Hoc
361 4296 427 4335 vero
455 4278 521 4334 licet
544 4296 679 4352 aggressu
703 4279 842 4334 infinitum
878 4288 991 4346 tantum,
1009 4289 1040 4335 ut
1054 4280 1153 4336 merito
1171 4279 1234 4352 ipso
1247 4289 1406 4337 contentum
1423 4297 1484 4337 esse
1504 4280 1612 4347 debeat,
1626 4297 1682 4346 nce

36 4357 164 4425 quiddam
193 4357 280 4414 sideri
304 4359 403 4430 possit,
431 4376 464 4414 ac
492 4377 575 4432 supra
596 4359 671 4417 vires
698 4359 842 4428 mortales,
878 4361 998 4419 fructum
1011 4369 1091 4417 extra
1105 4379 1237 4434 quaerere.
