3800 5875
626 331 795 388 IMPETUS
817 332 1100 390 PHILOSOPHlCl.
1616 336 1673 392 685

28 496 113 544 tores
131 489 234 558 gradus
253 489 385 561 quosdam
398 505 526 561 agnosco,
541 490 690 561 pessiumm
708 499 736 546 et
749 492 840 547 absur·
877 492 993 562 quodam
1007 493 1202 564 indignationis
1216 492 1322 547 dedisti
1354 492 1417 547 Rite
1428 498 1456 547 et
1465 493 1559 548 ordine
1568 494 1673 559 feceris,

28 568 186 623 dismmam
203 585 289 640 genas
303 585 406 635 eorum,
421 570 468 641 qui
488 570 617 625 methodo
630 579 658 624 et
671 571 840 643 acribologia
877 572 901 625 si
915 571 950 625 ab
964 572 1068 642 ingenii
1082 573 1191 642 placitis
1205 573 1239 625 ad
1253 581 1358 628 natura
1372 572 1438 626 scita
1455 581 1482 627 te
1497 575 1672 640 transtuleris,

28 648 198 702 universam
218 656 304 703 artem
324 648 565 718 comprehendunt,
587 650 687 720 quibus
700 650 783 722 vulgo
804 652 839 706 ob
877 649 926 703 tibi
940 667 995 704 non
1009 652 1090 707 modo
1110 660 1196 706 artem
1209 651 1327 716 brevem,
1342 652 1390 706 sed
1410 661 1439 706 et
1457 651 1541 706 vitam
1562 652 1673 725 longam

28 727 223 782 elocutionem
234 737 261 782 et
274 728 396 783 ordinem
410 728 600 799 applauditur;
615 729 706 801 qualis
719 738 761 785 est
775 731 838 786 l‘er·
876 738 1043 799 porrectura.

28 807 138 861 nelina.
180 807 274 862 Minus
286 807 451 862 incommodi
465 808 734 879 sunt,quimajorem
748 810 838 866 obser-
916 808 980 863 Jam
1001 818 1112 865 cataros
1126 808 1274 864 chemistas
1293 810 1428 864 sententia
1447 810 1476 864 in
1499 808 1673 867 Paracelsum

29 887 182 941 vationum
197 897 224 942 et
237 887 487 957 experimentorum
503 889 662 942 varietatem
677 897 704 943 et
719 890 838 960 proprie·
876 887 932 941 lata
944 888 1049 943 defixos
1062 906 1144 943 cerno
1152 890 1349 958 obstupescere.
1380 889 1538 959 Agnoscunt
1551 890 1673 960 profecto

29 973 124 1021 tatem
133 967 285 1032 ostendunt,
296 966 362 1021 licet
375 965 541 1021 stultissimis
555 968 757 1023 causationibus
770 970 838 1025 dilu·
876 967 985 1022 decreta
1011 984 1068 1034 sua,
1092 984 1154 1040 qua
1180 969 1234 1023 ista
1261 968 1349 1040 magis
1377 969 1566 1039 promulgavit,
1590 986 1672 1040 quarn

28 1051 95 1100 tam
108 1053 138 1100 et
151 1045 316 1110 immersam,
329 1045 545 1101 utAmoldusde
559 1045 634 1102 Villa
647 1047 737 1112 Nova,
747 1058 775 1103 et
789 1049 837 1102 alii
875 1046 974 1117 posuit,
989 1063 1021 1100 ac
1043 1046 1198 1118 arrogantia
1220 1063 1272 1117 pro
1294 1046 1409 1103 cautelis
1427 1047 1514 1116 (haud
1533 1047 1614 1119 plane
1635 1067 1672 1104 ex

29 1124 61 1178 id
70 1141 176 1195 genas.
219 1125 329 1180 intueor
338 1126 374 1180 ab
387 1125 473 1180 altera
487 1133 562 1195 parte
571 1126 712 1181 cohortem
722 1127 838 1183 chemis·
875 1125 992 1197 antiqua
1011 1126 1169 1197 disciplina)
1188 1125 1373 1181 communivit.
1416 1126 1471 1180 Ubi
1490 1143 1555 1182 sane
1569 1144 1672 1198 magna

28 1210 138 1269 tarum,
148 1205 220 1260 inter
234 1222 301 1275 quos
315 1221 345 1259 se
359 1212 422 1259 ante
435 1204 503 1259 alios
514 1206 600 1275 jactat
613 1206 781 1273 Paracelsus,
791 1207 837 1279 qui
875 1206 1025 1260 mentiendi
1048 1206 1260 1277 reciprocatione
1282 1205 1352 1260 inter
1371 1222 1401 1260 se
1421 1205 1558 1261 conciliati
1579 1206 1671 1278 largas

28 1283 157 1338 audacia
182 1285 281 1339 meruit
303 1292 333 1339 ut
356 1285 503 1355 separatim
530 1283 692 1340 coerceatur.
746 1286 836 1358 Atque
874 1284 976 1355 ubique
999 1301 1062 1356 spes
1082 1292 1225 1351 ostentant,
1244 1291 1272 1338 et
1293 1301 1344 1355 per
1361 1284 1539 1355 experientia
1560 1286 1670 1358 quidem

29 1363 195 1433 superiores
208 1362 258 1428 illi,
273 1380 341 1435 quos
355 1364 435 1419 modo
453 1364 670 1435 perstrinximus,
685 1366 835 1430 mendacia,
875 1364 954 1418 devia
968 1365 1039 1434 sagi,
1053 1364 1082 1419 in
1097 1364 1222 1436 quaedam
1235 1362 1311 1418 utilia
1326 1380 1399 1429 casu,
1413 1381 1467 1419 non
1479 1363 1568 1430 ducta,
1583 1382 1669 1435 qusn-

29 1451 60 1497 tu
76 1449 213 1498 monstra.
253 1442 359 1504 Quatu
374 1443 454 1499 novis
467 1443 571 1498 Bacchi
589 1443 699 1499 oracula
712 1444 741 1498 ia
754 1453 836 1501 mete·
874 1443 963 1514 doque
977 1442 1174 1515 impinguntur.
1216 1442 1249 1497 ln
1259 1442 1443 1498 theoriisvero
1456 1444 1553 1498 iisdem
1564 1445 1599 1497 ab
1610 1452 1669 1499 arte

28 1522 122 1577 oricis
145 1522 246 1586 fundis,
265 1521 363 1577 aemule
384 1522 517 1594 Epicurii
542 1522 592 1578 Ille
616 1523 757 1578 tamenin
782 1524 835 1580 hac
874 1539 924 1576 sua
951 1521 1057 1594 (utpote
1082 1522 1200 1577 fornacis
1230 1521 1369 1593 discipuli)
1403 1539 1458 1576 non
1490 1531 1667 1579 recesserunt.

27 1611 114 1671 parte
125 1610 255 1673 tanquam
265 1601 460 1657 indormiscens
471 1608 498 1657 et
509 1602 684 1675 aliudagens,
693 1603 836 1673 opiniones
875 1601 1015 1657 Verumut
1025 1601 1158 1657 delicatus
1171 1600 1218 1656 ille
1232 1599 1448 1656 adolescentulus
1461 1619 1523 1657 cum
1537 1601 1669 1658 scalmum

27 1680 122 1736 veluti
148 1682 214 1735 sorti
239 1681 390 1736 committit.
431 1681 473 1737 Tu
496 1682 569 1737 omni
591 1689 664 1737 sorte
680 1684 788 1739 stultior
806 1685 836 1739 in
873 1681 902 1735 in
916 1680 1006 1735 littore
1016 1680 1169 1751 reperisset,
1182 1697 1281 1736 navem
1295 1681 1429 1736 adificare
1442 1681 1613 1752 concupivit:
1629 1683 1669 1736 ita

28 1760 229 1815 absurdissimi
243 1762 375 1831 cujusque
383 1762 518 1816 mendacii
526 1762 608 1817 verba
618 1762 710 1830 jurare
724 1769 835 1833 paratus
873 1760 1026 1815 carbonarii
1048 1760 1093 1815 isti
1115 1777 1152 1816 ex
1177 1759 1302 1830 pauculis
1329 1759 1535 1815 distillationum
1562 1762 1669 1831 experi-

28 1856 71 1894 es.
117 1841 223 1895 Verum
241 1840 296 1895 alia
315 1848 363 1895 tua
376 1841 523 1896 videamus.
564 1841 680 1903 Quastu
700 1842 835 1899 fructuum
873 1840 972 1894 menda
991 1839 1196 1910 philosophiam
1209 1839 1324 1894 condere
1338 1840 1462 1911 aggressi
1481 1848 1551 1905 sunt,
1565 1840 1668 1913 abique

28 1920 236 1976 elementorum
257 1928 363 1975 tuorum
376 1921 449 1975 inter
462 1938 492 1975 se
505 1920 679 1986 imitationes,
693 1938 761 1993 quas
774 1940 834 1978 cor·
873 1919 931 1974 istis
958 1919 1159 1990 separationum
1193 1924 1221 1973 et
1252 1918 1444 1974 liberationum
1471 1919 1668 1974 absentissimis

28 2000 253 2070 respondentias,
268 2017 330 2070 qua
344 1999 473 2069 parallela
486 2000 613 2065 somnias,
628 2000 761 2057 idolorum
773 2020 835 2056 con.
872 1998 953 2053 idolis
966 1999 1120 2054 obnoxiam.
1160 1999 1222 2054 Nec
1235 1997 1286 2054 hos
1300 2007 1391 2053 tamen
1404 2013 1459 2053 uno
1469 1998 1562 2053 ordine
1574 2015 1668 2054 omnes

25 2079 151 2150 jugator
171 2079 311 2134 fanatice?
332 2080 406 2134 Nam
419 2079 559 2135 hominem
578 2080 684 2135 scilicet
703 2083 835 2152 pantomi-
873 2077 978 2133 habeo:
1000 2078 1133 2150 siquidem
1160 2077 1227 2133 utile
1254 2094 1342 2151 genus
1370 2094 1463 2133 eoram
1489 2086 1537 2144 est,
1562 2079 1609 2149 qui
1632 2078 1667 2133 de

27 2176 111 2213 mam
134 2158 259 2214 effecisti.
301 2158 388 2220 Quam
408 2160 537 2230 praeclare
557 2168 647 2215 autem
667 2168 731 2215 sunt
751 2162 833 2216 inter·
874 2157 988 2213 theoriis
1007 2175 1061 2212 non
1076 2158 1220 2212 admodum
1242 2157 1349 2222 soliciti,
1370 2156 1531 2213 mechanica
1550 2157 1667 2229 quadam

28 2238 203 2307 punctiones
226 2237 404 2310 illaquam
421 2246 526 2295 natura
547 2240 679 2295 unitatem
699 2240 833 2307 lacerasti,
872 2237 1021 2293 subtilitate
1045 2255 1134 2293 rerum
1157 2237 1328 2293 inventarum
1352 2238 1524 2292 extensiones
1551 2236 1668 2308 prehen-

27 2317 147 2388 species
164 2318 293 2373 nimirum
307 2319 381 2373 tuat
402 2318 491 2379 Quare
505 2319 612 2375 facilius
627 2318 762 2375 Galenum
776 2321 835 2376 fero
873 2317 956 2383 dunt,
977 2316 1066 2388 qualis
1091 2326 1132 2371 est
1157 2317 1259 2371 Bacon.
1314 2315 1480 2372 Sceleratum
1508 2325 1536 2371 et
1560 2333 1667 2372 merum

28 2396 178 2451 elementa
203 2414 253 2451 sua
279 2397 482 2468 ponderantem,
507 2415 589 2470 quam
612 2407 639 2454 te
659 2401 764 2454 somnia
787 2410 834 2455 tua
873 2413 974 2462 eorum,
989 2397 1034 2468 qui
1048 2397 1166 2467 undique
1181 2397 1294 2452 theoriis
1308 2397 1365 2452 suis
1376 2397 1488 2467 plausus
1496 2396 1666 2467 conquirunt,

28 2483 193 2531 ornantem.
234 2476 315 2531 lllum
329 2476 403 2532 enim
418 2477 530 2533 occulta
544 2496 634 2534 rerum
648 2481 833 2550 proprietates,
872 2475 1054 2532 ambientibus
1065 2477 1147 2531 etiam
1157 2483 1184 2530 et
1193 2493 1243 2546 pro
1253 2477 1287 2529 iis
1298 2474 1513 2546 supplicantibus
1525 2475 1665 2546 religione,

29 2565 60 2610 te
91 2572 254 2611 communes
277 2564 306 2611 et
332 2556 494 2626 promiscua
515 2557 658 2629 qualitates
685 2559 833 2630 exagitant.
873 2573 921 2627 spe
945 2565 974 2610 et
995 2556 1152 2626 impostura
1193 2555 1269 2610 'l'alis
1290 2564 1332 2610 est
1355 2555 1433 2609 Isaac
1455 2553 1614 2620 Hollandus,
1640 2563 1668 2611 et

28 2637 97 2690 Nos
108 2635 220 2690 interim
235 2635 354 2701 miseros,
369 2636 416 2708 qui
429 2636 502 2691 inter
516 2648 572 2693 tam
589 2638 697 2693 odiosas
715 2639 834 2710 ineptias
872 2635 959 2691 arrhae
972 2635 1166 2690 chemistarum
1180 2651 1244 2706 pars
1258 2633 1339 2704 lunge
1352 2633 1481 2689 maxima.
1521 2634 1668 2706 Age,cite·

28 2715 184 2787 degimus!
204 2713 404 2785 Principiorum
419 2725 509 2770 autem
520 2718 641 2783 triadem,
653 2727 834 2774 commentum
873 2722 916 2770 tur
934 2716 993 2784 jam
1008 2715 1198 2785 Hippocrates,
1212 2713 1381 2784 antiquitatis
1395 2721 1525 2780 creatura,
1540 2721 1567 2768 et
1584 2731 1667 2769 anno·

27 2794 112 2849 hand
136 2795 178 2848 ita
197 2810 307 2865 prorsus
325 2795 421 2850 inatile
440 2804 468 2850 et
489 2797 568 2852 rebus
589 2797 680 2868 aliqua
701 2814 737 2853 ex
758 2807 834 2869 parte
872 2812 932 2849 rum
947 2794 1078 2850 venditor.
1121 2795 1154 2848 ln
1172 2795 1249 2862 cujus
1263 2793 1315 2848 viri
1332 2793 1521 2848 auctoritatem
1534 2810 1596 2848 cum
1611 2793 1667 2848 Ga·

28 2874 195 2938 finitimum,
207 2891 288 2945 quam
298 2874 452 2946 importune
460 2876 580 2931 inculcat
586 2876 669 2932 homo
678 2877 835 2949 impostura
872 2874 950 2930 lenus
963 2881 991 2929 et
1013 2873 1172 2928 Paracelsus
1191 2890 1293 2946 magno
1311 2881 1424 2944 uterque
1439 2873 1536 2940 studio,
1551 2871 1667 2927 velutin

27 2954 243 3025 peritissimus?
264 2953 336 3009 Audi
364 2956 453 3011 adhuc
479 2956 595 3012 erimina
617 2959 750 3029 graviora
792 2959 834 3014 'l'u
872 2956 996 3011 umbram
1017 2954 1094 3020 asini,
1109 2971 1139 3008 se
1154 2954 1274 3024 recipere
1294 2954 1445 3018 contendat,
1465 2954 1527 3025 quis
1548 2969 1603 3008 non
1623 2970 1667 3006 ca-

27 3035 132 3089 diviua
154 3034 330 3099 naturalibus,
349 3036 434 3090 sacris
454 3037 576 3107 profana,
595 3036 694 3092 fabulis
715 3038 835 3094 hareses
872 3035 1004 3089 chinnum
1018 3033 1116 3089 tollat?
1138 3033 1226 3105 Atque
1237 3033 1288 3088 iste
1301 3032 1384 3087 homo
1396 3041 1470 3087 certe
1484 3035 1512 3087 in
1526 3033 1667 3102 experien-

26 3112 188 3177 miscendo,
198 3114 338 3169 veritatem
352 3115 498 3187 (sacrilege
511 3116 656 3187 impostor)
670 3124 728 3172 tum
741 3118 834 3173 huma·
872 3115 911 3168 tia
925 3115 1020 3169 obtutu
1034 3122 1167 3185 perpetuo
1179 3114 1282 3168 harere
1290 3112 1403 3178 videtur,
1414 3131 1507 3167 rerum
1519 3112 1666 3167 oculisnon

26 3210 107 3258 nam,
130 3200 190 3247 tum
207 3192 363 3265 religiosam
384 3194 515 3266 polluisti.
556 3196 600 3251 Tu
619 3196 711 3252 lumen
730 3206 835 3254 natura
872 3194 1025 3249 natantibus
1039 3202 1067 3248 et
1080 3193 1292 3264 anquirentibus,
1301 3193 1349 3247 sed
1363 3193 1478 3263 stupidis
1492 3201 1518 3247 et
1531 3191 1665 3247 resolutis.

28 3274 132 3343 (cujus
148 3273 347 3327 sanctissimum
360 3290 459 3329 nomen
474 3276 554 3329 toties
572 3276 680 3347 impuro
697 3294 743 3331 ore
757 3295 834 3332 usur·
872 3273 979 3329 Deinde
993 3290 1010 3327 a
1024 3282 1134 3344 stupore
1148 3273 1209 3328 visu
1229 3288 1325 3342 parum
1346 3272 1489 3327 recollecto
1507 3272 1580 3327 idola
1593 3289 1666 3343 quaa·

26 3356 99 3423 pas)
122 3368 181 3406 non
201 3353 373 3418 abscondisti,
392 3364 422 3409 ut
443 3355 583 3426 sophista,
606 3355 655 3410 sed
676 3356 830 3413 extinxisti.
873 3354 935 3408 darn
950 3369 1004 3407 non
1018 3353 1147 3408 immania
1166 3353 1275 3424 quidem
1296 3352 1344 3405 illa
1357 3352 1530 3418 theoriamm,
1545 3351 1593 3406 sed
1613 3352 1666 3405 ele-

28 3432 80 3486 llli
97 3433 279 3501 experientia
288 3433 446 3499 desertores,
458 3442 486 3489 tu
500 3435 629 3505 proditor.
671 3435 713 3490 Tu
727 3437 835 3491 eviden-
872 3434 997 3504 gantiora
1010 3433 1071 3497 ista,
1086 3450 1148 3504 qua
1161 3433 1332 3504 superficiem
1346 3431 1467 3486 historia
1481 3433 1663 3495 circumstant,

26 3513 101 3566 tiam
117 3528 210 3564 rerum
224 3512 333 3566 crudam
348 3522 375 3567 et
388 3525 560 3583 personatam
569 3514 790 3586 contemplationi
799 3535 834 3572 ex
873 3514 983 3582 excipit,
999 3513 1096 3583 quibus
1117 3512 1224 3567 haustis
1245 3522 1350 3566 tumens
1369 3520 1397 3565 et
1417 3511 1615 3581 semisophista,
1637 3518 1665 3564 et

25 3590 201 3662 praecripto
213 3591 367 3659 subjiciens,
387 3600 415 3647 et
433 3594 642 3649 substantiarum
658 3595 771 3651 Proteos
786 3613 835 3666 pro
872 3593 1004 3647 brevitate
1034 3593 1080 3661 (de
1108 3591 1182 3647 illius
1209 3592 1297 3647 atatis
1320 3590 1409 3660 more)
1436 3598 1530 3655 tectus,
1553 3591 1665 3645 oracula

25 3681 165 3726 motuum
186 3671 297 3725 calculis
317 3689 448 3742 quarens,
463 3674 586 3728 scientia
610 3673 697 3729 fontes
714 3693 834 3729 corvum·
872 3673 980 3726 demum
997 3676 1039 3741 (nt
1059 3672 1103 3725 his
1123 3671 1224 3742 placet)
1245 3671 1346 3742 pandit,
1361 3687 1474 3742 quorum
1494 3670 1514 3724 ii
1537 3685 1566 3724 se
1584 3670 1666 3724 inter·

24 3767 108 3821 pere,
136 3756 167 3803 et
185 3748 331 3805 humanam
349 3760 468 3806 mentem
489 3769 587 3807 exuere
606 3762 718 3809 conatus
739 3771 786 3818 es;
808 3764 835 3810 et
872 3762 962 3821 pretes
976 3751 1071 3805 haberi
1086 3752 1222 3815 ambiunt,
1243 3768 1304 3805 cunr
1319 3749 1492 3805 reveranihil
1504 3748 1578 3804 aliud
1592 3758 1664 3820 agat,

25 3831 173 3899 ambages
186 3838 213 3883 et
225 3830 308 3885 taedia
321 3832 578 3901 experimentorum,
592 3833 691 3904 quibus
705 3834 834 3903 sophista
873 3848 954 3902 quam
965 3837 1012 3886 aut
1032 3829 1183 3901 sophistica
1203 3832 1326 3902 quadam
1347 3847 1398 3900 per
1417 3830 1546 3900 abruptas
1559 3837 1587 3883 et
1607 3846 1664 3883 sus·

25 3908 157 3972 adversi,
178 3910 300 3979 empirici
320 3911 439 3982 impares
459 3920 529 3977 suat,
543 3914 620 3968 novis
640 3921 668 3967 et
691 3913 834 3969 adscititiis
872 3927 973 3981 pensas
987 3911 1135 3965 sententias
1146 3910 1253 3964 tradens
1264 3909 1446 3980 redargutioni
1458 3909 1602 3974 subducat;
1617 3917 1665 3964 aut

25 3989 161 4052 auxistis
181 3996 284 4043 tantum
305 3990 382 4045 abest
398 3998 427 4045 ut
447 3991 626 4063 experientia
646 3994 834 4063 representati-
872 3991 1032 4044 misticorum
1046 3989 1499 4060 observationessuperciliodonet.
1534 3988 1665 4059 Atqnead

25 4086 98 4123 vam
122 4076 233 4123 secutus
251 4069 298 4133 sis,
313 4080 360 4124 aut
379 4071 497 4126 noveris.
538 4071 672 4126 Necnon
693 4089 834 4143 magorum
872 4069 954 4138 huJus
969 4069 1078 4140 quidem
1093 4069 1144 4123 viri
1163 4068 1294 4134 instituta,
1309 4085 1363 4122 non
1377 4076 1433 4122 tam
1446 4068 1571 4138 improba
1583 4086 1665 4140 quam

25 4149 128 4203 hiatus
144 4146 244 4217 ubique
264 4165 316 4220 pro
328 4149 431 4205 viribus
445 4149 625 4221 amplificasti,
639 4152 834 4222 importunissi-
871 4149 986 4214 inutilia,
1007 4148 1131 4217 proxime
1153 4152 1196 4218 (ut
1212 4149 1293 4202 etiam
1309 4147 1392 4218 vulgo
1412 4147 1542 4216 creditur)
1559 4148 1665 4202 accedit

25 4244 94 4283 mas
126 4226 308 4297 cogitationes
338 4245 395 4299 spe,
422 4247 500 4300 spem
526 4231 666 4299 promissis
700 4248 833 4300 premens,
872 4228 1016 4283 Cornelius
1030 4227 1134 4292 Celsus,
1148 4227 1196 4282 sed
1216 4227 1343 4281 intentior
1359 4226 1489 4297 sophista,
1504 4235 1529 4283 et
1543 4226 1664 4283 historia

25 4310 278 4377 imposturarum
304 4308 405 4363 artifex
431 4318 490 4363 tum
518 4326 595 4380 opus.
637 4310 750 4364 Invideo
777 4311 833 4376 tibi,
873 4308 1034 4363 modificata
1047 4308 1137 4377 magis
1150 4307 1302 4371 obstrictus,
1314 4307 1385 4360 idem
1401 4306 1531 4361 moralem
1544 4307 1665 4362 modera-

24 4384 190 4449 Paracelse,
214 4403 229 4440 e
253 4388 433 4443 sectatoribus
460 4388 513 4444 tuis
536 4406 621 4443 unum
648 4389 760 4444 Petrum
784 4390 832 4445 Se·
872 4387 973 4442 tionem
991 4387 1112 4441 scientia
1125 4385 1314 4458 progressibus
1329 4402 1485 4457 aspergens,
1499 4396 1526 4441 et
1544 4404 1665 4442 errorum

24 4466 162 4521 verinum
185 4465 272 4520 viram
294 4483 348 4521 non
371 4467 485 4539 dignum
506 4468 554 4538 qui
576 4469 637 4523 istis
656 4468 766 4538 ineptiis
785 4469 834 4525 im·
872 4475 994 4521 extrema
1008 4472 1159 4536 amputans,
1173 4483 1228 4520 nou
1249 4466 1337 4536 prima
1351 4465 1479 4521 evellens.
1521 4465 1610 4538 Atque
1631 4467 1665 4521 de

23 4546 177 4602 moriatur.
217 4545 259 4599 'lu
272 4555 353 4611 certe,
374 4546 526 4611 Paracelse,
541 4547 566 4601 ei
582 4547 729 4618 plurimum
742 4548 832 4614 debes,
871 4545 933 4601 istis
947 4546 1089 4601 verissima
1104 4545 1213 4616 quidem
1224 4545 1283 4599 hac
1297 4556 1367 4600 sunt.
1409 4547 1592 4601 Nuncautem
1600 4547 1665 4601 scis·

23 4625 109 4697 quod
129 4639 172 4687 ea,
193 4642 254 4695 quas
272 4633 303 4680 tu
324 4627 475 4697 (sanorum
496 4626 637 4697 adoptive)
659 4626 755 4682 rudere
772 4646 834 4682 con·
871 4626 998 4680 citantem
1013 4633 1038 4679 te
1053 4625 1141 4690 audio,
1156 4624 1202 4690 tili,
1217 4641 1252 4678 an
1266 4640 1320 4679 non
1339 4625 1409 4679 forte
1422 4625 1564 4691 deteriora,
1579 4634 1607 4679 ut
1627 4626 1664 4690 fit,

22 4719 175 4768 sueveras,
191 4713 271 4759 cautu
293 4706 411 4776 quodam
430 4714 458 4760 et
479 4705 671 4770 modulatione,
690 4714 719 4760 et
737 4709 833 4778 gratis·
872 4705 1003 4760 voluere?
1025 4704 1180 4759 Praesertim
1199 4721 1261 4759 cum
1275 4711 1362 4758 status
1373 4705 1496 4759 scientiae
1509 4704 1544 4759 sit
1557 4722 1666 4774 semper

21 4786 104 4841 simo
118 4800 216 4837 vocum
230 4783 394 4849 discrimine,
413 4784 533 4853 jucunda
552 4792 581 4839 et
598 4785 758 4840 harmonica
771 4787 834 4842 effe-
872 4783 928 4838 fere
942 4784 1168 4839 Democraticus?
1189 4783 1232 4838 An
1245 4799 1301 4838 non
1318 4790 1434 4853 tempus,
1450 4784 1534 4838 veluti
1554 4784 1664 4848 flumen,

22 4866 75 4927 cit,
99 4867 130 4917 et
151 4862 350 4918 mendaciorum
372 4864 435 4918 odia
455 4864 485 4919 in
507 4864 615 4919 fabella
635 4862 834 4920 oblectamenta
871 4863 943 4917 levia
957 4873 985 4917 et
997 4863 1091 4917 inflata
1105 4863 1141 4917 ad
1161 4879 1210 4918 nos
1230 4862 1345 4925 devexit,
1360 4863 1449 4917 solida
1468 4872 1495 4917 et
1514 4864 1607 4935 maia
1621 4862 1666 4917 de·

22 4941 165 4999 traduxit
205 4941 267 4996 Tibi
293 4960 364 5006 vero,
388 4943 526 5009 Severine,
548 4944 656 4998 veniam
678 4945 720 5007 do,
744 4944 768 4998 si
792 4962 833 5000 so-
872 4944 987 4998 mersit?
1008 4941 1078 5003 Quid
1089 4953 1194 4997 veteres
1207 4941 1248 4996 illi
1258 4943 1377 4996 veritatis
1391 4942 1567 5013 inquisitores
1579 4942 1666 4996 Hera·

21 5023 192 5095 pisistratum
213 5021 371 5088 doctrinam,
390 5039 445 5076 non
465 5022 553 5078 solum
573 5040 685 5094 operum
706 5023 832 5088 effoetam,
871 5022 959 5087 clitus,
973 5021 1151 5086 Democritus,
1165 5020 1345 5092 Pythagoras,
1361 5023 1546 5092 Anaxagoras,
1565 5020 1666 5091 Empe·

23 5117 130 5158 rerum
141 5099 358 5171 desperationem
369 5119 406 5157 ex
418 5103 543 5172 professo
557 5112 718 5174 captantem,
733 5112 832 5173 perta·
871 5101 970 5166 docles,
991 5109 1018 5156 et
1039 5101 1094 5166 alii,
1113 5100 1218 5165 alienis,
1241 5118 1296 5155 non
1316 5102 1434 5172 propriis
1455 5101 1564 5169 scriptis
1584 5101 1664 5155 uoti?

22 5198 88 5244 sus,
103 5179 162 5234 alia
176 5180 257 5235 rebus
270 5182 369 5236 nostris
382 5180 535 5236 lsbenhbus
550 5182 719 5237 firmamenta
733 5183 831 5253 quasi·
872 5179 942 5242 Quid
956 5181 1074 5251 denique
1087 5181 1121 5235 de
1135 5180 1244 5236 silentio
1258 5190 1286 5234 et
1300 5183 1411 5235 secretis
1425 5180 1594 5250 antiquitatis
1607 5188 1664 5233 sta·

22 5259 106 5316 visti.
151 5259 275 5330 Cumque
297 5259 471 5315 Paracelsics
493 5261 546 5316 ista
567 5278 596 5315 se
619 5261 787 5324 obtulissent,
806 5270 833 5316 et
872 5260 948 5315 tuisf
968 5260 1038 5331 Ego,
1047 5260 1095 5325 tili,
1106 5267 1136 5315 ut
1145 5261 1193 5313 tibi
1204 5278 1240 5314 ex
1251 5277 1324 5314 more
1339 5276 1408 5323 meo,
1419 5260 1460 5326 (id
1474 5267 1524 5323 est,
1535 5277 1585 5314 usu
1595 5258 1664 5328 tuo,)

23 5338 248 5396 ostentationum
261 5341 403 5409 praeconiis
417 5347 445 5394 et
459 5340 631 5395 obscuritatis
647 5341 832 5412 subterfugiis,
871 5340 1058 5410 respondeam,
1072 5340 1242 5409 antiquitatis
1257 5340 1438 5409 fragmentum
1451 5354 1533 5392 unum
1544 5348 1590 5393 aut
1600 5337 1666 5393 alte·

23 5430 54 5475 et
69 5417 219 5489 religionis
233 5419 417 5482 affinitatibus,
436 5428 463 5473 et
482 5419 537 5473 alio
552 5419 614 5474 fuco
634 5421 832 5485 commendata,
871 5436 930 5474 rum
942 5420 1124 5489 (inventorum
1135 5420 1203 5483 dico,
1213 5436 1268 5473 uon
1281 5418 1423 5483 librorum)
1434 5434 1568 5489 agnosco:
1583 5418 1664 5489 idque

23 5508 53 5555 te
77 5501 109 5554 in
131 5497 187 5553 hoc
207 5513 262 5551 non
276 5514 367 5553 rerum
387 5499 485 5567 fontes,
499 5499 548 5554 setl
568 5500 627 5570 spei
648 5498 741 5557 hiatus
758 5501 834 5569 jactu
871 5499 961 5573 ipsum
982 5508 1072 5554 tamen
1097 5499 1185 5570 magis
1210 5507 1239 5553 ut
1262 5496 1415 5569 diligentia
1438 5507 1465 5552 et
1485 5498 1665 5571 ingenuitatis
