3800 5875
51 304 116 361 Lis.
132 307 172 361 11.
691 311 830 369 NOVUM
851 313 1053 370 ORGANUM.
1625 319 1684 372 483

50 465 154 521 metice
179 472 274 521 autem
299 466 469 536 (inimicante
493 466 566 534 nire,
590 485 641 523 nec
664 469 853 540 suppeditante
891 471 1001 536 isiaco,
1016 489 1067 543 per
1086 473 1186 543 gradus
1205 480 1233 528 et
1252 474 1350 544 spatie.
1391 473 1441 527 list
1460 473 1552 544 itaque
1575 475 1686 547 aliquod

49 545 163 612 fomite)
189 546 303 600 acutior.
344 545 381 600 At
404 547 495 602 tumus
517 549 660 619 augustior
681 550 754 603 circa
775 549 853 605 basin
891 563 1057 606 momentum
1071 553 1200 622 temporis
1219 561 1248 606 et
1271 552 1378 624 aliquod
1396 552 1568 609 intervallum
1581 555 1642 621 loci,
1656 557 1686 610 in

49 623 227 679 ascendendo
239 625 376 691 dilatatur,
387 634 414 680 et
424 627 453 680 fit
462 632 592 698 tanquam
600 628 720 698 pyramis
729 629 851 695 inversa,
891 631 990 701 quibus
1000 631 1054 685 ista
1063 633 1149 687 virtus
1159 632 1217 687 sire
1226 632 1390 687 actiohaaret
1399 633 1429 686 in
1443 632 1535 687 medio
1547 633 1618 688 inter
1631 635 1685 689 duo

49 705 118 776 quia
142 704 250 760 scilicet
269 707 318 760 a'e'r
337 705 441 760 fumum
463 707 566 777 recipit,
586 709 724 761 flammam
752 710 852 779 (neque
891 708 940 764 illa
960 727 1082 781 corpora,
1097 729 1159 782 qum
1179 719 1282 766 motum
1301 711 1380 765 cient.
1422 712 1572 767 Reduoitur
1592 713 1684 785 itaque

49 786 128 840 enim
142 784 283 855 quispiam
295 785 414 839 somniet
426 788 517 840 semu:
531 803 590 841 esse
605 787 743 841 flammam
756 804 853 842 accen·
891 791 1083 861 contemplatio
1104 791 1140 845 ad
1152 790 1221 856 hoc:
1242 798 1331 845 utrum
1344 791 1393 845 ilia
1413 808 1532 861 corpora,
1549 810 1609 863 quae
1623 800 1686 848 sunt

49 881 122 929 mm,
137 881 203 918 eum
212 864 388 935 sintcorpora
397 862 679 938 pinneheterogenea)
688 866 851 937 comprimit.
891 869 999 923 termini
1012 878 1107 935 moms,
1118 871 1264 940 disponant
1278 872 1323 925 vei
1333 870 1448 925 niterent
1461 888 1574 942 corpore
1586 873 1685 938 media,

91 944 257 998 Accuratior
270 951 362 998 autem
375 944 474 1014 poterit
487 961 547 1000 esse
561 947 695 1000 distantia
712 949 803 1000 crucis
818 946 853 1001 ad
890 955 922 1002 ut
934 965 984 1018 per
998 950 1196 1004 successionem
1211 958 1238 1004 et
1252 957 1353 1005 tactum
1365 968 1460 1005 verum
1472 951 1580 1006 labatur
1599 952 1686 1007 virtus

49 1022 126 1079 banc
140 1041 202 1078 rem
216 1024 424 1088 accommodata,
436 1023 460 1077 si
470 1040 513 1078 res
527 1026 596 1079 torte
609 1026 779 1080 manifestari
792 1043 853 1097 pus·
890 1044 907 1081 a
921 1029 1038 1083 termino
1055 1028 1090 1082 ad
1103 1029 1256 1094 terminum,
1271 1038 1299 1084 et
1319 1030 1428 1084 interim
1441 1031 1570 1085 subsistat
1586 1031 1615 1084 in
1628 1049 1686 1087 cor·

49 1106 88 1157 sit
111 1120 165 1173 per
187 1104 312 1157 flammas
332 1103 473 1157 bicolores.
513 1104 644 1175 capiatur
668 1106 753 1176 igitur
771 1106 853 1160 situla
890 1124 955 1176 pore
970 1109 1073 1173 mediu;
1094 1124 1130 1162 an
1143 1107 1241 1163 borum
1262 1108 1333 1189 nihii
1351 1110 1392 1173 sit,
1407 1117 1505 1180 praeter
1524 1126 1643 1180 corpora,
1658 1119 1686 1166 et

49 1199 140 1254 parva
163 1199 200 1237 ex
221 1181 338 1248 metallo,
363 1191 391 1236 et
411 1183 441 1236 in
460 1199 494 1237 ea
513 1183 613 1255 figatur
632 1200 716 1254 parva
738 1185 853 1239 candela
890 1186 1023 1252 virtutem,
1038 1196 1066 1242 et
1079 1188 1188 1258 spatia?
1229 1187 1319 1260 Atque
1337 1189 1366 1242 in
1379 1189 1464 1243 radiis
1478 1191 1581 1259 opticis,
1596 1198 1625 1244 et
1644 1208 1685 1245 so-

48 1279 133 1317 eerea
147 1279 281 1327 mensa:
303 1269 418 1332 ponatur
430 1262 513 1317 situla
529 1263 558 1317 in
575 1271 679 1333 patera,
695 1271 724 1317 et
740 1264 852 1319 circum·
889 1265 940 1330 nis,
956 1272 983 1320 et
996 1266 1093 1332 calore,
1107 1274 1136 1321 et
1149 1266 1211 1322 aliis
1229 1268 1366 1322 nonnuliis
1385 1269 1559 1338 operantibus
1580 1270 1615 1322 ad
1631 1270 1686 1325 dis·

48 1342 187 1396 tundatur
201 1342 311 1411 spiritus
324 1341 380 1395 vini
393 1341 423 1395 in
440 1342 546 1396 modica
564 1344 722 1414 quantitate,
738 1360 800 1414 quaa
817 1344 852 1398 ed
890 1352 961 1410 tans,
972 1345 1111 1415 probabile
1125 1354 1167 1401 est
1178 1347 1269 1401 media
1279 1364 1392 1419 corpora
1401 1348 1508 1418 disponi
1519 1356 1547 1402 et
1559 1348 1683 1414 alterari:

48 1421 132 1476 labra
155 1420 248 1477 situlae
266 1437 323 1475 non
342 1420 474 1492 attingat,
504 1427 563 1477 tum
586 1421 704 1476 accende
726 1424 851 1494 spiritum
890 1440 923 1478 eo
936 1426 1033 1496 magis,
1049 1426 1123 1498 quod
1136 1427 1289 1498 requiratur
1306 1427 1426 1481 medium
1448 1427 1630 1497 qualificatum
1649 1430 1685 1482 ad

48 1502 119 1556 riui.
161 1499 749 1570 Atepiritusilieviniexbibebittlammam
762 1503 851 1574 magis
889 1503 1063 1559 deferendam
1077 1507 1263 1576 operationem
1277 1506 1368 1560 talem.
1409 1507 1446 1559 At
1463 1508 1618 1578 magnetica
1635 1508 1684 1562 ilia

48 1580 162 1635 scilieet
174 1579 328 1644 coemieam,
341 1578 457 1649 lychnus
468 1580 589 1635 candela
602 1590 694 1637 autem
703 1584 790 1653 magis
803 1583 851 1636 fla-
889 1583 946 1637 sire
970 1585 1071 1639 unitim
1093 1586 1179 1639 virtus
1203 1585 1322 1639 admittit
1344 1585 1436 1640 media
1457 1594 1587 1657 tanquam
1608 1587 1684 1641 adia-

48 1677 126 1714 vam.
169 1659 392 1730 Nuteturitaque
411 1666 501 1714 unum
521 1660 632 1715 flamma
649 1661 743 1731 lychni
756 1661 851 1732 (quam
888 1663 984 1733 phora,
1005 1680 1056 1718 nec
1082 1665 1229 1735 impeditur
1252 1665 1337 1719 virtus
1359 1664 1389 1719 in
1412 1666 1558 1737 omnigeno
1585 1667 1682 1722 medio.

49 1740 136 1794 facile
150 1746 194 1794 est
207 1756 257 1811 per
270 1737 388 1793 colorem
401 1755 418 1792 a
431 1739 543 1794 flamma
555 1741 668 1812 spiritus
682 1741 738 1794 vini
752 1740 848 1795 distin·
888 1741 967 1802 Quod
980 1743 1004 1797 si
1023 1743 1064 1798 nil
1076 1745 1116 1799 rei
1130 1743 1231 1799 hebeat
1243 1745 1328 1799 virtus
1345 1744 1394 1798 illa
1407 1752 1455 1799 aut
1468 1745 1538 1799 actio
1552 1763 1612 1800 cum
1627 1764 1684 1801 cor-

48 1836 154 1891 gnere:
175 1819 348 1890 nequeenim
362 1819 485 1884 limma,
494 1826 524 1875 ut
532 1819 659 1892 liquores,
674 1821 767 1875 statim
777 1837 850 1875 com·
888 1837 954 1892 pore
968 1823 1066 1888 medio,
1081 1825 1210 1895 sequitur,
1226 1825 1297 1895 quod
1311 1824 1347 1878 sit
1359 1824 1445 1879 virtus
1459 1831 1508 1878 eut
1523 1826 1594 1879 actio
1607 1834 1683 1880 natu·

48 1896 216 1968 miscentur)
243 1904 353 1952 maneat
378 1898 564 1968 pyramidulis,
587 1916 625 1953 an
648 1900 738 1970 ponus
762 1901 850 1971 magis
887 1900 954 1956 ralis
967 1903 1001 1956 ad
1016 1911 1123 1974 tempus
1137 1903 1305 1969 nonnullum,
1319 1911 1347 1958 et
1358 1904 1388 1957 in
1401 1903 1461 1958 loco
1474 1904 1611 1970 nonnullo,
1623 1906 1684 1961 sub·

49 1979 148 2033 tendat
167 1979 204 2032 ad
222 1977 336 2032 sormam
357 1976 505 2048 globosam,
525 1995 588 2033 cunr
607 1978 678 2033 nihii
698 1979 851 2034 inveniatur
888 1981 987 2036 sistens
1002 1983 1060 2036 sine
1071 1999 1200 2053 corpore;
1215 2000 1277 2038 cunr
1287 2000 1375 2053 neque
1386 1983 1515 2038 subsistat
1523 1983 1553 2038 in
1566 1986 1684 2054 corpori·

49 2057 331 2130 quodeamdestruat
343 2064 391 2111 aut
402 2057 572 2129 comprimat.
605 2057 704 2113 sthoe
716 2059 850 2130 posterius
888 2061 939 2116 bus
952 2062 1168 2128 terminantibus,
1182 2063 1269 2118 necin
1280 2063 1385 2117 mediis.
1427 2063 1516 2124 Quare
1527 2064 1597 2118 aetio
1606 2081 1684 2135 mag-

49 2138 148 2203 nifiat,
163 2153 275 2191 manere
292 2136 430 2191 flammam
449 2138 563 2192 eandem
580 2155 702 2203 numero,
722 2139 850 2209 quamdiu
887 2141 977 2195 netica
991 2143 1092 2212 poterit
1106 2160 1166 2197 esse
1180 2144 1314 2197 instantia
1332 2143 1452 2209 diuortii,
1467 2143 1539 2197 circa
1558 2151 1684 2199 naturam

48 2217 225 2272 intraaliam
237 2217 375 2271 flammam
389 2217 571 2282 concludatur,
581 2234 632 2272 nec
643 2219 699 2272 vim
712 2219 850 2273 inimicam
887 2237 1053 2291 corpoream,
1068 2231 1095 2277 et
1108 2223 1242 2277 actionem
1255 2221 1414 2277 naturalem
1456 2221 1508 2277 cut
1530 2223 1582 2277 hoc
1601 2224 1684 2292 adjici

49 2297 124 2352 aeris
139 2296 304 2367 experiatur,
320 2303 454 2367 procerte
466 2298 620 2367 ponendum
634 2306 683 2353 est.
887 2308 979 2370 potest
992 2310 1120 2373 tanquam
1134 2303 1305 2358 corollarium
1318 2310 1364 2358 aut
1377 2301 1483 2357 lucrum
1501 2319 1555 2357 non
1571 2311 1683 2374 prseter-

90 2377 186 2448 Atque
199 2376 233 2430 de
247 2376 389 2430 instantiis
402 2377 493 2432 amicis
503 2375 563 2431 hoec
574 2377 715 2433 dictasint.
748 2377 851 2450 Longi·
888 2381 1066 2437 mittendum:
1089 2383 1142 2438 sia.
1158 2382 1230 2454 quod
1244 2382 1326 2438 etiam
1339 2382 1487 2437 secundum
1501 2399 1611 2437 sensum
1623 2384 1685 2454 pbi-

48 2472 114 2510 oree
125 2463 221 2510 autem
234 2455 264 2509 in
279 2455 315 2510 iis
333 2456 479 2511 mactandis
498 2456 533 2510 ad
550 2455 623 2512 bunc
641 2457 724 2513 finem
741 2458 849 2523 fuimus,
887 2459 1050 2532 iosaphandi
1064 2463 1133 2517 sumi
1147 2463 1234 2532 possit
1250 2461 1383 2533 probatio,
1398 2462 1471 2532 quod
1491 2462 1548 2516 sint
1560 2463 1641 2528 entia,
1655 2468 1685 2518 et

48 2544 80 2590 nt
93 2535 225 2589 homines
237 2534 370 2606 paulatim
383 2535 488 2590 discant
501 2543 530 2590 et
543 2539 696 2604 assuefiant,
705 2538 739 2591 de
752 2545 849 2591 natura
888 2540 1046 2596 substantias
1067 2550 1199 2614 separata
1221 2551 1249 2597 et
1268 2542 1443 2612 incorporea.
1484 2542 1514 2595 Si
1535 2543 1608 2596 enim
1627 2543 1683 2598 rir-

48 2615 175 2682 jndicare
188 2631 240 2685 per
253 2615 401 2669 instantias
419 2616 517 2682 meis,
532 2625 561 2670 et
574 2618 761 2689 experimenta
779 2616 849 2672 luci·
888 2626 931 2675 tus
958 2629 985 2675 et
1012 2622 1084 2676 actio
1111 2620 1244 2676 naturalis
1270 2637 1400 2676 emanans
1427 2638 1445 2674 a
1471 2637 1592 2692 corpore,
1620 2623 1683 2677 sub-

52 2694 119 2759 iera,
133 2702 163 2749 et
175 2710 231 2748 non
244 2709 294 2765 per
307 2695 426 2749 rationes
438 2694 603 2766 probabiles.
889 2699 983 2756 sistere
1001 2702 1089 2772 possit
1102 2701 1195 2773 aliquo
1208 2709 1329 2772 tempore
1344 2708 1373 2754 et
1385 2699 1478 2771 aliquo
1490 2701 1558 2765 loco,
1573 2703 1684 2756 omnino

888 2780 947 2835 sine
961 2798 1073 2852 corpore
1081 2805 1089 2848 ς
1109 2798 1195 2852 prope
1208 2789 1257 2846 est,
1271 2788 1302 2835 ut
1314 2780 1400 2851 possit
1413 2780 1496 2833 etiam
1510 2797 1636 2835 emanare
1654 2782 1684 2835 in

888 2860 994 2932 origine
1008 2878 1058 2915 sus
1070 2877 1088 2915 a
1101 2861 1255 2916 substantie
1267 2860 1435 2931 incorporea.
1477 2859 1591 2914 Videtur
1609 2860 1683 2915 enim

90 2929 171 2984 Inter
193 2930 396 3002 praerogatione
420 2932 612 2986 instantiarum
636 2948 767 3003 ponemus
790 2930 850 2988 loco
887 2956 942 2995 non
956 2942 1046 2996 minus
1060 2942 1161 3013 requiri
1174 2948 1271 2996 natura
1284 2956 1413 3011 corporea
1431 2940 1466 2993 ad
1483 2940 1617 2995 actionem
1631 2958 1682 2995 na·

50 3009 162 3065 deeimo
185 3009 282 3081 quinto
303 3011 450 3065 instantias
475 3012 609 3080 diuortii,-
644 3030 706 3083 quoe
729 3012 851 3067 indicant
888 3019 1004 3075 trrraiern
1014 3022 1217 3076 sustentandam
1228 3030 1256 3076 et
1268 3019 1462 3085 devehendum,
1474 3036 1555 3092 quam
1562 3021 1598 3075 ad
1610 3021 1684 3075 exci-

49 3090 240 3160 eeparationes
253 3097 410 3144 naturarum
424 3107 523 3156 earum,
535 3109 596 3163 qua
605 3093 793 3164 utplurimum
807 3109 850 3147 oc-
888 3100 998 3155 tandnm
1012 3110 1059 3156 aut
1071 3102 1262 3173 generandam.

50 3176 172 3224 currunt.
211 3168 350 3223 Differrmt
363 3177 452 3225 autem
467 3171 502 3225 ab
514 3171 651 3227 instantiis
665 3188 725 3242 qua
738 3172 849 3240 subjun-

50 3257 153 3320 guntur
167 3249 309 3302 instantiis
330 3249 494 3309 comitatus:
515 3251 579 3321 quia
597 3251 653 3305 illae
673 3252 794 3306 indicant
807 3268 849 3308 se·
1215 3239 1353 3279 mnu·

51 3328 209 3398 parationes
221 3334 327 3382 naturus
346 3326 460 3398 aiicujus
474 3331 509 3384 ab
526 3331 618 3403 aliquo
639 3339 772 3397 concreto,
786 3348 849 3387 cum
928 3333 1082 3407 Sequuntur
1092 3334 1211 3406 quinque
1221 3334 1329 3390 ordines
1340 3335 1539 3397 lintantiarun,
1551 3350 1619 3405 quas
1629 3351 1683 3389 uno

52 3425 108 3478 qno
120 3407 171 3462 ills
180 3406 352 3462 familiariter
359 3410 525 3475 consuescit:
540 3410 657 3466 hisvero
667 3412 849 3481 separationes
887 3413 1019 3468 vocabulo
1033 3415 1154 3486 generali
1168 3416 1316 3469 instantias
1329 3414 1469 3485 lampadis,
1484 3414 1540 3467 sive
1555 3412 1683 3487 informa·

50 3495 156 3542 natura
176 3487 293 3556 alicujus
311 3488 347 3542 ab
365 3488 452 3543 altera
469 3499 574 3547 natura.
615 3490 850 3546 Differuntetiam
887 3494 1085 3566 tionisprimoe,
1100 3494 1240 3566 appellere
1253 3493 1457 3549 consuevimus:
1478 3510 1519 3547 eae
1536 3502 1607 3557 sunt,
1621 3510 1683 3564 qua

52 3567 87 3620 ab
102 3568 245 3621 instantiis
255 3569 365 3628 crucis:
386 3568 727 3640 quianibildeterminant,
738 3571 850 3625 sedmo
888 3574 1055 3629 auxiliantur
1067 3575 1168 3630 sensui.
1210 3574 1282 3630 Cum
1301 3574 1376 3628 enim
1394 3572 1481 3627 omnis
1496 3570 1683 3644 interpretatio

52 3654 121 3700 nent
133 3653 241 3702 tantum
251 3646 286 3700 de
297 3647 497 3718 separabilitate
504 3650 585 3705 unius
594 3656 698 3704 naturas
708 3650 743 3704 ab
753 3649 847 3705 altera
887 3661 996 3709 natnroe
1010 3653 1125 3724 incipiat
1138 3671 1155 3707 a
1168 3670 1264 3720 sensu:
1279 3661 1520 3725 atqueasensuum
1531 3652 1683 3723 perceptio·

52 3725 127 3780 Urna
140 3733 235 3780 autem
247 3743 344 3781 earum
357 3734 399 3782 est
417 3728 454 3782 ad
473 3729 622 3798 prodendas
642 3729 724 3784 falsas
738 3729 848 3794 formas,
887 3733 975 3798 nibus,
983 3741 1063 3798 recta,
1074 3734 1215 3798 constanti,
1226 3741 1252 3788 et
1263 3733 1369 3788 munita
1376 3733 1429 3796 via,
1440 3732 1521 3786 ducat
1528 3731 1562 3785 ad
1571 3749 1682 3803 percep·

52 3811 81 3858 et
100 3805 275 3876 dissipandas
293 3805 368 3863 leves
385 3809 626 3877 contemplationes
646 3826 683 3863 ex
701 3809 783 3864 rebus
804 3810 850 3864 ob-
888 3813 976 3868 tiones
997 3812 1157 3877 intellectus,
1179 3830 1241 3884 qua
1261 3820 1323 3868 sunt
1339 3811 1464 3867 notiones
1482 3827 1553 3865 verae
1567 3820 1594 3865 et
1608 3813 1683 3866 axio-

51 3885 105 3938 vii:
125 3886 259 3950 orientes:
284 3886 354 3942 adeo
373 3894 405 3943 ut
421 3886 505 3943 veluti
523 3887 664 3960 plumbum
684 3895 712 3943 et
730 3888 850 3959 pondera
887 3900 978 3958 mata,
999 3908 1110 3947 necesse
1124 3899 1175 3958 est,
1189 3901 1219 3947 ut
1234 3900 1336 3963 quanto
1356 3893 1445 3964 magis
1462 3890 1579 3961 eopiosa
1592 3900 1620 3945 et
1633 3909 1682 3946 ex·

52 3963 202 4019 intellectui
217 3964 328 4021 addant.
887 3978 955 4028 actm
966 3972 1067 4027 inerint
1075 3974 1337 4042 repraesentationes,
1346 3972 1403 4026 sive
1412 3971 1586 4041 praebitiones
1595 3971 1683 4042 ipsius

90 4042 220 4114 Exempli
243 4045 349 4116 gratis:
370 4045 424 4100 sint
445 4054 547 4102 naturas
568 4047 712 4118 inquisitae,
735 4054 850 4118 quatuor
887 4069 991 4116 sensus,
1005 4059 1081 4105 tanto
1094 4052 1185 4106 omnia
1198 4052 1295 4106 cedant
1308 4050 1414 4105 facilius
1428 4058 1456 4105 et
1470 4049 1583 4105 felicius.

51 4130 156 4178 naturae
179 4123 251 4188 iiim:
287 4141 355 4195 quas
378 4127 577 4181 amtudemales
604 4128 663 4181 vult
685 4144 745 4182 esse
769 4126 848 4182 Tele·
927 4132 1034 4186 Harum
1058 4138 1150 4185 autem
1173 4131 1292 4203 quinque
1316 4131 1509 4185 instantiarum
1528 4131 1681 4202 lampadis:

52 4200 118 4266 siun,
135 4210 163 4257 et
183 4211 314 4274 tanquam
335 4220 371 4258 ex
390 4205 485 4260 eadem
507 4223 632 4261 camera:
653 4206 704 4261 vin.
723 4206 848 4272 calidum,
887 4212 984 4281 primm
1010 4212 1145 4276 roborant,
1169 4210 1309 4282 ampliant,
1333 4217 1362 4264 et
1384 4210 1536 4263 rectificant
1562 4210 1683 4264 actiones

53 4280 182 4347 lucidum,
204 4292 294 4349 tenue,
308 4283 417 4350 mobile,
432 4286 489 4340 sire
506 4294 660 4356 promptum
679 4285 715 4339 ad
736 4294 847 4341 motum.
888 4291 1180 4356 sensusimmediatas3
1203 4289 1683 4345 secundasdeducuntnon·sensiblie

53 4361 91 4415 At
103 4360 230 4432 plurimae
249 4363 421 4419 inveniuntur
439 4367 579 4420 instantiis
594 4366 707 4420 divortii
719 4366 790 4421 inter
809 4366 849 4437 ip
887 4370 922 4424 ad
943 4369 1090 4425 sensibile:
1112 4370 1336 4424 tertiaeindicant
1349 4385 1491 4439 processus
1513 4370 1683 4424 continuatos

52 4455 106 4494 aas.
146 4440 205 4496 aar
224 4443 298 4497 enim
313 4444 401 4497 tenuis
415 4452 457 4498 est
469 4453 497 4497 et
509 4445 610 4506 habilis
623 4446 779 4511 admotum,
794 4462 849 4500 non
887 4450 945 4504 sive
959 4451 1044 4504 series
1058 4466 1150 4504 earum
1164 4467 1255 4504 rerum
1269 4457 1298 4504 ct
1312 4457 1441 4514 motuum,
1457 4467 1518 4521 qua:
1541 4452 1584 4516 (ut
1597 4450 1682 4520 pluri·

52 4519 157 4576 calidus
167 4527 215 4576 aut
227 4520 348 4577 lucidus:
362 4520 427 4578 luna
435 4524 534 4589 lucida,
545 4526 646 4596 absque
657 4524 763 4580 calore:
778 4542 850 4595 aqua
887 4528 976 4600 mum)
988 4546 1043 4584 non
1057 4536 1186 4584 notantur
1195 4529 1248 4583 nisi
1257 4529 1287 4582 in
1300 4530 1379 4583 exitu
1388 4536 1436 4583 aut
1449 4529 1584 4600 periodis:
1605 4547 1683 4600 quar·

54 4599 169 4666 lenens,
187 4602 278 4656 calida
298 4602 400 4673 absque
417 4604 536 4659 lumine:
564 4612 653 4660 motus
673 4622 737 4659 acus
756 4605 850 4660 sermm
888 4609 1033 4682 taealiquid
1041 4609 1206 4664 substituunt
1216 4609 1307 4663 sensui
1316 4608 1345 4662 in
1355 4610 1438 4664 men's
1449 4609 1682 4663 destitutionibus:

53 4695 134 4750 super
146 4682 308 4746 versarium,
321 4683 421 4752 pernix
434 4690 462 4738 et
479 4683 574 4755 agilis:
596 4692 622 4739 et
641 4693 731 4739 tamen
749 4684 779 4738 in
792 4702 850 4740 cor·
888 4690 989 4760 quintas
1003 4689 1126 4744 excitant
1139 4689 1316 4743 attentionem
1329 4705 1424 4744 sensus
1437 4696 1465 4743 et
1477 4689 1682 4754 advertentiam,

53 4759 241 4830 poreirigido,
254 4761 347 4827 denso,
362 4777 463 4832 opaco:
484 4771 513 4818 et
526 4763 665 4835 complura
678 4764 707 4819 id
720 4780 815 4836 genus.
887 4776 970 4840 atque
985 4786 1040 4823 una
1053 4767 1173 4823 limitant
1185 4767 1363 4823 subtilitatem
1378 4786 1477 4824 rerum.
1518 4768 1562 4823 De
1575 4768 1620 4823 his
1634 4784 1682 4822 au·

92 4839 234 4906 Similiter,
248 4842 304 4896 sint
316 4848 421 4896 naturus
437 4843 583 4914 inquisita,
596 4851 692 4899 natura
712 4860 848 4915 corporea,
887 4855 942 4903 tem
956 4848 1072 4920 singulis
1083 4849 1142 4917 jam
1155 4846 1299 4902 dicemum
1313 4854 1362 4904 est.

53 4925 81 4972 et
93 4919 166 4973 actio
177 4920 321 4975 naturalis.
360 4921 474 4977 Videtur
486 4924 560 4978 enim
577 4941 632 4979 non
645 4924 764 4979 inveniri
778 4924 849 4978 actio

54 4999 195 5065 mtnmlie,
208 5001 264 5055 nisi
286 5000 434 5056 subsistens
455 5001 484 5055 in
501 5002 594 5075 aliquo
613 5021 733 5074 corpore.
774 5002 849 5057 Atta-
1228 4988 1340 5029 '‘¹¹¹¹‘'

54 5094 116 5132 men
136 5080 226 5151 possit
245 5080 359 5135 sonasse
380 5098 440 5136 esse
460 5083 533 5136 circa
552 5084 623 5137 banc
636 5100 695 5138 rem
715 5084 848 5139 instantia
928 5083 1003 5138 Inter
1010 5084 1213 5156 pratogatioaa
1224 5084 1417 5138 instantiarum
1427 5098 1559 5156 ponemus
1567 5082 1629 5136 ioco
1638 5083 1683 5137 de·

55 5159 185 5214 manalis
208 5160 332 5215 diuortii.
385 5160 427 5215 Ea
451 5168 491 5216 est
514 5163 587 5217 actio
609 5164 772 5235 magnetica,
798 5179 849 5232 per
886 5162 959 5217 cimo
978 5171 1056 5218 sexto
1077 5164 1224 5219 instantias
1241 5167 1341 5233 januae
1354 5165 1411 5219 sive
1424 5173 1531 5235 porta:
1554 5179 1587 5216 eo
1609 5163 1684 5217 enim

55 5253 135 5309 quarn
148 5238 251 5295 ferrum
265 5239 350 5295 fertur
359 5240 395 5294 ad
407 5249 569 5312 magnetem,
581 5244 676 5314 gravia
690 5243 724 5296 ad
738 5242 848 5314 globum
886 5242 997 5297 nomine
1011 5259 1058 5298 eas
1076 5242 1253 5314 appellamus,
1267 5261 1328 5315 quas
1338 5244 1434 5312 juvant
1451 5243 1571 5296 senones
1588 5258 1684 5297 sensus

55 5325 140 5373 terrac.
172 5318 243 5374 addi
251 5320 446 5391 etiampossint
458 5320 520 5375 alite
532 5322 668 5377 nonnullas
678 5322 849 5393 operationes
887 5322 1066 5378 immediatas.
1116 5324 1193 5379 luter
1210 5340 1307 5379 sensus
1330 5331 1422 5378 autem
1443 5321 1619 5376 manifestum
1641 5329 1685 5377 est

56 5395 89 5450 ad
107 5397 222 5455 dietam.
264 5398 345 5454 Actio
365 5399 500 5471 siquidem
520 5400 677 5470 hujusmodi
697 5409 724 5456 et
736 5402 766 5456 in
780 5412 849 5456 tem·
887 5411 979 5473 partes
993 5402 1096 5474 primas
1116 5411 1209 5459 tenere
1228 5404 1325 5468 risum
1340 5401 1429 5474 quoad
1448 5401 1684 5467 informationem,

56 5491 117 5545 pore
131 5479 170 5544 fit,
185 5494 236 5549 per
250 5487 395 5544 momenta,
409 5495 465 5611 agn
485 5479 515 5613 ig
535 5490 634 5551 puncto
654 5482 801 5553 temporis:
823 5489 849 5536 et
886 5499 969 5554 quare
993 5481 1059 5537 huic
1081 5483 1173 5539 sensui
1200 5484 1336 5553 praecipue
1360 5480 1464 5537 auxilia
1490 5482 1683 5553 conquirenda

465 5575 475 5612 r

393 2834 516 2876 XXXVII·
