3800 5875
219 286 278 352 672
798 284 966 341 {mestus
987 284 1270 343 PHILOSOPHICI.

219 443 456 501 tionesinmelius
466 443 607 515 provebat.
649 442 801 498 Honestum
809 443 930 514 proiecto
937 460 1014 516 opus,
1049 442 1132 507 credi,
1141 458 1190 496 roa
1198 450 1269 497 statu
1280 442 1319 497 uti
1331 441 1505 497 mendarum
1516 443 1629 497 florente
1638 450 1666 497 et
1675 441 1751 497 limo.
1778 443 1839 514 Ego

218 525 323 595 inquit:
343 532 372 578 et
391 540 459 594 quos
479 525 569 578 socios
588 522 696 578 habes?
716 522 778 592 Ego
796 530 878 586 certe,
892 524 1013 594 inquam,
1050 539 1143 577 rursus
1162 538 1259 576 moneo
1278 539 1335 585 vos,
1353 538 1387 577 ne
1408 538 1584 592 eorumquae
1605 521 1711 576 habetis
1731 530 1776 576 aut
1795 540 1838 576 co

218 603 342 675 proiecto
362 603 467 657 nullust
495 604 560 673 quin
581 618 631 656 nec
655 617 808 671 quenquam
836 602 931 666 babeo,
960 620 1014 673 quo
1050 603 1190 672 piam,aut
1204 600 1443 672 utilitatemquasi
1456 601 1491 654 ad
1505 618 1635 671 mamm
1646 601 1754 672 aliquod
1766 603 1838 654 iasu-

219 700 282 737 cum
293 682 505 736 familiariterde
515 681 670 750 hujusmodi
683 681 764 734 rebus
773 680 892 753 colloqui
901 682 1013 752 possim,
1050 681 1125 750 gium
1150 682 1244 744 esecu,
1268 688 1295 734 et
1320 688 1442 734 votorum
1469 691 1616 750 compotes
1641 690 1689 735 aut
1709 680 1839 735 laboribus

218 771 250 816 ut
263 779 307 815 me
320 763 416 816 saltem
430 762 566 831 explicem
585 768 614 814 et
628 776 767 814 exacuam.
808 759 899 825 Dura,
913 761 1012 831 inquit,
1051 760 1193 834 perfuncti,
1208 760 1359 829 accipiatis.
1402 760 1487 830 ldqne
1501 761 1540 814 sic
1554 761 1733 814 musicarum.

218 850 313 912 partes
327 849 380 895 tuae
394 849 470 894 aunt:
485 850 512 893 et
525 841 615 893 statim
628 838 738 902 addidit,
748 847 829 910 atque
843 847 933 894 tamen
945 841 1014 893 scito
1091 839 1120 893 si
1142 838 1172 891 in
1195 855 1302 893 omnem
1324 837 1401 893 illam
1422 840 1586 908 scriptorum
1604 841 1766 901 mrietatem,
1787 856 1839 910 qua

219 919 280 974 hmo
300 920 362 974 aliis
378 937 450 973 curae
468 936 537 973 esse.
578 919 648 973 Tum
672 934 726 989 ego
744 917 865 973 lmtatus:
887 917 1012 983 Guttula,
1050 917 1172 972 scientim
1184 925 1290 971 tument
1303 925 1331 970 et
1343 916 1522 981 luxuriantur,
1537 918 1571 971 de
1585 935 1619 971 eo
1640 918 1710 989 quod
1730 919 1839 971 afferunt

219 998 338 1069 inquam,
366 1016 409 1052 me
437 998 586 1068 aspersisti,
614 1006 695 1068 atquc
719 998 840 1052 animam
864 997 1011 1053 reddidisti.
1049 996 1235 1066 interpelletis,
1247 1006 1275 1050 et
1287 997 1388 1061 stricte,
1402 1005 1430 1050 et
1446 1012 1538 1065 presse
1559 998 1731 1059 examinetis,
1744 997 1838 1067 ubique

218 1077 281 1148 Ego
295 1078 367 1132 enim
381 1094 464 1132 anum
478 1077 615 1148 quandam
634 1077 772 1131 fatidicam
787 1093 841 1130 non
855 1077 894 1130 ita
907 1078 1014 1147 pridem
1050 1075 1192 1145 reperietis
1207 1076 1326 1143 ejusdem
1341 1077 1380 1129 rei
1395 1076 1570 1145 repetitiones
1583 1076 1725 1130 infinitas:
1744 1076 1838 1139 serbis,

219 1158 344 1222 conserti,
359 1174 420 1228 quae
441 1157 508 1210 mihi
524 1158 617 1210 nescio
635 1156 700 1227 quid
718 1156 932 1219 obmurmurans,
946 1159 1013 1209 rati·
1050 1155 1152 1218 ordine,
1167 1155 1309 1225 exemplis,
1330 1163 1410 1226 atque
1431 1154 1625 1217 illustratione,
1646 1156 1777 1217 diversas,
1797 1173 1836 1209 re·

218 1236 310 1290 einata
329 1245 378 1301 est,
397 1236 489 1289 ioetum
512 1252 603 1290 meum
629 1236 659 1288 in
683 1236 828 1290 solitudine
853 1235 1011 1305 periturum.
1050 1252 1109 1288 rum
1124 1251 1230 1288 summa
1242 1244 1267 1288 et
1281 1233 1399 1304 pondere
1413 1252 1445 1287 ac
1460 1251 1524 1287 vera
1543 1242 1678 1304 potestate
1693 1234 1838 1304 preliantes

220 1315 279 1378 Vis,
294 1315 390 1386 inquit,
405 1324 436 1369 ιιι
448 1315 498 1367 tibi
513 1332 620 1369 narrem
635 1331 695 1384 quse
708 1313 777 1367 mibi
792 1315 820 1368 in
836 1313 926 1367 Gallia
939 1314 1013 1367 circa
1049 1330 1081 1366 ac
1095 1312 1176 1384 plane
1190 1315 1314 1375 iteratass
1336 1313 1408 1367 utin
1429 1330 1529 1384 pompa
1548 1323 1696 1383 paupertas
1716 1314 1758 1377 sit,
1771 1324 1797 1366 et
1810 1312 1836 1366 in

219 1393 374 1464 hujusmodi
395 1395 533 1465 negotium
554 1401 709 1448 evenerunt.
750 1392 953 1457 Libentissime,
972 1394 1012 1447 in·
1049 1392 1129 1446 rebus
1140 1393 1243 1461 jejunis
1258 1392 1404 1447 fastidium.
1444 1392 1534 1464 Atque
1548 1393 1572 1445 si
1586 1393 1727 1447 vobiscum
1745 1391 1837 1446 {smili-

220 1490 311 1543 quam,
325 1483 406 1544 atque
421 1474 533 1543 insuper
547 1475 663 1543 gratiam
677 1472 794 1525 habebo.
1049 1473 1131 1526 ariter
1151 1470 1225 1541 loqui
1246 1481 1274 1524 et
1290 1472 1377 1538 jocari
1398 1471 1450 1525 hac
1470 1471 1650 1534 dereliceat,
1665 1473 1767 1525 ridetur
1779 1472 1836 1525 dor·

258 1553 328 1607 Tum
343 1552 434 1607 retulit
454 1569 483 1605 se
498 1552 612 1607 Parisiis
625 1560 750 1605 vocatum
763 1567 780 1603 a
793 1550 909 1622 quodam
923 1552 1012 1605 amico
1049 1552 1120 1604 trina
1134 1560 1223 1604 vestra
1236 1567 1322 1604 cmnoe
1335 1550 1377 1604 illi
1391 1551 1509 1620 hospitis
1528 1550 1720 1605 Chalcidensis
1740 1551 1836 1604 similli-

219 1646 277 1697 tno,
290 1640 372 1702 atque
386 1632 568 1686 introductum
587 1632 615 1684 in
629 1647 786 1684 concessum
801 1632 927 1692 virorum,
948 1648 1012 1700 qua·
1049 1646 1101 1692 ma,
1112 1630 1158 1701 qui
1173 1647 1235 1684 cum
1248 1630 1459 1699 interrogaretur
1472 1630 1543 1684 nude
1559 1638 1616 1684 tam
1630 1631 1706 1684 saria
1718 1631 1834 1683 venado?

217 1710 281 1775 lem,
295 1711 393 1783 inquit,
408 1710 451 1764 vel
466 1718 494 1764 tu
509 1711 600 1765 ridere
614 1710 713 1774 vallese
734 1709 804 1762 nibil
817 1709 890 1762 enim
911 1709 939 1762 in
955 1711 1012 1763 sits
1048 1709 1196 1778 respondit,
1218 1707 1266 1762 illa
1285 1710 1377 1763 omnia
1400 1725 1436 1763 ex
1455 1718 1598 1763 mansueto
1616 1727 1665 1763 sue
1685 1726 1745 1762 esse
1763 1710 1835 1762 iacta

217 1790 287 1844 mihi
302 1791 401 1844 accidit
410 1790 563 1858 jucundius.
604 1789 691 1843 Erant
704 1798 794 1843 autem
809 1788 915 1841 circiter
930 1790 1011 1858 quin·
1048 1789 1147 1858 Neque
1161 1789 1234 1842 enim
1247 1788 1383 1858 negabitis
1403 1789 1558 1843 universam
1578 1789 1661 1842 istam
1681 1788 1785 1858 copiam
1802 1788 1836 1841 nil

217 1869 349 1940 quaginta
362 1869 519 1938 sitiasque
534 1868 769 1939 exiisquisquam
783 1866 947 1929 adolescens,
963 1868 1011 1921 sed
1048 1866 1122 1921 aliud
1143 1884 1211 1930 esse,
1230 1884 1312 1938 quarn
1334 1867 1486 1936 portionem
1505 1869 1643 1938 quandam
1664 1868 1836 1938 philosophia

218 1965 314 2002 omnes
327 1955 407 2002 aetate
421 1948 608 2017 provectiores,
623 1948 724 2017 quique
744 1945 821 2000 vultu
841 1947 902 2015 ipso
923 1946 1011 2016 digni·
1049 1946 1211 2011 Graecorum,
1227 1962 1340 2017 eamque
1354 1956 1428 2001 certe
1442 1948 1555 2001 minime
1568 1947 1598 2000 in
1617 1947 1689 2001 saltu
1709 1956 1756 2001 aut
1768 1946 1836 1999 silris

217 2033 373 2080 tatemcum
387 2026 519 2095 probitate
539 2024 641 2095 singuli
661 2043 717 2095 pras
737 2042 767 2078 se
787 2025 895 2079 ferrent.
938 2026 1012 2079 Inter
1047 2035 1151 2081 naturae
1171 2027 1309 2087 nutritam,
1331 2026 1428 2079 sedin
1448 2024 1551 2080 scholia
1571 2033 1599 2079 et
1619 2026 1703 2089 cellis,
1716 2034 1836 2095 tanquam

217 2122 286 2176 quos
301 2106 390 2159 aiebat
403 2105 608 2175 recognovisse
628 2103 1011 2174 nonnulloshonoribusper·
1047 2105 1149 2159 animal
1171 2105 1348 2159 domesticum
1370 2105 1533 2175 saginatum
1575 2104 1653 2166 Quod
1673 2106 1729 2159 sia
1742 2106 1836 2158 Gratis

217 2184 333 2248 functos,
347 2192 428 2255 atque
443 2181 512 2237 alios
534 2200 570 2238 ex
588 2191 702 2246 senatu;
724 2183 804 2236 etiam
822 2183 957 2236 antistites
970 2201 1011 2237 sa·
1048 2184 1136 2256 iisque
1160 2186 1254 2255 paucis
1278 2185 1437 2247 abscedetis,
1459 2185 1525 2255 quid
1549 2185 1660 2240 tandem
1679 2184 1778 2239 habeut
1798 2182 1835 2235 rel

217 2279 323 2317 crorum
334 2263 462 2331 insignes,
476 2269 557 2334 atque
571 2278 607 2317 ex
620 2263 693 2315 omni
709 2262 765 2316 iere
779 2262 872 2316 ordine
886 2263 1009 2317 eminen-
1048 2263 1173 2326 Romani,
1187 2262 1230 2317 rel
1245 2263 1356 2328 Arabes,
1371 2263 1415 2317 rel
1428 2264 1521 2327 nostri,
1536 2264 1609 2334 quod
1622 2281 1678 2318 uon
1695 2264 1731 2317 ab
1744 2264 1836 2317 Aristo

217 2341 286 2395 tiore
308 2341 430 2412 aliquoss
452 2349 528 2395 erant
548 2342 629 2395 edam
648 2341 765 2412 quidam,
778 2349 808 2394 ut
821 2340 919 2405 aiebat,
934 2358 1010 2411 perc-
1049 2341 1118 2407 telis,
1134 2343 1263 2405 Platonis,
1279 2343 1464 2412 Hippocratis,
1480 2343 1588 2408 Galeni,
1603 2344 1734 2405 Euclidis,
1754 2341 1837 2396 Ptole·

217 2421 289 2491 grini
303 2437 339 2475 ex
349 2420 463 2474 diversis
475 2420 641 2475 madoribus.
680 2418 769 2491 Atque
783 2437 844 2475 cum
862 2419 908 2474 ilie
921 2422 1011 2491 primo
1047 2422 1109 2476 maei
1121 2423 1236 2477 inventis
1249 2423 1392 2485 derivetur,
1406 2432 1453 2476 aut
1465 2422 1494 2476 in
1509 2423 1605 2476 eadem
1620 2422 1746 2477 recidat?
1787 2422 1837 2475 lta·

216 2499 375 2564 introiisset,
396 2499 501 2553 invenit
525 2515 572 2553 eos
593 2498 764 2553 familiariter
783 2499 856 2553 inter
877 2516 906 2553 se
929 2499 1010 2554 collo-
1048 2518 1100 2571 que
1123 2501 1221 2555 ridetis
1242 2502 1271 2556 in
1291 2518 1342 2555 sex
1361 2502 1475 2556 sortasse
1494 2501 1640 2556 hominum
1659 2499 1799 2556 cerebellis
1814 2508 1837 2553 et

217 2587 347 2649 quentcss
368 2579 497 2633 sedebant
510 2585 602 2633 tamen
615 2577 707 2632 ordine
721 2577 852 2633 sedilibus
861 2577 1009 2649 dispositis,
1046 2579 1173 2637 animulis
1187 2597 1250 2650 spes
1263 2589 1291 2634 et
1304 2581 1425 2635 fananas
1438 2582 1621 2635 vernucias
1635 2598 1704 2636 esse
1745 2580 1837 2650 Neque

216 2674 249 2712 ac
263 2657 347 2713 veluti
361 2657 506 2712 adrentum
520 2656 633 2733 alicujus
647 2665 832 2728 expectantes.
1047 2676 1111 2713 uero
1122 2659 1223 2714 idcirco
1236 2658 1311 2714 Deus
1323 2660 1399 2714 subis
1413 2661 1518 2714 animas
1533 2660 1684 2714 rationales
1697 2659 1801 2721 indidit,
1814 2669 1838 2711 ut

255 2738 355 2809 Neque
369 2737 408 2790 ita
422 2737 507 2791 multo
520 2746 582 2807 post
595 2738 733 2807 ingressus
743 2737 885 2792 estadeos
898 2737 940 2792 sir
953 2738 1009 2807 qui·
1047 2754 1110 2792 suas
1122 2748 1213 2808 partes
1227 2739 1320 2807 (tidem
1334 2740 1439 2793 scilicet
1449 2747 1568 2794 seuram
1578 2757 1641 2810 quse
1654 2740 1751 2793 (lirinis
1763 2738 1837 2792 debe·

133 2820 134 2823 ’
216 2816 288 2880 dam,
302 2824 427 2887 aspectus
442 2817 486 2885 (ut
499 2817 525 2869 ei
539 2816 691 2883 videbatur)
705 2817 848 2870 admodum
862 2816 962 2886 placidi
983 2825 1010 2871 et
1047 2821 1102 2884 tur)
1118 2816 1273 2873 hominibus
1287 2819 1442 2873 deterreris:
1464 2835 1552 2889 neque
1566 2835 1665 2873 sennis
1680 2818 1838 2872 informatio

216 2896 313 2960 sereni,
328 2896 381 2951 nisi
396 2896 469 2966 quod
490 2896 545 2952 oris
566 2895 726 2966 compositio
746 2902 805 2951 erat
818 2903 946 2968 tanquam
961 2896 1010 2951 mi·
1046 2912 1109 2953 nem
1123 2898 1229 2953 firmam
1243 2906 1272 2952 et
1284 2897 1401 2953 validam
1412 2897 1543 2962 attribuit,
1554 2906 1584 2952 nt
1594 2915 1747 2969 paucorum
1760 2896 1837 2951 homi-

216 2976 348 3039 serantiss
382 2976 427 3029 cni
447 2992 508 3030 cum
531 2991 626 3030 omnes
647 2976 865 3041 assurrexissent,
891 2976 938 3030 ille
960 2977 1010 3031 cir·
1045 2992 1111 3031 num
1125 2994 1216 3047 opera,
1230 2977 1278 3032 sed
1292 2988 1383 3033 utsua
1397 2978 1507 3032 demum
1520 2995 1613 3048 opera,
1627 2977 1728 3032 coelum
1747 2987 1773 3032 et
1791 2987 1837 3030 ter·

215 3055 396 3126 cumspiciens
409 3065 437 3109 et
450 3055 609 3110 subridens:
637 3054 796 3125 Nunquam,
810 3055 905 3126 inquit,
917 3056 1009 3110 existi·
1046 3073 1113 3120 ram,
1135 3057 1401 3127 contemplaremini3
1422 3057 1517 3111 laudes
1537 3074 1601 3111 susa
1620 3057 1798 3121 celebrantes
1815 3063 1838 3108 et

215 3135 288 3189 mari
303 3134 422 3203 potuisse
436 3135 503 3198 fieri,
516 3142 548 3188 ut
561 3134 645 3188 otium
662 3136 783 3189 omnium
804 3141 932 3197 restrum,
947 3152 1008 3189 curn
1046 3133 1178 3203 hymnum
1191 3136 1292 3190 auctori
1312 3146 1402 3190 restro
1422 3144 1559 3200 canentes,
1573 3137 1610 3191 iis
1631 3138 1718 3191 etiam
1735 3135 1837 3199 siriaci

216 3212 338 3284 singulos
360 3229 531 3284 recognosco,
552 3213 582 3266 in
605 3229 689 3266 unum
709 3222 789 3284 atque
810 3214 882 3267 idem
903 3223 1009 3284 tempus
1046 3213 1136 3284 placet
1149 3214 1232 3283 (nihil
1244 3216 1317 3269 enim
1331 3215 1434 3281 obstat)
1448 3216 1478 3268 in
1491 3215 1604 3269 chorum
1619 3215 1754 3285 acceptis.

215 3292 394 3355 coincideretr
409 3293 489 3363 idque
501 3294 766 3363 quomodocrenerit,
777 3293 1008 3347 satiamirarinou
1086 3293 1239 3354 Quinetiam
1258 3294 1312 3348 ista
1330 3295 1393 3365 ipsa
1411 3294 1540 3358 doctrina,
1555 3311 1605 3349 usu
1624 3305 1726 3357 vestra,
1741 3294 1835 3365 origine

215 3388 334 3442 possum.
375 3370 499 3442 Cumque
516 3387 584 3426 unua
605 3379 725 3425 excoetu
742 3370 931 3442 respondisset,
946 3390 1009 3427 eum
1047 3372 1150 3437 Graeca,
1165 3390 1225 3443 quae
1239 3381 1312 3427 tanta
1325 3390 1426 3444 pompa
1440 3374 1549 3436 incedit,
1560 3381 1643 3445 quota
1653 3391 1720 3444 pars
1735 3372 1837 3428 tuitills

214 3450 306 3520 ipsum
319 3450 372 3504 hoc
387 3451 471 3504 otium
486 3449 542 3504 illis
557 3451 661 3513 iecisse,
676 3467 739 3505 cum
751 3468 813 3522 quse
833 3451 869 3504 ab
887 3451 949 3520 ipso
962 3468 1009 3506 ex·
1046 3452 1189 3521 sapientire
1202 3452 1377 3506 Groecomm?
1417 3453 1460 3506 Ea
1470 3454 1543 3506 enim
1556 3453 1634 3507 saria
1645 3454 1713 3516 tuit,
1729 3454 1836 3506 varicus

215 3536 369 3599 spectarent
378 3529 419 3583 illi
433 3530 561 3584 ducerent
570 3529 645 3583 omni
658 3530 768 3599 negotio
778 3530 898 3600 potiora:
918 3529 1008 3601 Atque
1046 3540 1136 3585 autem
1159 3540 1190 3585 ut
1212 3532 1319 3585 veritati
1339 3548 1393 3586 nou
1414 3531 1571 3602 acquiescit,
1590 3533 1631 3585 ita
1649 3549 1702 3586 nec
1724 3547 1835 3586 errorem

214 3616 247 3662 ut
259 3609 346 3673 video,
360 3609 456 3679 inquit,
467 3609 593 3663 universa
606 3607 656 3662 illa
665 3609 775 3675 jactura
787 3609 857 3677 ejus,
872 3609 944 3680 quod
963 3609 1008 3663 bio
1047 3610 1115 3681 figit,
1129 3610 1176 3664 sed
1191 3610 1225 3663 ad
1237 3611 1380 3666 reritmem
1394 3620 1436 3665 est
1448 3611 1536 3665 instar
1546 3610 1624 3665 iridis
1633 3611 1669 3665 ad
1681 3611 1775 3672 solem,
1786 3627 1837 3681 qus

215 3696 394 3751 consumetur,
409 3689 545 3757 temporis,
560 3703 615 3759 quo
628 3697 700 3741 certe
722 3703 770 3741 roa
783 3688 902 3758 separati
916 3687 1009 3743 multis
1047 3689 1167 3743 omnium
1180 3689 1331 3760 imaginum
1345 3699 1386 3744 est
1399 3690 1519 3744 maxime
1532 3689 1649 3753 infirma,
1664 3701 1693 3745 et
1710 3691 1788 3761 quasi
1800 3690 1838 3743 de

214 3768 375 3822 mortalibus
397 3766 572 3837 probassetis,
596 3766 631 3821 sd
651 3782 726 3821 meas
749 3767 868 3824 rationes
887 3767 1007 3822 accedet.
1046 3768 1159 3837 perdita,
1174 3769 1222 3822 sed
1235 3777 1325 3822 tamen
1339 3769 1439 3840 imago.
1481 3768 1584 3824 Verum
1605 3779 1636 3823 et
1649 3769 1723 3823 banc
1739 3784 1837 3841 quoque

216 3845 293 3906 Quod
313 3846 337 3901 si
358 3846 399 3899 ita
411 3855 462 3911 est,
482 3846 627 3901 ridendum
645 3846 766 3915 profecto
786 3862 821 3900 ne
841 3862 890 3900 vos
907 3846 1009 3901 diutius
1046 3846 1205 3901 varietatem
1225 3848 1303 3902 nobis
1323 3848 1441 3902 extinxit
1463 3846 1592 3922 (Graecus
1606 3857 1636 3902 et
1649 3845 1727 3921 ipse)
1745 3849 1839 3902 Aristo

214 3942 318 3980 morer:
339 3924 419 3980 simul
439 3925 567 3990 consedit,
581 3925 683 3996 absque
705 3934 834 3996 suggesto
852 3931 899 3978 aut
917 3925 1009 3979 cathe-
1047 3925 1131 3979 teles:
1153 3926 1241 3990 credo,
1254 3935 1283 3981 ut
1303 3926 1429 3997 discipuli
1451 3944 1495 3980 rea
1517 3936 1610 3999 gestas
1627 3936 1759 3998 aequaret.
1800 3926 1837 3980 Aa

215 4003 271 4069 dra,
285 4004 333 4060 sed
346 4022 382 4060 ex
394 4021 473 4077 aquo
485 4022 547 4060 cum
559 4005 673 4068 caterio,
682 4013 761 4074 atque
773 4003 927 4073 hujusmodi
938 4021 1008 4074 quaa·
1047 4021 1099 4075 que
1109 4004 1235 4075 discipuli
1244 4006 1410 4075 praeconium
1421 4003 1461 4080 (si
1475 4015 1547 4060 recte
1558 4003 1691 4079 memini)
1707 4006 1763 4061 talc
1775 4005 1836 4060 eele-

215 4083 278 4138 dam
291 4083 363 4153 apud
377 4101 439 4139 eum
452 4100 610 4139 consessum
629 4083 711 4137 verba
732 4083 814 4147 iecits
834 4099 898 4137 uam
909 4084 1007 4148 aicbat,
1047 4084 1154 4139 braturr

216 4162 263 4233 qui
284 4161 344 4217 hmo
363 4163 498 4229 narrabat,
516 4180 546 4219 se
565 4163 613 4217 illa
632 4170 691 4216 tum
708 4163 857 4232 excepisse,
872 4169 900 4216 ut
912 4163 1008 4232 potuit,
1133 4185 1446 4248 uqunmmpmg,
1457 4186 1573 4234 „oum
1581 4185 1673 4235 „mdo

215 4239 281 4295 licet
293 4259 356 4296 cum
369 4242 442 4312 apud
455 4259 485 4297 ae
499 4260 553 4296 una
566 4260 629 4296 cum
642 4242 691 4296 illo
705 4242 793 4296 amico
813 4259 871 4306 suo,
884 4242 932 4313 qui
945 4259 1008 4296 eum
1134 4243 1369 4311 Edituslcxcmplum,
1378 4252 1451 4293 ueras
1462 4251 1496 4292 tot
1505 4260 1573 4305 posse
1584 4244 1629 4292 sub
1640 4259 1690 4292 nno

215 4319 408 4385 introduxerat,
431 4338 465 4376 es
485 4328 700 4393 recognosceret,
722 4322 852 4375 fateretur
872 4337 906 4375 ca
926 4320 1008 4391 longe
1134 4301 1310 4349 3³⁸⁸V¹‘⁰·”’

214 4398 345 4454 int'eriora
359 4400 403 4464 iis,
417 4418 477 4472 qnae
491 4408 548 4455 tum
562 4402 636 4456 dicta
649 4409 746 4464 essent,
761 4400 821 4454 risa
841 4417 909 4454 ease.
950 4400 1009 4454 Ex·
1047 4399 1089 4453 An
1104 4408 1132 4454 et
1144 4399 1283 4471 magister,
1298 4400 1365 4454 felix
1387 4399 1515 4454 doctrinae
1534 4400 1651 4471 prado?
1694 4398 1835 4456 Acerbeil·

214 4478 336 4549 emplum
345 4488 435 4533 autem
449 4480 587 4544 orationis,
598 4497 681 4552 quam
696 4487 863 4549 excerperet,
872 4479 945 4550 quod
955 4481 1008 4533 cir·
1046 4479 1100 4543 lud,
1122 4479 1170 4533 sed
1184 4497 1245 4551 qua
1258 4488 1406 4551 sequuntur
1425 4480 1536 4550 optime.
1577 4479 1665 4534 Nullo
1678 4480 1754 4535 enim
1767 4479 1836 4534 modo

213 4574 248 4612 ca
262 4574 292 4612 se
306 4558 432 4623 habebat,
446 4558 607 4627 proferebat.
660 4558 731 4613 lllurl
745 4559 784 4612 ita
797 4559 928 4628 scriptum
941 4566 1007 4613 erat
1045 4558 1093 4613 ille
1103 4559 1178 4614 utilis
1192 4558 1272 4612 rebus
1285 4558 1419 4623 humanis,
1430 4559 1476 4630 qni
1491 4568 1530 4612 tot
1541 4560 1654 4629 egregia
1664 4559 1835 4628 ingeniatot,

255 4637 311 4692 Vos
332 4646 413 4701 certe,
434 4637 493 4701 filii,
514 4637 639 4693 homines
660 4639 726 4692 estis
746 4646 773 4691 et
791 4637 932 4702 mortalem
958 4654 1008 4691 nec
1046 4638 1165 4709 inquam,
1178 4637 1266 4691 libera
1278 4638 1370 4707 capita
1383 4639 1412 4691 in
1431 4639 1589 4692 servitutem
1603 4637 1751 4708 redegerit.
1793 4638 1836 4691 lts·

213 4717 376 4772 conditionis
390 4724 486 4771 vestrm
496 4725 600 4773 tantum
613 4718 752 4789 poenitest,
763 4717 787 4770 si
800 4726 904 4772 natura
913 4726 1009 4772 vestrae
1047 4734 1108 4787 que,
1123 4717 1181 4781 filii,
1195 4717 1228 4770 de
1242 4717 1322 4786 copia
1333 4725 1422 4771 restra
1440 4716 1553 4771 audistis
1568 4733 1652 4787 quam
1665 4726 1750 4781 arcta,
1765 4732 1835 4788 quan

213 4797 281 4851 satis
294 4796 480 4852 memineritis.
514 4796 867 4861 Deus,mnndiconditoret
880 4803 1007 4860 restrum,
1046 4796 1082 4849 ad
1097 4813 1198 4867 paucos
1211 4797 1326 4850 redacta.
1367 4795 1478 4850 Divitiae
1496 4795 1569 4849 enim
1587 4802 1686 4851 vestrm
1702 4804 1766 4851 sunt
1778 4813 1834 4868 psu-

214 4876 320 4931 animas
333 4876 411 4931 vobis
424 4876 534 4930 donarit
547 4876 639 4931 mundi
660 4876 748 4946 ipsius
761 4891 883 4945 capaces,
898 4891 948 4930 nec
967 4883 1009 4928 ta·
1047 4891 1139 4929 corum
1152 4892 1257 4930 census
1296 4873 1339 4929 De
1352 4873 1466 4929 utilitate
1477 4874 1536 4941 jam
1550 4875 1692 4929 attendite.

213 4971 325 5011 maneo
345 4957 407 5027 ipso
424 4956 572 5011 satiandus.
615 4956 711 5026 ltaque
729 4955 810 5009 fidem
824 4963 942 5009 vestram
957 4953 1009 5008 sibi
1088 4954 1179 5026 Atque
1200 4954 1308 5008 tandem
1329 4955 1432 5008 adimm
1454 4953 1489 5006 ad
1509 4961 1615 5007 mentes
1637 4961 1666 5008 et
1679 4968 1834 5008 sensusrea

213 5035 343 5105 seposuit,
366 5035 496 5090 mundum
517 5035 609 5088 sensui
629 5034 771 5088 attribuit:
799 5043 896 5087 neuma
917 5041 1009 5088 autem
1047 5042 1111 5096 tros,
1125 5050 1181 5087 non
1203 5033 1291 5086 dicam
1309 5031 1517 5103 impetrabimus
1537 5035 1599 5101 (sos
1616 5034 1693 5086 enim
1707 5031 1833 5094 benevoli)

214 5113 325 5169 oracula
338 5114 412 5169 clara
431 5131 491 5169 esse
505 5113 599 5177 soluit,
614 5114 662 5166 sed
682 5113 811 5175 inuoluta,
825 5121 856 5168 ut
869 5129 918 5167 vos
932 5129 1009 5167 exer·
1047 5113 1094 5167 sed
1108 5120 1243 5166 struamus
1258 5119 1304 5165 aut
1324 5110 1550 5174 machinabimur,
1565 5127 1610 5164 res
1627 5111 1767 5182 siquidem
1779 5109 1835 5165 dia

213 5201 294 5258 caret,
309 5194 525 5265 quandoquidem
539 5190 728 5247 excellentiam
738 5207 829 5245 rerum
842 5192 1008 5262 rependeret
1047 5192 1132 5246 cilis?
1172 5190 1232 5251 Quo
1256 5189 1359 5258 fomite,
1383 5206 1439 5261 qua
1460 5189 1620 5243 accensione
1650 5189 1745 5245 lumen
1769 5189 1834 5244 nobit

213 5276 305 5344 Atque
319 5273 352 5327 de
366 5273 447 5328 rebus
460 5271 559 5325 divinis
573 5271 678 5341 optima
690 5270 723 5323 de
734 5270 811 5324 robis
821 5287 915 5340 spero:
936 5271 1011 5324 circa
1047 5272 1171 5325 innatum
1194 5269 1382 5333 excitabimus,
1410 5268 1492 5339 idque
1517 5285 1534 5321 a
1558 5269 1713 5340 prestigiis
1736 5267 1834 5323 luminis

214 5352 337 5406 humana
350 5359 447 5414 autem,
463 5358 556 5406 metuo
569 5349 654 5410 vobis,
671 5365 706 5401 ne
719 5349 861 5404 diuturnus
874 5366 948 5403 error
961 5366 1010 5404 ros
1047 5348 1186 5405 adventitii
1200 5348 1321 5402 etiniusi
1330 5348 1524 5402 liberabimus?
1556 5346 1717 5413 Quomodo,
1727 5349 1834 5420 inquam.

214 5446 266 5484 usu
285 5430 397 5499 ceperit.
438 5429 576 5485 Existimo
595 5428 668 5483 enim
688 5426 741 5481 hoc
755 5427 828 5497 apud
840 5445 889 5483 ros
902 5429 1010 5499 penitus
1046 5445 1097 5483 nos
1116 5427 1193 5483 robis
1213 5426 1346 5493 dabimus,
1359 5434 1389 5482 ut
1409 5443 1458 5483 sos
1479 5426 1556 5481 vobis
1574 5426 1745 5484 reddamus?
1784 5422 1835 5480 lnte
