3800 5875
62 321 126 376 lna
151 320 189 376 ll.
711 325 849 382 NOVUM
871 325 1072 384 ORGANUM.
1623 332 1682 389 493

63 479 267 544 solistumum
280 480 429 537 delectatur
438 484 501 537 ae‘re
515 482 687 539 circumfuso.
728 485 858 556 ltaquesi
893 483 1067 557 alienaque
1083 484 1160 540 litem
1177 492 1299 541 moveat:
1320 485 1424 553 Altero,
1438 489 1510 559 qnod
1528 491 1627 546 arctior
1646 494 1685 548 sit

62 577 163 631 corpus
178 561 290 631 aliquod
306 561 438 633 tangibile
453 570 480 617 et
494 579 615 618 crassum
630 565 800 619 nanciscatur
813 567 858 635 (ut
893 566 966 628 uuio,
977 572 1004 619 et
1017 574 1145 635 tanquam
1159 566 1260 640 majore
1274 583 1336 620 cum
1349 566 1465 622 delectu
1507 568 1539 621 ln
1553 569 1601 623 illo
1611 573 1684 628 enim

62 640 189 710 digitum,
204 656 347 711 papyrum,
355 641 461 712 quidvis
474 641 560 710 aliud)
570 643 685 697 adheserit
696 645 795 710 statim,
806 660 856 698 nec
893 645 975 697 modo
988 644 1103 698 evitetur
1120 661 1216 714 corpus
1233 644 1382 711 inimicum,
1398 663 1512 717 corpora
1530 649 1613 703 etiarn
1629 668 1684 705 non

63 721 143 774 tacite
167 719 316 775 divellitur.
363 721 455 774 Etiam
478 738 606 792 papyrus,
629 730 676 777 aut
694 739 808 792 ριιιιιιιι,
829 729 857 777 et
894 722 1039 777 admodum
1058 731 1176 793 cognata
1201 725 1441 779 concursurum
1464 726 1493 780 in
1514 726 1566 780 hoc
1587 732 1685 784 coeunt

63 799 228 868 hujusmodi,
242 815 298 853 uon
318 800 387 854 bene
401 817 430 854 se
444 799 546 855 babent
563 817 625 856 cum
638 804 709 866 adra,
724 803 769 874 qui
787 803 857 858 insc-
894 801 1060 867 substantia,
1071 819 1202 873 germana
1214 803 1295 873 plane
1309 803 1485 858 similitudine
1495 806 1641 872 devinctam
1657 817 1685 862 et

63 881 132 932 ritur
152 889 182 932 et
200 880 359 934 commistus
383 880 472 933 estin
496 881 616 950 ipsorum
639 881 719 950 poris
761 883 855 953 ltaque
893 881 1045 935 condantur
1070 890 1199 953 tanquam
1225 882 1255 935 in
1278 899 1371 937 unum.
1412 881 1503 954 Atque
1524 884 1570 938 hic
1596 895 1685 941 motus

62 975 162 1029 squam
177 967 225 1013 sut
235 958 373 1029 liquorum
386 958 503 1014 libenter
515 959 655 1024 imbibunt,
665 967 693 1015 et
705 960 796 1016 adrem
809 978 856 1015 ex·
894 960 1019 1014 omnibus
1037 961 1193 1031 corporibus
1214 962 1370 1032 compositis
1389 963 1477 1027 inest;
1501 972 1529 1017 et
1549 981 1579 1018 se
1603 965 1684 1020 facile

62 1040 220 1092 terminant.
261 1038 354 1092 Etiam
368 1037 534 1102 sacchamm,
544 1046 591 1092 aut
599 1040 714 1110 spongia
726 1041 817 1094 inlusa
826 1040 855 1094 in
893 1039 1114 1108 conspiciendum
1134 1040 1164 1093 in
1187 1040 1302 1111 singulis
1324 1042 1408 1106 daret,
1429 1042 1482 1096 nial
1503 1042 1635 1114 ligaretur
1656 1053 1684 1098 et

62 1134 163 1188 aquam
186 1118 354 1181 sutrinum,
372 1117 436 1172 licet
459 1135 522 1189 pars
539 1118 661 1189 ipsorum
684 1120 808 1183 emineat,
827 1128 856 1173 et
894 1117 1053 1172 lroenamtur
1066 1136 1115 1188 per
1128 1119 1197 1173 alios
1210 1135 1353 1190 corporum
1372 1122 1508 1190 appetitus
1521 1130 1548 1176 et
1565 1124 1684 1178 necessi-

61 1197 143 1267 longe
172 1197 314 1252 attollatur
340 1213 422 1268 supra
445 1199 537 1252 vinum
564 1205 611 1251 aut
636 1214 742 1268 aquam,
765 1206 855 1253 tamen
894 1204 971 1261 tates,
986 1214 1047 1267 quas
1060 1198 1140 1252 istam
1154 1199 1299 1253 coitionem
1313 1199 1471 1254 disturbant.

60 1292 162 1346 squam
178 1284 225 1331 sut
238 1277 333 1331 vinum
346 1276 478 1347 paulstim
491 1285 518 1331 et
531 1293 581 1347 ρει
598 1277 696 1348 gradus
717 1279 856 1333 attrahunt
932 1275 1049 1347 Ligstur
1061 1285 1151 1331 autem
1159 1285 1248 1332 motus
1258 1278 1309 1333 iste
1318 1279 1476 1350 plerumque
1486 1279 1571 1335 tribue
1579 1281 1682 1337 modis:

59 1355 89 1409 in
104 1373 222 1411 sursum.
893 1363 1000 1425 torpore
1024 1373 1181 1426 corporum
1209 1356 1294 1411 lroeno
1313 1358 1435 1428 corporis
1457 1359 1634 1425 dominantis;
1656 1369 1684 1416 et

101 1435 185 1489 Unde
198 1427 321 1504 optimus
332 1451 417 1488 canon
432 1435 545 1489 sumitur
559 1441 692 1505 aperturae
707 1441 734 1488 et
747 1434 855 1490 solutio
893 1444 968 1489 motu
987 1443 1109 1491 externo.
1151 1436 1194 1490 Ad
1216 1444 1349 1506 torporem
1366 1454 1507 1507 corporum
1528 1440 1599 1511 quod
1620 1442 1683 1495 atti-

59 1531 127 1568 num
152 1531 306 1585 corporum.
347 1514 443 1570 Missis
469 1514 542 1568 enim
562 1514 704 1569 corrosivis
724 1521 752 1568 et
775 1516 855 1585 aquis
892 1521 954 1577 nete
968 1523 1072 1569 certum
1085 1522 1127 1569 est
1139 1516 1229 1570 inesse
1242 1516 1399 1586 corporibus
1412 1517 1587 1588 tangibilibus
1600 1520 1683 1590 pigri·

59 1593 186 1658 sortibus,
201 1611 262 1665 quae
275 1593 348 1647 viam
369 1592 422 1648 sibi
435 1593 575 1663 aperiunt3
597 1593 620 1647 si
638 1594 724 1663 possit
739 1593 855 1648 inveniri
893 1593 959 1646 tiam
973 1594 1108 1664 quandam
1121 1595 1269 1650 secundum
1283 1596 1372 1666 magis
1385 1602 1412 1649 et
1425 1597 1522 1659 miuus,
1537 1604 1566 1650 et
1584 1600 1682 1653 exhor·

59 1691 162 1743 corpus
177 1673 409 1744 proportionatum
423 1682 452 1727 et
465 1672 736 1744 magisconseutiens
749 1673 855 1727 etami·
893 1673 1006 1727 rentiam
1029 1680 1119 1728 motus
1141 1673 1251 1739 loculis;
1279 1685 1309 1729 ut
1329 1675 1383 1731 nisi
1403 1676 1560 1742 excitentur,
1586 1678 1682 1733 malint

60 1770 125 1807 cum
150 1753 258 1823 corpori
282 1751 363 1806 alicui
388 1751 482 1817 solido,
510 1768 592 1825 quam
615 1750 690 1816 illud,
715 1768 777 1805 cum
801 1769 855 1823 quo
893 1757 965 1805 statu
977 1769 1026 1806 sno
1036 1753 1128 1823 (prout
1137 1755 1211 1820 sunt)
1223 1770 1282 1807 esse
1296 1762 1430 1819 contenta,
1446 1771 1528 1826 quam
1541 1756 1570 1809 in
1584 1757 1682 1812 melius

59 1842 196 1904 tanquam
215 1848 266 1903 per
280 1831 469 1887 necessitatem
485 1832 689 1894 commiscetur3
710 1831 804 1886 statim
825 1849 854 1885 se
893 1846 922 1883 sc
939 1832 1077 1901 expedire.
1119 1831 1272 1887 Discutitur
1289 1841 1379 1887 autern
1399 1833 1450 1888 iste
1470 1841 1561 1904 torpor
1580 1836 1682 1906 triplici

58 1913 151 1981 sperit
160 1920 189 1966 et
202 1911 308 1966 relaxat
317 1927 425 1982 corpus,
434 1918 462 1964 et
471 1910 539 1965 illud
548 1911 663 1965 alterum
669 1910 740 1965 intro
751 1911 854 1981 recipit,
893 1908 1012 1964 auxilio:
1032 1917 1080 1964 aut
1098 1927 1148 1982 per
1161 1911 1286 1977 calorem,
1300 1920 1347 1966 aut
1365 1929 1415 1983 per
1428 1913 1554 1967 virtutem
1568 1913 1681 1984 alicujus

59 1992 153 2060 priore
176 1990 289 2046 excluso
302 1997 349 2045 aut
367 1999 508 2046 summoto
549 1991 647 2061 Neque
669 1998 794 2060 operatur
807 1999 853 2045 sut
892 1991 1000 2060 cognati
1014 1991 1134 2060 corporis
1148 1991 1320 2057 eminentem,
1332 2001 1379 2045 aut
1388 2008 1437 2062 per
1451 1999 1553 2046 motum
1562 1993 1681 2049 viridum

59 2078 153 2140 potest
165 2070 217 2125 iste
232 2070 367 2125 amad
385 2070 495 2136 tumn,
515 2069 683 2125 solummodo
696 2069 731 2124 ad
744 2078 853 2125 tactum.
892 2075 920 2122 et
933 2075 1079 2139 potentem.
1120 2069 1209 2141 Atque
1223 2070 1312 2141 primo
1322 2070 1412 2142 quoad
1424 2069 1557 2126 auxilium
1566 2071 1680 2128 caloris:

59 2149 137 2204 Nam
152 2149 281 2204 electrica
288 2150 410 2220 operatio
420 2151 466 2219 (de
480 2166 534 2221 qua
542 2148 680 2204 Gilbertus
689 2157 717 2202 et
730 2148 777 2203 alii
792 2157 854 2219 post
892 2147 956 2202 binc
982 2150 1020 2214 at,
1042 2149 1114 2221 quod
1136 2149 1210 2204 calor
1227 2150 1419 2221 pronunciatur
1440 2166 1501 2205 esse
1520 2151 1595 2218 illud,
1610 2152 1681 2223 quod

57 2244 124 2282 eum
142 2237 233 2283 tantas
254 2230 405 2283 excitarunt
424 2229 542 2299 fabulas)
562 2245 617 2283 non
638 2227 693 2281 alia
712 2236 754 2282 est
773 2245 854 2300 quam
891 2237 997 2299 separet
1023 2227 1205 2299 ietnogsneo,
1227 2238 1370 2301 congreget
1397 2230 1572 2301 isnogsneee
1595 2248 1681 2303 quarn

58 2309 184 2378 corporis
203 2325 254 2379 per
273 2308 442 2363 fricationem
461 2308 549 2363 levem
575 2308 686 2363 excitati
709 2309 853 2377 appetitus,
891 2307 1074 2362 definitionem
1088 2307 1330 2378 Peripateticorum
1350 2309 1447 2363 merito
1465 2309 1558 2365 derisit
1575 2310 1681 2365 Gilber·

59 2389 109 2458 qui
124 2392 217 2442 airam
231 2404 286 2442 non
300 2387 370 2442 bene
384 2388 489 2451 tolerat,
503 2388 552 2442 sed
569 2386 642 2441 aliud
654 2386 784 2458 tangibile
798 2403 854 2441 ms·
892 2392 949 2450 tus3
971 2386 1072 2452 dicens,
1087 2403 1148 2441 eam
1166 2403 1226 2441 esse
1246 2387 1357 2458 perinde
1371 2405 1403 2441 ac
1420 2389 1444 2443 si
1459 2388 1521 2459 quis
1534 2389 1636 2445 diceret
1649 2407 1681 2445 sc

58 2466 126 2528 vult,
141 2468 166 2521 si
180 2468 332 2537 reperiatur
343 2468 372 2521 in
385 2467 545 2538 propinquo.
891 2464 1014 2520 definiret
1027 2466 1167 2521 hominem
1180 2465 1248 2520 illud
1261 2483 1329 2529 esse,
1344 2467 1416 2539 quod
1430 2476 1502 2523 serat
1515 2469 1640 2534 triticum,
1654 2481 1682 2525 et

101 2546 144 2600 Sit
167 2556 259 2601 motus
282 2546 421 2616 septimus,
444 2556 532 2603 motus
555 2549 649 2618 ((ριειιι
672 2542 853 2615 appellamus)
892 2542 1121 2613 plautetvineas;
1143 2562 1203 2600 esse
1224 2546 1297 2599 enim
1315 2546 1498 2602 definitionem
1516 2555 1619 2603 tantum
1633 2566 1681 2619 per

60 2627 284 2698 congregationis
297 2627 422 2701 majorim
444 2643 493 2697 per
506 2642 586 2696 quem
599 2641 713 2695 corpora
731 2626 854 2679 teruntur
891 2623 1010 2689 effectus,
1021 2641 1122 2696 eosque
1135 2623 1321 2695 particulares.
1355 2625 1409 2680 Sed
1422 2625 1510 2680 adhuc
1525 2628 1613 2698 magis
1626 2629 1682 2683 cul-

59 2704 95 2758 ad
111 2722 218 2760 mamas
232 2706 446 2760 connaturalium
456 2721 577 2771 suorum;
591 2705 684 2776 gravia
693 2704 729 2759 ad
742 2703 851 2776 globum
891 2702 981 2773 panda
1001 2711 1043 2758 est
1065 2703 1114 2758 illa
1141 2704 1277 2769 definitio;
1299 2704 1364 2775 quia
1387 2705 1470 2759 etiam
1497 2706 1610 2761 effectus
1636 2708 1679 2763 illi

60 2783 312 2848 temta31eriaad
331 2784 461 2839 ambitum
482 2784 555 2838 coeli.
599 2784 680 2838 Hunc
700 2783 794 2838 schola
807 2801 853 2838 no-
892 2781 1007 2853 (quales,
1021 2783 1116 2855 quales
1129 2783 1386 2851 suut)nonsuntex
1399 2785 1561 2854 proprietate
1575 2785 1679 2850 caloris,

60 2864 138 2918 mine
159 2873 245 2918 mas
271 2864 408 2917 amaretis
433 2863 581 2933 insignivit,
608 2863 662 2917 leri
689 2863 853 2933 contempla·
891 2862 938 2915 sed
952 2870 1056 2918 tantum
1075 2880 1125 2934 per
1137 2862 1263 2918 accidens
1278 2863 1363 2932 (idem
1378 2864 1451 2917 enim
1466 2863 1531 2917 lacit
1543 2864 1636 2937 frigus,
1651 2874 1680 2921 ut

61 2946 152 3009 dons3
167 2946 233 3016 qnia
246 2944 352 2999 scilicet
363 2943 404 2997 nil
416 2943 562 3014 spectabile
577 2950 635 2997 erat
643 2943 678 2997 ab
687 2950 773 3009 extra,
782 2944 853 3015 quod
890 2949 987 3012 postea
1000 2943 1132 3012 dicemus)
1147 2960 1245 3014 nempe
1260 2960 1296 2998 ex
1309 2942 1443 2998 desiderio
1456 2944 1573 3012 partium
1587 2945 1681 3000 bomo-

61 3039 126 3077 eum
138 3034 243 3077 motum
257 3024 339 3078 cieret
350 3024 453 3093 (itaque
463 3023 543 3077 rebus
556 3023 624 3093 ipsis
637 3022 758 3077 innatum
771 3034 852 3095 atque
890 3038 1037 3091 genearum
1051 3022 1181 3088 coiundi3
1198 3023 1343 3092 adjuvante
1357 3027 1461 3077 tantum
1477 3022 1566 3077 calore
1581 3023 1614 3077 ad
1629 3025 1681 3078 dis·

60 3103 175 3157 inmtum
198 3102 317 3173 putarit)
338 3110 385 3158 aut
405 3104 472 3157 forte
495 3103 559 3174 quia
581 3118 636 3155 non
656 3110 751 3157 cessat.
791 3101 852 3157 Nec
890 3102 1047 3156 cutiendum
1073 3108 1215 3172 torporem,
1243 3102 1289 3173 qui
1317 3109 1408 3172 torpor
1429 3101 1591 3157 desiderium
1612 3103 1680 3159 illud

60 3182 178 3236 mirum:
199 3199 309 3252 semper
327 3182 400 3236 enim
419 3190 517 3252 presto
529 3188 593 3236 sunt
606 3181 704 3236 coelum
718 3189 748 3236 et
762 3188 851 3246 terra3
890 3188 970 3234 antea
978 3179 1118 3252 ligaverat
1147 3181 1241 3242 Quoad
1253 3197 1317 3236 sero
1330 3182 1463 3237 auxilium
1473 3183 1578 3237 virtutis
1588 3183 1681 3237 inditae

60 3278 123 3315 enm
138 3279 154 3316 e
168 3269 263 3315 contm
276 3277 367 3316 caussa
378 3269 407 3315 et
423 3262 541 3332 origines
554 3259 730 3331 plurimorum
744 3278 780 3316 ex
792 3260 853 3316 reli·
890 3276 908 3313 a
933 3277 1046 3331 corpore
1070 3267 1203 3332 cognat03
1224 3259 1292 3316 illud
1318 3261 1477 3317 mirabiliter
1500 3263 1628 3317 elucescit
1649 3264 1679 3318 in

61 3341 124 3411 qais
150 3341 270 3395 motibus
296 3340 431 3395 interdum
461 3340 560 3405 absint,
593 3340 728 3395 interdum
755 3341 851 3396 adsint.
889 3347 1018 3411 magnete
1031 3350 1147 3407 armato,
1165 3340 1213 3413 qui
1226 3341 1329 3395 excitat
1347 3342 1377 3396 in
1392 3341 1463 3395 terro
1476 3342 1599 3397 sinuum
1614 3341 1681 3397 deti-

63 3420 160 3490 ltaque
174 3420 258 3485 hunc,
276 3420 404 3492 quianon
419 3420 578 3485 intermittit,
593 3419 641 3473 sed
654 3419 759 3475 cateris
771 3420 853 3475 inter·
889 3420 972 3473 uendi
986 3420 1088 3474 ferrum
1100 3437 1151 3490 per
1163 3419 1367 3476 similitudinem
1381 3420 1545 3484 substantia,
1557 3421 1679 3476 discusso

62 3500 232 3554 mittentibus
246 3501 336 3553 statim
350 3500 472 3565 occurrit,
483 3508 643 3571 perpetuum
656 3505 684 3554 et
696 3500 851 3570 proprium3
890 3506 998 3569 torpore
1021 3499 1085 3554 ferri
1106 3516 1155 3571 per
1175 3500 1301 3555 virtutem
1321 3500 1463 3571 magnetis.
1504 3500 1596 3562 Quoad
1615 3518 1680 3555 vero

61 3577 190 3650 reliquos,
205 3579 357 3634 adscititios
377 3580 475 3651 posuit
514 3578 567 3633 Est
587 3586 677 3634 sutem
698 3579 750 3634 iste
764 3586 853 3634 motus
890 3577 1022 3634 auxilium
1037 3586 1133 3645 motus,
1147 3579 1312 3651 conspicitur
1326 3579 1395 3635 illud
1406 3580 1436 3635 in
1450 3580 1555 3650 sagittis
1569 3579 1678 3651 ligneis,

62 3674 156 3713 resera
169 3659 239 3713 satis
252 3658 375 3712 infirmus
388 3666 415 3712 et
428 3658 520 3723 hebes,
536 3666 666 3729 tanquam
680 3658 711 3722 is,
727 3658 772 3729 qui
787 3657 852 3729 (nisi
890 3658 1000 3727 cuspide
1013 3659 1096 3713 etiam
1109 3658 1217 3730 ligneas
1240 3676 1301 3730 quse
1322 3658 1402 3714 altius
1421 3667 1564 3730 penetrant
1582 3660 1611 3713 in
1625 3659 1680 3714 alia

62 3738 95 3790 sit
116 3736 205 3792 moles
219 3737 340 3808 corporis
353 3739 451 3808 major)
469 3739 574 3793 ceteris
586 3737 710 3802 motibus,
724 3737 853 3809 quamdiu
890 3736 973 3809 ligna,
985 3754 1067 3809 quam
1080 3738 1104 3792 si
1120 3737 1236 3793 luissent
1247 3746 1359 3794 armatas
1371 3739 1450 3803 ferro,
1464 3755 1514 3810 per
1527 3737 1680 3793 similitudi·

62 3826 217 3886 operantur,
243 3817 321 3872 sedat
347 3825 375 3871 et
402 3818 566 3873 succumbat.
606 3817 695 3888 Atque
718 3834 779 3871 cum
806 3817 852 3872 hic
889 3833 953 3872 nem
977 3816 1142 3882 substantiae,
1162 3817 1283 3872 discusso
1300 3826 1407 3889 torpore
1428 3817 1496 3888 ligni
1516 3826 1679 3887 permotum

62 3904 153 3951 motus
170 3895 313 3951 bominum
330 3896 507 3966 cogitationes
525 3897 565 3951 ita
578 3896 739 3966 impleverit,
753 3905 783 3950 ut
796 3897 852 3951 iera
890 3896 1023 3953 celerem:
1043 3896 1194 3969 dequibus
1214 3897 1318 3953 duobus
1336 3896 1530 3968 experimentis
1549 3897 1630 3952 ctiam
1649 3898 1679 3952 in

63 3974 181 4047 reliquos
194 3984 287 4031 motus
295 3974 483 4041 occultaverit3
504 3984 595 4030 tamen
607 3992 704 4046 parum
718 3982 767 4039 est,
782 3976 853 4047 quod
890 3976 1047 4047 aphorismo
1059 3975 1093 4031 de
1107 3978 1249 4031 instantiis
1262 3977 1438 4032 clandestinis
1452 3976 1580 4031 diximus.

63 4052 188 4109 homines
212 4055 246 4109 de
272 4071 306 4109 eo
327 4055 423 4120 sciunt,
445 4054 493 4110 sed
514 4055 544 4109 in
568 4053 661 4110 multis
683 4056 755 4110 circa
775 4055 853 4110 illum
928 4055 1039 4128 Ligatio
1051 4072 1116 4110 sero
1134 4064 1222 4111 motus
1243 4057 1460 4128 congregationis
1481 4057 1599 4119 minoris,
1618 4073 1679 4127 quas

63 4134 198 4189 amoribus
211 4142 361 4189 versantur.
890 4135 920 4190 fit
940 4151 991 4206 per
1011 4134 1126 4190 staenum
1145 4135 1265 4205 corporis
1282 4134 1453 4200 dominantis,
1467 4135 1631 4205 conspicitur
1649 4135 1679 4189 in

102 4212 145 4267 Sit
157 4221 248 4268 motus
260 4222 379 4278 octavus,
393 4221 481 4269 motus
495 4214 712 4286 congregationis
725 4215 852 4275 miseriei
890 4215 1023 4270 solutione
1036 4215 1176 4285 sanguinis
1189 4221 1216 4268 et
1230 4214 1367 4269 urinarum
1381 4230 1431 4285 per
1445 4213 1540 4285 frigus.
1581 4214 1680 4276 Quam·

62 4308 206 4364 perquem
220 4302 311 4363 partes
321 4292 497 4364 homogenaea
510 4293 539 4348 in
553 4309 664 4363 corpore
672 4292 764 4363 aliquo
777 4310 853 4364 sepa·
890 4293 937 4349 diu
958 4295 1032 4349 enim
1054 4293 1158 4364 repleta
1177 4293 1277 4349 luerint
1295 4309 1408 4364 corpora
1424 4293 1474 4348 illa
1486 4293 1583 4364 spiritu
1602 4293 1678 4364 agili,

63 4378 123 4425 rant
136 4389 165 4426 sc
185 4373 222 4426 ab
238 4373 437 4444 heterogeneis,
451 4381 479 4428 et
498 4376 595 4428 coiunt
615 4373 685 4427 inter
706 4389 783 4437 sese;
804 4390 854 4443 per
891 4374 937 4445 qui
950 4373 1073 4444 singulas
1087 4390 1180 4430 eorum
1195 4379 1286 4443 partes
1303 4374 1485 4443 cujuscunque
1498 4373 1606 4444 generis
1619 4374 1679 4444 ipse

63 4467 143 4520 quem
151 4452 236 4506 etiam
250 4469 366 4524 corpora
378 4452 483 4524 integra
491 4469 528 4508 ex
540 4451 714 4507 similitudine
728 4452 853 4506 substan-
891 4459 921 4507 ut
941 4452 1067 4508 dominus
1087 4453 1168 4508 totius
1187 4452 1293 4507 ordinat
1312 4460 1341 4507 et
1358 4451 1482 4517 cohibete
1503 4453 1605 4508 tamdiu
1624 4469 1679 4507 non

62 4531 107 4585 tia
119 4548 150 4585 se
164 4529 364 4601 amplectuntur
375 4538 402 4586 et
415 4532 506 4586 fovent
518 4540 553 4595 et,
569 4532 730 4603 quandoque
749 4531 784 4585 ad
801 4532 853 4586 dis-
889 4534 989 4586 coiunt
1002 4531 1184 4604 heterogenea
1196 4539 1307 4602 propter
1320 4531 1451 4588 ιἰωιιιιιιιι
1471 4532 1519 4586 sed
1534 4540 1679 4604 postquam

62 4610 174 4664 mutiam
188 4609 310 4681 aliquam
328 4619 534 4682 congregantur,
549 4610 729 4675 attrahuntur,
744 4617 772 4664 ct
791 4627 853 4665 con·
889 4611 936 4665 ille
957 4611 1068 4682 spiritus
1085 4610 1276 4682 evaporsserit,
1300 4617 1347 4666 aut
1366 4611 1511 4667 suffocatum
1530 4610 1612 4666 inerit
1630 4628 1680 4681 per

63 4689 187 4743 renium:
210 4689 301 4745 Veluti
315 4706 377 4743 cum
391 4691 420 4744 in
433 4690 502 4745 lacte
515 4691 566 4744 flos
584 4689 662 4744 lactis
674 4698 736 4760 post
750 4706 852 4745 moram
890 4691 983 4762 frigus,
996 4699 1055 4745 tum
1068 4691 1164 4745 solutoe
1182 4696 1272 4761 partes
1286 4706 1302 4744 a
1316 4691 1408 4755 lroeno,
1421 4689 1520 4746 coeunt
1533 4690 1679 4746 secundum

63 4767 182 4838 aliquam
196 4775 369 4839 supernatats
389 4768 588 4824 invinulseces
602 4777 629 4823 at
643 4776 773 4824 tartarum
792 4770 853 4824 sub
890 4770 1053 4825 desiderium
1065 4786 1143 4824 suum
1153 4768 1283 4825 naturale.
1325 4769 1414 4842 Atque
1427 4770 1490 4824 ideo
1503 4769 1679 4836 litutomnia

63 4847 161 4902 sidsmt.
191 4848 374 4919 Nequeenim
388 4847 525 4903 hacfiunt
539 4865 589 4918 per
602 4855 704 4903 mamm
714 4849 853 4920 gravitatis
889 4865 1086 4920 corporaque
1103 4850 1240 4903 continent
1256 4848 1382 4920 spiritum
1399 4848 1679 4917 acrem(utsales,et

64 4934 89 4980 ct
114 4926 235 4982 levitatis
263 4934 378 4991 tantum,
406 4935 436 4981 ut
463 4927 525 4983 alite
551 4936 643 4998 partes
670 4928 852 4983 summitatem
890 4927 1057 4999 hujusmodi)
1070 4927 1167 4983 durent
1179 4936 1206 4983 et
1217 4945 1272 4983 nou
1285 4928 1429 4994 solvantur,
1444 4928 1480 4984 ob
1493 4928 1605 4983 iroeuum
1618 4943 1678 4997 pcr-

64 5014 164 5075 petant,
178 5006 242 5062 alioe
252 5006 287 5061 ad
300 5007 386 5061 imum
396 5014 522 5078 vergant;
543 5008 592 5061 sed
603 5007 689 5061 multo
702 5007 790 5078 magis
803 5024 853 5077 per
889 5024 1002 5062 manens
1015 5014 1043 5062 et
1056 5007 1177 5062 durabile
1191 5007 1300 5078 spiritus
1313 5009 1477 5063 dominantis
1490 5014 1517 5062 et
1529 5005 1676 5076 imperiosi.

63 5085 225 5141 desiderium
245 5086 477 5157 homogeneorum
499 5087 570 5141 inter
590 5103 619 5140 sc
642 5086 755 5140 coiundi
776 5094 804 5140 et
823 5104 852 5141 sc
929 5086 1120 5158 Ligatiovero
1139 5096 1228 5142 motus
1247 5090 1464 5160 congregationis
1483 5088 1678 5156 minorisque

64 5166 182 5221 uniendi.
208 5165 852 5238 Differtnutemistemotnsamotuindigentioe,
889 5168 920 5221 fit
946 5184 995 5237 per
1021 5173 1124 5221 nictum
1150 5174 1297 5231 externum,
1319 5166 1437 5221 maxime
1464 5164 1627 5235 conspicitur
1647 5165 1678 5219 in

63 5243 91 5297 iu
101 5244 223 5300 duobtrs:
244 5245 315 5308 Uno,
326 5245 400 5315 qnod
412 5246 442 5299 iu
454 5253 529 5300 motu
540 5246 700 5316 indigentie
713 5246 750 5299 sit
762 5246 853 5300 stimu-
889 5245 1084 5317 agitationibus
1097 5263 1246 5316 corporum,
1256 5262 1306 5315 per
1315 5263 1383 5317 quas
1393 5252 1498 5299 arcetur
1508 5243 1676 5314 putrefactio.

64 5320 104 5376 lna
117 5326 204 5393 major
215 5332 321 5380 naturas
334 5322 463 5395 malignas
481 5331 509 5377 et
526 5324 680 5379 conbarire:
701 5331 731 5378 at
750 5326 779 5379 in
799 5324 852 5378 hoc
889 5324 986 5380 Omnis
1007 5325 1079 5380 enim
1096 5326 1259 5396 putrefactio
1279 5324 1406 5380 tundatur
1420 5325 1449 5378 in
1468 5322 1677 5394 congregatione

65 5414 137 5457 motu
163 5405 200 5474 (si
226 5405 311 5459 modo
341 5404 536 5473 impedimenta
564 5411 593 5458 et
618 5402 725 5458 vincula
749 5403 852 5472 absint)
889 5404 1136 5475 homogeneorum;
1154 5405 1225 5460 unde
1239 5404 1368 5475 paulatim
1387 5403 1418 5456 fit
1430 5403 1567 5472 corruptio
1579 5403 1678 5473 prioris

65 5482 188 5539 uniuntur
210 5492 306 5556 partes
328 5499 379 5555 per
402 5483 559 5547 amicitiam,
577 5482 642 5538 licet
664 5483 737 5538 absit
756 5492 853 5539 natura
890 5488 986 5556 (quam
1009 5483 1119 5557 vocant)
1143 5484 1242 5550 iormoe,
1264 5491 1292 5538 et
1312 5482 1453 5554 generatio
1474 5498 1562 5538 nosse.
1603 5483 1678 5538 Nam
