3800 5875
363 315 613 383 PARMENlDIS,
634 317 791 384 tanasii,
812 318 861 373 ET
880 318 1095 374 DEMOCRlTl
1116 317 1384 376 PHlLOSOPHlA.
1629 318 1682 381 701

56 478 208 526 cataractas
225 473 393 544 opinionum,
412 482 441 529 at
460 468 697 545 contemplationis
719 475 807 545 plena
827 482 854 530 et
889 477 956 532 lenti
964 478 1074 533 nomina
1082 477 1244 547 appellatur,
1252 493 1387 548 perquem
1394 492 1437 530 res
1444 475 1686 531 solidamittuntur

57 551 123 605 firm
137 552 345 622 impatientiam.
386 554 506 614 Quaestio
519 554 649 608 veroista
664 556 712 622 (ex
732 556 852 609 maxime
891 564 918 611 et
930 556 1024 612 volant
1037 574 1087 627 per
1099 557 1190 612 aerem
1204 564 1231 610 et
1249 573 1356 626 aquam,
1371 555 1441 610 nihil
1455 555 1528 609 aliud
1541 563 1589 620 est,
1604 572 1685 628 quam

56 630 165 699 arduis)
186 648 325 704 quousque
347 632 425 686 detur
437 649 560 697 vacuum
581 640 609 686 et
628 632 664 686 ad
683 651 744 704 quis
764 635 853 703 spatia
890 636 973 690 nixus
987 638 1107 706 partium
1119 636 1240 705 corporis
1251 636 1343 689 emissi
1358 636 1393 689 ad
1413 651 1442 688 se
1456 634 1653 702 expediendum
1668 651 1686 688 a

56 709 117 762 fieri
132 712 220 780 possit
233 711 366 766 seminum
381 711 424 765 sel
437 712 519 766 coitio
533 712 576 766 rel
590 711 738 776 distractio,
750 713 853 785 etquid
890 715 1109 785 compressione3
1131 723 1261 769 ettamen
1275 730 1408 785 nusquam
1422 713 1468 767 hic
1481 722 1614 782 apparent
1627 730 1685 767 ses·

56 788 143 842 sitin
165 789 219 843 hoc
239 806 338 861 genere
356 791 569 861 peremptorium
586 796 623 845 et·
633 790 800 856 invariabile,
817 792 853 845 ad
891 793 962 865 tigia
975 794 1056 848 calidi
1069 802 1097 848 et
1112 793 1212 864 frigidi.
1253 793 1351 864 Neque
1365 792 1685 863 estquodquiaargute·

56 866 149 921 locum
178 868 224 922 ubi
251 870 285 923 de
312 886 398 924 mono
424 870 592 924 tractandum
619 870 677 934 erit,
705 871 851 939 rejicimus.
891 882 934 926 tur
947 890 983 926 ex
1006 872 1128 926 doctrina
1151 871 1253 926 Telesii
1277 871 1329 925 hoc
1350 872 1438 937 modo,
1452 878 1482 924 ut
1505 871 1596 935 dicam
1625 887 1684 925 esse

57 946 159 1016 Neque
186 949 259 1001 enim
288 947 402 1002 multum
429 948 541 1003 interest
563 949 598 1002 ad
623 947 652 1001 id
679 950 752 1019 quod
778 966 849 1004 nunc
890 951 1007 1022 singulis
1020 949 1228 1021 spatiationibus
1249 950 1416 1005 naturalibus
1436 950 1602 1020 assignatam
1623 965 1683 1019 por-

55 1026 156 1095 agitur,
180 1034 270 1081 utrum
290 1035 387 1081 natura
407 1043 521 1082 vacuum
545 1027 653 1098 penitus
677 1034 793 1098 respuat,
816 1045 852 1082 an
890 1029 992 1084 tionem
1013 1031 1147 1101 quandam
1161 1030 1244 1084 calidi
1267 1036 1294 1083 et
1308 1029 1409 1101 frigidi,
1424 1045 1460 1082 ex
1472 1037 1545 1081 certa
1567 1027 1684 1098 quadam

55 1104 133 1157 entia
147 1106 190 1173 (ut
203 1106 372 1160 emendatius
385 1122 415 1160 se
428 1105 502 1177 loqui
520 1113 597 1177 putat
606 1104 743 1172 Telesina)
758 1114 851 1161 mutuo
890 1109 1036 1180 analogia:
1058 1110 1150 1180 itaque
1164 1109 1221 1162 fieri
1233 1124 1312 1178 posse
1326 1116 1357 1161 ut
1370 1106 1476 1161 tametsi
1487 1106 1558 1160 nihil
1569 1106 1684 1161 addatur

54 1191 184 1238 contactu
208 1185 350 1254 gaudeant.
399 1185 471 1239 lllud
494 1186 568 1239 enim
594 1185 706 1254 planum
730 1186 851 1250 facimus,
890 1187 997 1253 caloris,
1012 1196 1102 1242 tamen
1125 1189 1148 1242 si
1171 1188 1260 1258 spatia
1283 1188 1423 1241 materiata
1443 1186 1622 1239 extendantur
1635 1194 1684 1239 aut

54 1262 138 1316 istam
158 1264 216 1316 σίνε
230 1265 308 1318 vacui
330 1264 431 1335 fugam,
451 1265 507 1318 σίνε
529 1270 668 1318 contactus
688 1264 851 1334 cupidinem,
889 1268 1088 1332 contrahantur,
1103 1283 1146 1320 rea
1160 1267 1254 1320 eodem
1269 1266 1378 1328 recidat,
1393 1265 1457 1336 quia
1471 1263 1532 1333 plus
1546 1274 1574 1318 et
1594 1265 1683 1318 minus

53 1341 132 1395 nullo
145 1343 228 1395 modo
241 1360 257 1395 a
270 1342 359 1396 calido
367 1350 395 1396 et
409 1342 508 1413 frigido
521 1343 647 1413 pendere,
655 1360 705 1397 nec
717 1361 734 1396 a
743 1343 853 1398 Teleaio
890 1346 1037 1416 imponitur
1050 1346 1171 1400 materiae
1184 1346 1213 1399 in
1228 1346 1323 1414 spatio,
1338 1361 1420 1415 quam
1434 1360 1483 1413 pro
1493 1344 1596 1397 ratione
1609 1343 1682 1396 calo·

53 1420 109 1489 ipsi
118 1421 246 1487 adscribi,
254 1438 304 1475 nec
313 1438 349 1475 ex
359 1439 449 1475 rerum
457 1421 514 1474 ulla
527 1422 664 1475 evidentia
673 1420 727 1476 illis
735 1422 851 1477 adscribi
889 1421 927 1479 ris
941 1433 970 1479 et
983 1425 1102 1495 frigoris.
1142 1425 1243 1478 Verum
1257 1425 1308 1477 ista
1322 1424 1386 1476 licet
1401 1439 1455 1476 non
1470 1421 1585 1475 absurda
1599 1421 1680 1485 dictu,

52 1515 155 1568 possc3
178 1517 240 1554 cum
254 1501 369 1555 materia
387 1500 447 1554 loco
459 1508 534 1555 mota
546 1500 629 1555 aliam
642 1516 751 1571 prorsus
763 1509 851 1555 mate·
890 1511 979 1557 tamen
992 1512 1053 1557 sunt
1072 1520 1172 1566 eorum,
1187 1504 1233 1574 qui
1259 1519 1366 1572 semper
1389 1501 1492 1572 aliquid
1514 1497 1680 1554 comminisci

53 1579 126 1632 riam
149 1579 249 1643 trahat,
270 1580 327 1633 σίνε
350 1579 399 1633 illa
421 1580 457 1633 sit
481 1578 570 1633 calida
591 1580 647 1633 aive
666 1579 774 1650 frigida,
794 1580 851 1634 σίνε
889 1582 986 1647 solent,
1000 1590 1031 1636 ut
1044 1583 1115 1654 quod
1135 1581 1219 1636 semel
1239 1582 1326 1636 risum
1340 1589 1382 1634 eat
1403 1587 1519 1643 teneant,
1532 1596 1584 1633 uec
1604 1587 1681 1633 natu-

53 1656 163 1728 liquida
175 1659 234 1711 σίνε
247 1659 327 1723 sicca
343 1659 401 1712 σίνε
416 1657 484 1712 dura
503 1660 560 1713 σίνε
578 1658 677 1723 mollis,
692 1660 749 1712 σίνε
762 1659 852 1713 amica
890 1678 947 1715 ram
962 1670 989 1716 et
1000 1679 1043 1715 res
1063 1669 1266 1732 persequuntur.
1309 1662 1383 1714 Nam
1404 1656 1640 1712 siaddaturcalor
1654 1666 1682 1711 et

53 1737 113 1790 σίνε
133 1737 255 1801 inimica,
273 1739 342 1792 adeo
359 1744 388 1791 ut
406 1754 504 1807 corpus
522 1738 647 1802 calidum,
667 1754 765 1807 corpus
785 1738 851 1809 geli·
889 1740 976 1811 frigus
988 1740 1142 1809 hujusmodi
1152 1740 1309 1809 corporibus
1323 1739 1443 1794 extensis
1453 1746 1499 1791 aut
1508 1736 1679 1806 compressis,

53 1815 200 1870 dissimum
221 1817 300 1872 citius
324 1817 467 1870 attraxerit
488 1825 518 1870 ut
539 1817 564 1870 ei
578 1817 656 1881 adsit,
668 1833 750 1888 quam
770 1833 799 1871 σε
816 1817 851 1870 ab
889 1820 970 1890 idque
985 1820 1086 1887 majore
1100 1835 1234 1883 mensura,
1250 1835 1329 1889 quam
1344 1835 1394 1888 pro
1411 1817 1515 1869 ratione
1535 1823 1564 1869 et
1584 1823 1680 1869 natura

53 1895 130 1948 omni
144 1911 259 1966 corpora
272 1896 391 1966 disjungi
404 1903 432 1950 et
445 1895 533 1949 deseri
547 1895 672 1967 patiatur.
704 1897 777 1950 Nam
789 1896 849 1949 vin·
889 1899 1008 1969 corporis
1021 1899 1115 1968 ipsius,
1129 1897 1213 1951 veluti
1233 1898 1378 1967 sipannua
1399 1895 1447 1949 ille
1462 1902 1554 1948 tensus
1573 1894 1680 1948 calefiat

52 1973 147 2028 culum
163 1976 284 2029 materia
299 1974 393 2028 fortius
406 1981 456 2039 cst,
471 1991 553 2045 quarn
566 1974 709 2029 dissidium
722 1974 802 2027 calidi
824 1984 851 2029 et
888 1977 922 2030 ad
936 1979 1036 2048 ignem,
1052 1985 1144 2030 tamen
1157 1975 1232 2030 nullo
1252 1977 1332 2030 modo
1346 1993 1402 2028 rem
1423 1973 1615 2043 compensabit,
1629 1989 1679 2026 uec

54 2053 160 2123 frigidi.
203 2054 240 2108 Et
253 2055 404 2124 sequacitas
419 2053 538 2108 materia
551 2070 606 2107 uon
619 2053 849 2108 curatdisersita·
889 2056 1362 2128 impetumrestitutionisextingnet.
1400 2052 1678 2123 ltaqueplanumjam

53 2140 111 2185 tem
125 2131 275 2186 formarum
288 2132 465 2203 specialium:
488 2133 583 2203 ltaque
603 2131 678 2187 nullo
697 2133 777 2186 modo
790 2132 850 2187 hacc
889 2136 1010 2199 fecimus,
1033 2138 1115 2190 istam
1138 2135 1264 2189 virtutem
1286 2133 1464 2202 spatiationis,
1485 2148 1520 2187 ex
1542 2130 1631 2187 calore
1652 2141 1680 2187 et

52 2212 141 2264 virtus
171 2228 261 2266 nexus
285 2212 321 2265 ab
346 2211 402 2265 illis
429 2211 571 2282 principiis
591 2211 672 2265 calidi
695 2219 723 2266 ct
749 2212 849 2282 frigidi.
889 2215 990 2286 frigore
1004 2216 1033 2268 in
1057 2224 1133 2286 parte
1151 2214 1263 2267 notabili
1286 2230 1341 2266 non
1364 2210 1488 2282 pendere,
1506 2230 1567 2267 cum
1589 2221 1679 2266 tamen

53 2290 216 2360 Sequemur
242 2290 354 2345 virtum
380 2290 441 2345 dua
473 2290 589 2345 invicem
621 2291 760 2361 oppositoe,
789 2306 850 2360 qua
888 2295 925 2348 sit
938 2294 999 2364 ipsa
1022 2293 1071 2347 illa
1091 2294 1257 2363 virtusque
1281 2291 1426 2362 plurimum
1449 2292 1614 2346 auctoritatis
1635 2291 1680 2346 isia

53 2385 173 2439 regnum
192 2370 245 2423 lroc
259 2369 454 2441 principiorum
469 2372 513 2437 (ut
526 2370 611 2424 videri
624 2370 722 2440 possit)
737 2370 850 2423 adcali·
888 2373 1029 2442 principiis
1051 2372 1182 2428 tribuerit.
1223 2372 1376 2442 Sequuntur
1397 2372 1457 2425 dua
1478 2371 1597 2435 virtutes,
1619 2387 1680 2441 qua

52 2448 120 2502 dnm
134 2457 164 2502 et
176 2449 304 2520 frigidum
313 2448 473 2515 detulerunt,
484 2449 532 2504 sed
538 2449 600 2518 jura
610 2448 682 2504 mala
692 2448 848 2513 caucleat03
887 2452 1013 2506 omnibns
1026 2453 1054 2504 in
1068 2469 1115 2505 ora
1129 2459 1198 2515 sunt,
1212 2459 1293 2522 atque
1307 2450 1388 2522 louge
1402 2459 1430 2505 et
1446 2449 1500 2503 late
1515 2458 1616 2520 patent,
1631 2466 1680 2519 per

53 2544 112 2591 eas,
126 2528 250 2592 dicimus,
265 2545 314 2599 per
332 2545 400 2600 quas
420 2529 494 2582 entia
511 2545 541 2582 σε
560 2528 686 2599 aperiunt
704 2537 731 2582 et
752 2527 850 2582 rareio
888 2548 956 2602 quas
979 2530 1083 2584 scilicet
1108 2548 1221 2601 corpora
1244 2546 1349 2584 massas
1372 2531 1430 2584 σίνε
1453 2529 1679 2600 congregationes

53 2607 141 2672 ciunt,
156 2606 272 2661 dilamm
292 2616 320 2662 et
340 2608 503 2677 expandunt,
521 2609 561 2662 ita
578 2615 611 2661 ut
630 2608 718 2676 majus
731 2608 849 2677 spatium
888 2609 1005 2685 majores
1035 2627 1125 2664 rernm
1148 2609 1363 2663 connaturalium
1387 2614 1488 2679 petunt,
1513 2607 1542 2660 in
1566 2624 1678 2678 quarum

54 2696 198 2756 occupent,
209 2695 236 2740 et
250 2703 278 2740 se
292 2687 321 2740 in
335 2688 465 2756 majorem
479 2686 615 2757 sphaeram
627 2687 787 2755 conjiciant3
802 2695 850 2740 aut
888 2689 1080 2752 observatione,
1095 2698 1123 2742 ut
1144 2689 1172 2741 in
1193 2687 1312 2758 reliquis,
1327 2694 1375 2741 aut
1396 2695 1532 2758 nugantur
1545 2685 1678 2749 hominos,

53 2781 193 2820 rursuase
207 2765 335 2820 claudunt
354 2774 382 2819 et
400 2764 573 2831 condensant,
594 2773 731 2819 coarctant
745 2773 849 2819 etcon-
887 2777 932 2823 aut
947 2768 1029 2838 plane
1047 2769 1181 2823 aberrant
1222 2766 1323 2821 Schola
1344 2767 1417 2820 enim
1437 2765 1588 2820 communia
1612 2766 1679 2819 satis

53 2844 175 2909 trahunt,
188 2846 226 2898 ita
239 2853 268 2899 ut
281 2845 376 2915 spatiis
384 2844 522 2907 decedant,
531 2853 559 2899 et
570 2845 600 2897 in
614 2844 745 2898 minorem
759 2843 849 2915 sphae·
887 2847 972 2901 habet
994 2848 1018 2901 si
1037 2856 1140 2901 motum
1163 2846 1315 2900 naturalem
1337 2862 1354 2899 a
1375 2844 1493 2898 violento
1515 2844 1677 2914 distinguam

53 2941 116 2979 ram
130 2941 161 2979 aa
176 2925 315 2995 recipiant.
346 2923 849 2996 Ostendendumitaquecstquatenua
887 2937 915 2981 et
928 2928 1022 2999 gravia
1036 2928 1167 2990 deorsum,
1181 2925 1254 2980 lesia
1267 2942 1373 2981 sursum
1387 2924 1452 2979 ferri
1462 2941 1498 2978 ex
1511 2928 1586 2978 motu
1599 2930 1677 2977 natu·

53 3005 204 3059 istarirtus
218 3003 333 3058 acalido
346 3012 374 3057 et
388 3004 486 3076 frigido
496 3013 583 3059 ortum
598 3004 706 3068 lrabeat,
717 3015 744 3059 et
757 3013 849 3075 quate·
887 3006 937 3061 rali
953 3007 1114 3076 pronuntiet
1163 3007 1264 3060 Verum
1280 3021 1375 3074 parum
1387 3003 1529 3075 proficiunt
1542 3002 1577 3055 ad
1590 3001 1678 3072 philo·

52 3099 109 3138 uua
122 3099 246 3138 seorsum
259 3093 383 3147 moretur,
394 3100 444 3138 nec
458 3101 518 3138 cum
533 3083 581 3137 illc
595 3084 713 3139 rationes
726 3084 847 3138 misceat.
886 3086 1175 3157 sophiamhujusmodi
1185 3084 1391 3154 speculationes.
1427 3081 1677 3148 lataenimuatura,

53 3162 148 3233 Atque
163 3163 330 3217 verissimum
342 3171 384 3216 est
397 3163 468 3233 quod
486 3163 603 3218 affirmat
617 3162 749 3226 Telesina,
760 3179 849 3216 rarum
886 3183 938 3230 ars,
960 3166 1095 3228 violentia,
1110 3164 1269 3234 compendia
1289 3163 1431 3217 verborum
1450 3169 1521 3224 sunt,
1535 3168 1563 3215 at
1584 3176 1675 3232 nuga.

53 3249 82 3296 et
110 3241 225 3296 demum
245 3241 343 3296 caloris
369 3249 396 3297 et
417 3242 525 3313 frigoris
550 3259 610 3296 ease
631 3241 715 3297 veluti
741 3242 849 3312 opificis
887 3245 1149 3299 Debueruutautem
1162 3243 1235 3298 huuc
1249 3250 1351 3297 motum
1364 3258 1419 3295 non
1433 3249 1536 3295 tantum
1549 3239 1584 3293 ad
1597 3248 1677 3294 natu·

52 3320 184 3390 propria:
212 3320 292 3392 longe
314 3321 386 3374 enim
406 3323 534 3376 maximae
556 3329 618 3376 snut
634 3321 741 3376 illorum
757 3330 848 3391 partes
887 3340 945 3379 ram
959 3325 1067 3386 referre,
1082 3324 1130 3377 aed
1144 3324 1226 3377 etiam
1235 3323 1361 3376 affectum
1375 3329 1402 3376 et
1412 3320 1562 3390 appetitum
1576 3318 1676 3389 partic·

52 3400 90 3452 ad
107 3400 169 3464 hoc,
178 3406 210 3453 ut
219 3416 332 3470 corpora
343 3400 430 3469 majus
439 3408 466 3454 et
475 3402 564 3455 minus
574 3401 693 3471 spatium
703 3409 847 3470 occupent;
887 3403 990 3458 ularem
1004 3412 1031 3458 et
1052 3403 1190 3474 proprium
1210 3401 1330 3472 corporis
1350 3398 1482 3454 naturalis
1502 3399 1529 3451 in
1551 3397 1603 3451 hoc
1618 3399 1678 3467 ipso

52 3478 601 3551 aedtamancoufuainsistaaccipiuntur.
636 3480 766 3534 Videntur
777 3480 849 3535 euim
886 3492 961 3536 motu
975 3500 1104 3554 quarere.
1153 3482 1222 3536 Sunt
1235 3481 1308 3535 enim
1321 3486 1348 3533 et
1362 3478 1409 3533 alii
1422 3486 1510 3533 motus
1525 3475 1677 3547 complures

52 3574 172 3627 corpora
193 3558 352 3629 quandoque
365 3558 401 3612 ab
421 3575 475 3612 una
496 3560 656 3629 spatiatione
678 3558 796 3613 naturali
819 3559 849 3612 in
886 3562 1022 3617 naturales
1033 3578 1068 3616 ex
1079 3560 1250 3632 passionibus
1263 3576 1353 3613 rerum
1367 3557 1446 3628 longe
1460 3556 1582 3610 diversis.
1626 3555 1677 3607 lta·

52 3636 174 3691 alteram
191 3636 309 3708 migrare
323 3645 351 3691 et
364 3653 393 3691 σε
412 3638 562 3702 transferre,
583 3638 664 3710 idque
684 3638 800 3691 libenter
821 3646 849 3692 et
887 3658 939 3712 que
950 3657 994 3695 res
1007 3641 1151 3696 secundum
1160 3640 1325 3694 differentias
1336 3635 1507 3707 proponenda
1519 3643 1569 3688 est.
1603 3634 1673 3694 Quin

52 3725 186 3786 tanquam
202 3716 322 3770 volentia
342 3724 369 3770 at
383 3716 496 3770 formam
509 3718 659 3782 mutantia;
689 3718 848 3790 quandoque
887 3728 915 3773 et
935 3720 989 3790 ipsi
1013 3720 1053 3774 illi
1077 3727 1172 3784 motus,
1185 3735 1253 3790 quos
1276 3716 1409 3771 violentos
1429 3713 1573 3784 appellant,
1589 3715 1676 3782 magis

51 3803 150 3851 autem
164 3795 348 3850 tantummodo
361 3812 378 3849 a
390 3795 505 3850 naturali
518 3796 679 3866 spatiatione
689 3796 810 3866 depulsa,
822 3805 848 3850 et
886 3799 1034 3854 secuudum
1042 3807 1164 3852 naturam
1177 3796 1309 3869 appellari
1320 3796 1432 3866 possint,
1444 3810 1523 3865 quam
1534 3792 1584 3845 iste
1596 3809 1674 3862 quem

52 3881 184 3929 manento
209 3874 295 3929 forma
321 3876 406 3928 reteri
428 3876 458 3929 in
481 3882 637 3930 consuetam
660 3877 848 3945 spatiationem
886 3887 984 3931 vocant
997 3878 1164 3942 naturalem
1193 3877 1217 3930 si
1237 3877 1273 3930 sit
1293 3875 1360 3931 illud
1382 3873 1527 3928 secundum
1552 3879 1675 3923 naturam

52 3954 165 4008 reverti.
213 3953 302 4024 Atque
325 3954 411 4009 virtus
434 3954 483 4008 iila
506 3956 677 4025 progressiva
697 3954 726 4007 in
749 3971 848 4009 novum
887 3958 958 4028 quod
971 3965 1013 4011 est
1028 3957 1129 4020 fortius,
1140 3965 1187 4010 aut
1200 3956 1284 4009 etiam
1295 3954 1366 4025 quod
1377 3951 1514 4022 estmagis
1525 3967 1560 4003 ex
1573 3951 1675 4003 ratione

52 4033 179 4103 spatium
193 4032 311 4086 acalido
324 4041 352 4086 et
365 4033 463 4103 frigido
483 4033 539 4087 fere
552 4034 664 4105 sugitur.
715 4033 752 4086 At
764 4034 848 4087 virtus
885 4038 1012 4091 universi.
1052 4037 1127 4090 Nam
1146 4044 1236 4089 motus
1256 4035 1309 4089 istc
1328 4049 1455 4088 ascensus
1477 4039 1506 4086 et
1519 4033 1676 4097 descensus,

52 4112 145 4165 altera
157 4112 348 4166 restutivanon
360 4112 433 4176 item,
443 4111 577 4183 siquidem
590 4112 720 4182 expandit
733 4130 763 4166 σε
777 4129 849 4184 aqua
886 4133 940 4168 non
955 4114 1099 4169 admodum
1113 4114 1273 4184 imperiosus
1287 4121 1335 4177 est,
1349 4130 1398 4168 nec
1412 4113 1494 4167 etiam
1508 4113 1675 4176 universalis,

52 4194 84 4245 in
99 4206 231 4260 saporem
244 4198 272 4243 et
285 4190 384 4254 adrem,
399 4190 489 4245 oleum
507 4191 630 4245 similiter
643 4199 672 4246 et
689 4192 803 4263 pinguia
819 4193 848 4244 in
886 4195 934 4248 sed
957 4202 1086 4264 tanquam
1110 4193 1286 4263 provincialis
1308 4200 1336 4247 et
1359 4193 1505 4247 secundum
1534 4192 1675 4264 regionem

52 4268 175 4322 halitum
188 4276 216 4323 et
229 4269 414 4324 flammamex
428 4270 455 4323 vi
468 4269 582 4324 caloris:
610 4287 661 4325 nee
681 4272 716 4339 (ai
731 4272 848 4341 perfecte
887 4273 951 4344 quin
967 4281 993 4326 et
1006 4273 1069 4327 aliis
1082 4273 1199 4327 motibus
1213 4272 1365 4343 obsequens
1376 4280 1403 4325 ct
1416 4272 1559 4339 subjectus.
1600 4271 1677 4331 Quod

53 4347 322 4419 transmigraverint)
336 4349 433 4403 reverti
447 4356 591 4419 satagunt;
613 4350 717 4420 quinat
730 4349 777 4404 aer
789 4350 849 4420 ipse
887 4369 950 4406 vero
963 4353 1057 4423 gravia
1070 4352 1195 4406 deorsum
1211 4352 1275 4405 ferri
1289 4352 1371 4417 aiunt,
1385 4351 1456 4404 levia
1469 4367 1583 4412 sursum,
1605 4351 1676 4405 idern

53 4443 94 4481 ex
107 4426 198 4481 oalore
212 4426 368 4482 intumescit
380 4436 408 4482 et
421 4429 582 4483 extenditur.
623 4429 700 4489 Quod
713 4430 736 4484 σί
750 4429 847 4501 migra·
887 4439 929 4485 est
947 4447 980 4484 ac
1001 4432 1025 4485 si
1047 4432 1174 4494 dicerent,
1189 4431 1284 4501 gravia
1305 4447 1365 4484 esse
1386 4430 1487 4501 gravia,
1506 4429 1577 4483 levia
1597 4429 1675 4483 levin.

53 4507 98 4559 tio
120 4505 373 4577 fueritscmiplena,
396 4515 458 4577 post
471 4506 569 4561 caloris
588 4507 751 4573 abscessum,
767 4509 795 4561 in
819 4523 848 4561 σε
887 4511 965 4572 Quod
988 4511 1060 4565 enim
1082 4509 1250 4581 predicatur,
1273 4509 1301 4563 id
1325 4526 1360 4564 ex
1383 4510 1410 4563 νί
1433 4510 1494 4580 ipsa
1519 4508 1626 4563 termini
1648 4510 1676 4562 in

54 4583 141 4638 facila
164 4584 275 4648 recidit3
310 4594 342 4639 ut
362 4586 444 4639 etiam
454 4585 483 4640 in
504 4587 601 4640 virtute
616 4589 745 4641 restutisa
758 4595 849 4657 partes
887 4591 1009 4658 subjecto
1022 4590 1174 4644 assumitur.
1214 4588 1243 4642 Si
1257 4604 1323 4642 vero
1335 4605 1384 4659 per
1398 4604 1480 4659 grave
1494 4587 1614 4650 densum,
1630 4604 1678 4656 per

53 4663 169 4734 frigoris
183 4673 210 4718 et
223 4663 320 4719 caloris
330 4665 383 4718 sint
393 4664 537 4720 nonnullae.
565 4665 614 4719 ,At
627 4682 687 4736 quar
700 4683 753 4719 non
766 4666 849 4720 medi·
886 4668 946 4723 lesa
958 4684 1048 4723 rarum
1057 4666 1220 4739 intelligunt,
1229 4675 1387 4738 promovent
1397 4667 1528 4732 nonnihil,
1538 4667 1576 4720 ita
1587 4674 1677 4720 tamen

53 4752 121 4797 ante
136 4742 235 4808 calore,
249 4743 297 4798 aed
310 4743 438 4798 violentia
451 4742 544 4813 aliqua
557 4752 668 4799 extensa
682 4753 743 4799 sum
756 4754 783 4798 et
798 4745 849 4799 dis·
887 4757 917 4802 ut
935 4748 970 4801 ad
991 4747 1146 4816 adjunctum
1168 4755 1196 4800 et
1216 4747 1398 4801 concominns
1419 4747 1515 4816 potius,
1540 4762 1619 4817 quam
1643 4746 1678 4798 ad

52 4829 153 4885 tracta,
176 4822 259 4877 etiam
282 4822 385 4893 absque
408 4822 465 4876 ulla
488 4824 598 4894 frigoris
619 4824 780 4888 accessione,
803 4833 851 4878 aut
888 4843 1005 4889 causam,
1020 4844 1077 4880 rem
1092 4826 1230 4880 deducant
1271 4826 1323 4887 Qui
1345 4843 1410 4880 vero
1428 4826 1551 4897 gravium
1573 4824 1677 4893 appeti·

52 4900 238 4956 diminutione
256 4900 360 4966 odoris,
374 4901 403 4954 in
426 4903 517 4971 priora
534 4902 623 4973 spatia
640 4898 778 4975 (cessante
792 4904 848 4956 sio·
889 4915 944 4961 tum
962 4906 1002 4960 ita
1024 4904 1170 4974 explicant,
1192 4913 1221 4957 ut
1241 4905 1276 4959 ad
1297 4914 1418 4960 centrum
1442 4913 1520 4958 terra
1542 4902 1590 4957 illa
1613 4903 1677 4957 ferri

52 4976 160 5053 lautia)
171 4980 535 5050 cupidisaimerevertuntun
556 4988 587 5036 ut
599 4982 627 5035 in
638 4983 795 5037 exauctione
806 4985 849 5036 ovi
888 4984 1057 5046 contendant,
1071 4983 1143 5037 levia
1158 4992 1187 5038 ut
1201 4984 1236 5038 ad
1249 4984 1492 5039 circumferentiam
1506 4991 1534 5036 et
1547 4981 1678 5036 ambitum

52 5059 139 5122 vitrii,
155 5068 184 5115 et
197 5060 307 5114 follibus
321 5059 426 5114 levatis.
468 5060 500 5113 ld
513 5076 578 5114 vero
590 5062 620 5114 in
634 5061 727 5115 solidis
741 5070 768 5115 et
780 5078 850 5116 cras-
888 5063 959 5127 cmii,
973 5073 1102 5134 tanquam
1116 5063 1151 5116 ad
1164 5062 1225 5117 loca
1245 5064 1371 5134 propria;
1400 5070 1523 5117 asserunt
1540 5069 1612 5114 certe
1626 5060 1678 5114 ali-

52 5138 411 5209 sialongeeridentiuaeat.
452 5139 851 5210 Namaidistendaturpannus
889 5142 961 5214 qnid,
975 5150 1055 5213 atque
1069 5142 1152 5197 etiam
1166 5144 1200 5196 ad
1221 5159 1331 5197 causam
1348 5143 1478 5204 innuunt;
1507 5140 1555 5194 sed
1568 5140 1679 5194 omnino

52 5218 101 5272 sel
119 5216 230 5283 chorda,
250 5226 356 5273 remota
375 5219 410 5281 vi,
425 5234 525 5290 magna
545 5219 687 5275 velocitate
711 5220 849 5282 resiliunt;
889 5238 1039 5291 perperam.
1085 5221 1152 5276 Loci
1167 5222 1239 5276 enim
1254 5222 1336 5275 nulla
1350 5220 1504 5284 suntrirea,
1517 5235 1606 5289 neque
1619 5235 1679 5274 cor·

53 5306 142 5369 atque
165 5297 261 5352 eadem
281 5304 324 5351 cst
346 5298 556 5368 compressionis
579 5299 658 5353 ratio.
708 5301 782 5354 Nam
803 5298 851 5353 air
889 5317 939 5369 pua
963 5301 1016 5354 nisi
1040 5318 1058 5354 a
1082 5318 1193 5370 corpore
1214 5302 1323 5372 patitur,
1344 5307 1426 5369 atqua
1447 5299 1536 5352 omnia
1557 5298 1679 5353 incitatio

52 5377 189 5432 violentia
197 5376 289 5447 aliqua
299 5385 442 5431 contrusus
452 5385 479 5430 et
488 5378 669 5450 incarceratus
680 5379 765 5433 multo
774 5395 852 5433 cona·
889 5380 1017 5449 corporis,
1032 5397 1093 5451 quse
1116 5381 1295 5433 videturesse
1310 5379 1345 5432 ad
1371 5395 1400 5431 se
1420 5377 1615 5442 collocandum,
1630 5394 1679 5448 ap·

53 5466 82 5511 tu
94 5456 229 5525 erumpit;
244 5466 325 5526 atque
336 5455 404 5509 adeo
414 5457 502 5510 omnis
513 5457 559 5510 ille
571 5465 660 5511 motus
671 5458 851 5518 mechanicus,
891 5460 960 5528 petit
984 5468 1064 5529 atque
1092 5459 1201 5514 molitur
1225 5458 1465 5527 configurationem
1488 5474 1581 5512 versus
1606 5458 1681 5513 aliud

53 5555 111 5608 quo
124 5535 223 5590 durum
243 5552 259 5589 a
279 5535 346 5590 duro
359 5536 514 5606 percutitur,
530 5536 576 5606 qui
591 5536 673 5607 vulgo
687 5547 775 5592 motus
795 5538 850 5593 vio·
889 5556 995 5610 corpus,
1010 5556 1064 5594 non
1078 5538 1280 5594 collocationem
1294 5536 1434 5592 nutritum
1448 5536 1609 5608 simplicem.
