3800 5875
473 760 720 835 HISTORIA
745 759 1045 846 SULPHURIS,
1070 760 1340 848 MERCURII,
1368 759 1436 834 ΕΤ
1463 756 1615 834 SALIS.

955 1168 1131 1237 ADITUS.

273 1367 489 1426 Parucrrroamr
499 1369 565 1424 trias
578 1370 651 1424 istud
664 1369 830 1425 schemistia
844 1368 1023 1424 introductum
1058 1365 1238 1434 interioribus,
1266 1375 1327 1423 sunt
1350 1367 1398 1424 aer
1423 1375 1452 1423 et
1476 1369 1608 1423 flamma:
1635 1368 1665 1423 in
1691 1367 1851 1432 coelestrbos

234 1457 293 1513 est,
314 1457 394 1521 atque
417 1449 507 1521 quoad
528 1448 701 1520 speculativa,
720 1459 762 1504 est
781 1466 817 1505 ex
835 1449 881 1514 iia,
901 1466 962 1520 quaa
984 1447 1023 1502 illi
1058 1464 1155 1518 corpus
1169 1444 1254 1503 stelin
1269 1456 1297 1501 et
1309 1446 1395 1502 rather
1408 1464 1521 1518 purum,
1535 1465 1629 1503 verum
1645 1449 1680 1503 de
1694 1447 1851 1503 ultimsbse

233 1528 355 1592 afferunt,
379 1529 519 1584 inventum
545 1529 686 1598 optimum.
728 1527 889 1583 subtiliores
917 1545 953 1583 ex
980 1527 1023 1591 iis,
1058 1526 1189 1581 dualitate
1209 1527 1249 1580 nil
1267 1526 1357 1581 adhuc
1378 1528 1597 1598 pronunciamus,
1618 1528 1688 1583 licet
1708 1527 1852 1599 probabil'u

234 1608 335 1679 quique
345 1608 572 1680 philosophantur
581 1608 708 1673 maxims,
717 1606 850 1662 elementa
860 1606 954 1662 volunt
963 1624 1023 1661 esse
1058 1607 1180 1661 videatur
1202 1623 1261 1661 ease
1285 1605 1481 1675 symbolisatio.
1521 1606 1599 1667 Quod
1621 1624 1690 1662 vero
1713 1608 1749 1661 sd
1772 1607 1851 1662 salem

233 1695 340 1752 terram,
355 1704 463 1759 aquam,
477 1691 577 1753 aerem,
591 1686 709 1752 aetheree
729 1686 777 1741 illa
791 1695 881 1741 autem
895 1703 949 1740 nou
968 1703 1024 1739 ma·
1058 1687 1160 1749 attinet,
1174 1686 1229 1739 alia
1243 1702 1286 1740 res
1300 1693 1351 1740 est.
1393 1686 1424 1740 Si
1437 1686 1509 1740 enim
1523 1686 1610 1741 salem
1624 1686 1789 1759 intelligunt
1807 1705 1850 1758 pro

233 1767 330 1820 teriam
344 1784 433 1821 rerum
447 1784 507 1821 esse
527 1774 639 1837 ponunt,
657 1766 705 1821 aed
718 1767 859 1830 matrices,
879 1766 907 1819 in
927 1765 1024 1836 quibua
1058 1773 1135 1835 parte
1157 1766 1278 1835 corporis
1302 1765 1365 1830 fisa,
1379 1783 1441 1837 qum
1462 1782 1551 1836 neque
1576 1766 1688 1820 abitio
1709 1767 1849 1830 flammam,

234 1846 361 1916 specifica
370 1846 474 1900 semina
487 1863 576 1901 rerum
586 1853 723 1916 generant,
732 1849 884 1915 pronatum
894 1844 1023 1900 matricis.
1058 1862 1146 1916 neque
1170 1845 1199 1898 in
1223 1845 1343 1909 fumum,
1371 1845 1488 1915 pertinet
1513 1844 1566 1899 boc
1590 1845 1625 1900 sd
1649 1845 1850 1917 inquisitionem

233 1924 289 1980 Pro
302 1926 416 1979 materis
434 1933 523 1979 autem
537 1925 626 1995 prima
642 1925 735 1996 (quam
750 1924 894 1994 spoliatam
909 1932 936 1977 et
949 1924 1025 1978 adia·
1058 1924 1133 1978 fluidi
1152 1931 1180 1978 et
1193 1923 1372 1986 determinati,
1386 1923 1420 1978 de
1435 1923 1534 1996 quibua
1546 1941 1618 1978 nnnc
1629 1941 1686 1979 non
1701 1934 1745 1979 est
1758 1942 1849 1980 semu

233 2004 348 2074 phoram
362 2012 465 2075 ponum
479 2003 647 2070 scholastici)
658 2004 824 2058 substituunt
837 2002 884 2056 illa
898 2003 958 2068 tria,
969 2003 1024 2057 aul·
1060 2003 1107 2058 Sin
1122 2004 1207 2058 salem
1227 2003 1314 2072 accipi
1331 2002 1431 2066 volunt,
1448 2003 1595 2058 secundum
1613 2002 1733 2068 literam,
1754 2006 1851 2076 absque

233 2083 357 2153 phurem,
370 2084 540 2146 mercurium,
555 2090 582 2137 et
595 2081 688 2147 salem,
703 2099 738 2137 ex
751 2082 950 2154 quibusomnia
964 2100 1024 2136 cor·
1059 2082 1206 2153 parabola,
1225 2099 1279 2136 nou
1293 2090 1335 2135 est
1347 2081 1388 2135 aal
1408 2082 1511 2153 aliquid
1525 2083 1635 2137 tertium
1650 2100 1669 2137 a
1681 2083 1814 2155 milphure
1826 2093 1851 2137 et

233 2179 301 2231 pora
326 2163 380 2216 siut
401 2169 589 2233 coagmentata
615 2170 642 2216 et
667 2162 760 2216 mixta.
807 2163 866 2216 Noa
893 2161 1025 2215 vocabula
1058 2161 1264 2226 mercurimsed
1273 2161 1387 2215 mixtum
1395 2178 1431 2216 ex
1441 2162 1561 2233 utrisque
1569 2163 1757 2234 perspiritum
1768 2180 1851 2218 samm

233 2242 354 2310 ipsorum
381 2243 543 2313 accipimus;
579 2242 706 2312 dogmata
734 2258 828 2312 parum
858 2256 925 2294 sana
951 2251 1022 2296 suut.
1058 2241 1198 2296 devinctis.
1240 2240 1348 2295 Etenim
1362 2241 1402 2294 sal
1423 2241 1512 2295 omnis
1531 2240 1617 2296 habet
1638 2251 1733 2313 partes
1752 2243 1851 2297 inflam-

234 2317 304 2374 Illud
318 2328 407 2374 tamen
417 2338 471 2375 non
482 2321 552 2374 male
562 2338 625 2375 cum
635 2321 743 2375 illorum
754 2321 879 2393 opinione
890 2321 1023 2384 convenit,
1058 2320 1187 2386 mabilea;
1201 2320 1285 2375 habet
1304 2318 1380 2383 alias,
1395 2320 1533 2375 flammam
1547 2337 1603 2375 non
1621 2321 1714 2377 solum
1726 2339 1782 2377 nou
1796 2339 1851 2376 eoo·

234 2399 306 2471 quod
324 2400 377 2453 duo
391 2417 426 2454 ex
439 2399 501 2464 illia,
519 2399 675 2470 sulphurem
694 2400 797 2455 scilicet
817 2408 844 2455 et
862 2401 1023 2454 mercurium
1058 2401 1196 2470 cipientes,
1211 2399 1259 2454 sed
1274 2416 1335 2453 earn
1348 2399 1526 2454 exhorrentes
1541 2409 1567 2454 et
1584 2407 1694 2457 strenm
1710 2402 1850 2474 fugientes

235 2481 328 2546 (sensu
350 2488 443 2534 nostro
465 2479 589 2549 accepts)
611 2496 751 2534 censemus
771 2496 830 2534 esse
850 2486 962 2534 naturas
980 2481 1025 2533 ad·
1058 2479 1248 2534 Nihilominus
1275 2496 1336 2534 cunr
1360 2479 1502 2550 inquisitio
1522 2479 1557 2534 de
1581 2479 1641 2535 sale
1664 2482 1704 2536 ait
1729 2481 1851 2553 quiddam

233 2558 342 2612 modum
356 2558 551 2628 primordiales,
566 2567 594 2613 et
615 2559 798 2630 penitissimas
810 2559 930 2614 materiae
947 2560 1024 2614 sche-
1059 2560 1139 2613 affine
1154 2559 1321 2629 inquisitioni
1338 2557 1372 2612 de
1392 2558 1495 2613 duobus
1509 2560 1633 2630 reliquls,
1648 2566 1734 2632 atque
1747 2561 1850 2632 insuper

232 2637 388 2703 matiamoa3
403 2646 431 2692 et
444 2639 516 2692 inter
529 2638 629 2693 formas
643 2639 738 2708 primas
755 2638 849 2693 classis
864 2639 919 2693 fere
931 2639 1024 2708 praeci·
1058 2639 1093 2691 sit
1114 2638 1207 2693 eximii
1228 2655 1299 2704 usus,
1314 2645 1406 2708 utpote
1420 2638 1557 2694 vinculum
1578 2640 1724 2711 utriusque
1745 2651 1850 2704 natare,

232 2732 308 2786 puas.
350 2718 463 2772 Variare
482 2726 571 2773 autem
588 2734 729 2788 possumus
742 2718 873 2773 vocabula
886 2717 1023 2789 sulphuris
1058 2717 1221 2788 sulphurem,
1230 2727 1257 2773 et
1267 2717 1476 2782 mercurialiset
1485 2719 1549 2774 vitae
1559 2718 1647 2788 ipsius
1658 2719 1849 2782 rudimentum

233 2803 262 2849 et
288 2797 421 2860 mercurii,
449 2806 479 2853 ut
505 2813 538 2852 ea
564 2798 643 2852 aliter
669 2797 856 2863 nominemus;
891 2798 1020 2862 oleosum,
1058 2795 1135 2852 illum
1149 2799 1232 2852 etiam
1246 2799 1273 2853 in
1288 2797 1359 2851 hanc
1373 2797 1515 2853 historiam
1529 2807 1556 2852 et
1568 2798 1779 2869 inquisitionem
1791 2799 1850 2854 reci·
1888 2819 1889 2852 i

233 2890 363 2947 aqueum
389 2877 498 2948 pingue,
521 2877 648 2942 crudunu
676 2877 879 2942 inflammabile,
902 2893 958 2932 non
985 2878 1023 2931 in·
1058 2893 1123 2947 pere
1149 2877 1237 2932 visum
1264 2885 1313 2932 est.
1354 2875 1391 2930 At
1417 2876 1485 2932 illud
1511 2878 1623 2933 iuterim
1651 2896 1798 2935 monemus
1820 2878 1849 2932 de
1888 2889 1889 2910 ³

232 2955 417 3022 flammabile3
432 2965 458 3012 et
471 2958 637 3026 huiuamodi.
679 2957 811 3012 Videntur
820 2958 892 3013 euim
905 2974 965 3012 esse
979 2957 1023 3012 hes
1058 2958 1237 3026 pneumaticis
1254 2957 1318 3023 illia,
1332 2956 1404 3023 a'tire,
1417 2958 1535 3024 flamma,
1550 2958 1648 3024 stellis,
1664 2960 1786 3025 rathere,
1805 2975 1848 3015 nos

232 3034 293 3091 dua
306 3054 396 3091 rerum
409 3037 494 3092 tribus
504 3054 611 3108 magum
625 3053 742 3108 prorsus,
752 3044 780 3091 et
795 3056 855 3109 qaae.
868 3037 1024 3092 universum
1057 3035 1106 3091 ills
1120 3039 1213 3107 (prout
1229 3046 1300 3092 certe
1321 3040 1470 3105 merentur)
1491 3038 1722 3111 inquisitionibus
1742 3040 1849 3111 propriu

232 3123 366 3186 occupant
375 3124 403 3170 et
416 3124 576 3187 penetrant:
591 3116 725 3188 siquidem
733 3117 951 3172 insubterraneia
961 3124 1023 3171 aunt
1058 3133 1212 3181 reservare;
1241 3128 1269 3170 et
1294 3117 1327 3170 de
1355 3117 1486 3188 sulphure
1510 3126 1538 3172 et
1564 3120 1707 3174 mercurio
1733 3117 1850 3192 tangibili

232 3193 347 3265 sulphur
361 3203 388 3250 ct
400 3196 557 3260 mercurius,
571 3202 602 3251 ut
620 3195 810 3266 appellantur:
831 3197 860 3251 in
876 3195 1022 3267 vegetabili
1058 3196 1200 3266 (nimirum
1210 3195 1253 3249 vel
1266 3196 1398 3261 minerali,
1409 3196 1453 3251 vel
1462 3197 1620 3271 vegetabili,
1631 3206 1662 3255 et
1671 3198 1798 3269 missali)
1810 3198 1850 3253 hie
1887 3220 1888 3227 ¹

233 3280 260 3328 et
269 3274 380 3329 animali
390 3292 497 3349 genere,
506 3283 567 3331 sunt
575 3274 664 3331 oleum
673 3283 701 3331 et
711 3290 794 3348 sque:
805 3275 834 3331 in
842 3275 1023 3347 pneumaticis
1058 3282 1164 3331 tantum
1178 3275 1323 3330 historiam
1333 3276 1483 3333 instituere.

594 3724 888 3810 HISTORIA
926 3727 1089 3808 VITAE
1121 3726 1196 3808 ΕΤ
1225 3726 1482 3811 MORTIS:

1003 3938 1067 3977 atvs

243 4072 407 4130 TITULUS
425 4072 572 4129 SEXTUS
592 4074 635 4129 IN
654 4079 671 4108 ‘⁶
685 4073 868 4131 HISTORIA
877 4073 1497 4215 &affildlggffiffiffmfflmffl
1516 4076 1569 4134 AD
1588 4077 1836 4141 colmanum

664 4307 736 4356 QUAE
749 4307 808 4355 m.
821 4306 1070 4351 marsuasmortts
1083 4306 1284 4353 molimentis
1296 4308 1411 4353 TERTIA.

781 4657 941 4715 Vr'vsnts'bsa
953 4669 978 4714 et
987 4660 1108 4733 posteris
1121 4656 1253 4715 Salutem.

270 4815 338 4871 Uarr
352 4818 368 4846 “
379 4813 528 4869 Historiam
544 4814 615 4871 Vita
636 4827 664 4871 et
681 4815 804 4883 MortIass’
820 4817 891 4872 inter
904 4835 954 4872 sex
968 4817 1169 4887 designationes
1183 4825 1342 4883 menstruas,
1357 4817 1453 4874 ultimo
1465 4816 1525 4874 loco
1537 4819 1733 4889 posuerimus,
1748 4822 1848 4878 omnibs
1884 4826 1885 4869 t

229 4892 282 4949 hoc
296 4901 454 4965 prevertere
462 4893 550 4947 visum
561 4904 610 4958 eat,
621 4902 649 4949 et
663 4897 808 4952 secundam
819 4896 906 4961 edere,
917 4904 1030 4968 propter
1043 4897 1173 4952 eximiam
1185 4898 1225 4951 rei
1235 4899 1398 4963 utilitatem,
1413 4898 1442 4951 in
1456 4914 1517 4969 qus,
1531 4897 1576 4952 vel
1595 4899 1716 4956 minima
1728 4900 1848 4972 empuis

226 4973 333 5042 jactura
342 4990 393 5044 pro
403 4973 521 5043 pretiosa
528 4972 623 5028 haberi
631 4974 719 5029 debet
749 4977 896 5047 Speremus
903 4977 977 5030 enim
988 4984 1015 5029 et
1025 4975 1149 5046 cupimus
1157 4975 1283 5042 futurum,
1292 4986 1322 5031 ut
1333 4977 1361 5031 id
1372 4978 1550 5048 plurimorum
1565 4977 1639 5033 bono
1646 4979 1716 5047 fiat3
1732 4990 1810 5054 atque
1821 4988 1848 5033 ut

229 5053 328 5108 medici
346 5052 494 5108 nobiliores
513 5052 618 5108 animoa
636 5054 762 5109 nonnihil
779 5056 894 5127 erigant,
908 5072 997 5127 neque
1016 5055 1067 5108 toti
1085 5055 1139 5108 sint
1158 5055 1189 5108 in
1211 5073 1336 5112 curarum
1357 5056 1499 5120 sordibus3
1520 5073 1611 5127 neque
1632 5058 1727 5115 solum
1749 5068 1848 5132 propte

229 5133 417 5187 necessitatem
428 5132 602 5195 honorentur,
616 5132 664 5187 sed
677 5132 743 5188 fiant
756 5135 864 5189 demum
881 5133 1084 5205 omnipotentia
1097 5140 1125 5187 et
1139 5133 1293 5191 clementias
1306 5136 1405 5191 divinar
1419 5135 1580 5200 administri,
1594 5137 1625 5190 in
1639 5140 1699 5194 vita
1714 5140 1848 5195 hominum

229 5212 402 5284 proroganda
416 5219 443 5266 et
456 5211 645 5275 instauranda,
667 5214 887 5282 praesertimcum
902 5214 954 5268 hoc
968 5220 1064 5285 agatur
1078 5229 1127 5282 per
1140 5213 1199 5267 vias
1214 5221 1294 5279 tutas,
1309 5223 1336 5269 et
1350 5215 1512 5279 commodas,
1527 5221 1555 5269 et
1568 5215 1674 5282 civiles,
1689 5219 1756 5275 licet
1765 5220 1848 5274 inno·

231 5297 311 5344 tatas.
351 5292 411 5345 Etsi
426 5292 498 5346 enlm
510 5306 560 5343 noa
573 5289 723 5345 Christiani
738 5293 772 5346 sd
786 5299 886 5346 terram
897 5292 1085 5363 promissionis
1096 5300 1228 5362 perpetuo
1241 5294 1392 5364 aspiremus
1406 5301 1434 5349 et
1446 5293 1623 5360 anhelsmum
1639 5305 1735 5353 tamen
1748 5298 1849 5352 interim
1883 5312 1884 5357 t

229 5367 418 5425 itinerantibus
430 5371 517 5433 nobis,
537 5369 566 5422 in
580 5368 633 5422 hac
646 5370 739 5424 mundi
754 5387 853 5433 eremo,
867 5372 951 5425 etiam
965 5371 1070 5426 calceos
1089 5371 1156 5425 istos
1171 5379 1197 5425 et
1212 5374 1333 5444 tegmina
1352 5373 1485 5445 (camaria
1505 5372 1608 5430 scilicet
1626 5377 1715 5433 noemi
1736 5374 1847 5448 fragilis)

231 5462 311 5512 quam
325 5449 467 5503 minimum
481 5447 570 5512 atteri,
585 5448 637 5503 erit
649 5448 758 5518 signum
769 5449 868 5504 favoris
882 5449 977 5505 divini.
