3800 5875
517 344 559 399 IN
581 344 751 401 FELICEM
771 345 986 404 MEMORIAM
1007 349 1269 405 ELlZABETHAE.
1654 349 1710 410 745

72 498 214 569 religionis
224 500 392 557 moderatam
401 502 494 568 fuisse,
506 510 534 557 et
543 503 729 568 variationem,
740 522 801 576 quae
812 504 870 570 fuit,
908 505 996 561 aetatis
1008 508 1202 563 continuabat:
1223 508 1283 563 hoec
1297 516 1388 563 tamen
1408 507 1432 562 si
1452 505 1561 562 mollius
1582 509 1708 580 accipias,

71 595 124 632 nou
137 579 168 631 in
183 586 282 634 natura
296 598 352 644 sua,
367 581 414 635 sed
435 583 464 636 in
483 582 651 653 temporibus
664 585 809 649 exstitisse,
823 585 871 638 de·
910 585 1086 641 admiratione
1100 598 1127 639 et
1146 588 1208 657 ipsa
1227 604 1320 641 carere
1341 603 1395 641 non
1415 594 1544 656 possunt,
1565 605 1627 641 cum
1642 589 1709 643 talia

71 668 238 713 monstram
247 676 297 713 noa
311 661 507 716 existimamus.
908 663 963 717 sint
978 663 1043 730 sere,
1058 665 1151 737 qualia
1164 668 1193 719 in
1207 666 1337 720 fabulosis
1355 666 1555 719 narrationibus
1569 666 1709 722 invenian-

109 736 152 793 De
173 739 332 794 constantia
352 749 441 794 autem
464 740 631 795 Elisabethae
647 740 677 794 in
690 741 823 812 religione
837 758 869 796 ac
908 751 965 808 tur;
987 743 1021 798 de
1035 746 1130 817 regina
1143 746 1259 817 quadarn
1271 746 1298 799 in
1313 743 1410 799 insulis
1421 745 1508 797 beatis
1519 746 1631 814 ejusque
1645 746 1708 801 aula

72 817 130 884 ejtrs
142 816 226 882 cultu,
242 819 391 874 maximum
404 828 592 891 argumentum
610 828 658 885 est,
674 822 744 892 quod
757 820 869 892 religio·
907 829 988 893 atque
1001 824 1140 889 institutis,
1155 842 1215 895 quae
1236 824 1337 878 amoris
1358 823 1618 878 administrationem
1637 826 1707 880 reei-

71 912 132 950 nem
146 898 324 966 pontificiam,
338 915 422 968 regno
436 899 534 954 sororis
546 901 704 954 auctoritate
718 900 829 970 publica
842 910 869 954 et
907 901 972 970 piat,
987 902 1036 956 sed
1054 903 1195 958 lasciviam
1215 904 1375 974 prohibeat:
1400 903 1443 957 sin
1462 904 1590 967 severius,
1603 903 1707 960 habent

71 974 154 1029 multa
166 993 235 1030 cura
248 977 371 1047 impense
385 986 412 1032 et
426 978 574 1033 stabilitam
585 978 688 1033 etaltas
695 980 755 1047 jam
763 979 869 1034 radices
907 987 935 1032 et
955 980 1004 1034 illa
1027 981 1238 1047 admirationem,
1259 998 1373 1054 eamque
1395 980 1437 1035 vel
1457 982 1613 1046 maximam,
1635 985 1706 1053 quod

72 1058 535 1128 agentem,atque0maium‚quiin
551 1058 754 1128 magistratibus
768 1066 869 1114 etcum
906 1057 1063 1128 huiuamodi
1082 1061 1196 1124 deliciae,
1220 1078 1274 1115 non
1295 1061 1409 1115 multum
1431 1060 1517 1124 iamae,
1537 1060 1576 1114 nil
1596 1078 1705 1132 prorsus

70 1142 204 1203 potestate
218 1146 304 1201 erant,
318 1153 450 1192 consensu
463 1145 490 1191 et
503 1137 591 1192 studio
604 1137 755 1202 firmatam,
776 1145 867 1192 tamen
906 1139 1041 1206 majestati
1063 1141 1122 1209 ejus
1144 1141 1296 1205 officerent3
1317 1158 1367 1194 nec
1381 1140 1526 1210 imperium
1540 1139 1704 1210 relaxarent,

72 1213 291 1285 quandoquidem
305 1233 355 1270 nec
370 1217 452 1270 verbo
460 1217 521 1282 Dei,
530 1234 580 1270 nec
591 1216 737 1287 primitivae
747 1217 867 1288 puritati,
906 1232 956 1271 nec
977 1219 1171 1290 impedimento
1183 1220 1296 1275 notabili
1310 1219 1391 1274 rebus
1406 1228 1433 1274 et
1446 1219 1564 1288 negotiis
1578 1222 1704 1289 gerendis

71 1308 120 1346 nec
133 1294 310 1349 conscientiae
323 1312 379 1350 sum
391 1305 573 1350 consentanea
587 1303 666 1359 esset,
677 1297 798 1351 maximo
812 1297 867 1351 ani·
906 1305 1004 1353 essent.
1048 1299 1210 1368 Hujusmodi
1231 1300 1304 1353 enim
1323 1316 1368 1353 res
1386 1315 1415 1353 se
1437 1314 1498 1352 cum
1520 1297 1629 1368 publiea
1648 1300 1704 1355 for-

70 1387 114 1426 mo
126 1379 155 1426 et
167 1374 343 1444 paucissimis
357 1375 521 1443 adjumentis
534 1374 667 1429 convulsit
678 1382 707 1430 et
719 1375 866 1447 abrogavit.
905 1383 971 1429 tuna
984 1379 1157 1433 commiscere
1169 1377 1243 1433 haud
1256 1395 1318 1433 raro
1338 1376 1433 1432 solent.
1474 1378 1583 1442 Verum,
1599 1385 1629 1432 ut
1645 1396 1703 1434 ser·

71 1450 168 1523 Neque
182 1452 211 1505 id
225 1470 346 1525 praeceps
360 1462 407 1507 ant
420 1456 476 1509 acri
493 1455 605 1525 impeto,
620 1453 668 1509 sed
680 1455 826 1526 prudenter
839 1464 868 1510 et
905 1471 1000 1510 munes
1018 1465 1125 1512 nostros
1145 1457 1319 1512 claudamus:
1341 1457 1392 1510 fuit
1412 1463 1484 1511 certe
1505 1456 1558 1510 ista
1575 1457 1702 1529 princeps

71 1532 230 1602 tempestive
246 1534 320 1588 fecit.
361 1534 454 1604 ldque,
470 1542 527 1588 tum
545 1552 581 1589 ex
594 1533 657 1588 aliis
670 1533 763 1589 multis
777 1534 865 1600 rebus,
905 1533 976 1588 bona
990 1543 1018 1590 et
1031 1545 1150 1600 morata;
1172 1538 1254 1591 etiam
1269 1536 1330 1591 talis
1344 1536 1427 1590 videri
1439 1534 1535 1590 voluit:
1557 1537 1623 1589 vitia
1636 1538 1701 1592 ode-

71 1618 127 1665 mm
147 1628 182 1666 ex
196 1628 329 1683 responso
343 1614 459 1683 quodam
479 1630 591 1684 suuper
609 1614 778 1668 occasionem
796 1614 867 1669 lacto
905 1622 954 1677 rat,
968 1623 996 1668 et
1013 1633 1043 1670 se
1063 1617 1142 1671 bonis
1162 1617 1266 1671 artibus
1284 1614 1432 1669 clarescere
1452 1615 1587 1684 cupiebat.
1629 1616 1701 1672 Sane

72 1691 202 1764 conjicere
215 1691 290 1746 licet.
330 1694 404 1747 Nam
423 1693 519 1765 primis
539 1693 617 1763 regni
638 1692 741 1756 diebus,
756 1710 817 1747 eum
836 1694 866 1748 in
904 1693 939 1747 ed
953 1695 1120 1751 mentionem
1139 1713 1245 1750 monim
1264 1694 1338 1749 illius
1357 1695 1386 1748 in
1405 1704 1523 1748 mentem
1544 1694 1612 1748 mibi
1627 1698 1701 1751 venit

72 1784 148 1823 omen
168 1778 196 1824 et
215 1771 426 1842 gratulationem
445 1773 508 1827 novi
532 1772 701 1844 principatus
720 1772 805 1827 vineti
825 1775 867 1842 (ut
905 1773 1084 1843 quoddicam.
1126 1774 1196 1829 Cum
1210 1774 1291 1828 s'eribi
1306 1774 1340 1827 ad
1353 1773 1561 1844 legatumsuum
1572 1774 1700 1841 jussisset

72 1849 152 1905 moria
165 1852 221 1918 est)
237 1850 411 1916 solverentur,
426 1853 541 1907 accessit
553 1852 588 1905 ad
606 1868 674 1917 eam,
688 1852 722 1906 ad
736 1851 865 1907 sacellum
904 1851 937 1904 de
951 1853 1113 1922 quibusdam
1126 1853 1270 1918 mandatis,
1284 1855 1318 1908 ad
1332 1854 1454 1924 reginam
1468 1863 1581 1907 matrem
1597 1854 1700 1909 Valesi-

73 1933 125 1983 tutn
148 1938 317 2000 pergentem,
339 1932 442 1985 aulicus
462 1932 579 2004 quidam,
604 1930 705 2002 quiex
724 1941 823 1986 natura
838 1941 866 1987 et
904 1948 980 1985 orum
995 1934 1139 2003 separatim
1153 1933 1336 2003 perferendis:
1357 1941 1438 2003 atque
1459 1933 1505 2003 qui
1526 1932 1561 1986 ab
1576 1934 1699 2002 epistolis

72 2010 263 2064 consuetudine
269 2010 387 2078 jocandi,
395 2009 532 2066 licentiam
540 2011 675 2083 quandam
685 2011 737 2064 sibi
745 2029 865 2081 assump
903 2018 962 2064 erat
976 2010 1125 2067 clausulam
1141 2012 1277 2084 quandam
1298 2013 1465 2075 inseruisset,
1486 2019 1516 2066 ut
1536 2010 1643 2082 legatus
1657 2014 1699 2068 di-

73 2096 156 2142 serat:
176 2089 265 2161 isque,
280 2089 337 2144 sive
358 2106 394 2145 ex
414 2097 489 2145 motu
509 2091 627 2161 proprio,
642 2089 729 2145 aives
749 2092 865 2162 quodam
903 2098 984 2155 cerer,
998 2099 1125 2163 tanquam
1140 2093 1174 2146 ad
1194 2091 1314 2146 favorem
1336 2090 1530 2161 aucupandum,
1545 2097 1561 2122 ‘⁶
1575 2091 1643 2146 Esse
1656 2093 1699 2147 ni·

73 2167 241 2235 prudentiore
255 2169 401 2234 immissus,
411 2168 692 2242 libellumsupplicem
702 2170 727 2224 ei
736 2170 864 2240 porrexit,
902 2169 1001 2225 mirum
1015 2171 1089 2241 ipsas
1110 2172 1178 2226 duas
1197 2171 1323 2225 foeminas
1343 2171 1486 2242 principes,
1507 2187 1524 2223 a
1544 2171 1648 2242 quibus,
1669 2173 1699 2227 in

75 2246 140 2300 etin
154 2263 258 2318 magna
271 2249 423 2321 frequentia
435 2249 510 2304 clara
517 2266 582 2304 voce
594 2248 704 2313 addidit,
721 2256 737 2280 ‘⁸
751 2250 865 2304 Restare
903 2266 957 2303 usu
970 2267 1059 2305 rerum
1073 2259 1100 2305 et
1120 2250 1272 2322 imperandi
1290 2251 1387 2305 virtute
1402 2256 1428 2303 et
1448 2249 1557 2312 artibus,
1571 2267 1626 2304 non
1647 2252 1698 2304 mi·

74 2324 157 2379 adnm
171 2337 289 2397 quatuor
302 2337 349 2386 aut
362 2329 480 2399 quinque
494 2330 605 2393 vinctos,
616 2328 698 2398 idque
712 2328 863 2394 immerit03
902 2344 969 2383 nora
982 2346 1062 2400 quam
1077 2347 1094 2384 a
1113 2347 1234 2385 wmarus
1253 2330 1326 2395 viris,
1341 2330 1601 2400 exspectarentnr;”
1622 2346 1697 2384 eom-

74 2402 167 2458 illisae
180 2406 335 2462 libertatem
350 2417 380 2462 ut
392 2408 504 2480 reliquis
523 2417 631 2479 petere;
653 2424 700 2462 eos
720 2425 779 2463 esse
799 2426 864 2480 qua·
903 2410 1070 2477 parationem
1093 2425 1148 2463 non
1173 2409 1241 2475 tulit,
1264 2410 1313 2465 sed
1337 2409 1422 2463 deleri
1439 2408 1542 2476 jussit;
1578 2409 1697 2480 “Seque

75 2489 130 2536 taor
149 2485 350 2558 Evangelistas,
371 2495 454 2559 atque
476 2487 559 2542 etiam
576 2486 728 2558 apostolum
741 2487 864 2553 Paulum,
903 2495 975 2541 artes
997 2487 1077 2558 longe
1094 2488 1239 2543 dissimiles
1252 2497 1279 2543 et
1292 2489 1416 2542 instituta
1428 2487 1535 2540 diversa
1555 2487 1590 2541 ad
1611 2488 1697 2558 impe·

75 2563 171 2633 quidiu
185 2565 282 2636 ignota
294 2567 396 2638 lingna,
412 2575 540 2638 tanquam
554 2583 670 2632 carcere,
685 2566 811 2633 conclusi,
825 2568 865 2621 in·
903 2567 1017 2622 randum
1042 2569 1165 2632 afferre,’'
1189 2568 1267 2624 dixit.
1308 2566 1503 2621 Delectabatur
1522 2568 1603 2621 etiam
1624 2567 1698 2621 haud

75 2648 114 2696 ter
125 2644 255 2713 populum
268 2646 420 2700 conversari
433 2663 488 2701 non
501 2647 639 2717 possent.''
680 2646 791 2700 Cuiilla
803 2664 865 2717 pru·
903 2661 1005 2714 parurn,
1029 2647 1054 2701 si
1074 2647 1134 2719 quis
1155 2647 1223 2701 sorte
1242 2646 1397 2715 hujusmodi
1417 2662 1570 2699 sermonem
1590 2646 1696 2700 intulis·

74 2719 233 2790 deotissime,
260 2724 488 2780 “sciscitandum
508 2725 597 2780 adhuc
620 2726 718 2781 melius
742 2727 778 2779 ab
797 2726 865 2797 ipsis
903 2735 961 2779 set:
983 2732 999 2756 “
1012 2726 1089 2791 Eam,
1104 2727 1212 2781 etiamsi
1226 2727 1254 2780 in
1275 2727 1380 2797 privata
1398 2732 1425 2779 et
1446 2725 1574 2778 mediocri
1591 2725 1697 2780 fortuna

74 2816 138 2866 esse,
152 2812 240 2859 utrum
255 2805 365 2860 liberari
378 2805 486 2869 vellent,
500 2806 612 2860 necne.”
652 2805 741 2876 Atque
762 2805 865 2860 itaim·
903 2822 990 2859 mrum
1004 2806 1177 2872 traduxisset,
1192 2816 1283 2860 tamen
1302 2821 1357 2859 non
1376 2805 1478 2875 absque
1499 2803 1591 2876 aliqua
1605 2804 1696 2858 excel·

74 2883 182 2950 provisae
195 2884 339 2956 questioni
353 2901 484 2956 suspenso
493 2901 623 2956 responso
634 2885 765 2951 occurrit,
781 2885 864 2942 veluti
902 2882 994 2940 lentiae
1013 2894 1077 2940 nota
1096 2885 1168 2957 apud
1189 2884 1313 2941 homines
1333 2884 1467 2939 victuram
1484 2883 1565 2939 luisse
1577 2884 1607 2949 ;’'
1628 2883 1696 2939 adeo

74 2962 160 3015 omnia
169 2963 278 3034 integra
290 2965 343 3019 sibi
358 2981 477 3020 servans.
518 2966 617 3037 Neque
627 2973 718 3019 tamen
731 2965 827 3020 timide
838 2973 865 3020 et
903 2963 974 3018 nihil
997 2981 1014 3018 a
1035 2966 1141 3020 fortuna
1164 2983 1213 3020 sua
1238 2964 1273 3019 ad
1298 2965 1405 3018 virtutis
1429 2963 1536 3017 laudem
1561 2971 1694 3029 mutuare,

74 3054 120 3107 per
131 3042 202 3095 vices
213 3042 275 3097 haec
290 3044 446 3110 instillavit,
460 3044 509 3098 sed
522 3044 615 3099 ordine
627 3044 703 3117 gravi
715 3053 742 3099 et
750 3053 863 3111 maturo,
903 3053 949 3098 aut
971 3045 1115 3100 transferre
1139 3044 1255 3099 volebat.
1296 3044 1397 3098 Verum
1418 3044 1442 3097 si
1464 3043 1493 3097 in
1511 3043 1569 3110 ejus
1593 3042 1694 3109 leudes,

74 3116 163 3174 habito
175 3122 249 3176 inter
262 3131 353 3194 partes
367 3123 510 3194 colloquio,
521 3131 549 3179 et
563 3125 679 3194 peractis
692 3125 770 3195 regni
782 3124 863 3180 comi·
902 3123 960 3177 sive
974 3124 1090 3179 morales
1109 3125 1166 3179 sire
1181 3123 1312 3194 politicas,
1327 3123 1492 3194 ingrederer,
1507 3131 1554 3177 aut
1574 3123 1604 3176 in
1623 3139 1695 3177 eom·

75 3197 133 3253 tiis:
153 3209 209 3255 turn
223 3202 342 3269 demum,
356 3203 437 3275 idque
452 3204 524 3258 intra
536 3203 630 3259 orbem
640 3204 719 3259 unius
729 3205 794 3258 anni
807 3221 864 3258 ver·
903 3219 998 3257 munes
1007 3204 1138 3275 quasdam
1153 3205 1279 3258 virtutum
1292 3210 1370 3257 notas
1384 3211 1411 3257 et
1424 3201 1695 3256 commemorationes

74 3279 157 3344 tentia,
170 3280 209 3334 ita
223 3282 324 3345 omnis,
342 3301 403 3354 qum
421 3282 455 3336 ad
473 3283 615 3337 ecclesiam
628 3283 809 3354 pertinebant,
824 3301 865 3338 or·
902 3282 1075 3339 incidendum
1089 3293 1137 3348 est,
1153 3284 1224 3354 quod
1239 3292 1292 3336 tam
1311 3299 1372 3336 raro
1390 3282 1514 3353 principe
1535 3282 1624 3335 minus
1638 3280 1696 3351 dig-

73 3354 170 3413 dinavit
189 3370 217 3414 et
230 3361 370 3427 stabilivit,
384 3370 413 3418 ut
431 3379 466 3416 ne
484 3370 613 3433 punctum
632 3362 743 3434 quidem
760 3364 795 3417 ab
808 3362 864 3418 illis
902 3377 982 3427 num;
1005 3371 1051 3418 eut
1064 3363 1088 3418 si
1102 3364 1239 3435 propriam
1253 3362 1321 3433 ipsis
1334 3361 1422 3417 lucem
1437 3370 1464 3414 et
1478 3361 1595 3432 gratiam
1608 3360 1695 3414 eonci-

74 3435 269 3496 adextremnm
282 3441 345 3496 vitm
359 3442 429 3497 diem
451 3442 540 3496 recedi
562 3450 705 3512 pateretur.
747 3442 818 3504 Quin
837 3451 865 3496 et
901 3439 969 3495 liare
990 3442 1083 3511 velim,
1107 3444 1135 3497 in
1155 3444 1218 3497 vitae
1240 3443 1300 3511 ejus
1322 3441 1466 3496 historiam
1490 3439 1693 3514 prolabendum,

74 3515 181 3586 singulis
194 3520 254 3575 lere
267 3523 346 3592 regni
357 3522 482 3585 comitiis,
495 3538 530 3575 ne
549 3522 613 3592 quid
635 3521 663 3575 in
677 3522 799 3577 ecclesias
812 3522 864 3576 dis·
902 3520 975 3590 quod
988 3529 1015 3576 et
1028 3524 1116 3591 majus
1129 3523 1212 3577 otium
1233 3531 1261 3575 et
1275 3538 1371 3576 venam
1386 3520 1538 3574 uberiorem
1552 3519 1693 3574 desiderat.

74 3594 169 3663 aiplina
181 3608 229 3653 aut
241 3600 340 3657 ritibus
353 3603 532 3666 innovaretur,
546 3600 653 3671 publice
667 3601 778 3657 monuit.
818 3601 864 3655 At·
902 3598 964 3672 Ego
977 3602 1048 3655 enim
1063 3602 1122 3656 haec
1136 3602 1238 3672 paucis,
1252 3609 1281 3655 ut
1295 3600 1379 3672 potui.
1421 3599 1475 3653 Sed
1495 3616 1588 3652 reuera
1602 3599 1693 3652 dicen·

75 3688 122 3742 que
134 3677 167 3730 de
180 3677 314 3750 religione
329 3680 469 3736 haetenus.
902 3678 965 3733 dum
986 3689 1044 3745 est;
1065 3698 1120 3735 non
1133 3681 1217 3735 alium
1231 3698 1323 3734 verum
1344 3678 1426 3747 hujus
1441 3678 1559 3732 ioeniinm
1572 3678 1694 3731 laudato·

110 3753 219 3816 Quodsi
235 3759 297 3830 quis
306 3776 342 3814 ex
351 3761 520 3825 tristioribus,
528 3760 631 3814 leviora
641 3759 689 3813 illa
699 3765 861 3830 exaggeret;
902 3776 959 3813 reru
980 3761 1096 3815 inveniri
1110 3778 1199 3832 posse,
1214 3778 1295 3831 quam
1316 3767 1439 3829 tempus:
1462 3757 1534 3830 quod
1554 3775 1616 3811 eum
1635 3767 1693 3811 tam

75 3835 141 3901 quod
153 3836 214 3902 coli,
227 3839 334 3904 ambiri,
345 3841 411 3912 quin
423 3847 451 3894 et
464 3841 565 3894 amoris
575 3840 682 3899 nomine
693 3857 722 3894 se
732 3839 862 3893 celebrari
901 3838 1022 3907 diu,jam
1040 3840 1164 3905 volvitur,
1179 3839 1249 3893 nihil
1269 3838 1366 3901 simile,
1381 3839 1409 3891 in
1430 3837 1484 3891 hoc
1506 3854 1582 3901 sexu,
1605 3836 1694 3909 quoad

75 3921 100 3964 et
112 3915 203 3970 extolli
216 3918 334 3987 sinebat,
349 3930 430 3992 atque
445 3919 564 3975 nolebat:
580 3936 666 3991 eaque
678 3918 751 3975 ultra
763 3928 863 3974 sortem
901 3934 992 3973 rerum
1008 3920 1128 3977 civilium
1142 3919 1403 3975 administrationem
1419 3917 1534 3989 peperit.
