3800 5875
222 301 282 360 590
771 297 956 356 HISTORIA
976 297 1076 354 VITAE
1096 297 1146 353 ET
1166 296 1321 353 Molem.

222 478 292 518 nuce
306 459 461 518 moechata:
481 460 587 516 etenim
596 459 687 514 calida
697 458 747 514 illa
756 460 791 514 ad
805 458 914 531 plantas
925 459 1026 529 pedum
1062 454 1154 531 tatia)
1167 474 1218 512 nec
1229 457 1327 526 jejuno
1341 455 1427 527 (quod
1440 471 1495 509 uon
1517 453 1608 507 minus
1623 451 1740 505 interest
1753 448 1870 520 longitu

222 543 434 613 praecipitamur,
472 541 568 613 ibique
603 540 692 595 solum
725 539 859 611 applicari
892 539 1024 594 volumus
1063 539 1135 593 dinis
1148 539 1224 604 vitae)
1240 544 1398 607 usurpetur;
1419 536 1449 589 in
1469 551 1551 589 usum
1565 532 1666 586 adduci
1683 531 1769 585 debet
1778 530 1869 598 jenta-

223 622 390 677 Unctionem
411 637 477 676 vero
497 620 594 691 capitis
609 619 698 673 levem
712 635 749 675 ex
762 619 831 684 oleo,
845 628 1026 674 cumrcsaet
1063 617 1155 673 culum
1177 633 1267 682 mane,
1281 633 1336 671 non
1357 633 1394 670 ex
1413 612 1631 677 medicamentis,
1654 619 1705 665 aut
1725 610 1869 664 hwstrbm

222 711 322 773 myrto,
337 710 365 757 et
377 718 476 773 perum
489 700 556 755 salis
569 708 598 754 et
610 699 691 764 croci,
703 699 855 754 laudamus.
1063 697 1215 761 matutinis,
1236 703 1284 751 aut
1304 695 1365 751 nris
1387 695 1484 764 pausia
1506 700 1555 748 aut
1576 692 1696 758 ficubus,
1710 698 1760 744 aut
1776 690 1869 757 bajen-

263 782 312 835 44.
333 782 473 836 Memores
486 796 588 843 eorum,
603 796 664 849 que
677 779 712 833 de
732 779 840 850 opiatis,
854 785 883 832 et
902 778 982 843 nitro,
996 783 1026 832 et
1063 778 1154 842 modi3
1176 777 1225 832 sed
1239 775 1320 847 plane
1334 792 1370 830 ex
1383 775 1447 829 cibo
1459 781 1488 828 et
1501 782 1584 844 potu,
1604 780 1634 826 st
1646 771 1705 826 leri
1724 770 1869 824 admodum

224 859 367 927 similibus,
390 869 453 915 aute
473 860 703 932 proposuerimus,
724 876 786 930 quae
806 858 918 929 spiritus
938 866 1026 911 tanto·
1063 866 1092 912 et
1105 857 1213 912 πιοᾶὶοιι
1226 856 1388 927 quantitate.

223 958 290 1011 pere
301 940 424 1005 densant,
439 957 494 994 non
508 939 697 993 existimamus
711 939 762 994 aba
775 955 804 993 re
818 939 885 1003 fore,
900 937 925 992 si
938 937 1025 992 semel
1104 936 1131 997 7.
1152 936 1373 991 Exercitationes
1399 933 1435 987 ad
1460 931 1653 1003 irrigationem
1684 928 1869 984 membrorum

224 1019 320 1075 diebus
335 1019 539 1093 quatuordecim
553 1019 723 1088 accipiantur
735 1019 764 1072 in
777 1018 873 1072 brodio
890 1017 1025 1071 matutino
1063 1017 1165 1072 debent
1185 1033 1246 1071 esse
1268 1015 1399 1070 membris
1417 1012 1544 1066 omnibus
1562 1010 1644 1082 quasi
1657 1008 1797 1080 equalese
1818 1024 1869 1061 nn

224 1116 312 1170 grana
325 1101 377 1154 tria
389 1099 434 1154 vel
447 1108 563 1171 quatuor
575 1099 700 1163 castorei,
715 1115 778 1154 cum
791 1097 899 1153 modico
912 1096 1025 1151 seminis
1063 1104 1096 1152 ut
1123 1095 1363 1168 (quemadmodum
1393 1094 1432 1149 sit
1458 1091 1598 1159 Socrates)
1627 1090 1708 1145 tibiae
1736 1096 1869 1149 morcant,

224 1179 357 1251 angelium
371 1186 400 1235 et
410 1179 509 1233 calami
523 1178 678 1243 aromatici;
695 1195 756 1248 quse
766 1185 794 1232 ot
808 1180 871 1248 ipsa
883 1177 1025 1231 cerebrum
1063 1177 1178 1232 brachia
1192 1176 1340 1248 quiescant,
1354 1190 1434 1227 nece
1453 1180 1564 1236 coutra3
1586 1170 1637 1225 sed
1650 1176 1682 1223 ut
1695 1176 1792 1240 partes
1811 1167 1869 1220 uai-

224 1259 359 1325 roborant,
374 1266 401 1314 et
414 1260 442 1314 in
457 1258 591 1312 densitate
605 1258 765 1312 substantie
782 1257 928 1328 spirituum
946 1254 1025 1332 (qum
1063 1272 1150 1310 versu
1164 1272 1200 1310 ex
1213 1262 1288 1310 motu
1301 1254 1482 1326 participent3
1504 1260 1587 1323 atque
1600 1250 1717 1304 omnino
1731 1247 1768 1301 ad
1787 1246 1870 1301 vitam

224 1338 259 1392 ad
273 1341 335 1395 vitra
348 1339 551 1411 longevitatem
564 1345 622 1392 tam
634 1337 789 1393 uecmmria
802 1333 861 1410 est)
874 1343 964 1392 motus
982 1337 1024 1390 vi·
1063 1336 1182 1407 prodest,
1194 1343 1226 1390 ut
1239 1351 1338 1405 corpus
1359 1349 1500 1404 nunquam
1512 1331 1559 1385 diu
1574 1330 1605 1384 in
1626 1328 1725 1383 eadem
1748 1327 1871 1398 positure

223 1420 369 1475 vacitatem
384 1428 410 1474 et
423 1420 547 1490 uigorem
561 1418 692 1472 excitant.
1063 1422 1237 1487 permaneam
1259 1415 1307 1470 sed
1320 1414 1437 1485 singulis
1451 1410 1621 1475 semi-boris,
1635 1408 1672 1463 ad
1685 1409 1786 1472 minus,
1796 1407 1870 1479 poci-

267 1500 315 1556 45.
338 1500 370 1555 Ιιι
392 1497 580 1553 confortativis
597 1505 714 1567 quatuor
734 1496 869 1552 viscerum
888 1495 1025 1567 principa·
1063 1504 1153 1550 turam
1166 1502 1261 1560 mutet,
1276 1502 1458 1565 praeterquam
1472 1492 1502 1545 in
1515 1506 1623 1545 somno.

222 1581 290 1637 lium
309 1596 343 1634 ea
356 1578 566 1651 proposuimus,
586 1594 648 1648 quie
668 1584 697 1631 et
716 1576 829 1648 propria
847 1582 919 1641 sunt,
942 1583 1024 1647 atque
1103 1577 1131 1630 8.
1153 1575 1220 1636 Quae
1234 1575 1269 1629 ad
1282 1574 1523 1629 mortificationem
1535 1576 1711 1639 usurpantur,
1726 1567 1764 1621 ad
1782 1566 1868 1621 virifi-

223 1661 318 1726 electa,
338 1666 420 1732 atque
437 1659 466 1711 in
487 1658 596 1711 diaetam
615 1664 643 1712 et
660 1657 783 1728 regimen
801 1657 864 1711 viter
884 1656 1025 1711 transferri
1064 1655 1200 1709 ustionem
1214 1655 1318 1710 traduci
1332 1659 1461 1724 ponunt3
1481 1667 1547 1704 nam
1560 1658 1589 1704 et
1601 1649 1714 1703 inducia
1729 1654 1829 1711 seton,
1842 1660 1869 1700 et

223 1749 282 1797 tuto
301 1747 330 1794 et
353 1737 495 1793 commode
518 1744 648 1806 possunt:
669 1737 788 1790 varietas
809 1736 883 1790 enim
907 1735 1026 1790 medica·
1063 1734 1270 1806 flagellationes,
1285 1741 1313 1788 et
1327 1732 1417 1788 omnis
1430 1730 1599 1786 exteriorum
1617 1727 1741 1793 vexatio,
1755 1729 1813 1782 vira
1825 1742 1867 1781 eo·

223 1827 378 1876 mentorum
392 1817 554 1889 ignorantia
567 1814 625 1869 filia
638 1822 693 1880 est3
718 1832 808 1888 neque
821 1813 908 1870 multa
921 1814 1026 1870 fercula
1063 1832 1125 1869 rum
1139 1816 1310 1870 annueram
1324 1813 1441 1868 roborat.

224 1899 312 1973 (quod
325 1899 414 1964 aiunt)
427 1904 484 1951 tam
497 1895 597 1950 multos
611 1895 720 1950 morbos
734 1896 832 1959 fecere,
844 1911 928 1966 quam
937 1895 1026 1949 multa
1104 1892 1132 1949 9.
1154 1894 1354 1948 Urticationem
1368 1890 1540 1947 commendat
1561 1888 1715 1952 Cardenus,
1734 1887 1819 1942 etiam
1836 1887 1868 1939 ad

221 1981 423 2036 medicamenta
444 1992 548 2047 paucas
566 1991 656 2029 curas.
698 1975 789 2046 Atque
811 1974 845 2028 de
867 1977 1025 2044 operatione
1063 1973 1291 2038 melancholiam
1312 1990 1408 2027 rerum
1422 1973 1457 2025 de
1471 1970 1525 2025 hac
1539 1986 1639 2040 parum
1652 1969 1867 2037 nobisccmper·

223 2076 306 2132 super
320 2058 425 2112 viscera
438 2053 610 2127 principalia,
626 2052 661 2108 ad
682 2055 869 2110 extrusiouem
891 2054 1025 2120 alimenti,
1065 2061 1176 2109 tumest
1183 2076 1191 2119 t
1206 2062 1235 2109 et
1246 2061 1373 2124 suspecta
1385 2052 1465 2106 nobis
1478 2056 1522 2105 est
1534 2049 1593 2115 illa,
1605 2066 1650 2113 ne,
1662 2054 1868 2120 propterrene·

222 2138 284 2195 haec
297 2137 430 2209 inquisita
443 2142 514 2191 sunt.
1064 2143 1157 2188 natam
1170 2133 1334 2189 nonnullam
1348 2132 1511 2205 qualitatem
1524 2130 1631 2193 urticae,
1646 2129 1799 2199 serpigines
1819 2144 1868 2181 usu

1064 2214 1201 2286 frequenti
1223 2213 1336 2269 inducat
1355 2220 1384 2267 et
1402 2211 1477 2266 mala
1495 2212 1573 2265 cutia
1617 2210 1711 2281 Atque
1729 2207 1764 2262 de
1777 2224 1869 2278 opera

608 2310 647 2349 vr.
1064 2294 1140 2349 tione
1162 2310 1246 2366 snper
1264 2299 1358 2365 partes
1378 2291 1537 2355 exteriores,
1556 2289 1594 2344 sd
1613 2289 1804 2344 attractionem
1824 2286 1868 2341 ali

224 2434 363 2475 ormrro
390 2431 484 2473 surae
513 2431 617 2471 rueras
647 2430 825 2472 arrsaroars
846 2432 885 2472 uu
905 2432 1027 2472 sersao-
1064 2373 1231 2440 menmhaee
1244 2380 1376 2446 ¹¹¹q¹¹¹⁸¹t⁸
1390 2378 1460 2428 ⁸¹¹⁰²

484 2512 595 2552 ἸῚΟΝΙΙ
614 2513 763 2552 ΔΗΙΙΝΊῚ.
1440 2546 1493 2586 νη,

463 2603 488 2660 l.
509 2604 590 2660 Licet
610 2606 751 2661 concoctio
772 2605 853 2669 bona,
867 2621 917 2676 per
934 2612 1027 2676 partes

420 2683 565 2741 interiores
579 2685 660 2753 facta,
675 2686 778 2757 primae
792 2692 883 2756 partes
905 2686 940 2740 ad
961 2702 1025 2756 pro·

221 2765 287 2821 bam
297 2765 530 2821 alimentationem
541 2773 648 2832 teneat;
664 2772 755 2820 tamen
766 2782 927 2821 concurrere
942 2767 1026 2821 edam

223 2846 323 2903 debent
337 2844 457 2900 actiones
470 2846 591 2917 partium
605 2846 787 2910 exteriorum3
809 2853 839 2900 ut
852 2845 922 2901 sicut
942 2845 1026 2899 facul·
1107 2847 1131 2903 l.
1153 2846 1345 2919 Reprehensio
1368 2847 1491 2919 vulgaris
1518 2847 1552 2900 de
1576 2844 1675 2900 multis
1751 2897 1756 2905 ,

222 2933 265 2982 tas
278 2925 392 2981 interior
405 2923 564 2983 alimentum
584 2925 683 2981 emittit
702 2934 730 2981 et
744 2926 873 2992 extrudit,
887 2926 928 2980 ita
941 2925 1026 2981 facul·
1065 2926 1175 2984 ferculis
1199 2945 1340 2983 censorem
1364 2929 1456 2999 potius
1477 2927 1565 2994 decet,
1587 2943 1673 2999 quam

222 3013 265 3062 tas
286 3007 404 3079 partium
426 3008 594 3061 exteriorum
615 3006 689 3061 idem
706 3006 821 3077 arripiat
838 3014 867 3061 et
886 3006 1024 3072 attrahat3
1064 3009 1218 3075 medicum3
1240 3016 1287 3063 aut
1307 3016 1444 3079 utcunque
1464 3007 1627 3062 constantiae
1647 3005 1779 3060 sanitatis
1796 3003 1868 3059 utilis

223 3103 331 3159 quoque
351 3085 515 3142 imbecillior
537 3085 619 3141 fuerit
639 3085 754 3140 facultas
778 3087 969 3151 concoctionis,
991 3104 1026 3141 eo
1064 3104 1125 3143 esse
1139 3095 1236 3159 potest,
1252 3088 1287 3142 ad
1306 3088 1506 3159 longitudinem
1519 3088 1584 3142 vitre
1604 3086 1692 3141 noxia
1705 3093 1768 3150 est;
1789 3101 1867 3156 paup

221 3167 313 3238 magis
327 3182 395 3237 opus
409 3173 451 3221 est
464 3166 569 3222 auxilio
581 3174 758 3222 concurrente
773 3165 911 3221 facultatis
924 3173 1024 3221 attrac-
1064 3175 1140 3224 terea
1153 3169 1225 3241 quod
1239 3168 1353 3224 mistura
1366 3167 1558 3222 alimentorum
1568 3166 1645 3220 varia
1658 3173 1689 3221 et
1701 3165 1868 3238 aliquantum

222 3246 296 3301 tiva.
1064 3248 1248 3320 heterogenea
1261 3248 1366 3303 exitum
1380 3248 1482 3318 reperit
1495 3248 1524 3302 in
1538 3263 1624 3301 venas
1640 3254 1670 3301 et
1692 3262 1799 3309 moene,
1813 3263 1868 3299 me·

263 3325 291 3381 2.
312 3324 447 3382 attractio
460 3324 551 3380 valida
564 3325 683 3396 partium
700 3325 868 3381 exteriorum
890 3326 1026 3381 excitatur
1064 3326 1118 3383 lius
1131 3336 1160 3383 et
1172 3328 1297 3393 alacrius,
1312 3345 1396 3400 quam
1415 3326 1535 3398 simplex
1554 3333 1583 3381 et
1595 3325 1789 3397 homogenea3
1809 3342 1869 3378 cum

222 3404 359 3476 precipue
386 3421 437 3477 per
462 3413 567 3460 motum
594 3407 725 3477 corporis,
749 3423 799 3477 per
826 3422 908 3478 quem
934 3415 1026 3476 partes
1064 3408 1176 3478 insuper
1189 3408 1225 3463 ad
1238 3409 1390 3479 appetitum
1404 3408 1577 3462 excitandum
1597 3406 1659 3477 (qui
1678 3405 1757 3460 acies
1774 3415 1815 3459 est
1828 3405 1869 3458 di·

222 3484 362 3542 calefactae
386 3491 415 3540 et
433 3484 590 3541 confortate
613 3485 776 3542 alimentum
798 3485 833 3540 sd
857 3502 887 3541 se
907 3484 1025 3542 macrim
1064 3488 1210 3559 guntionis)
1225 3488 1373 3560 plurimum
1387 3488 1483 3557 possit.
1526 3486 1623 3557 ltaque
1637 3492 1666 3540 et
1682 3502 1809 3540 mensam
1823 3501 1867 3537 aa·

221 3574 320 3620 vocant
333 3572 361 3620 et
374 3565 521 3620 attrahunt.
1064 3569 1134 3623 riam
1147 3577 1176 3622 et
1190 3568 1353 3623 mutationes
1367 3566 1481 3621 subinde
1495 3566 1628 3630 ciborum,
1637 3581 1690 3636 pro
1703 3565 1869 3637 temporrbm

262 3645 290 3700 3.
313 3644 385 3699 lllud
397 3662 463 3700 vero
473 3645 592 3700 maxime
603 3647 753 3702 cavendum
767 3653 796 3700 et
809 3645 1024 3717 prohibendum
1064 3648 1138 3713 anni,
1153 3656 1200 3703 aut
1213 3648 1291 3711 alias,
1305 3647 1462 3718 probamus.
1632 3639 1637 3650 ’

222 3742 257 3781 ne
272 3725 346 3780 idem
359 3732 448 3780 motus
463 3733 492 3780 et
505 3724 587 3791 calor,
602 3726 649 3797 qui
664 3727 699 3782 ad
712 3726 950 3782 membranorum
967 3743 1026 3781 suc·
1105 3727 1132 3782 2.
1154 3727 1248 3782 Etiam
1271 3726 1341 3782 illud
1364 3727 1398 3781 de
1419 3724 1597 3798 simplicitate
1618 3724 1747 3780 cibomm
1768 3724 1868 3796 absque

222 3823 285 3861 cum
307 3812 409 3870 evocat,
429 3805 583 3860 membrum
601 3807 683 3861 simul
704 3823 738 3861 eo
757 3822 846 3871 succo,
869 3823 924 3877 quo
944 3814 1026 3862 antea
1064 3807 1253 3872 condimentis,
1263 3806 1427 3877 simplicitas
1437 3806 1536 3875 judicii
1551 3813 1608 3869 est;
1624 3822 1688 3859 cum
1699 3804 1870 3859 condimenta

222 3886 363 3957 perfusum
377 3893 443 3949 erat,
458 3885 574 3940 nimium
588 3886 721 3940 exsolvat.
1064 3888 1137 3941 bona
1163 3896 1193 3941 et
1219 3886 1289 3941 bene
1313 3886 1402 3941 electa
1423 3887 1478 3941 aiut
1504 3885 1724 3956 praeparationes
1748 3885 1869 3939 ciborum

263 3967 293 4020 4.
316 3965 485 4020 Fricaticues
500 3965 564 4019 huic
574 3966 717 4019 intentioni
728 3963 831 4035 optime
842 3964 1024 4031 subserviunt,
1064 3967 1261 4034 saluberrime,
1277 3973 1359 4039 atque
1374 3975 1432 4021 tum
1445 3967 1480 4020 ad
1493 3966 1648 4030 sanitatem,
1663 3971 1723 4019 tum
1738 3964 1774 4018 sd
1787 3965 1868 4018 vitam

223 4044 302 4099 motae
316 4045 453 4116 praecipue
468 4062 566 4110 mane3
588 4046 637 4099 sed
650 4046 703 4100 hoc
723 4053 858 4115 perpetuo
872 4045 1024 4110 comitetur,
1064 4046 1213 4102 conferant.

223 4131 254 4178 ut
267 4132 330 4195 post
344 4123 515 4179 fricationem
530 4126 577 4178 fiat
595 4124 665 4181 levis
685 4125 807 4180 inunctio
828 4141 892 4179 cum
905 4124 975 4190 oleo,
989 4142 1025 4179 ne
1104 4126 1132 4181 3.
1154 4125 1309 4180 Videndum
1322 4134 1371 4190 est,
1385 4133 1417 4180 ut
1429 4142 1492 4180 cum
1505 4124 1575 4179 cibis
1590 4124 1749 4179 durioribus
1762 4123 1869 4192 conjun-

223 4204 326 4258 attritio
346 4204 466 4274 partium
486 4206 652 4260 exteriorum
672 4222 720 4261 eus
733 4220 783 4276 per
796 4204 1026 4277 perspirationem
1065 4214 1166 4277 gantur
1179 4216 1259 4278 potus
1272 4206 1406 4270 fortiores,
1420 4212 1449 4259 et
1463 4204 1641 4259 condimenta
1653 4222 1714 4276 qua
1728 4211 1869 4273 penetrem

226 4283 446 4339 reddateffoetas.
1065 4293 1093 4340 et
1119 4286 1258 4350 incidant3
1287 4303 1351 4340 cum
1375 4285 1444 4339 cibis
1464 4293 1560 4339 contra
1588 4284 1768 4346 facilioribus,
1791 4291 1868 4352 potua

263 4364 301 4417 5.·
312 4361 443 4418 Proxima
457 4371 499 4419 est
512 4364 681 4430 exercitatio,
693 4380 743 4435 per
756 4379 839 4435 quam
853 4369 944 4434 partes
958 4363 1026 4435 ipsae
1065 4373 1162 4423 tenues
1176 4373 1205 4421 et
1220 4366 1393 4420 condimenta
1407 4365 1533 4436 pinguia.

224 4458 254 4499 se
276 4442 427 4497 confricant
440 4450 468 4498 et
480 4445 654 4499 concutiunt:
676 4444 757 4498 modo
777 4443 812 4497 sit
832 4444 980 4510 moderata,
1000 4452 1027 4500 et
1105 4447 1133 4501 4.
1155 4445 1226 4501 Cum
1241 4444 1324 4516 paulo
1338 4453 1401 4499 ante
1421 4445 1617 4508 monuerimus,
1634 4453 1663 4498 ut
1685 4443 1777 4514 prima
1795 4440 1869 4511 potio

224 4540 286 4594 qum
301 4523 344 4594 (ut
363 4524 489 4594 superius
508 4531 632 4579 notatum
646 4523 700 4594 est)
720 4540 771 4577 nec
792 4523 828 4578 sit
847 4522 957 4592 celeris,
974 4541 1025 4578 nec
1065 4525 1094 4579 in
1111 4542 1191 4580 coena
1208 4524 1364 4595 excipiatur
1384 4523 1480 4589 calida,
1500 4541 1574 4578 nunc
1594 4524 1731 4587 addimus,
1746 4522 1818 4594 quod
1838 4521 1868 4573 ad

223 4603 259 4657 ad
271 4601 383 4658 ultimas
396 4602 476 4667 vires,
490 4620 541 4657 nec
556 4605 590 4659 ad
604 4603 810 4669 lassitudinem
825 4620 919 4658 verum
933 4604 962 4657 in
972 4603 1026 4658 hac
1066 4606 1297 4676 preparationem
1307 4603 1440 4666 stomachi
1450 4603 1696 4658 etiamsemihora
1706 4611 1771 4656 ante
1781 4601 1867 4655 cibum

222 4682 293 4755 ipsa,
307 4689 390 4755 atque
405 4682 555 4747 fricatione,
571 4684 667 4738 eadem
687 4690 729 4738 est
742 4684 812 4738 ratio
834 4692 862 4738 et
876 4683 977 4749 cautio,
991 4700 1026 4738 ne
1066 4685 1154 4741 bonus
1166 4684 1281 4739 haustus
1301 4693 1383 4755 potua
1400 4683 1458 4755 (cui
1473 4684 1589 4755 quisque
1604 4683 1728 4738 maxime
1742 4681 1865 4737 insuerit)

223 4780 323 4836 corpus
337 4762 454 4818 nimium
473 4765 627 4834 perspiret:
647 4764 740 4835 itaque
754 4763 916 4817 exercitatio
930 4763 1028 4819 melior
1065 4764 1171 4820 calidus
1184 4772 1346 4836 usurpetur3
1368 4763 1417 4819 sed
1437 4780 1536 4834 parum
1549 4763 1748 4818 aromatizatur
1760 4762 1796 4816 ad
1814 4777 1866 4832 gre·

223 4851 266 4899 est
279 4844 329 4899 sub
344 4843 389 4897 dio
404 4859 487 4914 quam
500 4843 552 4898 sub
566 4852 644 4910 tecto,
660 4849 688 4897 et
707 4843 798 4897 hieme
816 4860 899 4914 quam
913 4851 1026 4909 certate3
1067 4845 1133 4899 tiam
1148 4845 1263 4914 saporis.

223 4932 304 4996 atque
331 4923 452 4994 insuper,
477 4924 637 4978 exercitatio
660 4922 818 4977 inunctione
841 4939 897 4976 non
921 4930 1027 4977 tantum
1106 4924 1135 4979 5.
1156 4923 1327 4995 Praeparatio
1348 4924 1478 4989 ciborum,
1500 4929 1528 4977 et
1548 4922 1639 4993 panis,
1661 4929 1691 4976 et
1712 4921 1864 4993 potuumsi

223 5003 314 5059 claudi
327 5002 415 5069 debet,
432 5010 462 5057 ut
475 5002 599 5068 fricatio;
622 5003 671 5058 sed
684 5003 768 5057 etiam
781 5002 811 5057 in
826 5002 1027 5057 exercitationi·
1066 5003 1136 5059 bene
1151 5012 1177 5059 et
1189 5005 1218 5058 in
1232 5004 1325 5058 ordine
1347 5004 1382 5059 ad
1399 5003 1579 5057 intentionem
1594 5002 1766 5065 instituatur,
1781 5001 1866 5071 magni

222 5082 275 5137 bus
296 5081 548 5137 vehementioribus
571 5083 728 5137 adhibenda
752 5090 794 5136 est
818 5082 920 5146 unctio,
945 5089 974 5135 et
998 5082 1028 5135 in
1066 5091 1108 5138 est
1134 5100 1244 5155 prorsus
1271 5084 1418 5148 momenti;
1441 5083 1507 5137 licet
1531 5083 1567 5137 ait
1588 5099 1635 5137 res
1655 5081 1826 5142 mechanica,
1845 5089 1866 5132 ct

223 5162 368 5234 principio,
383 5170 411 5215 et
425 5162 477 5216 sub
492 5162 583 5228 finem,
598 5179 672 5217 more
687 5161 861 5216 athletarum.
1066 5164 1156 5233 sapiat
1167 5163 1285 5219 culinam
1300 5173 1329 5219 et
1341 5164 1457 5225 cellam;
1476 5181 1538 5217 cum
1553 5169 1647 5216 tamen
1661 5161 1745 5233 longe
1760 5169 1869 5232 prestet

261 2649 370 2694 autom
1065 2674 1206 2715 cessario
1235 2673 1324 2714 BUPER
1356 2671 1533 2713 autumnat
1560 2670 1653 2711 ll’SUU
1674 2669 1715 2709 AD
1737 2668 1868 2709 llum-⁴·

1330 2752 1444 2792 riom
1464 2750 1605 2791 BJUCDH·

264 5240 293 5296 6.
313 5240 357 5295 Ad
384 5241 616 5304 exercitationem,
643 5248 673 5295 ut
700 5259 782 5312 quam
811 5242 957 5296 minimum
981 5250 1029 5297 aut
1067 5243 1177 5298 fabellis
1191 5244 1224 5297 de
1239 5259 1314 5309 auro,
1329 5251 1357 5298 et
1371 5242 1497 5315 gemmis,
1512 5251 1541 5296 et
1549 5241 1719 5310 hujusmodi.

224 5320 344 5390 spiritus,
359 5328 407 5374 aut
420 5337 515 5375 succos
530 5321 662 5384 exsolvat,
676 5322 743 5375 utile
764 5327 813 5386 est,
827 5329 860 5375 ut
881 5329 1029 5392 usurpetur
1108 5322 1135 5379 6.
1158 5323 1334 5378 Humectatio
1344 5340 1485 5378 succorum
1495 5322 1619 5392 corporis
1632 5338 1684 5393 per
1697 5322 1871 5392 praeparatio

225 5398 366 5452 stomacho
379 5416 434 5453 non
448 5417 559 5470 prorsus
569 5399 673 5468 jejuno.
717 5401 814 5472 Itaque
824 5410 855 5454 ut
868 5402 1029 5456 exercitatio
1067 5420 1131 5457 nem
1145 5402 1334 5458 alimentorum
1349 5402 1491 5458 humidam
1505 5401 1620 5473 puerilis
1636 5418 1680 5455 res
1693 5407 1753 5462 est;
1770 5399 1805 5452 ad
1826 5398 1874 5452 fer-

225 5492 276 5530 nec
288 5477 430 5533 stomacho
440 5477 553 5549 repleto,
566 5477 656 5556 (quod
668 5478 817 5551 plurimum
830 5479 945 5537 interest
958 5481 1029 5536 sani·
1067 5499 1146 5539 rores
1159 5482 1315 5538 morborum
1329 5482 1455 5539 nonnihil
1475 5481 1558 5548 facit;
1582 5480 1618 5536 ad
1639 5478 1873 5536 alimentatiouem
