3800 5875
197 348 255 402 662
642 343 873 401 DESCRIPTIO
895 343 1008 398 GLOBl
1032 341 1368 399 INTELLECTUALIS.

196 504 329 560 cumvolvi
345 505 469 568 cernitur,
483 504 637 560 necessario
651 503 732 557 statui
751 502 850 556 debeat
869 503 898 556 in
913 508 988 556 astro
1026 510 1154 571 tanquam
1165 501 1269 571 spicula
1279 500 1419 555 stellarum
1431 498 1618 569 cognitarum
1640 506 1669 551 et
1680 513 1753 552 nora
1763 500 1821 567 jan

198 586 265 653 ipso,
286 595 314 637 et
331 601 385 639 uon
404 586 433 638 in
452 584 555 647 medio,
576 600 692 654 cumque
714 599 750 637 ex
770 582 987 635 observationum
1025 596 1106 634 censa
1119 587 1183 633 sunt
1202 580 1350 650 plebecolte
1367 578 1485 632 coelestis
1501 579 1593 649 capita
1606 594 1624 630 a
1638 577 1822 633 Gemmeus

197 664 323 733 neglectu
343 663 436 727 multa,
450 681 510 733 quae
530 662 642 715 incaelo
662 662 730 715 fiunt
749 663 903 731 conspicua,
918 678 988 730 prae·
1025 658 1114 715 solum
1128 660 1156 713 in
1168 658 1322 724 illaturma,
1337 677 1397 730 quie
1411 658 1529 729 galaxiae
1541 657 1820 727 nomineinsignitarr,

197 752 332 797 tereantur
342 750 369 796 et
381 742 459 796 nobis
473 748 586 812 pereant
594 764 601 806 3
623 743 702 795 istam
717 748 820 810 partem
831 740 988 811 quaestionis
1025 738 1213 792 verumetiam
1227 739 1299 791 inter
1312 739 1442 792 stationes
1462 737 1537 806 ipsas
1551 745 1578 789 et
1598 737 1710 791 ordines
1729 737 1822 806 plane·

196 839 275 876 nonae
288 831 360 876 recte
375 822 482 875 admitti
495 838 644 874 censemus,
684 820 813 888 Ejusdem
824 820 932 890 generis
947 828 989 872 est
1026 826 1123 872 tarum.
1165 817 1257 872 Stellae
1278 825 1367 871 autem
1390 815 1541 871 invisibiles
1558 817 1690 871 sanatam
1709 824 1822 885 propter

196 901 282 954 altera
295 918 359 971 pars
373 901 536 971 quaestionis,
547 900 645 953 Utrum
659 907 732 953 astra
745 915 793 968 per
807 898 905 969 longos
914 915 988 952 sccu-
1025 897 1146 966 corporis
1168 898 1336 966 parvitatem,
1358 905 1406 950 aut
1427 906 1538 965 propter
1556 897 1732 965 opacitatem,
1748 900 1821 962 (nam

197 979 285 1035 lorum
298 981 425 1034 circuitus
439 988 584 1034 nascantur
598 988 625 1032 et
644 979 831 1047 dissipentur?
851 977 989 1047 nisiquod
1027 977 1167 1030 tenuitatis
1187 993 1286 1029 nomen
1307 993 1363 1029 non
1385 976 1530 1029 admodum
1550 975 1744 1043 approbamus,
1762 992 1822 1029 eum

196 1061 284 1128 major
297 1067 423 1129 suppetat
443 1058 682 1128 phaenomenornm
703 1058 818 1120 ubertas,
834 1075 895 1129 quae
916 1056 988 1111 hanc
1027 1056 1138 1109 flamma
1149 1072 1218 1126 pura
1232 1056 1268 1110 sit
1278 1072 1375 1126 corpus
1385 1055 1668 1119 eximiaetenmtada)
1684 1064 1733 1107 aut
1746 1072 1822 1123 prop

197 1139 372 1210 questionem
383 1147 518 1207 provocat,
529 1154 610 1208 quam
624 1137 700 1191 illam
711 1137 744 1190 de
754 1137 925 1206 augmentis3
941 1136 989 1189 sed
1027 1142 1068 1187 ter
1081 1134 1281 1205 elongationem
1297 1144 1326 1189 et
1339 1134 1503 1188 distantiam
1543 1133 1585 1186 De
1600 1134 1724 1187 auctario
1735 1143 1823 1186 eatena

197 1218 331 1271 tamenin
345 1234 400 1271 uno
413 1233 512 1288 genere
533 1226 645 1271 tantum.
686 1217 760 1270 Nam
780 1216 869 1286 quoad
882 1222 988 1269 veteres
1025 1214 1130 1268 numeri
1143 1223 1276 1271 astrorum
1295 1231 1345 1284 per
1357 1214 1561 1285 generationem
1581 1212 1728 1266 stellarum
1740 1229 1821 1265 nosa-

196 1296 297 1361 stellas,
312 1296 383 1350 omni
394 1296 546 1351 seculorum
560 1296 690 1350 memoria
703 1312 753 1348 nec
766 1295 881 1363 alicujus
895 1311 989 1349 earum
1026 1310 1093 1357 rum,
1108 1294 1293 1363 quaestionem,
1307 1300 1338 1347 ut
1351 1294 1434 1363 prius,
1449 1292 1484 1345 ad
1498 1292 1588 1346 locum
1602 1292 1637 1345 de
1650 1292 1768 1345 cometis
1780 1310 1820 1346 re·

196 1387 270 1430 ortus
285 1376 388 1446 primus
401 1384 509 1429 notatus
524 1385 572 1438 est,
589 1375 723 1445 (exceptis
738 1376 779 1438 iis,
794 1392 856 1445 quaa
871 1374 989 1426 Arcades
1024 1371 1142 1439 jicimus.
1183 1372 1262 1433 Quod
1287 1389 1351 1425 vero
1380 1372 1415 1426 ad
1442 1371 1662 1441 magnitudinem
1691 1382 1823 1425 astrorum

197 1456 231 1509 de
244 1455 309 1509 luna
323 1454 386 1509 olim
402 1454 513 1510 fabulati
527 1454 611 1523 sunt,)
626 1472 677 1507 nec
689 1454 781 1524 aliqua
794 1471 829 1508 ex
843 1454 877 1506 iis
886 1453 989 1506 deside-
1027 1451 1129 1514 attinet,
1143 1468 1183 1512 ea,
1198 1460 1315 1522 quaeest
1332 1451 1481 1505 seeundum
1501 1452 1703 1520 apparentiam,
1718 1452 1823 1521 magni·

197 1544 279 1589 ratur.
320 1535 421 1589 Eamm
435 1551 508 1599 vero,
523 1551 583 1604 quar
603 1541 714 1588 comatre
734 1533 836 1587 habitae
855 1540 926 1596 sunt,
941 1532 989 1585 sed
1027 1529 1092 1584 tudo
1105 1531 1270 1600 pertinetad
1283 1529 1545 1601 phaenomena,vera
1559 1536 1652 1584 autem
1667 1531 1824 1600 adinquisi·

197 1614 284 1668 torma
298 1622 324 1667 et
337 1623 413 1668 motu
425 1613 535 1675 stellari,
551 1621 578 1667 et
588 1630 698 1683 prorsus
712 1611 795 1665 ueluti
808 1611 894 1665 stellis
904 1627 988 1675 norm,
1027 1610 1127 1663 tionem
1142 1609 1367 1679 philosophicam,
1377 1609 1436 1663 solo
1449 1608 1497 1663 illo
1512 1619 1641 1662 contenta
1655 1609 1823 1679 problemate

197 1701 226 1746 ct
249 1694 432 1763 apparitiones
452 1692 578 1757 vidimus,
606 1701 687 1763 atque
709 1692 792 1746 etiam
815 1691 850 1745 ab
869 1690 989 1761 antiquis
1026 1687 1202 1743 duodecimo:
1223 1688 1289 1749 Quae
1303 1689 1413 1742 sitvera
1426 1689 1585 1758 magnitudo
1599 1690 1735 1760 cujusque
1749 1690 1822 1753 astri,

197 1773 360 1843 accepimns,
382 1781 410 1826 et
432 1772 631 1842 disparitioncs,
656 1772 721 1825 dum
743 1771 805 1824 aliis
832 1769 989 1825 hominibus
1027 1766 1069 1820 vel
1084 1776 1247 1831 mensurata,
1258 1767 1300 1821 vel
1314 1767 1410 1822 saltem
1420 1768 1542 1821 collata?
1563 1769 1688 1822 Facilius
1701 1770 1824 1823 mimat

197 1859 327 1922 tanquam
350 1859 515 1922 consumptae
537 1851 604 1905 vissa
624 1858 693 1915 sunt,
714 1849 776 1904 aliis
799 1857 927 1921 tanquam
948 1865 990 1902 as·
1027 1846 1139 1900 inventu
1166 1856 1192 1900 et
1215 1847 1405 1912 demonstratu,
1429 1847 1540 1918 globum
1561 1848 1637 1902 lunae
1658 1864 1721 1901 esse
1746 1847 1824 1918 globo

198 1939 320 2001 sumptae,
339 1934 446 2000 (utpote
464 1948 524 2000 qum
543 1931 578 1984 ad
599 1947 649 1984 nos
671 1930 790 1983 devectas
810 1936 938 1999 tunquam
961 1928 989 1981 in
1027 1932 1105 1978 terrea
1125 1924 1266 1990 minorem,
1285 1943 1366 1996 quam
1385 1926 1498 1997 globum
1516 1925 1590 1981 lunae
1607 1927 1637 1980 in
1660 1926 1768 1982 ambitu
1788 1936 1825 1980 tot

197 2010 332 2080 perigenis,
342 2017 436 2079 postea
449 2009 484 2063 ad
498 2009 656 2064 sublimiora
668 2010 843 2076 remearunt)
854 2006 916 2060 aliis
925 2023 990 2061 vero
1027 2004 1114 2058 millia
1140 2022 1268 2075 passuum
1295 2006 1442 2060 continere.
1485 2007 1581 2076 ltaque
1609 2006 1772 2061 tentandum
1799 2014 1825 2059 et

197 2098 327 2160 tanquam
359 2094 526 2143 rarescentes
559 2088 722 2143 existimata
755 2096 823 2151 sunt,
850 2095 931 2157 atque
959 2087 987 2140 in
1027 2085 1290 2149 contendendum,ut
1302 2093 1406 2139 exactae
1420 2085 1622 2156 magnitudines
1636 2086 1823 2149 inveniantun

198 2167 300 2222 aethera
318 2167 421 2222 solutae.
462 2168 564 2221 Verum
581 2167 736 2222 universam
756 2166 935 2238 quaestionem
956 2167 989 2220 de
1026 2161 1082 2216 ilisa
1102 2165 1125 2217 si
1146 2165 1235 2217 minus
1257 2164 1351 2218 haberi
1372 2166 1483 2233 possint,
1498 2165 1629 2218 utendum
1651 2166 1822 2234 comparatis

198 2246 285 2302 stellis
299 2247 375 2300 novis
389 2247 498 2300 adeum
512 2245 600 2301 locum
613 2247 759 2315 rejicimus,
767 2246 813 2301 ubi
828 2246 862 2299 de
876 2246 989 2299 cometis
1028 2241 1178 2313 Capiuutur
1198 2253 1290 2297 autern
1311 2254 1392 2314 atque
1408 2244 1607 2298 concluduntur
1621 2245 1823 2315 magnitudines

198 2326 327 2380 dicemus.
368 2326 497 2396 Superest
510 2326 624 2396 quaestio
637 2325 729 2390 altera,
744 2325 777 2379 de
791 2325 903 2396 galaxia
916 2325 989 2378 vide·
1027 2339 1098 2376 verae
1122 2323 1166 2377 rel
1192 2324 1228 2376 ab
1256 2322 1402 2391 eclipsibus
1422 2332 1450 2377 et
1474 2324 1577 2378 umbris
1602 2323 1647 2377 vel
1669 2324 1707 2377 ab
1730 2333 1823 2378 exten·

197 2404 269 2470 licet,
278 2404 321 2458 An
331 2404 482 2475 galaxiesit
493 2404 654 2476 glomeratio
663 2414 795 2460 astrorum
806 2404 988 2467 minimorum,
1027 2401 1149 2456 sionibus
1168 2409 1223 2456 tam
1240 2401 1350 2456 luminis
1371 2420 1452 2474 quam
1472 2402 1589 2457 aliarum
1604 2404 1744 2465 virtutum,
1760 2422 1824 2473 quaa

197 2492 245 2539 aut
271 2500 367 2554 corpus
393 2485 586 2549 continuatum,
611 2493 639 2539 et
665 2502 729 2555 pars
752 2484 869 2548 aetheris,
891 2484 989 2538 medioe
1027 2498 1139 2551 corpora
1163 2500 1276 2553 qumque
1297 2499 1348 2552 pro
1370 2483 1472 2536 ratione
1493 2483 1694 2552 magnitudinis
1719 2483 1824 2553 longius

197 2570 302 2618 naturae
320 2564 391 2618 iuter
415 2564 560 2619 aetheream
581 2572 608 2619 et
626 2564 783 2620 sideream?
803 2564 878 2618 Nam
896 2564 990 2633 opinio
1027 2571 1075 2613 aut
1095 2563 1208 2632 propius
1227 2562 1394 2630 ejaculantur
1413 2571 1441 2616 et
1460 2561 1632 2625 diffundum
1654 2563 1700 2616 vel
1724 2571 1825 2633 postre-

197 2640 246 2697 illa
265 2643 299 2697 de
321 2642 540 2698 exhalationibus
556 2643 662 2712 jamdiu
683 2643 830 2707 exhalavit,
853 2659 908 2697 non
930 2644 988 2697 sine
1027 2658 1071 2694 mo
1093 2659 1144 2711 per
1166 2638 1349 2711 symmetriam
1368 2642 1496 2707 universi,
1519 2659 1581 2711 quoe
1604 2643 1745 2711 portiones
1770 2660 1824 2696 cos·

197 2730 261 2776 nota
281 2723 385 2793 ingenii
404 2723 566 2787 Aristotelis,
582 2723 629 2794 qui
647 2723 701 2778 tale
714 2723 818 2794 aliquid
835 2723 988 2792 confingere
1026 2736 1124 2789 porum
1145 2719 1360 2775 connaturalium
1381 2739 1417 2775 ex
1435 2723 1598 2776 necessitate
1622 2722 1744 2791 quadam
1760 2729 1823 2776 tem·

137 2830 139 2832 ·
197 2818 280 2857 ausus
294 2810 342 2868 est,
352 2802 391 2856 rei
406 2809 462 2857 tam
472 2804 607 2857 constanti
621 2811 649 2858 et
662 2806 725 2859 firm
735 2802 899 2873 imponendo
913 2811 988 2856 natu·
1027 2808 1104 2869 perat
1127 2810 1154 2854 et
1174 2802 1307 2855 terminat.
1348 2799 1464 2855 Minime
1477 2817 1543 2855 vero
1564 2801 1696 2854 standum
1709 2801 1752 2863 iis,
1766 2818 1823 2871 qnae

197 2899 257 2937 ram
279 2881 460 2938 transitoriam
483 2889 512 2937 et
531 2883 643 2938 variam.
683 2885 754 2946 Quin
774 2891 803 2938 et
819 2882 881 2938 finis
905 2882 988 2937 etiam
1026 2878 1062 2932 ab
1091 2880 1252 2933 asnonomis
1275 2880 1309 2933 de
1335 2881 1406 2934 veris
1434 2879 1669 2951 magnitudinibus
1691 2890 1823 2934 astrorum

198 2961 280 3029 hujus
297 2963 460 3035 questionis,
476 2971 555 3032 prout
575 2980 592 3018 a
611 2964 691 3018 nobis
710 2963 873 3035 proponitur,
893 2962 988 3017 adesse
1027 2960 1124 3013 tradita
1138 2969 1200 3014 sunt
1213 2959 1292 3030 (licet
1304 2960 1427 3014 videatur
1440 2977 1500 3014 esse
1519 2977 1564 3014 res
1578 2977 1690 3031 magum
1704 2970 1732 3013 et
1746 2977 1822 3014 acor·

195 3041 254 3109 jam
268 3041 420 3104 aidemari
441 3043 475 3096 iis
495 3042 637 3107 credimus,
653 3060 714 3115 qua
729 3041 858 3097 Galilaeus
871 3043 988 3106 tradidit,
1026 3047 1092 3094 ratae
1112 3038 1283 3109 subtilitatis)
1305 3039 1371 3094 satis
1392 3037 1503 3094 licenter
1517 3048 1545 3093 et
1557 3039 1688 3102 ineante3
1710 3040 1759 3094 sed
1778 3057 1821 3094 er·

198 3122 244 3191 qui
258 3123 398 3176 contrusam
412 3121 487 3175 illam
499 3122 568 3177 lucis
582 3123 701 3193 speciem
713 3123 744 3177 in
761 3130 834 3176 astra
846 3129 989 3176 numerata
1027 3118 1165 3188 quirendae
1179 3118 1217 3190 (si
1237 3137 1297 3191 quae
1319 3136 1348 3173 se
1367 3119 1523 3188 ostendunt)
1545 3119 1723 3187 probationes
1737 3121 1822 3190 magis

198 3209 227 3254 et
245 3199 335 3253 locata
356 3201 480 3271 digessit.
521 3202 596 3257 Nam
616 3202 687 3274 quod
709 3201 819 3273 galaxia
840 3217 893 3255 non
918 3201 989 3255 tollit
1027 3197 1255 3252 fidoeetsincerre.
1297 3198 1460 3268 Magnitudo
1474 3215 1539 3252 vero
1552 3205 1581 3251 et
1596 3199 1728 3253 distantia
1741 3209 1822 3252 aruo

197 3287 337 3348 aspectum
360 3288 500 3344 astrorum,
523 3298 584 3351 quae
604 3283 676 3335 intra
696 3282 785 3352 ipsam
808 3280 988 3344 inveniuntur,
1027 3294 1088 3330 rum
1101 3294 1130 3332 se
1145 3278 1262 3332 invicem
1275 3278 1395 3331 indicant
1408 3295 1445 3333 ex
1457 3278 1609 3332 rationibus
1623 3279 1742 3347 opticise
1764 3297 1821 3349 qua

197 3357 264 3412 illud
284 3367 355 3413 certe
376 3359 452 3414 litem
474 3377 528 3414 non
549 3361 657 3424 dirimit,
677 3378 727 3414 nec
745 3378 802 3415 rem
826 3359 939 3414 inclinat
960 3361 988 3413 in
1027 3364 1118 3410 tamen
1135 3365 1162 3411 et
1181 3358 1250 3427 ipsae
1268 3358 1359 3411 excuti
1379 3356 1485 3412 debent.
1528 3356 1585 3411 leta
1598 3364 1693 3411 autem
1713 3359 1747 3410 de
1762 3375 1820 3411 rera

197 3438 355 3493 alterutram
369 3448 486 3508 partem3
501 3441 529 3493 id
544 3440 729 3495 tantummodo
741 3439 988 3509 fortasseabnegat,
1027 3435 1213 3507 magnitudine
1237 3444 1369 3490 astrorum
1392 3437 1507 3506 quaestio
1526 3453 1642 3491 numero
1663 3437 1820 3491 duodecima

197 3533 252 3572 non
279 3518 406 3572 collocari
434 3518 572 3589 galaxiam
598 3520 710 3575 interius
736 3519 838 3575 rathere
869 3518 987 3573 stellato.
1027 3520 1076 3569 est.
1116 3515 1245 3586 Sequitur
1266 3516 1378 3587 quaestio
1402 3516 1487 3570 altera
1509 3515 1544 3569 de
1567 3516 1663 3587 figens,
1684 3518 1729 3570 An
1753 3528 1820 3569 astra

198 3598 259 3651 Hoc
274 3597 383 3652 enimsi
398 3597 475 3663 soret,
490 3606 570 3668 atque
588 3599 700 3668 insuper
713 3615 812 3667 corpus
824 3598 893 3660 illud
905 3598 989 3652 conti·
1026 3595 1081 3648 sint
1095 3593 1178 3665 globi,
1192 3594 1246 3648 hoc
1261 3604 1308 3658 est,
1323 3596 1539 3649 conservationes
1552 3596 1676 3650 materia
1693 3597 1723 3649 in
1738 3598 1820 3666 figura

196 3684 308 3731 nuatum
336 3676 454 3747 galaxian
480 3677 600 3747 aliquam
626 3678 741 3732 haberet
766 3677 987 3748 profunditatem,
1027 3672 1113 3728 solida
1132 3674 1267 3729 rotunda?
1292 3674 1426 3729 Videntur
1453 3683 1543 3729 autem
1570 3675 1605 3729 ad
1633 3678 1818 3745 apparentiam

197 3764 336 3826 aspectum
365 3763 488 3811 nostrum
514 3758 693 3827 interceptum
719 3757 754 3812 iri
780 3763 988 3811 consentaneum
1027 3761 1081 3808 tres
1094 3769 1125 3807 se
1135 3753 1275 3807 ostendere
1284 3754 1377 3824 figura
1390 3762 1532 3817 astrorum,
1546 3753 1662 3825 globosa
1675 3762 1706 3810 et
1720 3756 1818 3816 crinita

197 3843 277 3889 esset.
319 3835 348 3890 Si
359 3852 423 3890 vero
433 3837 492 3906 pari
506 3837 652 3892 collocetur
665 3836 805 3891 altitudine
818 3853 879 3890 cum
893 3834 988 3899 stellis,
1026 3838 1056 3885 ut
1069 3831 1127 3897 sol;
1141 3832 1255 3903 globosa
1268 3841 1296 3886 et
1309 3831 1446 3904 angulata,
1461 3842 1492 3886 ut
1501 3832 1586 3889 stellae
1601 3835 1706 3900 (ennea
1720 3851 1783 3888 vero
1793 3844 1819 3888 et

197 3931 258 3984 quea
278 3932 327 3985 per
340 3932 402 3969 eam
417 3914 626 3986 conspiciuntur,
645 3916 685 3970 nil
704 3917 793 3970 obstat
813 3915 879 3986 quin
900 3914 986 3969 stellae
1027 3911 1424 3983 anguliadaspectumtantum
1434 3912 1693 3977 referuntur,lorma
1707 3913 1818 3983 globosa

195 3995 288 4064 spargi
309 3995 415 4064 possint
433 3995 463 4049 in
483 3995 544 4065 ipsa
558 3995 667 4067 galaxia
680 4012 733 4049 non
747 3996 843 4058 minus,
858 4011 940 4065 quam
959 3994 989 4047 in
1028 3998 1131 4045 tantum
1158 3991 1192 4044 ad
1219 3992 1429 4058 substantiam);
1455 3990 1568 4062 globosa
1594 3993 1764 4062 simpliciter,
1789 4003 1818 4046 ut

196 4072 302 4145 reliquo
315 4074 424 4128 aethere.
466 4073 561 4145 ltaque
574 4083 603 4129 et
621 4075 704 4129 istam
722 4074 899 4146 questionem
920 4073 988 4127 reci·
1027 4069 1099 4124 luna.
1140 4071 1239 4142 Neque
1258 4071 1331 4124 enim
1349 4072 1512 4140 conspicitur
1532 4070 1612 4125 stella
1634 4072 1760 4143 oblonga,
1773 4081 1818 4127 aut

196 4153 295 4220 pimus.
337 4152 426 4223 Atque
439 4152 484 4208 hae
497 4169 548 4208 sex
560 4154 722 4225 quaestiones
737 4154 871 4222 pertinent
885 4152 918 4206 ad
928 4153 989 4207 sub·
1027 4149 1264 4221 triangularis,aut
1272 4150 1408 4222 quadrata,
1419 4159 1466 4204 aut
1475 4150 1587 4205 alterins
1595 4151 1703 4221 figrrrae.
1732 4153 1816 4223 Atque

197 4231 326 4285 stantim
351 4231 520 4296 scelestiumr
542 4233 630 4303 qualis
657 4233 759 4288 scilicet
781 4232 818 4286 sit
839 4232 989 4286 substantia
1026 4229 1175 4284 seeundum
1187 4238 1311 4284 naturam
1324 4229 1430 4283 videtur
1443 4237 1472 4284 ut
1486 4246 1682 4285 massmremm
1697 4235 1815 4299 majores,

196 4308 260 4363 coeli
280 4310 309 4363 in
329 4326 437 4380 genere,
457 4320 484 4363 et
505 4312 593 4380 qualis
615 4311 725 4366 mtberis
745 4310 940 4375 interstellaris,
961 4316 990 4365 ct
1027 4307 1061 4361 ad
1086 4310 1316 4363 conservationem
1342 4311 1385 4365 sui
1412 4318 1440 4363 et
1465 4310 1599 4364 seriorem
1626 4311 1763 4374 unionem,
1788 4328 1816 4364 se

196 4387 286 4459 qualis
307 4388 432 4458 galaxiae,
460 4397 488 4443 et
512 4392 601 4459 qualis
622 4399 755 4445 astrorum
775 4391 905 4460 ipsorum,
929 4390 987 4444 sive
1026 4394 1193 4458 congregent
1219 4388 1248 4441 in
1282 4388 1386 4457 globos.
1439 4389 1554 4443 Decima
1582 4398 1681 4460 quarta
1708 4391 1817 4460 questio

196 4468 368 4522 conterantur
376 4467 411 4520 ad
424 4468 551 4533 invicem,
564 4471 621 4524 sive
632 4470 667 4523 ad
680 4471 773 4541 ignem
786 4477 916 4531 nostrum,
931 4470 988 4523 sive
1026 4467 1143 4537 pertinet
1157 4466 1191 4519 ad
1209 4466 1379 4532 distantiam
1400 4468 1467 4528 Quae
1487 4469 1523 4522 sit
1537 4486 1603 4522 vera
1622 4470 1754 4524 distantia
1772 4470 1817 4523 ali·

195 4547 231 4600 ad
246 4563 343 4617 corpus
363 4548 511 4617 proprium.
554 4549 590 4603 At
606 4549 639 4604 dc
660 4566 779 4613 numero,
794 4548 987 4619 magnitudine,
1026 4546 1104 4614 cujus
1130 4545 1217 4600 steliae
1243 4548 1272 4600 in
1299 4547 1432 4617 profundo
1463 4547 1550 4601 coeli?
1581 4549 1657 4602 Nam
1685 4550 1816 4603 distantia

193 4626 293 4696 ligura,
308 4635 335 4680 et
346 4626 473 4680 distantia
486 4635 617 4683 asnorum
631 4636 729 4699 prater
741 4627 989 4698 phaeuomenaipsa
1026 4625 1197 4696 planetarum
1217 4632 1273 4680 tam
1291 4626 1327 4680 ad
1346 4626 1463 4681 invicem
1481 4644 1563 4699 quam
1577 4645 1640 4684 cum
1655 4629 1744 4682 stellis
1756 4630 1816 4684 fixis

195 4714 226 4759 et
246 4706 408 4776 quaestiones
430 4705 580 4772 historicas,
601 4708 634 4763 de
649 4709 747 4780 quibus
765 4713 860 4777 postea
873 4707 987 4771 dicetur,
1026 4703 1164 4769 laterales,
1179 4705 1235 4758 sive
1256 4723 1306 4775 per
1326 4706 1457 4759 ambitum
1477 4707 1549 4769 coeli,
1567 4716 1701 4777 reguntur
1714 4725 1731 4760 a
1744 4711 1817 4762 moti-

195 4783 365 4854 problemata
387 4785 578 4856 philosophica
599 4787 655 4843 iere
677 4788 813 4857 simplicia
836 4794 904 4841 sunt.
945 4786 988 4839 De
1026 4783 1077 4837 bus
1102 4801 1203 4838 earum.
1264 4784 1493 4847 Quemadmodum
1516 4792 1608 4840 autem
1635 4789 1760 4857 superius
1785 4788 1816 4841 tle

195 4881 308 4919 numero
328 4863 433 4919 scilicet
453 4865 575 4935 sequitur
597 4868 710 4936 quaestio
733 4866 825 4931 altera,
851 4867 894 4919 An
912 4865 936 4919 is
952 4865 988 4918 sit
1026 4863 1213 4934 magnitudine
1226 4872 1359 4919 astromm
1372 4864 1499 4929 diximus,
1513 4866 1536 4918 si
1549 4874 1648 4920 exacta
1661 4868 1817 4937 magnitudo

195 4959 324 4999 numerus
351 4950 485 4999 asnorum
505 4945 553 5015 qui
573 4946 687 5012 videtur,
708 4947 808 5017 quique
833 4944 987 5016 Hipparchi
1027 4951 1056 4997 et
1082 4943 1163 5012 plane
1185 4950 1341 4999 mensurata
1363 4943 1459 4997 haberi
1486 4961 1541 4998 non
1568 4946 1662 5014 possit,
1691 4947 1815 5001 utendum

195 5023 336 5094 diligentia
346 5031 457 5078 notatus
471 5030 500 5078 et
509 5025 660 5096 descriptus
673 5033 721 5090 est,
730 5034 759 5080 et
768 5027 797 5079 in
808 5024 882 5096 globi
895 5023 989 5078 coeles·
1027 5039 1087 5076 esse
1109 5023 1294 5093 magnitudine
1319 5030 1491 5092 comparata;
1520 5022 1592 5077 idem
1620 5025 1655 5078 de
1685 5026 1816 5080 distantiis

195 5103 230 5157 tis
250 5102 389 5157 modulum
413 5102 577 5159 conclusus?
599 5102 673 5159 Nam
693 5113 722 5159 et
742 5105 807 5159 satis
829 5103 928 5173 frigida
947 5111 989 5157 est
1027 5101 1216 5171 praecipimus3
1236 5110 1268 5156 ut
1286 5102 1310 5156 si
1329 5112 1424 5156 exacte
1445 5103 1507 5171 capi
1528 5103 1659 5157 distantia
1682 5122 1737 5158 non
1757 5123 1815 5174 pos-

194 5181 267 5236 ratio
280 5199 321 5246 ea,
337 5200 397 5253 qum
415 5181 535 5238 redditur
554 5185 703 5238 innumerae
722 5183 796 5237 illius
810 5182 989 5238 multitudinis
1027 5181 1062 5234 sit
1091 5180 1222 5250 (exempli
1240 5180 1329 5251 gratia
1356 5199 1374 5235 a
1397 5190 1469 5236 terra
1492 5180 1527 5235 ad
1549 5182 1704 5250 Satumnm,
1723 5183 1767 5237 rel
1784 5185 1816 5238 ad

195 5258 335 5315 stellarum
349 5261 513 5317 occultarum
534 5269 563 5316 et
583 5270 713 5332 tanquam
732 5263 914 5327 invisibilium,
928 5279 990 5333 quae
1026 5259 1136 5324 lovem)
1150 5268 1241 5315 tamen
1255 5268 1369 5331 ponatur
1381 5262 1411 5315 in
1425 5267 1500 5315 certo
1514 5261 1662 5316 Saturnum
1680 5279 1740 5318 esse
1751 5262 1814 5318 Jove

194 5339 321 5393 noctibus
347 5341 450 5395 serenis
477 5342 627 5412 praesertim
650 5357 699 5410 per
724 5341 844 5396 hiemem
868 5340 989 5410 conspici
1027 5339 1219 5393 sublimiorem.
1267 5340 1365 5410 Neque
1391 5342 1465 5394 enim
1492 5349 1613 5408 systema
1640 5343 1704 5396 coeli
1732 5345 1815 5412 quoad

196 5415 282 5482 solet,
303 5427 335 5472 ut
361 5418 417 5474 illm
437 5420 604 5490 apparentia
620 5420 724 5474 scilicet
745 5420 800 5474 sint
824 5438 878 5476 non
903 5419 990 5474 stellae
1027 5419 1148 5484 interius,
1163 5419 1267 5474 scilicet
1281 5420 1346 5472 ordo
1367 5419 1536 5490 planetarum
1550 5420 1642 5490 quoad
1656 5421 1813 5484 altitudines,

196 5493 323 5560 minores,
345 5497 393 5552 sed
416 5498 584 5557 radiationes
604 5507 717 5563 tantum,
737 5508 766 5553 et
783 5502 949 5568 micatiopcs,
965 5507 991 5553 et
1028 5500 1138 5554 omnino
1151 5499 1210 5554 sine
1225 5500 1408 5555 controversia
1422 5508 1471 5563 est,
1485 5515 1574 5570 neque
1589 5518 1651 5569 quae
1664 5517 1735 5558 nune
1747 5503 1810 5555 obti·
