3800 5875
748 303 939 361 AUCTORlS
962 306 1061 362 vlit.
1660 306 1717 370 279

96 470 178 520 τοίω
198 464 299 521 nullius
328 463 537 520 observationes
563 462 746 534 contempsitr
777 466 826 519 sed
848 466 885 519 ad
921 466 1007 537 aliqui
1029 466 1125 538 grstia,
1146 473 1175 520 et
1193 466 1285 519 favore
1307 465 1366 533 ejus
1389 481 1533 534 perperam
1551 466 1594 520 usi
1613 466 1675 533 sint,
1689 469 1717 522 id

95 542 225 600 candelam
246 542 392 615 cujashbet
409 543 538 614 lampada
556 558 636 598 suam
655 543 803 599 accendere
825 561 882 601 uon
920 545 1090 601 solummodo
1100 546 1183 600 errori
1194 544 1324 599 bonitatis
1334 560 1391 599 sure
1401 544 1509 608 natium
1520 562 1613 599 eornm
1627 557 1717 603 autem

95 624 198 680 cubuit.
921 633 1060 696 perpetuae
1075 625 1196 679 infamiis
1209 632 1238 679 et
1251 624 1469 693 intemperantis
1485 624 1654 680 tribuendum
1668 637 1716 682 est.

128 703 212 770 Dicta,
223 711 252 760 et
265 704 448 777 pronunciata
461 703 529 771 ejus,
539 702 587 756 vix
597 718 719 772 unquam
729 702 882 758 indubium
962 706 1054 760 Herus
1067 707 1119 759 iste
1133 706 1216 760 divini
1232 704 1362 759 Numinis
1379 703 1467 758 cultor
1487 705 1547 758 tuit.
1588 706 1716 766 Quamvis

95 791 180 838 vocata
192 793 269 853 sqnt3
291 800 409 855 eumque
424 783 603 838 disserentem
620 798 716 836 omnes
730 783 881 848 audierunt,
920 785 995 839 enim
1019 786 1084 839 viris
1108 785 1234 854 politicis,
1249 791 1277 838 et
1299 784 1419 854 ingeniis
1436 783 1566 854 praesltis,
1585 785 1715 842 atheismi

94 862 174 918 nullm
187 879 218 918 se
231 864 382 937 opposuit3
410 880 442 917 ac
456 863 480 916 si
494 860 605 917 oracula
617 861 714 932 magis,
730 878 812 933 quam
827 862 882 918 elo-
919 872 1013 919 notam
1026 866 1134 920 inurere
1153 865 1236 934 vulgo
1255 864 1423 928 inoleverat;
1445 863 1492 917 ille
1514 871 1605 919 tamen
1628 865 1715 921 Deum

95 945 158 1014 qaia,
170 944 337 1014 protulisset.
387 942 467 1005 Quod
489 942 608 1013 quidem,
622 941 680 994 sive
699 949 804 997 exacto
822 959 882 997 sen·
919 951 946 997 et
961 945 1078 1016 agnovit,
1092 953 1120 999 et
1134 945 1227 999 coluit.
1265 943 1296 997 ld
1310 945 1382 1014 quod
1395 961 1432 998 ex
1445 944 1530 998 variis
1544 945 1714 1012 testimoniis,

94 1023 175 1078 arde
188 1041 252 1089 snae,
267 1032 417 1095 antequem
430 1021 605 1085 declarasset,
615 1020 645 1074 in
658 1020 737 1076 lance
751 1023 880 1087 veritatis,
919 1040 969 1093 per
983 1025 1059 1080 iilum
1079 1042 1192 1095 operum
1214 1041 1324 1079 suorum
1345 1024 1455 1093 sparsis,
1469 1023 1648 1095 liquidissime
1670 1044 1716 1097 ap

93 1111 117 1158 et
134 1104 245 1159 radonis
272 1103 428 1167 librationi;
457 1103 515 1157 sive
541 1101 747 1167 existimationi,
770 1119 826 1172 qua
846 1103 882 1156 ab
919 1113 1004 1173 paret
1046 1104 1123 1159 Alias
1138 1106 1209 1159 enirn
1225 1104 1360 1174 principia
1373 1103 1485 1173 propria
1495 1104 1675 1160 destruxisset
1688 1116 1715 1161 et

93 1183 206 1238 omnibus
226 1183 341 1239 habitus
361 1183 425 1251 tuit,
439 1189 470 1237 ut
488 1198 571 1236 nemo
591 1181 748 1247 contrairet,
762 1183 881 1236 tribuen-
919 1184 1080 1249 evertisset3
1103 1202 1164 1256 quae
1177 1184 1293 1249 fuerunt,
1309 1183 1541 1254 “Philosophiam
1552 1185 1715 1254 primoribus

92 1262 148 1318 dum
166 1280 272 1319 censeo.
324 1263 404 1317 Unde
425 1262 671 1334 argumentationis
695 1278 783 1332 genua
804 1261 880 1328 illud,
919 1270 1025 1318 tantum
1038 1264 1120 1320 labiis
1133 1265 1305 1336 degustatam
1325 1281 1342 1318 a
1362 1263 1423 1318 Deo
1441 1264 1591 1330 abducerer
1613 1273 1714 1336 utpote,

92 1359 139 1414 qus
157 1343 185 1397 in
205 1349 351 1414 utramque
376 1351 483 1414 partem
506 1341 682 1411 disceptatur,
704 1358 799 1395 mensa
821 1343 881 1410 ejus
919 1361 980 1413 quae
994 1361 1091 1399 causas
1104 1344 1236 1399 secundas
1249 1345 1320 1398 ultra
1340 1344 1459 1400 debitum
1480 1344 1712 1414 magnifaceret:

91 1420 156 1478 band
172 1424 263 1489 norit;
285 1429 336 1478 aut
348 1424 374 1477 si
387 1421 480 1493 aliqua
492 1422 563 1477 sorte
582 1421 770 1487 intervenerit,
785 1422 880 1476 eadem
918 1423 1123 1494 philosophiam
1139 1433 1230 1479 sutem
1243 1423 1323 1494 plene
1336 1423 1462 1477 haustam
1477 1423 1512 1478 ad
1523 1423 1613 1478 Deum
1624 1426 1714 1482 denuo

91 1517 253 1574 cummagna
261 1503 454 1568 submissione,
463 1509 492 1556 et
501 1500 697 1567 moderatione,
704 1500 809 1571 agitata
820 1502 879 1557 tuit.
917 1503 1073 1558 reducere.’'
1115 1504 1197 1559 Illum
1218 1510 1311 1559 autem
1331 1504 1526 1575 philosophum
1547 1504 1712 1574 profundum

125 1581 197 1653 nepe
210 1582 366 1647 observavi,
380 1599 469 1652 neque
483 1581 601 1636 virorum
615 1580 785 1651 quorundam
804 1581 880 1636 illus·
918 1584 1040 1638 extitisse
1060 1602 1149 1649 nemo,
1164 1583 1268 1654 opinor,
1283 1590 1332 1648 est,
1348 1583 1395 1654 qui
1415 1593 1505 1655 neget.
1547 1584 1646 1654 Neque
1660 1585 1712 1640 hoc

90 1661 161 1716 mum
173 1662 299 1717 notitiam
314 1662 428 1733 effugit3
450 1661 522 1732 quod
542 1661 567 1714 si
588 1661 696 1715 occasio
708 1660 779 1715 forte
799 1662 881 1715 inter·
918 1663 1015 1728 solum,
1030 1664 1079 1718 sed
1092 1672 1119 1718 et
1133 1666 1235 1718 “omni
1248 1664 1374 1734 poscenti
1391 1663 1526 1718 rationem
1546 1664 1658 1719 reddere
1679 1664 1713 1719 de

90 1742 182 1795 vestiret
191 1743 329 1797 sermonis
339 1739 423 1796 alieni
431 1742 505 1797 inter
515 1739 722 1811 colloquendum
732 1739 879 1812 repetendi,
918 1759 959 1807 ea,
975 1760 1037 1813 qnae
1050 1744 1080 1798 in
1092 1744 1141 1798 illo
1155 1751 1220 1808 erat,
1234 1745 1310 1814 spe,”
1325 1750 1353 1797 et
1366 1749 1463 1813 potens
1484 1751 1512 1797 et
1528 1750 1640 1814 paratus
1654 1744 1711 1800 tuit.

90 1836 119 1875 ea
136 1821 264 1878 facultate
287 1822 434 1894 praeditum
456 1822 548 1886 tune,
569 1828 600 1876 ut
618 1821 696 1874 novis
717 1821 831 1877 subinde
854 1831 881 1876 et
919 1822 1036 1895 Hocque
1050 1840 1118 1894 opus
1130 1822 1199 1879 illud
1209 1823 1410 1879 “confessionis
1428 1823 1514 1877 fidei”
1530 1823 1637 1878 abunde
1660 1832 1711 1879 tes·

90 1900 234 1957 melioribus
263 1902 388 1957 vestibus
416 1901 542 1956 indutum
569 1900 725 1970 proferret:
756 1902 826 1956 adeo
849 1911 880 1957 ut
918 1910 1006 1958 tatum
1027 1903 1145 1975 reliquit.
1187 1904 1322 1959 Interesse
1344 1904 1499 1973 frequenter
1520 1902 1623 1957 solebat
1638 1906 1713 1974 (curn

90 1988 171 2036 auctor
189 1981 250 2053 ipse
274 1998 432 2037 sermonem
454 1981 597 2053 proprium
618 1988 715 2035 ornatu
737 1981 879 2036 cultiorem
917 1999 967 2053 per
976 1984 1160 2039 valetudinem
1170 1981 1277 2053 liceret)
1288 1983 1388 2038 divinis
1396 1983 1500 2048 officiis,
1511 1983 1567 2037 sive
1578 1984 1712 2053 privatim,

90 2071 211 2126 cernerem
225 2070 419 2126 sensuautem,
426 2069 454 2116 et
460 2060 577 2116 materia
583 2061 696 2115 minime
702 2059 879 2128 mulctatum
918 2063 976 2117 sive
991 2063 1099 2134 publice
1112 2062 1271 2129 celebratis3
1292 2063 1467 2118 concionibus
1488 2063 1647 2129 audiendis,
1669 2082 1711 2118 sa-

89 2155 116 2193 ae
127 2141 150 2195 si
162 2141 286 2197 formulis
300 2141 384 2197 bonis
396 2141 437 2196 uti
450 2158 495 2195 res
508 2147 580 2195 esset
594 2140 620 2193 εί
635 2147 762 2196 anatura
775 2140 879 2196 indita:
917 2143 1369 2214 craeucharistireparticipandsa3
1384 2150 1413 2197 et
1422 2142 1531 2197 tandem
1540 2143 1570 2196 in
1579 2144 1711 2210 ddevera,

89 2218 196 2292 idquod
215 2221 247 2278 in
265 2222 438 2277 carminibus
458 2220 655 2291 componendis
674 2220 709 2274 de
729 2237 759 2275 se
780 2222 880 2276 cecinit
917 2223 946 2276 in
961 2223 1078 2278 ecclesia
1091 2223 1245 2295 Anglicana
1256 2223 1387 2288 stabilita,
1401 2222 1507 2294 placide
1521 2224 1691 2278 obdormivit.

90 2299 197 2366 Ovidius,
959 2301 1021 2358 Hoc
1036 2320 1085 2374 pro
1099 2312 1173 2358 certo
1194 2304 1347 2372 ponendum
1367 2312 1416 2368 est,
1432 2319 1494 2358 eum
1513 2303 1713 2359 malevolentia

917 2383 1711 2454 <l

1160 2502 1166 2526 l

90 2538 296 2614 Quotiescunque
311 2560 350 2598 ex
363 2543 454 2598 officio
467 2542 643 2615 premebatur
662 2561 738 2598 reum
758 2542 879 2613 aliquem
917 2559 952 2598 ue
967 2544 1099 2616 cogitavit
1112 2543 1237 2614 quidem:
1258 2544 1294 2597 ad
1308 2559 1390 2614 quam
1403 2544 1427 2597 si
1440 2543 1480 2597 ita
1493 2543 1585 2598 animo
1598 2545 1711 2600 affectus

88 2636 207 2693 peragere
228 2623 319 2694 (quod
342 2625 464 2678 muneris
487 2623 571 2694 regite
591 2623 743 2692 majestatis
763 2623 880 2678 consilio
917 2622 1638 2694 luissetetopportunitateetpotestatearmstust'uit.
1659 2623 1713 2679 Dc·

88 2699 156 2756 docto
166 2703 359 2773 incumbebat)
374 2703 432 2758 sire
446 2705 474 2758 in
489 2703 685 2767 criminalibus,
698 2703 756 2757 sive
767 2704 796 2757 in
807 2704 879 2774 capi·
918 2704 1040 2758 turbator
1048 2703 1238 2757 officiariorum
1249 2701 1433 2757 amuneribus
1442 2703 1547 2773 adeptis
1554 2704 1713 2775 neutiquam

89 2780 342 2855 talibosnunquam
355 2783 550 2855 sesuperbum,
561 2793 609 2838 aut
618 2782 775 2849 fastuosam,
784 2800 879 2838 versus
917 2782 987 2850 fuit3
1016 2799 1048 2837 ac
1070 2783 1094 2838 si
1115 2783 1207 2846 exitio,
1222 2791 1249 2837 et
1262 2783 1341 2837 ruins
1360 2782 1476 2836 aliorum
1497 2798 1527 2837 se
1548 2783 1713 2855 impinguas-

89 2859 279 2933 delinquentem
289 2864 409 2934 praebuit
416 2886 424 2929 ε
446 2864 494 2920 sed
504 2880 614 2934 semper
623 2862 723 2928 lenem,
736 2871 763 2918 et
772 2863 878 2918 decenti
917 2869 966 2917 set.
1002 2862 1190 2918 Calumniator
1208 2863 1281 2934 apud
1301 2862 1454 2933 principem
1475 2879 1531 2916 non
1552 2863 1628 2917 cluit.
1659 2864 1713 2918 Die

88 2944 204 3015 emperie
218 2945 370 3001 affectum:
391 2953 419 2999 et
429 2961 585 3017 quanquam
600 2943 703 2999 sciebat
716 2962 754 3000 ex
766 2962 878 2999 munere
917 2944 1044 3014 quodam,
1063 2962 1126 2998 cum
1149 2944 1260 3015 quidam
1279 2961 1295 2998 ε
1308 2943 1439 2999 ministris
1459 2950 1546 2998 status
1566 2945 1712 3014 primariis,

89 3036 263 3096 noessepro
276 3032 361 3096 parte
374 3025 449 3097 regis
462 3026 566 3079 crimen
580 3024 710 3080 adversus
729 3041 813 3088 reum,
828 3041 879 3095 pro
916 3024 1075 3095 neutiquam
1097 3024 1124 3078 ei
1152 3024 1253 3088 favens,
1272 3040 1361 3094 nuper
1381 3023 1523 3078 defunctus
1542 3024 1646 3089 fuisset,
1662 3041 1716 3079 rex

89 3101 151 3157 virili
162 3120 217 3169 soa,
231 3122 336 3177 urgere
350 3111 379 3159 et
391 3121 561 3177 aggravarer
582 3105 621 3159 ita
635 3111 727 3159 tamen
741 3121 770 3160 ee
784 3105 878 3175 gessit,
917 3121 979 3159 eum
998 3111 1171 3175 percontatus
1183 3111 1230 3168 est,
1249 3104 1315 3174 quid
1328 3104 1362 3157 de
1378 3103 1489 3158 domino
1502 3102 1558 3168 illo,
1571 3103 1630 3172 jam
1649 3104 1713 3158 fatis

89 3189 115 3235 nt
132 3184 281 3240 severitatis
302 3183 386 3240 oculo
405 3184 571 3257 exemplum,
585 3184 779 3239 misericordiae
799 3185 879 3239 oculo
917 3181 1019 3249 iuncto,
1041 3184 1177 3239 sentiret?
1206 3183 1259 3238 Cui
1280 3184 1427 3254 respondit,
1452 3182 1626 3252 “Ejusmodi
1650 3201 1713 3239 eum

88 3276 226 3330 pennam,
247 3265 413 3320 intueretur.
462 3265 496 3320 lu
515 3262 636 3336 negotiis
663 3272 754 3320 autem
784 3272 877 3330 status,
917 3263 1010 3330 fuisse,
1038 3264 1086 3335 qui
1114 3261 1266 3338 majestatis
1294 3272 1348 3318 tum
1374 3281 1418 3318 res
1444 3280 1584 3335 nunquam
1607 3280 1713 3335 promo·

90 3342 224 3413 qmndoin
237 3346 364 3401 sanctius
376 3344 451 3417 regis
464 3344 609 3400 concilium
620 3344 722 3399 ascitus
735 3344 795 3409 fuit,
810 3344 879 3416 opti·
917 3345 1009 3410 visset,
1036 3352 1082 3400 aut
1103 3343 1238 3399 auctiores
1261 3344 1388 3408 iecisset3
1409 3361 1503 3398 verum
1524 3362 1542 3398 s
1560 3344 1713 3415 precipitio

88 3436 153 3477 mum
173 3425 337 3480 consulendi
361 3427 473 3480 modum
497 3425 602 3489 tenuit3
631 3441 687 3479 non
710 3424 879 3496 implicando
918 3431 945 3477 et
977 3424 1159 3479 declinatione
1187 3441 1294 3479 servare
1321 3423 1395 3479 haud
1427 3423 1507 3479 dubie
1539 3425 1711 3494 sategisset.”

89 3499 213 3559 dominum
227 3521 312 3560 snum
326 3504 357 3560 in
372 3505 493 3560 consiliis
507 3505 646 3575 aliquibus
657 3505 816 3570 temerariis,
831 3512 879 3559 aut
917 3504 1016 3576 Neque
1039 3505 1113 3558 enim
1134 3504 1270 3559 donarem
1293 3505 1327 3559 de
1348 3521 1382 3559 εο
1404 3503 1566 3558 senteutiam
1591 3504 1712 3573 proferre

89 3581 177 3652 populo
198 3585 384 3657 gravioribus,
405 3585 453 3641 sed
472 3585 638 3655 temperatis,
661 3594 690 3639 st
710 3584 876 3655 equalibus:
917 3583 1012 3640 voluit.
1059 3584 1147 3645 Quam
1177 3584 1287 3655 quidem
1313 3601 1369 3638 non
1399 3584 1470 3639 inter
1496 3584 1610 3638 virtutes
1636 3583 1712 3638 illius

90 3657 180 3717 Jacobs
199 3682 266 3737 rege
287 3665 345 3719 hoc
366 3681 430 3720 eum
450 3665 606 3719 testimonio
628 3672 749 3729 ornante,
770 3664 878 3719 “lllum
917 3664 1042 3729 morales,
1057 3664 1105 3718 sed
1121 3664 1299 3729 Christianus,
1313 3680 1434 3718 numero.

90 3738 287 3800 tiammlluisse
297 3745 412 3817 negotia
423 3747 483 3814 ejus
491 3745 625 3799 tractandi
636 3745 767 3800 suavibus
777 3745 877 3810 modis,
957 3745 1067 3799 Nomen
1088 3744 1147 3814 ejus
1167 3745 1257 3815 magis
1273 3744 1347 3808 foris,
1361 3752 1389 3798 et
1408 3744 1480 3814 apud
1500 3753 1615 3809 exteros,
1630 3761 1712 3814 quam

90 3828 158 3891 nque
167 3822 195 3878 id
207 3826 350 3895 majestati
364 3841 421 3880 auae
434 3826 554 3879 maxime
568 3825 643 3879 cordi
658 3825 750 3890 inisse,
761 3842 879 3896 pronun·
917 3824 999 3889 domi,
1015 3825 1086 3878 inter
1099 3823 1243 3894 populares
1257 3841 1328 3889 suos,
1343 3823 1509 3878 celebratum
1528 3832 1576 3888 est,
1591 3833 1619 3878 et
1629 3824 1712 3878 incla-

90 3898 183 3957 cium‘
917 3904 990 3958 ruit:
1011 3902 1096 3959 veluti
1116 3904 1145 3957 id
1166 3905 1238 3975 quod
1261 3903 1371 3959 oraculo
1388 3902 1430 3958 illi
1449 3904 1543 3958 divino
1555 3904 1639 3958 etiam
1652 3905 1713 3960 aub-

122 3980 212 4053 lleque
222 4002 290 4040 vero
306 3984 384 4056 (cum
394 3984 504 4039 occasio
515 3984 628 4052 tulerat)
641 3985 732 4039 minus
743 3984 879 4056 gratiosus
914 3984 1016 4053 jicitur,
1028 3991 1044 4016 “
1054 3984 1119 4038 Non
1133 3992 1176 4039 est
1189 3986 1324 4055 propheta
1333 3985 1392 4039 sine
1406 3983 1517 4048 honore,
1526 3984 1579 4038 uisi
1587 3985 1617 4038 iu
1625 3986 1714 4055 patria

92 4061 285 4127 tpudsnbditos
299 4064 380 4135 regni
393 4064 451 4128 init,
466 4081 549 4134 quam
569 4064 642 4134 apud
662 4082 756 4137 regem
778 4065 877 4134 ipsum.
917 4081 974 4128 sua,
989 4072 1016 4118 et
1033 4065 1060 4118 in
1076 4065 1158 4118 domo
1175 4066 1250 4119 saa.”
1291 4064 1325 4119 Iu
1339 4082 1393 4135 qua
1407 4081 1444 4128 τε,
1459 4062 1575 4134 paucula
1589 4065 1713 4134 quodam

93 4134 203 4198 comitiis
224 4143 460 4215 parliamentariis
481 4144 619 4199 interioris
640 4161 794 4209 consessus,
814 4145 877 4199 dnm
917 4143 1405 4215 exepistolaabltalia(ingeniorum
1413 4143 1712 4215 politorumapotheca)

93 4215 164 4274 inca
182 4222 262 4277 domo
286 4223 368 4287 sedit,
387 4231 531 4295 pergratus
552 4241 662 4294 semper
684 4224 751 4289 fuit,
774 4224 803 4278 in
824 4241 878 4294 qua
916 4225 951 4277 ad
960 4224 1088 4279 comitem
1098 4241 1185 4294 nuper
1194 4225 1402 4289 Devonicnsem,
1410 4241 1443 4279 eo
1452 4231 1574 4296 tempore
1583 4223 1712 4281 baronem

94 4310 153 4369 *pe
172 4304 319 4372 peroravit,
334 4320 389 4357 non
412 4305 472 4357 sine
494 4320 596 4375 magno
617 4303 759 4374 applausu.
801 4302 878 4358 Post·
917 4303 1106 4368 Candishium,
1124 4304 1216 4370 missa,
1237 4322 1402 4375 excerpam:
1424 4322 1485 4375 qum
1504 4306 1590 4360 sicae
1611 4305 1713 4360 hahue-

94 4391 162 4444 φατι
178 4382 212 4436 ad
232 4399 334 4437 munus
349 4383 481 4438 atturnati
501 4384 637 4454 generalis
650 4390 760 4439 evectus
773 4383 877 4448 fuisset,
916 4392 994 4449 runt;
1010 4389 1026 4416 “
1034 4383 1224 4440 Delibatioaea
1234 4401 1319 4440 novas
1326 4385 1427 4439 domini
1436 4384 1590 4440 cancellarii
1601 4385 1712 4451 Rusoni,

94 4462 117 4506 tt
133 4458 165 4512 ad
180 4459 270 4517 locum
293 4463 324 4516 in
346 4463 527 4534 parliamento
547 4462 659 4529 electus,
672 4463 786 4518 libertas
807 4463 879 4518 iuter
916 4480 967 4519 nec
994 4481 1050 4518 non
1078 4463 1233 4519 Historiam
1260 4465 1326 4534 ejus,
1351 4473 1380 4520 et
1405 4465 1534 4536 quicquid
1555 4465 1630 4521 aliud
1653 4466 1713 4535 jam

94 4533 157 4604 ipsos
165 4542 337 4597 consultandi
347 4543 485 4597 communi
497 4543 628 4615 suffragio
638 4544 664 4598 ei
674 4561 805 4598 concessa
818 4552 877 4610 est;
917 4544 1037 4608 molitur,
1065 4545 1170 4616 ingenti
1203 4563 1266 4601 cum
1294 4544 1379 4600 animi
1406 4546 1501 4600 ardore
1528 4546 1711 4616 exspectabo:

95 4630 146 4682 que
157 4619 217 4675 aliis
231 4622 378 4677 alternatis
392 4623 565 4694 generalibus
579 4624 692 4678 minime
706 4622 818 4678 indulta
917 4624 1062 4694 speciatim
1075 4633 1166 4680 autern
1180 4625 1209 4679 in
1222 4625 1352 4681 Historia
1366 4642 1416 4680 sua
1429 4642 1498 4696 opus
1511 4626 1669 4697 perfectum,
1684 4634 1713 4681 et

128 4694 196 4753 Sicut
208 4709 301 4756 sutem
315 4718 382 4774 erga
394 4702 492 4759 herum
506 4720 585 4757 suum
598 4704 669 4758 servi
683 4703 748 4758 boni
767 4702 877 4758 laudem
916 4703 1049 4769 limatum,
1069 4704 1139 4759 mihi
1158 4706 1295 4776 spondeos
1318 4707 1468 4777 praesertim
1482 4705 1511 4760 in
1525 4706 1640 4760 Henrici
1653 4723 1713 4776 sep-

95 4780 244 4846 reportem,
274 4782 411 4852 siquidem
433 4784 463 4837 in
484 4799 616 4837 annorum
636 4782 815 4838 novendecim
834 4782 879 4837 ad·
918 4784 978 4839 timi
991 4785 1073 4839 rebus
1087 4785 1185 4857 gestis;
1200 4785 1230 4839 in
1245 4786 1344 4858 quibus
1358 4786 1514 4841 enarrandis
1528 4786 1660 4841 acuminis
1669 4787 1712 4840 sui

95 4853 277 4915 mammone
289 4864 383 4931 (prout
392 4863 451 4933 ipse
461 4862 588 4931 asseruit)
600 4863 629 4917 iu
639 4863 879 4934 reprehensionem
917 4864 1004 4919 divini
1030 4864 1163 4919 talentum
1190 4882 1318 4921 exercere
1344 4864 1447 4922 licebit.
1498 4865 1632 4920 Dominus
1658 4866 1712 4921 iste

96 4934 160 5022 tegis
169 4950 279 5010 propter
288 4940 549 5012 aliquamoffensam
558 4942 586 4997 in
595 4945 765 5014 majestatem
774 4943 880 5015 regiam
917 4944 1006 4999 indies
1032 4945 1062 4999 in
1089 4945 1178 5014 majus
1201 4945 1352 5009 innotescit,
1377 4954 1405 5001 et
1428 4962 1513 5017 opera
1536 4947 1596 5014 ejus
1623 4947 1712 5017 magis

96 5016 239 5072 rnoediste
253 5020 402 5076 admissam
419 5038 557 5093 nunquam
572 5023 738 5089 incurreram
760 5023 800 5078 ita
814 5039 881 5094 erga
917 5025 1061 5096 magisque
1082 5025 1155 5096 apud
1174 5042 1225 5081 nos
1246 5027 1275 5080 in
1290 5025 1397 5081 deliciis
1412 5026 1564 5091 habentnr;
1583 5032 1664 5096 atque
1682 5027 1711 5091 ii,

97 5105 178 5150 unos
188 5099 311 5169 proprios
321 5100 383 5155 heri
392 5102 708 5170 boniuomenobtinuit;
730 5110 758 5158 et
769 5103 881 5158 servitia
918 5105 1014 5175 quiin
1034 5104 1115 5160 rebus
1136 5105 1264 5160 humanis
1285 5106 1358 5161 ultra
1378 5106 1489 5177 vulgare
1509 5106 1626 5176 sapiunt,
1648 5124 1713 5163 eum

97 5184 179 5228 torum
192 5177 318 5234 diuturna
332 5179 469 5249 preclaris
482 5182 587 5248 officiis,
599 5199 660 5237 cnm
674 5183 703 5237 in
718 5190 879 5253 potestatem
918 5184 988 5239 inter
1001 5184 1113 5256 ingenia
1126 5186 1212 5240 seculi
1226 5185 1308 5257 hujus
1322 5186 1503 5258 capacissima
1516 5194 1544 5240 et
1559 5184 1711 5242 celsissima

98 5263 166 5306 mm
184 5255 358 5323 devenerunt,
374 5261 458 5331 gratis
478 5263 671 5333 compensavit
712 5262 779 5323 Quae
793 5279 837 5317 res
851 5263 880 5317 in
918 5271 1064 5335 reputant:
1094 5266 1188 5319 etsie
1220 5283 1316 5320 revera
1342 5267 1411 5322 est.''
1464 5264 1528 5318 Jam
1553 5266 1626 5320 tama
1651 5269 1713 5336 ejus

99 5344 171 5385 uuas
189 5334 238 5390 init
257 5356 307 5392 cur
329 5347 369 5392 tot
390 5338 508 5396 melioris
530 5350 603 5396 notes
622 5343 777 5412 iuveneas
799 5342 881 5397 claris
918 5344 1095 5399 diuturnitate
1121 5362 1177 5400 nou
1203 5347 1363 5411 deflorescit,
1388 5345 1436 5399 sed
1463 5345 1555 5414 potius
1580 5349 1712 5418 augescit.

100 5407 201 5502 familiis
221 5416 358 5483 oriundos,
373 5419 402 5473 in
420 5436 561 5476 numerum
583 5422 749 5478 asseclarum
771 5438 881 5477 suorum
918 5423 1064 5479 Librorum
1085 5426 1145 5494 ejus
1165 5424 1276 5497 plurimi
1297 5425 1366 5481 alias
1385 5425 1502 5497 linguas,
1516 5432 1573 5482 tam
1593 5426 1715 5484 eruditas
1757 5456 1762 5471 ·

101 5502 208 5562 recipere
221 5498 350 5567 precibus
362 5514 433 5569 pene
446 5499 574 5573 fatigatus
585 5502 630 5559 sit.
658 5501 736 5563 Quod
750 5502 774 5557 si
787 5518 881 5557 corum
919 5520 1002 5574 quam
1015 5504 1167 5572 mammas,
1181 5511 1209 5561 et
1227 5505 1335 5579 pridem
1347 5513 1375 5561 et
1394 5521 1490 5579 nuper,
1504 5507 1605 5565 callere
1625 5508 1714 5566 edocti
