3800 5875
58 319 135 375 Cas.
153 319 211 375 Ill.
584 321 635 378 Da
657 323 883 382 AUGMEN‘I'IS
905 326 1181 409 SClllN‘l’lllllUM.
1633 329 1693 392 373

55 478 138 542 siam,
152 478 386 534 contraed'ectns.
428 480 587 536 Notandum
601 490 642 537 est
654 482 735 547 enim,
746 484 859 539 affectus
897 493 1018 555 exparte
1032 485 1183 556 ignorasse.
1216 486 1289 540 Usus
1300 485 1373 539 euim
1382 501 1484 551 eoram,
1495 503 1549 542 non
1557 489 1646 560 magis
1656 491 1692 545 ad

55 558 135 628 ipsos
148 557 185 611 sd
199 558 303 613 bonum
315 575 450 629 apparens
461 576 569 631 semper
578 560 650 626 ferri,
661 570 743 634 atque
757 562 810 617 hac
824 580 860 618 ex
896 565 1075 633 probandum,
1088 582 1170 635 quam
1184 564 1218 618 ad
1233 565 1403 619 afficiendum
1418 572 1446 619 et
1458 569 1691 633 commovendum,

55 645 138 707 parta
152 636 261 708 aliquid
274 637 376 692 habere
389 655 451 692 cam
465 639 570 694 ratione
584 658 745 696 commune:
766 659 859 696 rerum
897 643 1042 698 subservit.
1085 643 1248 713 Complures
1269 644 1404 715 siquidem
1417 644 1547 716 loquendi
1561 647 1690 712 formulae,

55 716 126 771 illud
139 717 272 781 interestr
294 717 367 788 quod
380 718 494 772 affectus
507 718 647 774 intuentur
660 721 796 791 precipue
810 720 860 775 bo·
899 739 960 793 quae
980 724 1053 777 idern
1074 724 1235 794 significant,
1250 725 1324 777 varie
1343 731 1435 778 tamen
1449 725 1577 781 alliciunt
1617 728 1691 781 Nam

56 812 123 850 nam
146 796 177 849 in
202 797 372 866 proeseatiar
399 798 469 850 ratio
492 799 662 869 prospiciens
686 799 715 853 in
738 800 857 870 longum,
897 800 977 872 longe
992 803 1087 856 fortius
1100 810 1230 873 penetrat,
1246 803 1318 873 quod
1338 803 1522 858 acuminatum
1539 812 1590 872 est,
1610 822 1691 876 quam

58 876 142 930 etiam
157 875 290 939 futurum,
305 876 374 930 etin
388 893 502 931 summa.
547 878 665 948 Ideoque
679 895 741 932 cam
756 896 815 949 quse
829 879 859 933 in
898 881 972 952 quod
984 882 1123 946 obtusume
1138 881 1310 952 licetinipsa
1318 884 1489 952 percussione
1497 883 1569 938 vires
1582 885 1692 955 aequali·

57 954 208 1027 praemia
221 954 406 1019 obversentur,
421 954 554 1026 impleant
566 956 740 1026 phantasiam
754 957 857 1021 fortius,
898 966 940 1015 ter
953 961 1128 1016 intentantur.
1175 962 1267 1015 Nemo
1288 969 1330 1015 cst
1353 969 1434 1025 certa,
1459 963 1506 1033 qui
1526 979 1580 1017 non
1601 965 1690 1035 magis

58 1033 213 1087 succumbit
225 1033 387 1104 plerumque
401 1035 478 1099 ratio,
489 1044 516 1089 et
530 1036 698 1107 subjugatur.
721 1036 775 1091 Sed
789 1046 859 1107 post·
897 1040 1031 1095 alliciatur
1053 1041 1174 1105 audiens,
1190 1040 1298 1095 Inimici
1312 1040 1353 1095 tui
1366 1041 1399 1094 de
1419 1040 1473 1095 hoc
1493 1041 1576 1096 miros
1598 1044 1692 1098 trium-

58 1129 140 1183 qusm
164 1112 325 1183 eloquentia
342 1121 370 1167 et
390 1114 547 1169 suasionum
566 1117 595 1168 ri
616 1115 741 1170 effectum
763 1118 805 1181 sit,
827 1125 859 1171 ut
898 1119 968 1188 phos
983 1127 1080 1190 agent:

56 1192 148 1247 lutura
161 1199 195 1246 et
207 1200 315 1248 remota
328 1193 522 1248 constituantur
536 1202 563 1248 et
582 1195 782 1264 conspiciantur
801 1201 859 1248 tan·

56 1288 140 1342 quam
165 1273 322 1341 praesentia,
347 1280 404 1326 turn
427 1272 543 1338 demum,
568 1273 684 1328 abeunte
710 1275 739 1328 in
766 1281 858 1345 partes

56 1351 172 1405 mimi·
188 1351 431 1443 Pb⁸¹¹¹⁸⁸if¹vufflii⁰
445 1352 475 1405 fit
488 1352 619 1445 ῦῦΡθῖῑῼῐ·
674 1432 680 1445 ι
897 1365 1016 1437 quamsi
1038 1365 1197 1437 simpliciter
1214 1365 1327 1431 dicatur,
1345 1366 1406 1420 Hoc
1424 1366 1505 1421 rebus
1521 1366 1576 1420 tuis
1589 1366 1691 1421 incom-

94 1429 307 1521 c⁰llssh¹d⁸¹¹¹¹²⁸
320 1437 482 1500 ¹8¹I¹¹fs¹¹⁰¹³
501 1432 594 1486 debffl
608 1448 697 1503 fflssssffl
710 1433 858 1488 VifiWffi
896 1446 1025 1501 modabit.
1060 1446 1155 1516 Itaque
1166 1462 1309 1499 mucrones
1323 1445 1375 1509 isti,
1387 1452 1414 1499 et
1423 1445 1512 1500 aculei
1525 1461 1688 1510 sermonum,

55 1508 214 1573 theme&
225 1509 298 1581 quod
308 1509 469 1564 ἆθῑθῐῑθῐθῦὶ
480 1516 584 1580 Imm
592 1511 768 1566 00h01¹0⁸¹⁸re
776 1514 856 1577 &5⁸⁸3
896 1526 1008 1580 minime
1028 1532 1092 1580 sunt
1111 1524 1277 1595 negligendi.
1320 1524 1390 1579 Cum
1403 1541 1468 1579 vero
1488 1524 1558 1578 hanc
1579 1542 1645 1590 rem,
1659 1534 1690 1580 ut

56 1606 139 1659 qnam
151 1588 856 1660 dialecticae,quodsophismataconcinnaredoceat
896 1605 1076 1660 desideratum
1099 1620 1289 1674 proponamus,
1315 1621 1350 1658 ex
1373 1603 1567 1658 consuetudine
1589 1612 1688 1671 nostra,

55 1668 124 1730 Qui!
149 1669 227 1723 essim
250 1669 346 1732 ὓθθῢίῑ,
370 1668 566 1724 ⁰⁰¹¹it⁸fi0ss¹m
587 1669 702 1725 eandem
724 1670 857 1726 fflfiffllem
896 1684 973 1739 illam
994 1684 1129 1754 exemplis
1152 1682 1317 1738 srrlciemusz
1346 1692 1483 1754 praecepta
1504 1684 1578 1738 enirn
1599 1685 1689 1739 minus

55 1764 125 1811 esse,
141 1748 210 1802 lieet
231 1764 285 1802 usu
304 1748 495 1818 opponantur?
526 1748 612 1803 Porro
630 1765 685 1804 non
702 1766 735 1804 eo
753 1758 856 1805 tanmm
897 1782 955 1819 ,em
969 1763 1171 1819 inputaverim.

55 1827 151 1881 differt
165 1825 314 1881 dialectica
326 1843 344 1880 a
353 1826 497 1891 rhetorica,
509 1829 582 1898 qaod
595 1830 637 1897 (ut
650 1828 732 1900 vulgo
746 1828 856 1898 dicitur)

54 1905 145 1961 ‘lim
157 1906 250 1960 imm
267 1907 362 1977 pugnis
376 1906 461 1960 alim
480 1907 567 1962 5⁰⁸⁸&
587 1907 686 1979 Pfllmffl
708 1909 743 1962 ⁸5⁸
757 1907 857 1979 (altera
911 1937 1054 1978 ausurus
1068 1935 1210 1978 couoauu
1224 1936 1293 1976 noru
1308 1935 1344 1975 nr
1358 1936 1433 1975 strar
1448 1935 1510 1976 rau
1526 1935 1675 1978 srsrrnrors

55 1986 164 2040 seilicet
179 2001 283 2056 presse,
297 1985 385 2039 altera
398 1985 458 2040 fuse
472 1989 581 2055 tractet)
595 2004 690 2042 reram
703 1986 788 2042 multo
802 2005 857 2043 ma·

56 2066 109 2136 gis,
132 2065 210 2136 quod
231 2064 375 2118 dialectiea
391 2065 524 2120 rationem
544 2067 573 2120 in
594 2067 651 2120 auis
672 2066 856 2134 naturalibus;
1152 2035 1238 2081 QUAM
1259 2034 1439 2076 ‘mmm‘

55 2144 204 2206 rhetorica,
217 2142 308 2215 qualis
321 2143 350 2198 in
364 2144 536 2213 opinionibus
549 2146 625 2217 vulgi
635 2145 689 2199 sita
702 2154 752 2211 est,
767 2147 856 2202 consi·

55 2224 142 2279 deret
173 2223 329 2278 Prudenter
342 2224 425 2293 igitur
438 2224 599 2279 Aristoteles
611 2225 775 2280 rhetoricam
785 2226 858 2282 inter

55 2302 231 2358 ὥιῑεοιὶοιιιιι
245 2310 273 2357 et
287 2302 405 2356 ethicam
418 2320 479 2357 cam
495 2303 606 2373 politica
614 2303 736 2369 collocat,
749 2322 812 2360 eum
821 2323 857 2360 ex
936 2305 1044 2366 “Quod
1064 2304 1178 2360 laudant
1199 2303 1326 2359 homines
1347 2312 1375 2359 et
1397 2303 1544 2370 celebrant,
1567 2305 1686 2373 bonum

55 2384 182 2454 utrisque
203 2382 362 2452 participet
404 2381 545 2453 Siquidem
566 2383 739 2453 probationes
763 2394 792 2438 et
812 2385 857 2440 de·
896 2385 969 2458 quod
982 2387 1139 2456 vituperant
1151 2391 1178 2439 et
1192 2384 1400 2456 reprehendunt,
1414 2383 1542 2440 malum.''

56 2463 272 2517 monmutiones
294 2459 441 2516 dialectica
463 2462 596 2517 universis
617 2462 774 2518 hominibus
795 2472 858 2520 sunt

55 2558 241 2607 communesp
263 2548 292 2594 at
313 2540 485 2610 probationes
507 2549 536 2596 et
555 2542 696 2598 suasiones
714 2542 856 2599 rhetorica
1204 2527 1381 2568 nummus·

55 2638 107 2692 pro
120 2621 229 2676 ratione
243 2619 397 2675 auditorum
411 2621 510 2675 variari
532 2622 645 2687 debent3
667 2629 697 2676 ut
716 2623 785 2694 quis,
800 2633 857 2677 tan·
935 2625 1019 2681 Fallit
1028 2624 1168 2695 sophisma
1178 2631 1292 2694 quatuor
1300 2623 1407 2687 modis;
1428 2623 1538 2687 scilicet,
1549 2629 1597 2678 aut
1607 2639 1687 2695 prop

56 2717 140 2772 qnam
155 2700 287 2766 musicus,
303 2699 414 2754 auribus
425 2699 540 2757 diaetam
553 2718 583 2757 se
593 2702 806 2768 accommodans,
820 2703 857 2757 sit
895 2712 936 2760 ter
959 2705 1159 2777 ignorantiam,
1185 2711 1232 2757 aut
1252 2711 1364 2773 propter
1383 2702 1483 2757 malam
1507 2703 1587 2756 fidem
1602 2724 1610 2766 ς
1639 2711 1687 2757 aut

60 2781 174 2835 dmm
894 2793 1005 2855 propter
1018 2783 1106 2839 studia
1120 2790 1147 2838 et
1160 2783 1304 2846 factionem
1328 2789 1375 2836 sut
1388 2790 1497 2851 propter
1509 2782 1620 2852 ingenia
1629 2780 1687 2835 lau·

894 2865 1017 2919 datorum
1041 2871 1068 2918 et
1089 2864 1308 2932 vituperatorum.
1349 2860 1464 2931 Propter
1483 2862 1684 2932 ignorantiam

894 2945 960 3015 quid
973 2944 1047 3015 vulgi
1064 2943 1197 3012 judicium
1210 2940 1245 2995 ad
1259 2958 1375 2996 examen
1389 2942 1453 2996 boni
1466 2950 1494 2995 et
1505 2941 1595 2995 malli
1626 2941 1686 2996 Me-

59 3023 128 3085 Qne
140 3025 255 3096 quidem
268 3023 418 3095 applicatio
431 3033 457 3080 et
470 3025 586 3079 variatm
599 3025 729 3080 orationis
744 3026 780 3094 (si
795 3026 855 3097 quis
894 3023 946 3079 lias
967 3024 1096 3088 Phocion,
1119 3023 1173 3094 qai,
1194 3038 1256 3077 cum
1275 3019 1392 3091 populus
1413 3022 1438 3075 ei
1460 3028 1557 3092 praeter
1576 3020 1685 3075 solitum

61 3102 123 3180 ejus
145 3104 348 3174 perfectionem
372 3112 400 3158 et
419 3104 527 3159 culmen
547 3103 695 3171 desideret)
716 3122 750 3159 eo
769 3122 855 3177 usque
894 3104 1077 3174 applauderet,
1092 3101 1224 3175 quaesivit,
1237 3118 1303 3156 num
1317 3100 1385 3155 t‘orte
1399 3099 1580 3170 deliquisset?
1601 3100 1686 3170 Prop-

57 3185 170 3238 extendi
184 3183 283 3249 doben
305 3190 335 3238 ut
352 3183 484 3238 sieadem
505 3184 567 3254 ipsa
584 3183 656 3253 apud
674 3185 794 3239 diversos
807 3185 855 3239 ho
893 3190 935 3237 ter
956 3182 1057 3238 malam
1076 3183 1174 3246 tidem,
1195 3180 1337 3236 laudantes
1358 3181 1431 3234 enim
1451 3188 1478 3234 et
1499 3180 1686 3250 vituperantes

57 3262 145 3317 mines
157 3264 214 3318 sint
227 3262 352 3327 dicenda,
366 3263 438 3333 apud
457 3263 580 3334 singulos
594 3271 684 3317 tamen
698 3263 761 3318 aliis
774 3270 854 3335 atque
893 3280 972 3318 suam
984 3279 1042 3317 rem
1052 3263 1151 3332 sapius
1162 3268 1254 3333 agunt,
1263 3276 1351 3331 neque
1361 3259 1507 3330 loquuntur
1515 3267 1546 3314 ut
1555 3260 1684 3316 matium.

57 3341 120 3396 aliis
133 3343 227 3397 verbis
241 3341 278 3396 sit
293 3342 428 3397 utendum
470 3341 630 3413 Quanquam
645 3341 697 3397 hac
710 3350 787 3413 parte
801 3342 855 3398 elo

57 3422 176 3492 mne
199 3419 328 3493 (politica
350 3421 454 3476 scilicet
475 3428 503 3476 et
521 3422 669 3493 negotiosa,
693 3422 722 3476 in
742 3422 855 3493 privatis

57 3499 244 3568 unionibus)
268 3500 405 3555 maximos
428 3508 548 3556 oratores
572 3500 721 3573 plerunque
745 3501 854 3557 destitui
896 3499 973 3566 Item,
997 3505 1013 3534 “
1026 3499 1133 3555 Malum
1147 3505 1194 3565 est,
1209 3498 1312 3554 malum
1329 3507 1378 3562 est,
1391 3498 1480 3568 inquit
1493 3505 1615 3568 emptore
1636 3503 1684 3556 sed

57 3588 163 3635 certum
188 3580 243 3644 site
272 3580 336 3634 dum
359 3588 484 3635 ornatum
508 3589 535 3635 et
560 3581 690 3636 formulas
717 3580 855 3652 elegantes
893 3597 955 3634 cum
965 3580 1114 3645 recesserit,
1125 3587 1183 3634 tum
1194 3578 1382 3650 gloriabitur.”
1412 3577 1526 3648 Propter
1536 3579 1683 3646 factionem

57 3660 189 3714 monis
202 3667 353 3730 captantes,
364 3659 477 3714 volubili
491 3660 539 3714 illa
548 3659 739 3730 applicatione,
751 3668 777 3714 et
791 3660 854 3714 cha·
893 3660 980 3715 cuivis
1004 3660 1077 3714 enim
1101 3665 1184 3730 patet,
1206 3674 1382 3713 consuescere
1406 3657 1538 3722 homines,
1558 3676 1612 3723 eos,
1637 3660 1683 3731 qui

58 3740 209 3796 mtenbns
218 3755 382 3805 sermonum,
393 3740 493 3812 quibus
501 3755 595 3794 sersus
608 3739 731 3811 siugulos
741 3741 782 3794 uti
792 3757 854 3795 con·
892 3756 1002 3795 suarum
1015 3738 1133 3811 partium
1143 3744 1212 3802 sunt,
1223 3737 1375 3792 immodicis
1385 3738 1479 3792 efferre
1493 3737 1624 3804 laudibus,
1636 3740 1684 3810 qui

59 3817 152 3873 mitius
166 3819 247 3884 soret,
261 3818 398 3874 excidunt.
419 3820 500 3874 Certe
510 3834 564 3872 non
578 3819 628 3873 abs
641 3836 671 3874 re
683 3819 770 3882 inerit,
782 3821 855 3873 circa
893 3827 985 3874 autem
997 3818 1191 3873 contrariarum
1205 3823 1277 3881 snut,
1289 3817 1362 3871 inira
1378 3817 1505 3871 meritum
1522 3817 1683 3889 deprimere.

59 3895 110 3952 boe
124 3899 227 3969 ipsum,
242 3898 276 3952 de
295 3915 350 3969 quo
366 3914 438 3953 nunc
460 3898 583 3962 dicimus,
597 3914 696 3953 novam
714 3899 853 3954 instituere
893 3898 1009 3970 Propter
1017 3898 1148 3968 ingenis,
1170 3896 1217 3950 alii
1227 3897 1301 3951 enim
1314 3896 1485 3950 namrasaeti
1497 3904 1598 3951 suntet
1611 3915 1685 3953 com·

60 3978 273 4049 inquisitionem,
289 3994 403 4049 eamque
423 3979 532 4033 nornine
554 3977 702 4047 prudentie
721 3979 854 4033 sermonis
894 3978 976 4049 positi
990 3978 1025 4031 ad
1035 3976 1218 4032 adulationem
1231 3974 1358 4030 servilem
1366 3997 1374 4040 ς
1395 3974 1443 4030 alii
1455 3983 1550 4031 eontm
1562 3979 1645 4032 mouri
1657 3988 1684 4035 et

60 4057 160 4126 mirati
178 4057 430 4128 ruotpertumque
451 4058 522 4111 inter
539 4057 692 4112 desiderata
706 4073 853 4127 reponere;
894 4058 998 4121 tetricis
1019 4065 1051 4112 ut
1058 4056 1194 4111 laudando
1201 4061 1230 4109 et
1240 4054 1417 4125 vituperando
1428 4056 1485 4110 suis
1494 4055 1614 4126 iugeniis
1623 4065 1683 4113 tan·

60 4152 116 4190 rem
141 4145 224 4201 certe,
249 4153 332 4208 quam
353 4154 407 4208 quo
429 4137 557 4191 attentius
578 4138 639 4208 quis
657 4137 796 4207 recogitet,
821 4153 854 4191 eo
892 4145 951 4192 tum
968 4136 1159 4202 obsecundent,
1173 4151 1270 4207 parum
1283 4135 1316 4189 de
1330 4135 1444 4189 veritate
1458 4134 1565 4192 soliciti.

59 4213 145 4284 pluris
166 4216 257 4271 faciet.
299 4216 398 4271 Utrum
411 4233 476 4271 vero
497 4215 557 4271 hmo
576 4216 646 4269 inter
667 4215 801 4270 rhetorica
818 4232 854 4269 an

62 4294 176 4365 politica
188 4294 344 4364 collocetur,
358 4295 432 4349 haud
446 4297 540 4367 magni
552 4294 643 4349 refert.

98 4373 307 4430 Dcsoendsmus
320 4375 400 4429 modo
410 4375 445 4429 ad
455 4373 706 4429 desideratainhac
715 4380 781 4439 arte,
793 4392 854 4446 qum
933 4380 950 4408 “
964 4374 1041 4437 Quod
1054 4373 1137 4428 etiarn
1155 4372 1191 4427 ab
1209 4372 1328 4428 inimicis
1344 4371 1475 4438 laudatar,
1490 4389 1621 4446 magnum
1634 4375 1683 4431 bo-

63 4454 180 4522 (utente
194 4454 327 4523 diximus)
340 4456 399 4523 ejus
412 4462 475 4510 sunt
488 4454 603 4526 generis,
613 4462 645 4508 ut
657 4469 707 4523 pro
720 4453 852 4523 appendi·
892 4472 976 4520 num3
1002 4454 1073 4526 quod
1096 4468 1162 4508 vero
1185 4452 1268 4507 etiam
1290 4451 1326 4507 ab
1349 4452 1445 4507 amicis
1467 4453 1683 4524 reprehenditur,

61 4533 139 4588 cibus
151 4535 245 4605 potina
258 4534 364 4589 censeri
385 4533 508 4597 debeant,
523 4549 605 4605 qnam
618 4548 669 4604 pro
686 4533 854 4603 portionibus
891 4551 1022 4606 magnum
1035 4532 1163 4588 malum”

60 4613 126 4667 artis
143 4613 243 4684 ipsius,
264 4621 294 4667 et
313 4613 449 4683 pertinent
469 4614 560 4667 omnia
580 4612 614 4666 ad
632 4613 852 4683 promptuarium.
933 4614 1081 4685 sophisma
1091 4611 1267 4667 fundamento
1280 4611 1333 4667 hoc
1345 4612 1395 4666 niti
1406 4611 1521 4679 videtin,
1536 4612 1608 4684 quod
1622 4630 1683 4684 qaas

59 4689 152 4747 Primo
165 4692 251 4764 igitur
264 4710 322 4747 non
340 4692 501 4758 invenimus,
516 4693 563 4764 qui
583 4691 755 4763 prudentiam
768 4691 853 4759 illam,
891 4694 1028 4767 ingratiis,
1042 4700 1070 4748 et
1082 4699 1177 4747 eontra
1190 4692 1273 4746 animi
1283 4692 1369 4745 nostri
1383 4693 1510 4747 affectum
1525 4701 1552 4747 et
1565 4709 1682 4763 propen-

59 4771 142 4826 simul
155 4779 183 4826 et
196 4772 369 4844 maganum
382 4771 544 4837 Aristotelis,
554 4771 624 4826 bene
637 4780 794 4842 persecutas
808 4772 852 4837 sit,
892 4775 997 4829 sionem
1010 4772 1154 4844 loquimar,
1169 4787 1203 4826 ea
1223 4772 1285 4841 ipsa
1297 4772 1354 4827 vim
1367 4772 1489 4827 veritatis
1502 4788 1519 4825 a
1532 4772 1611 4827 nobis
1633 4788 1682 4826 ex·

59 4861 106 4904 ant
120 4851 300 4922 suppleverit.
334 4852 388 4905 Hic
397 4852 525 4906 nimimm
535 4853 618 4922 coepit
631 4849 760 4921 colligere
773 4851 853 4921 signa
892 4863 1025 4926 torquere,
1040 4851 1121 4906 facile
1134 4850 1261 4906 creditur.

59 4930 209 5000 popularia,
224 4932 284 4986 sive
297 4930 402 4986 colores
417 4931 480 4985 boni
494 4947 526 4985 ao
539 4931 605 4986 mali
618 4931 782 5002 apparentis,
797 4939 852 4985 tarn

60 5009 191 5080 simplicis
205 5026 288 5081 quam
301 5010 458 5082 comparati,
474 5011 520 5082 qui
534 5017 597 5065 sant
610 5027 672 5066 rere
683 5009 853 5079 sophismata

59 5088 204 5145 ὼοῑοῐὶοι.
245 5090 317 5146 Sunt
337 5099 429 5145 autem
446 5090 540 5144 eximii
559 5106 632 5154 usus,
652 5089 801 5160 praesertim
818 5089 853 5143 sd
931 5086 1015 5142 Fallit
1025 5086 1165 5157 sophisma
1175 5093 1285 5157 propter
1294 5087 1430 5151 astutiam,
1438 5092 1493 5140 tarn
1503 5083 1682 5149 inImicorum,

59 5169 180 5239 negotia,
195 5177 221 5224 et
242 5170 415 5241 prudentiam
434 5169 565 5223 sermonis
583 5169 690 5240 privati.
732 5166 853 5223 Labores
892 5184 973 5240 quam
994 5167 1150 5221 amicorum.
1192 5166 1300 5221 Inimici
1322 5168 1394 5220 enim
1413 5165 1507 5220 laudes
1521 5163 1682 5234 quandoque

60 5262 124 5303 vero
138 5248 293 5304 Aristotelis
305 5249 379 5303 circs
391 5246 495 5302 colores
514 5249 582 5303 istos
599 5249 628 5302 in
648 5249 735 5303 tribus
748 5247 852 5302 claudi·
891 5247 1084 5308 tribuuatnon
1097 5246 1188 5312 invite,
1200 5262 1278 5301 neca
1291 5246 1319 5299 ri
1334 5245 1454 5300 veritatis
1468 5242 1622 5306 ceretium
1635 5260 1683 5298 eas

60 5336 129 5382 ant.
160 5327 262 5394 Primo,
273 5327 353 5400 quod,
365 5344 428 5382 eum
436 5327 514 5382 multi
525 5327 586 5392 sint,
597 5344 698 5397 paucos
708 5326 853 5382 admodum
892 5334 983 5381 tamen
997 5324 1157 5396 deligentes,
1171 5344 1232 5398 qam
1245 5326 1364 5381 inimicis
1378 5324 1435 5378 suis
1448 5322 1578 5377 invidiam
1591 5329 1620 5377 et
1633 5339 1683 5393 pe·

60 5416 209 5462 menseat.
230 5407 365 5472 Secundo,
376 5407 448 5479 qnod
458 5406 587 5462 elenchos
596 5424 660 5462 suos
667 5423 723 5462 non
733 5407 854 5462 habeant
891 5405 977 5461 ricula
990 5406 1108 5460 conflare
1121 5407 1235 5477 possint
1276 5403 1454 5476 ltaqueapud
1468 5402 1578 5458 Graecos
1591 5418 1684 5473 super-

60 5486 208 5558 djnnctos
249 5486 353 5554 Tertio,
373 5486 445 5559 quod
466 5486 571 5543 ridetm
592 5486 640 5542 ille
659 5504 740 5543 usum
760 5502 853 5542 eoram
892 5486 967 5542 stitio
986 5485 1111 5557 quaedam
1130 5485 1253 5553 invaluit,
1266 5493 1297 5540 ut
1317 5482 1502 5550 crederentai
1522 5484 1583 5554 quis
1597 5482 1633 5538 ab
1645 5481 1684 5537 al·

957 1244 972 1266 ‘⁸
985 1240 1039 1288 IIoe
1051 1239 1147 1288 Ithacus
1156 1239 1219 1297 velit,
1231 1245 1255 1287 at
1263 1254 1351 1303 magno
1361 1246 1495 1289 mercentur
1505 1241 1631 1300 Atridm;'’

1188 2194 1352 2235 SOI’IIISMA
1376 2195 1397 2235 t.

147 2904 163 2925 ‘⁴
173 2899 288 2963 Orpbeus
297 2898 323 2947 in
331 2898 409 2962 sylvis,
421 2899 482 2949 inter
491 2899 614 2962 delphinas
625 2900 725 2951 Arion.”

988 3385 1004 3409 “
1016 3381 1110 3431 Laudat
1120 3381 1215 3430 venales
1225 3381 1266 3444 qui
1277 3380 1328 3429 vult
1336 3380 1459 3429 extrudere
1469 3383 1583 3430 mercss.”

1176 4276 1343 4318 sorursrta
1365 4277 1402 4317 11.

1212 4991 1369 5034 santonus.
