3800 5875
235 295 293 348 430
768 289 900 347 NOVUS
922 292 1034 348 ORBlS
1057 291 1331 348 SCIENTIARUM.

235 457 338 505 stanter
357 458 508 522 occupatas,
529 457 647 506 autnon
669 450 735 505 satis
756 449 887 516 excultas,
908 451 1025 507 invenio.
1061 450 1176 514 venturi,
1189 467 1238 520 per
1250 454 1411 521 argumenta
1423 449 1605 512 conmnticaae
1628 464 1740 519 quorum
1751 464 1782 501 ea
1793 447 1840 502 lere

235 530 295 591 Quo
309 531 337 584 in
352 546 442 600 opere,
453 530 539 585 sicubi
553 546 570 583 a
583 530 717 583 sententia
728 538 848 583 veterum
857 531 1025 595 recesserim,
1061 538 1102 582 est
1115 538 1220 592 natura,
1232 538 1261 582 ut
1274 529 1409 583 erroribus
1418 528 1606 583 auctoritatem
1617 526 1767 590 concilient,
1777 540 1841 581 recte

233 608 405 680 intelligatur
424 609 476 663 hcc
503 609 601 664 iactum
626 624 686 662 csse
707 609 798 662 animo
819 609 976 677 proficiendi
998 611 1026 663 iu
1060 608 1177 661 inventis
1197 608 1336 678 derogent.
1378 607 1518 677 Siquidem
1537 624 1573 660 ex
1591 606 1759 661 dubitatione
1777 624 1841 660 error

233 688 340 752 melius,
349 704 403 742 non
414 688 567 751 innovandi,
579 694 625 741 aut
635 687 768 757 migrandi
779 686 808 741 in
819 686 899 741 aliud.
928 688 1026 759 Neque
1060 686 1192 740 honorem
1201 686 1316 757 acquirit
1323 709 1330 750 t
1345 686 1706 756 veritaapatiturrepulaam.
1740 686 1840 739 interim

234 767 309 820 euim
322 767 509 836 mihimetipsi,
524 774 570 821 aut
583 774 749 836 argumento,
765 766 837 837 quod
854 767 884 819 in
901 767 1026 821 manibus
1060 764 1087 818 in
1102 773 1220 820 mentem
1234 765 1302 819 mihi
1316 765 1389 819 veuit
1399 782 1558 835 responsum
1570 764 1637 819 illud
1650 764 1839 827 Themistoclis,

234 844 332 909 habeo,
359 853 482 900 constare
507 846 590 916 potui,
615 846 667 899 nisi
690 845 770 915 plane
793 845 929 899 decretum
958 845 1025 899 mihi
1061 845 1115 913 qui,
1135 862 1197 898 cum
1216 862 1252 898 ex
1272 844 1372 915 oppido
1390 861 1474 915 parvo
1495 844 1601 913 legatus
1622 843 1733 913 quidam
1751 860 1841 912 magna

233 923 330 979 fuisset
356 924 470 978 aliorum
497 925 622 988 inventis,
651 932 781 994 quantum
807 924 836 977 in
864 941 907 977 me
936 924 1025 988 fuerit,
1059 924 1189 977 nonnulla
1199 931 1358 994 perorasset,
1369 922 1508 977 homiaem
1519 923 1697 993 perstrinxit,
1720 922 1839 985 “Amica

234 1003 287 1056 add
304 1020 341 1068 re,
356 1020 417 1057 curn
432 1013 588 1057 tamennon
604 1003 694 1056 minus
709 1004 866 1072 optaverim,
882 1002 963 1056 etiam
981 1003 1024 1056 in·
1060 1001 1141 1055 verba
1155 1010 1200 1056 tua
1215 1002 1351 1056 civitatem
1365 1001 1543 1056 desiderant.”
1585 1000 1667 1056 Certe
1683 1001 1767 1069 objici
1779 1002 1838 1054 mihi

233 1088 316 1135 venta
335 1098 397 1135 mea
418 1081 453 1135 ab
475 1082 537 1136 aliis
560 1083 588 1135 in
609 1090 745 1151 posterum
766 1082 897 1152 superari.
938 1081 1024 1142 Quam
1059 1080 1206 1136 rectissime
1221 1098 1301 1151 pocae
1315 1081 1449 1143 existimo,
1464 1081 1536 1152 quod
1548 1081 1633 1134 verba
1649 1097 1713 1134 mea
1731 1080 1839 1134 seculum

235 1166 326 1214 autern
340 1161 369 1213 in
383 1160 435 1213 hac
448 1177 477 1214 re
492 1177 586 1230 aequus
599 1161 705 1223 luerim,
720 1161 764 1214 vel
778 1178 814 1214 ex
827 1161 879 1213 hoc
894 1167 1023 1231 apparet,
1059 1158 1228 1214 desiderent:
1249 1159 1369 1215 seculum
1382 1158 1450 1213 forte
1464 1160 1600 1230 integrum
1614 1160 1650 1213 ad
1663 1158 1838 1229 probandum

234 1238 306 1308 quod
319 1238 460 1308 opiniones
474 1256 549 1293 meas
568 1240 755 1310 proposuerim
773 1240 873 1310 ubique
892 1240 978 1294 nudas
999 1247 1025 1293 et
1058 1237 1197 1308 complura
1211 1247 1301 1294 autem
1312 1239 1404 1293 secula
1417 1237 1669 1308 adperticiendum.
1713 1238 1838 1299 Abarara,

233 1316 359 1381 inermes,
381 1334 469 1388 neque
488 1318 584 1372 aliena
605 1317 734 1381 libertati,
757 1334 806 1388 per
826 1317 1024 1373 confutationes
1059 1317 1185 1386 quoniam
1214 1318 1296 1372 etiam
1324 1333 1367 1372 res
1393 1334 1507 1388 quiaque
1535 1319 1656 1372 maxime
1683 1317 1769 1371 initiis
1793 1319 1838 1372 aaa

232 1411 377 1465 pugnaces,
402 1394 580 1471 praejudicare
604 1397 796 1451 contenderim.
836 1396 911 1450 Nam
933 1397 1023 1461 iniis,
1058 1396 1195 1460 debentur,
1209 1396 1279 1452 mihi
1293 1396 1360 1451 satis
1380 1396 1468 1459 suerit,
1484 1397 1586 1451 σενίσσε
1606 1398 1725 1466 posteris
1745 1406 1772 1450 et
1789 1397 1839 1451 Dec

233 1491 295 1543 qua
309 1484 380 1529 recte
394 1492 411 1528 a
425 1494 469 1531 me
483 1477 574 1546 posita
588 1484 658 1540 sunt,
673 1477 765 1530 subest
778 1492 841 1545 spes
854 1476 883 1530 id
897 1476 1023 1541 futurum,
1057 1475 1218 1529 immortalis
1239 1477 1315 1545 cujus
1325 1474 1436 1529 Numen
1446 1477 1563 1546 supplex
1576 1493 1683 1546 precor,
1693 1493 1744 1546 per
1750 1475 1838 1530 Filium

232 1561 263 1606 ut
275 1554 298 1607 si
311 1554 340 1608 in
359 1554 446 1624 prima
467 1554 583 1609 lectione
604 1564 726 1626 emergat
746 1554 888 1624 scrupulus
910 1564 958 1608 aut
979 1555 1024 1608 ob
1058 1571 1136 1608 suum
1149 1563 1176 1608 et
1189 1554 1358 1609 Servatcram
1376 1563 1506 1619 nostrum,
1519 1564 1550 1609 ut
1567 1556 1627 1618 has,
1641 1563 1670 1608 et
1683 1555 1760 1610 hisce
1778 1556 1838 1609 rimi

231 1632 325 1700 jectic,
339 1640 367 1686 at
379 1632 408 1685 in
421 1633 537 1689 lectione
554 1633 651 1688 iterata
670 1650 830 1705 responsum
848 1651 877 1685 se
897 1633 969 1688 ultro
988 1634 1024 1687 sit
1058 1632 1106 1697 les,
1121 1632 1275 1688 intellectus
1288 1634 1400 1688 humani
1418 1633 1549 1698 victimas,
1565 1634 1708 1703 religione,
1723 1641 1837 1705 tanquan

233 1711 435 1766 exhibiturum:
469 1712 498 1766 in
521 1713 556 1767 iis
576 1728 648 1776 vero,
668 1712 698 1767 in
722 1713 819 1783 quibua
841 1712 909 1766 mihi
934 1730 1023 1767 errare
1058 1712 1122 1776 sale,
1141 1729 1286 1783 respersas,
1301 1720 1329 1767 et
1346 1711 1440 1785 gloria
1457 1730 1515 1768 suas
1533 1714 1697 1779 immolatas,
1717 1714 1837 1784 propitias
1871 1776 1872 1779 Ἰ

232 1791 353 1861 contigit,
374 1798 463 1845 certas
481 1808 541 1846 sum
562 1790 665 1847 nubam
683 1808 700 1845 a
719 1808 762 1846 me
776 1790 880 1845 illatam
894 1808 954 1846 esse
968 1793 1022 1846 vim
1057 1791 1181 1862 accipere
1196 1792 1328 1863 dignetur.

488 2239 638 2305 NOVUS
661 2236 796 2305 ORBlS
818 2238 1143 2317 SCIEN'l'lARUM‚
1167 2238 1270 2304 SIVE
1294 2240 1593 2305 DESIDERATA.

578 2492 631 2532 UB-
653 2493 683 2531 tt.
1398 2490 1453 2529 alu.
1477 2489 1504 2528 V.

232 2597 373 2654 Eunones
385 2606 495 2665 naturae,
507 2601 564 2656 σίνε
575 2601 689 2658 historia
702 2604 1021 2674 prater-generationum.
1058 2580 1234 2650 E¹P⁹fi⁰¹¹fi⁸
1247 2580 1363 2648 nimi&
1378 2583 1435 2638 ⁸5V⁹
1446 2582 1555 2637 ΝΜΟ
1568 2581 1662 2637 Pani&

232 2678 348 2733 Vincula
362 2687 472 2745 natura,
486 2680 543 2735 sive
556 2680 672 2736 historia
685 2683 851 2737 mechanica.
1058 2659 1196 2752 0¹8¹J¹¹¹¹¹¹¹
1210 2677 1319 2752 ΗΘΜ·

234 2757 359 2812 Historia
371 2759 517 2826 inductiva,
531 2761 587 2815 sive
601 2759 717 2817 historia
732 2761 863 2817 naturalis
883 2762 912 2818 in
929 2762 1022 2817 ordine
1058 2738 1172 2832 ΤΟΡῙΨ
1182 2740 1365 2831 Pflfflifllssfei·

273 2837 308 2890 ad
318 2838 485 2894 condendam
498 2838 712 2910 philosophiam.
1057 2817 1174 2873 Elencht
1189 2819 1330 2875 ¹⁶⁰10rum·

232 2914 335 2972 Oculus
348 2916 519 2990 Polyphemi,
534 2919 590 2975 σίνε
605 2920 720 2976 historia
733 2919 880 2976 literarum.
1058 2896 1101 2953 De
1115 2898 1242 2970 ⁸⁰⁸¹⁰ssi⁸
1255 2899 1522 2957 d²m⁰¹¹⁸mfi⁰¹¹m

234 2995 358 3051 Historia
373 2998 407 3051 ad
421 2998 588 3069 prophetias.

232 3074 415 3146 Philosophia
428 3077 574 3133 secundum
589 3078 732 3148 parabolas
745 3080 877 3151 antiquas.

1395 3041 1451 3081 ala.
1474 3042 1515 3080 vt.

1057 3129 1099 3183 De
1111 3130 1185 3184 notis
1198 3149 1296 3186 rerum.

567 3231 621 3270 ιη,
643 3231 684 3272 111.
1058 3209 1238 3265 Grammatico
1251 3209 1456 3281 philosophans.

1058 3289 1180 3343 Traditio
1194 3289 1334 3360 lampadis,
1348 3291 1406 3344 sive
1420 3291 1564 3346 methodus
1575 3293 1611 3346 ad
1625 3292 1706 3348 filios.

1057 3367 1099 3421 De
1112 3370 1256 3438 prudentia
1269 3368 1401 3424 sermonis
1414 3371 1522 3440 privati.

1057 3446 1169 3503 Colores
1181 3449 1245 3503 boni
1259 3458 1286 3504 et
1295 3448 1360 3503 mali
1373 3451 1537 3520 apparentis,
1545 3459 1601 3506 tam
1612 3450 1753 3523 simplicis,
1766 3463 1833 3522 qaam

1096 3528 1252 3598 comparati.

1058 3604 1197 3661 Antitheta
1210 3624 1309 3662 rerum.

1058 3684 1191 3741 Formulre
1204 3687 1322 3741 minores
1335 3685 1494 3743 orationum.

231 3332 413 3406 Philosophia
426 3337 522 3408 prima,
537 3339 594 3393 aive
608 3339 642 3393 de
657 3341 837 3396 axiomatibus
848 3340 1022 3396 scientiarum

270 3416 467 3471 communibus.

232 3490 403 3549 astronomia
416 3497 485 3551 viva.

232 3570 386 3644 astrologia
400 3590 474 3629 sana.

231 3648 408 3707 Continuatio
422 3653 619 3723 problematum
633 3656 805 3711 naturalium.

231 3728 337 3784 Placita
350 3732 522 3802 antiquorum
536 3732 768 3804 philosophorum.

231 3806 300 3863 Pars
312 3810 507 3880 metaphysica
521 3813 555 3866 de
569 3814 662 3868 formis
676 3831 773 3869 rerum.
1394 3826 1451 3866 ΗΒ·
1472 3827 1521 3866 vu.

231 3885 329 3957 Magia
341 3890 479 3954 naturalis,
495 3891 551 3946 sive
566 3892 693 3948 deductio
706 3895 851 3951 formarum
862 3896 896 3950 ad
910 3912 1001 3967 opera.

233 3965 417 4022 Inventarium
431 3986 513 4039 opum
527 3969 715 4028 humanarum.

231 4043 382 4116 Catalogus
396 4047 639 4119 polychrestorum.

1058 3921 1149 3975 Satira
1162 3922 1240 3986 seria,
1255 3921 1311 3975 σίνε
1325 3921 1359 3975 de
1372 3920 1545 3976 interioribus
1557 3937 1658 3975 rerum.

1058 4000 1192 4073 Georgica
1206 4001 1300 4066 animi,
1315 4001 1371 4055 aive
1386 4000 1420 4054 de
1433 4000 1537 4055 cultura
1550 4016 1669 4055 morum.

1384 4140 1439 4181 tta.
1464 4142 1525 4180 vm.

568 4205 623 4245 ¹⁴¹⁸·
645 4205 684 4245 Ν·
1059 4234 1239 4291 Amanuemis
1253 4235 1324 4299 vita.
1339 4235 1396 4290 tite
1411 4235 1444 4289 de
1459 4234 1647 4289 ⁰⁰0³⁸5⁰¹¹5b¹¹⁸
1664 4234 1771 4305 ΨΜ*

231 4311 375 4382 Triumphi
402 4312 529 4381 hominis,
558 4318 615 4371 sive
639 4317 673 4371 de
696 4318 893 4373 summitatibus
920 4326 1022 4374 natura
1058 4314 1146 4369 Faber
1160 4316 1280 4380 forlllnfflr
1294 4316 1351 4369 Sive
1364 4314 1397 4369 (¹0
1411 4314 1514 4368 ambitu
1527 4315 1600 4368 ΨΜ·

272 4390 406 4447 humana.
1057 4393 1158 4449 Consul
1173 4393 1322 4464 paludatus,
1333 4393 1388 4448 σίνε
1397 4394 1430 4448 de
1442 4393 1610 4464 proterendis
1621 4392 1730 4463 imperii
1741 4390 1831 4445 tinibus

231 4469 448 4540 Physiognomia
462 4473 581 4542 corporis
595 4474 623 4526 in
637 4481 717 4528 motu.
1059 4473 1123 4527 Idea
1134 4473 1248 4543 justitia
1260 4472 1430 4538 universalis,
1445 4474 1501 4527 σίνε
1515 4473 1550 4527 (ίε
1564 4472 1685 4527 tontibus
1696 4472 1771 4541 juria.

232 4549 410 4603 Narrationes
424 4551 609 4607 medicinales.

233 4627 376 4681 Anatomia
391 4639 552 4699 comparata.
1389 4614 1445 4654 ω·
1472 4614 1511 4653 ¹¹·

232 4706 274 4760 De
287 4708 424 4761 curatione
435 4709 586 4764 morborum
595 4710 749 4765 habitorum
760 4727 810 4781 pro
818 4711 1019 4769 insanabilibus.
1057 4706 1190 4777 SOPhfflnv
1205 4708 1262 4762 Sive
1276 4708 1309 4762 de
1328 4707 1451 4778 lessififlw
1470 4725 1521 4762 11⁸⁰
1540 4707 1654 4761 Γᾶῑῑθῠῑθ
1671 4705 1792 4762 hurum
1807 4704 1830 4756 il

231 4785 274 4840 De
289 4786 449 4841 euthanasia
462 4789 605 4843 exteriore.
1095 4787 1201 4841 divinis.

231 4863 274 4918 De
289 4865 429 4920 medicinis
443 4865 615 4921 authenticis.
1058 4866 1186 4929 lrenaeus,
1201 4866 1257 4920 sive
1270 4866 1303 4920 de
1318 4865 1447 4935 gradibus
1460 4865 1572 4919 unitatis
1586 4865 1616 4918 in
1630 4864 1737 4919 civitate
1750 4862 1805 4917 Dei.

233 4943 355 4998 imitatio
370 4945 536 5000 thermarum
549 4947 721 5001 naturalium,
1060 4945 1138 5000 Utres
1152 4944 1286 5010 coelestes,
1300 4945 1357 5000 σίνε
1372 4943 1556 4999 emanationes
1570 4943 1772 5014 scripturarum

232 5022 323 5077 Filum
338 5023 506 5078 medicinale.

231 5100 274 5155 De
289 5104 474 5173 prolongando
488 5102 622 5157 curriculo
636 5105 705 5157 vitro.
1096 5102 1223 5174 Sequitur
1231 5101 1347 5158 secunda
1355 5118 1418 5172 pars
1429 5101 1680 5165 lnsrsuaarrcms,
1691 5118 1749 5172 qua
1755 5105 1827 5153 uhu

231 5180 274 5233 De
289 5182 438 5235 substantia
453 5183 551 5234 animae
562 5182 706 5235 sensibilis.
1056 5182 1144 5251 ipsam
1165 5181 1361 5252 interpretandi
1382 5190 1515 5246 naturam,
1537 5189 1564 5235 et
1586 5181 1700 5235 verioris
1717 5179 1828 5248 adopera-

231 5258 274 5312 De
288 5259 397 5313 nixibus
411 5261 521 5329 spiritus
535 5260 563 5312 in
577 5269 651 5315 motu
665 5261 823 5315 voluntario.
1056 5262 1136 5314 tinnis
1150 5261 1302 5316 intellectus
1315 5260 1444 5315 exbibet:
1465 5277 1553 5330 neque
1567 5277 1628 5313 eam
1648 5261 1733 5329 ipsam
1750 5267 1827 5310 tamen

232 5336 274 5390 Ile
288 5337 440 5391 differentia
453 5339 636 5408 perceptionis
653 5348 679 5393 et
692 5356 794 5393 sensns.
1055 5342 1082 5393 in
1097 5357 1208 5410 corpore
1227 5347 1356 5395 tractatus
1367 5339 1450 5407 justir
1472 5339 1519 5394 aed
1532 5346 1638 5394 tantum
1651 5338 1775 5409 digestam
1787 5348 1827 5406 ptr

233 5415 323 5468 Radix
338 5418 520 5486 perspectiva,
535 5418 591 5472 sive
606 5418 639 5473 de
654 5420 740 5474 torma
754 5418 830 5473 lucis.
1055 5436 1180 5485 summas,
1195 5419 1223 5473 in
1237 5418 1415 5491 aphorismos.
