3800 5875
613 289 796 346 HISTORIA
817 289 915 344 VlTAE
937 289 985 343 ET
1006 288 1159 344 Montis.
1643 289 1701 353 577

60 447 172 518 egregii
184 445 307 518 longaevi
321 447 445 513 fuerunt:
467 448 610 512 Corvinus,
623 448 763 513 Camillus,
779 449 870 503 Xeno·
906 453 1000 502 corun
1026 448 1103 502 citri:
1137 446 1264 501 melissa:
1301 462 1446 516 ocymum:
1473 448 1700 519 caryophyllats:

59 527 148 596 phou,
164 524 324 598 Agesilaus,
338 534 367 582 et
384 527 434 581 alii
447 536 503 584 tam
526 528 617 599 prisci,
632 545 715 599 quam
729 527 868 582 moderni:
906 527 987 582 flores
998 527 1195 581 aurantiorum:
1218 528 1405 581 rosmarinus:
1419 528 1547 583 mentha:
1562 529 1699 584 betonica:

59 606 176 675 prodest
190 615 265 661 certe
284 606 461 678 longaevitati,
474 608 498 662 si
513 624 531 661 a
547 608 686 676 juventute
707 608 742 661 ad
760 615 867 660 etatem
906 606 1022 660 earduus
1036 606 1202 660 benedictus.

59 693 225 753 provectam
241 687 335 741 omnia
346 694 470 740 crescam
482 688 512 740 in
525 686 680 756 benignius,
694 693 726 740 ut
740 687 868 753 juventus
945 683 1075 756 Frigida.
1096 685 1228 739 Nitrum:
1248 700 1328 738 ross:
1348 684 1437 738 viola:
1454 685 1588 756 fragoris:
1603 687 1699 757 fraga:

59 763 204 818 laboriosa
220 764 393 819 dulcedinem
413 765 550 835 quandam
570 766 701 819 senectuti
719 764 866 835 largiatur:
906 778 1002 818 susem
1014 763 1145 818 limonum
1157 763 1291 818 dulcium:
1312 780 1408 818 succus
1421 765 1605 819 aurantiorum
1617 766 1701 821 dulci-

59 843 258 899 existimamus
270 845 354 898 etiam
367 843 480 898 affectus
492 843 633 908 militares,
644 842 867 898 adcontentionis
905 858 967 896 um:
999 859 1095 899 succus
1114 859 1256 912 pomorum
1276 842 1469 913 fragrantium:
1496 843 1618 915 borago:
1649 846 1700 899 bu·

60 922 186 977 studium
207 931 237 978 et
256 940 335 993 spem
353 924 472 978 victorias
490 931 602 987 erectos,
623 922 707 976 talem
725 922 866 977 infundere
904 920 1015 992 glossa:
1036 921 1211 993 pimpinella:
1232 921 1384 977 santalum:
1405 921 1560 991 camphora

59 1003 184 1057 ”Imm
199 1003 351 1075 'piritibm'
366 1002 413 1074 qni
425 1002 592 1073 bugae'imfi
605 1001 699 1073 pm
984 1040 1055 1096 Cum
1068 1041 1101 1095 de
1113 1040 1147 1094 iis
1161 1041 1219 1109 jam
1233 1056 1322 1094 sermo
1335 1040 1379 1105 sit,
1394 1058 1454 1111 quae
1473 1041 1501 1096 in

234 1145 381 1184 mmm
402 1145 440 1184 ,n
460 1144 703 1184 mmmm,
944 1119 1052 1174 dietam
1067 1120 1205 1175 transferri
1222 1121 1335 1189 possint,
1350 1136 1428 1190 aqum
1447 1119 1502 1173 illm

307 1237 454 1303 Medicina,
470 1255 532 1309 que
545 1238 798 1303 habemsinmemr
809 1240 865 1295 sm
943 1199 1117 1265 ardentiores,
1131 1208 1213 1269 atque
1227 1198 1429 1262 olenchemica,
1445 1200 1527 1269 (quse,
1541 1205 1571 1252 ut
1589 1198 1628 1252 ait
1641 1200 1698 1270 qui-

84 1299 227 1358 scerem
265 1323 369 1372 mamm
382 1318 614 1373 conservationem
630 1318 763 1382 mitam,
777 1326 865 1374 em·
943 1279 1007 1333 dam
1020 1295 1056 1333 ex
1068 1277 1253 1350 nugatoribus,
1268 1287 1330 1332 stunt
1350 1277 1400 1332 sub
1420 1277 1530 1347 planeta
1549 1276 1655 1367 Martis,
1670 1287 1698 1330 et

84 1350 215 1392 cmm
267 1396 398 1451 rationem
412 1397 585 1454 morborum:
606 1396 685 1451 defin
694 1404 865 1468 mem'qw
944 1356 1114 1412 habentvim
1128 1358 1257 1412 furiosam
1278 1365 1307 1411 et
1323 1357 1535 1422 destmctivam,)
1550 1359 1697 1427 quinetiam

58 1473 176 1542 proprie
190 1481 316 1543 spectant
330 1476 364 1530 ad
380 1476 591 1548 longevitatem,
605 1491 690 1546 parva
709 1483 751 1531 est
763 1478 865 1533 mentio

58 1561 88 1604 et
102 1559 240 1624 tanquam
253 1554 349 1609 obiter.
390 1555 576 1625 Proponamus
597 1564 689 1610 nmen
702 1572 736 1610 ea
748 1556 865 1611 medies-

58 1639 167 1695 menta,
182 1649 246 1703 quas
259 1634 288 1687 in
301 1634 354 1688 hoc
372 1650 473 1704 genere
490 1642 625 1699 notantur,
644 1635 776 1690 cordialia
794 1635 864 1690 scili·

58 1719 106 1763 eet
127 1728 192 1781 quae
213 1720 350 1768 vocantur.
391 1713 501 1768 Etenim
523 1732 592 1785 quse,
612 1721 721 1784 sumpta
740 1714 769 1768 in
788 1732 864 1770 curn

58 1789 196 1854 tionibus,
211 1807 259 1845 cor
272 1800 299 1845 et
308 1791 393 1864 (quod
404 1793 494 1847 verius
508 1792 562 1862 est)
574 1794 685 1862 spiritus
700 1795 823 1849 muniunt
836 1803 864 1848 et

58 1868 198 1923 roborant
221 1877 316 1924 contm
336 1888 439 1926 venena
459 1879 487 1926 et
510 1872 627 1937 morbos,
648 1872 779 1927 manslata
801 1889 864 1928 cum

56 1947 170 2015 judicio
183 1954 213 2003 et
227 1949 332 2005 delectu
346 1952 375 2005 in
389 1951 505 2015 dietam
519 1952 602 2006 etiam
619 1952 654 2006 ad
666 1952 751 2006 vitam
763 1951 863 2021 produ·
941 1951 969 2005 6.
991 1952 1157 2007 Hesitamus
1179 1951 1212 2006 de
1236 1951 1373 2023 frequenti
1393 1950 1533 2021 sanguinis
1556 1950 1693 2014 missione,

60 2026 183 2082 cendam
193 2026 287 2100 aliqua
296 2047 332 2084 ex
340 2037 417 2100 parte
425 2031 863 2102 prodesseposeeeonsentaneum
901 2037 992 2085 utrum
1012 2032 1047 2086 ad
1065 2030 1265 2102 longevitatem
1285 2031 1423 2093 conferat:
1450 2037 1480 2083 et
1499 2030 1591 2100 potius
1610 2030 1640 2083 in
1660 2047 1695 2082 ea

60 2113 117 2160 est.
160 2106 195 2160 Id
209 2106 339 2164 iaciemus
352 2126 406 2163 non
419 2110 571 2179 promiscue
585 2125 619 2164 ea
628 2110 804 2175 cumulantes,
819 2112 864 2184 (ut
901 2126 995 2165 summ
1008 2109 1143 2180 opinione,
1158 2110 1229 2182 quod
1242 2109 1295 2165 hoc
1309 2108 1694 2173 saciat,siinlrnbitumversa

60 2186 149 2240 moris
163 2187 230 2254 est)
244 2188 292 2241 sed
301 2197 479 2259 excerpentes
493 2189 605 2259 optima.
620 2237 622 2242 .
901 2188 990 2252 inerit,
1004 2197 1032 2244 et
1044 2198 1144 2244 eaetera
1156 2192 1212 2245 sint
1226 2189 1443 2252 accommodata:
1467 2188 1567 2242 etenim
1584 2204 1694 2242 succum

107 2265 134 2319 Ι.
158 2264 264 2320 Aurum
276 2267 377 2338 triplici
392 2268 480 2323 forma
496 2267 640 2323 exhibetur
651 2291 658 2332 3
679 2276 727 2323 ant
746 2269 775 2322 in
796 2285 863 2324 suro
900 2269 1021 2338 eorporis
1034 2277 1152 2325 veterem
1166 2268 1273 2333 emittit,
1287 2277 1316 2322 et
1328 2284 1429 2323 norum
1442 2267 1553 2322 inducit.

62 2343 152 2414 (quod
171 2345 324 2415 appellant)
345 2347 476 2418 potabili;
498 2354 546 2401 aut
563 2348 593 2401 in
606 2348 670 2402 vino
689 2347 862 2403 extinctionis
941 2346 970 2408 7.
992 2348 1162 2403 Arbitramur
1169 2349 1253 2402 etiam
1262 2348 1370 2402 morbos
1380 2346 1509 2419 quosdam
1520 2346 1693 2408 emacientes,

61 2424 141 2486 auri:
164 2433 213 2478 aut
226 2425 256 2478 in
269 2441 334 2480 auro
346 2426 376 2479 in
387 2426 557 2490 substantia:
576 2426 668 2497 qualia
682 2434 752 2492 sunt,
766 2435 862 2492 aurum
900 2426 970 2482 bene
996 2436 1112 2492 curatos,
1137 2428 1172 2482 ad
1195 2426 1395 2497 longevitatem
1420 2426 1564 2496 prodesse:
1600 2442 1694 2480 succos

60 2501 191 2557 folianum
204 2511 233 2557 et
244 2503 372 2559 limatura
385 2506 454 2560 auri.
495 2505 573 2567 Quod
586 2506 622 2560 sd
634 2522 729 2561 aurum
743 2505 862 2575 potabile
900 2508 974 2562 enim
994 2523 1078 2560 novos
1099 2507 1221 2577 prebent
1239 2506 1375 2561 veteribus
1400 2506 1581 2575 consumptis:
1612 2512 1693 2575 atque

61 2582 171 2646 attinet,
186 2583 342 2653 ooepitdari
356 2584 385 2638 in
399 2584 501 2640 morbis
520 2584 671 2655 desperatis
684 2593 732 2640 aut
743 2586 862 2656 gravior·
902 2587 945 2653 (ut
965 2586 1004 2640 ait
1024 2585 1086 2654 ille)
1106 2584 1294 2640 consuescere
1314 2593 1356 2639 est
1373 2584 1566 2653 juvenescere:
1600 2584 1693 2654 itaque

61 2661 127 2716 mus
141 2678 194 2731 pro
212 2662 325 2733 egregio
344 2663 463 2728 cordiali,
478 2671 560 2735 atque
578 2680 704 2719 successu
722 2680 777 2719 non
795 2682 861 2719 con·
900 2664 1045 2719 inducendi
1064 2673 1127 2719 sunt
1144 2673 1274 2736 tanquam
1293 2663 1381 2718 morbi
1399 2663 1511 2735 quidem
1529 2663 1692 2724 aruliciales,

62 2740 221 2795 temnendo.
262 2742 364 2797 Verum
382 2743 569 2798 existimamus
587 2744 699 2814 spiritus
718 2742 792 2808 salis,
813 2759 862 2813 per
900 2744 928 2798 id
942 2743 1014 2815 quod
1027 2744 1057 2798 fit
1069 2758 1119 2813 per
1131 2744 1226 2798 diaetau
1239 2743 1347 2798 strictas
1361 2752 1390 2797 et
1403 2742 1575 2805 emaciantet,
1588 2741 1621 2796 de
1636 2743 1694 2812 qui·

63 2835 135 2889 qnos
158 2819 193 2873 tit
213 2820 362 2886 dissolutio,
381 2822 507 2876 virtutem
531 2822 615 2888 illam,
637 2840 698 2892 que
719 2823 861 2893 reperitur,
900 2822 951 2878 bus
964 2823 1201 2893 posteadicemus.

63 2897 161 2970 largiri
175 2901 267 2969 potius
285 2917 366 2972 quam
380 2900 470 2972 ipmm
484 2918 595 2967 aurum:
616 2901 688 2974 qnod
707 2908 799 2959 tamen
820 2920 862 2959 se·

62 2978 131 3033 dulc
143 2980 263 3035 eelsmr:
285 2981 355 3052 quod
377 2981 402 3036 si
423 2981 523 3052 aperiri
542 2982 628 3051 possit
645 2998 740 3037 aurum
758 2983 860 3054 absque

62 3059 147 3128 aquis
174 3060 326 3124 corrosivis,
350 3067 397 3114 aut
422 3077 470 3130 per
492 3062 642 3116 corrosivas
669 3061 763 3129 (modo
789 3062 861 3117 absit
938 3059 1088 3131 Postquam
1099 3068 1188 3115 autem
1197 3058 1402 3130 inquisitionem
1410 3058 1497 3112 absol·

63 3137 187 3208 qualitas
200 3140 344 3205 venenata)
360 3139 428 3195 bene
448 3147 542 3211 postea
555 3139 668 3206 ablutas,
682 3157 741 3196 rem
754 3157 809 3196 non
821 3142 861 3196 in·
900 3141 1021 3195 serimus
1042 3140 1188 3195 secuudum
1208 3139 1337 3206 subjecta,
1359 3137 1494 3203 videlicet,
1520 3144 1556 3187 aa
1570 3145 1618 3187 art.
1639 3148 1667 3193 u.

63 3218 161 3271 utilem
178 3218 235 3272 iore
249 3218 420 3274 arbitramur.
899 3235 1042 3289 corporum
1060 3220 1278 3283 inanimatorum,
1296 3217 1496 3290 vegetabilium,
1522 3196 1642 3285 ffiffi„

104 3300 133 3350 2.
156 3297 317 3368 Margaritae
339 3307 480 3354 sumuntur
499 3306 547 3353 aut
561 3300 589 3353 in
605 3300 715 3370 pulvere
727 3299 860 3371 laevigato,
900 3299 1065 3364 animalium,
1091 3298 1226 3363 hominis:
1252 3298 1363 3368 propius
1387 3297 1495 3352 accede·

61 3384 111 3430 ant
125 3377 155 3430 iu
170 3376 334 3448 malagmate
349 3378 466 3449 quodam
479 3379 536 3433 sive
550 3379 727 3435 dissolutione
740 3396 791 3450 per
803 3396 862 3434 suc-
899 3395 968 3442 mus,
983 3385 1013 3433 et
1029 3379 1233 3450 inquisitionem
1250 3394 1300 3448 per
1313 3377 1478 3432 intentiones
1490 3378 1691 3441 ordinabimus:

61 3472 127 3508 eum
152 3454 289 3509 limorum
310 3457 435 3527 impense
459 3458 617 3513 acerborum
640 3466 670 3514 et
693 3459 860 3525 recentium:
899 3474 979 3512 veras
998 3466 1026 3513 et
1045 3458 1170 3529 proprias
1190 3460 1234 3528 (ut
1255 3457 1366 3512 omnino
1382 3458 1556 3525 arbitramur)
1578 3474 1692 3529 quasque

60 3543 148 3604 atque
163 3535 263 3590 dautur
276 3535 422 3607 aliqnando
432 3538 462 3591 iu
474 3537 687 3593 confectionibus
697 3539 859 3604 aromaticis,
900 3537 955 3591 sint
968 3544 1098 3608 tanquam
1111 3538 1216 3593 semitae
1229 3537 1292 3591 vitae
1306 3535 1438 3591 mortalis.
1469 3538 1566 3607 Neque
1580 3537 1692 3590 enimin

61 3614 216 3684 aliqnando
228 3616 258 3668 in
270 3614 383 3687 liquore.
425 3615 578 3687 Margarita
588 3617 764 3687 proculdubio
775 3618 861 3673 affini·
900 3615 952 3670 hac
972 3625 1048 3688 parte
1064 3617 1217 3688 quicquam,
1233 3615 1305 3686 quod
1317 3615 1415 3680 valeat,
1430 3614 1561 3671 hactenus
1581 3615 1693 3686 inquisi-

60 3702 150 3749 tstem
173 3693 258 3748 habet
280 3712 341 3749 cnm
358 3694 470 3760 concha,
494 3697 538 3750 cni
559 3697 698 3764 adhaeret,
724 3704 753 3751 et
775 3698 862 3767 possit
899 3701 957 3750 tuin
978 3702 1036 3760 est:
1057 3696 1105 3751 sed
1128 3695 1209 3766 plane
1232 3695 1340 3750 fuerunt
1362 3695 1503 3750 hominum
1526 3694 1693 3763 contempla·

61 3788 125 3827 esse
149 3773 250 3827 similis
277 3774 333 3828 iere
356 3774 494 3845 qualitatis
516 3792 579 3831 cum
601 3776 678 3833 testis
703 3792 861 3832 cancrorum
900 3775 989 3830 tiones
1013 3776 1091 3847 quasi
1114 3775 1253 3845 simplices
1275 3781 1304 3829 et
1323 3791 1377 3829 non
1397 3775 1577 3844 proficientes.
1616 3775 1692 3828 Nam

61 3852 247 3908 fluviatilium.
899 3871 961 3909 cunt
975 3855 1116 3910 audiamus
1129 3871 1165 3910 ex
1177 3872 1233 3910 una
1245 3861 1322 3924 parts
1335 3853 1460 3908 homines
1470 3854 1504 3907 de
1518 3852 1692 3908 confortando

103 3931 132 3984 3.
156 3933 231 3986 Inter
245 3948 368 4002 gemmas
377 3932 547 4003 crystallinas
560 3933 696 3990 habentur
708 3951 759 4005 pro
771 3934 860 3991 cordi·
899 3933 989 3988 calore
1000 3934 1124 3999 naturali,
1133 3942 1214 4006 atque
1225 3933 1339 3989 humore
1350 3931 1474 3999 rediculi,
1484 3940 1566 4004 atque
1574 3934 1607 3987 de
1614 3932 1691 3996 cibis,

62 4009 155 4065 alibus
180 4011 315 4082 precipue
339 4012 414 4075 dure:
445 4013 604 4084 smaragdus
625 4021 653 4068 et
677 4013 859 4084 hyacinthus,
899 4013 946 4083 qui
961 4020 1093 4084 generant
1105 4013 1268 4084 sanguinem
1284 4011 1457 4075 laudabilem,
1472 4013 1571 4084 quique
1585 4012 1621 4066 sit
1641 4028 1691 4067 nee

63 4108 127 4159 quae
148 4091 249 4145 dantur
268 4091 320 4145 sub
338 4092 435 4146 iisdem
454 4091 556 4157 lormis,
578 4093 677 4164 quibus
698 4094 860 4165 margarite,
899 4093 1023 4157 torridus,
1038 4110 1088 4147 nec
1105 4092 1323 4164 phlegmaticus,
1344 4099 1426 4162 atque
1440 4092 1474 4147 de
1494 4091 1691 4146 refocillatione

63 4177 183 4240 excepto
193 4170 267 4240 quod
279 4170 471 4225 dissolutiones
481 4188 574 4226 earum
587 4174 671 4243 (quod
680 4173 793 4241 scimus)
806 4189 861 4227 non
899 4180 928 4224 et
941 4173 1107 4227 recreatione
1122 4172 1273 4244 spirituum,
1287 4171 1370 4225 verba
1388 4172 1533 4235 iaciemes:
1555 4171 1692 4226 existima·

64 4249 121 4300 sint
145 4250 175 4302 in
197 4266 257 4304 usu
302 4249 405 4304 Verum
426 4250 505 4305 nobis
529 4251 618 4323 magis
642 4259 775 4322 suspectas
798 4260 862 4308 arnt
898 4267 959 4305 mus
967 4268 1033 4306 sane
1044 4251 1168 4306 homines
1177 4267 1231 4305 non
1240 4250 1326 4305 malos
1334 4266 1401 4315 esse,
1409 4251 1455 4321 qui
1463 4250 1522 4304 hnc
1532 4250 1691 4321 loquuntur:

63 4344 186 4397 gemma:
199 4328 256 4383 ille
269 4329 362 4383 vitreae
375 4330 411 4383 ob
419 4330 603 4401 asperitatem.
899 4329 947 4384 sed
959 4330 1030 4385 nihil
1044 4330 1141 4385 horum
1155 4338 1281 4399 potenter
1294 4330 1359 4385 iacit
1372 4329 1407 4383 ad
1420 4330 1510 4385 finem.
1551 4330 1621 4386 Cum
1628 4347 1693 4385 vero

898 4427 935 4463 ex
949 4410 1036 4469 altera
1049 4417 1126 4480 parte
1140 4409 1283 4464 audiamus
1296 4425 1433 4464 sermones
1447 4409 1540 4464 inferri
1556 4410 1590 4464 de
1609 4410 1693 4464 medi-

898 4489 967 4542 cinis
987 4506 1025 4543 ει
1044 4504 1110 4542 auro
1131 4488 1209 4559 (quia
1228 4488 1334 4543 seilicet
1353 4505 1450 4543 aarum
1468 4490 1633 4560 corruptioni
1651 4499 1693 4543 est

898 4568 1011 4622 minime
1034 4568 1195 4635 obnoxium)
1223 4567 1306 4623 etde
1329 4568 1452 4639 gemmis,
1474 4569 1510 4623 ad
1532 4568 1692 4623 recreandos

899 4647 1012 4717 spiritns
1034 4655 1145 4718 propter
1166 4647 1348 4718 proprietates
1369 4647 1489 4702 occultas
1511 4656 1540 4703 et
1561 4648 1693 4702 clarorem

104 4723 131 4776 ⁴„
152 4720 240 4793 Lapis
253 4722 353 4778 beaoar
364 4724 486 4794 probate
499 4732 542 4781 est
554 4726 673 4791 mantis:
695 4726 767 4799 quod
779 4725 859 4796 spiri·
898 4743 998 4790 suunt:
1013 4727 1137 4797 quodque
1152 4726 1175 4779 si
1190 4727 1296 4796 possint
1305 4726 1427 4791 detineri,
1442 4734 1469 4782 et
1479 4727 1571 4798 excipi
1584 4728 1613 4780 in
1624 4727 1693 4779 vasi-

64 4806 229 4865 tnsrecreet,
242 4809 271 4855 et
284 4801 374 4859 lenem
392 4803 517 4859 sudorem
530 4817 664 4875 provocet.
706 4805 798 4861 Cornu
811 4823 860 4860 au·
898 4805 1086 4870 busbalsama
1095 4814 1123 4860 et
1133 4806 1367 4876 quintinessentim
1376 4805 1693 4876 animaliumsuperbam

64 4888 119 4933 tem
141 4882 324 4936 monocerotis
346 4883 379 4937 de
397 4884 596 4939 existimatione
616 4902 667 4939 sna
686 4885 800 4948 decidit:
821 4884 861 4938 ita
898 4884 1000 4939 iaceret
1020 4901 1097 4955 spem
1117 4884 1345 4941 immortalitatis:
1371 4886 1495 4959 quodque
1520 4901 1615 4940 carnes
1638 4901 1693 4939 ser·

64 4966 154 5013 tamen
169 4969 199 5014 ut
213 4961 328 5031 gradum
342 4971 432 5016 servet
445 4980 507 5017 cum
520 4979 602 5018 cornu
616 4966 696 5029 cerri,
711 4972 739 5020 et
752 4981 812 5019 osse
826 4964 859 5018 de
899 4971 1014 5034 pentum
1034 4973 1063 5018 et
1082 4980 1223 5018 cervorum
1240 4981 1374 5020 consensu
1394 4966 1511 5036 quodam
1531 4963 1639 5018 valeant
1658 4964 1694 5016 ad

1550 1084 1669 1129 ldonitum.

943 1444 1064 1492 momata
1082 1438 1144 1508 ipsa
1160 1437 1235 1491 acria
1253 1445 1281 1492 et
1298 1436 1442 1500 mordacia,
1458 1435 1604 1504 rejicienda
1618 1444 1695 1499 sunt;

942 1523 970 1570 et
988 1517 1133 1571 videndum
1152 1516 1287 1587 quomodo
1305 1515 1431 1585 componi
1449 1516 1554 1586 possint
1571 1531 1649 1585 aqum
1667 1525 1696 1569 et

942 1594 1061 1666 liquores
1089 1613 1125 1649 ex
1151 1595 1381 1666 precedentibus:
1415 1610 1470 1647 non
1501 1594 1694 1665 phlegmaticus

940 1674 997 1729 illm
1016 1674 1165 1738 stillatitiaa,
1184 1691 1273 1744 neque
1292 1689 1384 1729 rursus
1402 1672 1526 1727 ardentes
1545 1691 1581 1728 ex
1599 1674 1695 1743 spiritu

942 1754 1007 1818 vini,
1020 1754 1067 1808 sed
1085 1754 1173 1823 magis
1192 1761 1357 1823 temperate,
1373 1759 1400 1806 et
1420 1751 1599 1807 nihilominus
1618 1753 1694 1817 vivae,

941 1840 970 1886 et
983 1849 1110 1903 saporem
1123 1833 1272 1904 benignum
1285 1832 1429 1902 spirantes.

1194 2965 1395 3005 lunationes.

341 4447 384 4501 De
397 4447 443 4502 his
457 4465 518 4519 quaa
533 4450 750 4516 memoravimus,
765 4457 859 4522 quate·

301 4541 354 4579 nus
371 4534 399 4581 et
412 4528 547 4598 quomodo
556 4529 741 4597 juvamentum
755 4528 859 4599 prebe·

64 4609 118 4667 ant,
133 4609 231 4673 postea
245 4603 359 4659 dicetur.

64 5038 143 5092 corde
153 5041 236 5105 cervi,
251 5050 279 5094 et
290 5042 380 5106 ebore,
394 5050 423 5095 et
436 5040 577 5097 similibus.
900 5044 1103 5098 renovationem
1127 5043 1199 5107 vitre,
1219 5045 1285 5114 quia
1304 5045 1372 5099 alter
1394 5052 1480 5100 mutat
1502 5044 1598 5114 spolia,
1623 5042 1693 5096 alter

103 5118 130 5170 5.
152 5120 352 5191 Ambra-grisia
364 5137 400 5175 ex
411 5121 524 5190 optimis
537 5129 580 5175 est
591 5122 860 5194 adspiritusdemul·
898 5138 1008 5186 cornua,
1029 5122 1190 5192 (debuerant
1209 5130 1299 5178 autem
1313 5141 1408 5179 sames
1426 5122 1579 5194 aquilarum
1600 5122 1695 5190 adjun-

65 5197 163 5252 eendos
192 5205 220 5252 et
245 5199 445 5255 confortandos.
488 5200 642 5272 Sequuntur
664 5203 775 5258 nomina
800 5212 860 5256 mn·
898 5218 972 5272 gere,
987 5202 1051 5271 quis
1065 5201 1158 5274 aquila
1177 5211 1265 5257 mutat
1283 5201 1421 5271 rostrum)
1436 5202 1560 5273 quodque
1575 5200 1693 5272 quidam,

66 5285 121 5330 tum
144 5277 319 5348 simplicium,
341 5297 404 5334 oum
428 5281 543 5335 virtutes
570 5282 691 5351 ipsarum
714 5283 782 5338 satis
806 5282 861 5337 sint
898 5297 961 5336 cunt
976 5292 1142 5352 unguentum
1156 5283 1206 5336 sub
1220 5283 1435 5337 terradet'ossum
1445 5280 1694 5351 reperisseteoque

66 5356 188 5425 cognite.
899 5377 927 5414 se
936 5378 954 5413 a
964 5362 1054 5430 capite
1068 5362 1103 5415 ad
1117 5362 1200 5431 pedes
1211 5378 1296 5433 usque
1307 5361 1431 5415 unxisset
1445 5359 1583 5431 (exceptis
1594 5359 1695 5430 plantis

105 5432 215 5492 Calido.
236 5437 356 5493 Crocus:
378 5437 474 5493 lolium
498 5438 613 5494 Indum:
644 5440 749 5513 lignum
770 5439 859 5495 aloes:
899 5440 1011 5510 pedum)
1029 5457 1064 5495 ex
1078 5441 1232 5511 hujusmodi
1247 5441 1372 5495 unctione
1391 5445 1526 5494 trecentos
1539 5454 1624 5493 annos
1638 5440 1695 5493 vix-

107 5530 169 5571 vor.
191 5532 220 5572 ιι.
432 5520 451 5572 2
475 5534 490 5571 ε
