3800 5875
231 333 289 390 682
811 327 979 384 lMPETUS
999 325 1282 384 PHILOSOPHICI.

229 489 458 562 contemplatione
473 488 559 545 instar
568 504 658 544 causoe
671 495 721 555 est,
732 489 762 543 in
772 487 929 558 operatione
941 487 1028 542 instar
1062 493 1152 542 mente
1173 486 1337 553 observabit,
1357 485 1416 556 ipae
1436 484 1543 538 interim
1563 492 1664 539 natura
1682 481 1777 554 legibus
1790 483 1825 537 ob

231 571 315 627 medii
328 578 378 626 eat.
1062 582 1163 621 ussus.

270 649 323 712 Qui
342 664 455 703 causam
471 646 585 715 alicujus
604 652 716 711 natura
731 645 815 700 veluti
829 644 964 701 albedinis
978 652 1026 699 aut
1101 646 1128 700 2.
1150 646 1295 700 Terminus
1308 644 1537 714 itaquehumanae
1548 642 1673 712 potentia
1685 657 1715 693 ac
1727 640 1826 696 scienda

230 729 336 794 caloris,
350 728 380 782 in
393 726 475 782 certis
487 734 594 780 tantum
604 725 824 795 subjectisnovit,
836 726 896 793 ejrrs
909 725 1025 779 scientia
1062 725 1092 778 iu
1114 725 1230 789 dotibus,
1252 723 1350 796 quibus
1374 724 1433 793 ipse
1457 723 1586 792 praeditus
1603 730 1643 774 est
1664 737 1681 772 a
1698 729 1784 774 natura
1799 722 1825 775 ad

230 807 391 879 imperieota
404 812 456 861 est.
496 805 533 859 Et
546 805 592 877 qni
612 805 740 861 affectum
754 821 836 874 super
848 810 949 858 certam
963 812 1024 857 tan·
1062 804 1224 858 movendum
1239 812 1267 858 et
1280 802 1493 873 percipiendum,
1508 810 1566 856 tum
1581 803 1660 855 etiam
1680 800 1706 853 in
1720 806 1782 854 statu
1796 819 1825 854 ra

231 892 291 942 tum
304 886 446 941 materiam
459 900 495 939 ex
513 884 555 949 iis,
570 902 632 956 quar
651 891 715 940 sunt
735 882 930 953 susceptibiles,
943 884 1024 938 indu·
1062 901 1122 937 rum
1137 883 1319 952 praesentium.
1361 881 1439 936 Ultra
1453 883 1525 936 enirn
1539 882 1592 936 has
1604 881 1681 935 bases
1693 879 1737 933 illa
1747 879 1825 934 instro·

231 982 294 1022 cere
307 971 413 1036 potestr
434 964 494 1032 ejus
503 963 624 1034 potentia
637 965 739 1034 pariter
751 972 793 1018 est
806 961 974 1033 imperfecta
1062 972 1156 1017 menta
1167 979 1222 1017 nou
1237 961 1390 1032 proficiunt.

270 1045 323 1108 Qui
335 1059 431 1099 causas
444 1050 547 1097 naturae
564 1041 679 1112 abcujus
697 1043 726 1097 in
740 1042 876 1113 aliquibus
896 1041 1025 1110 subjectis
1102 1042 1129 1096 3.
1150 1042 1237 1096 Doteo
1249 1041 1294 1095 hae
1307 1058 1357 1112 per
1375 1058 1404 1095 se
1423 1048 1519 1095 tenues
1532 1048 1560 1094 et
1577 1041 1683 1110 inepta,
1697 1038 1742 1091 rite
1754 1047 1824 1091 tamen

231 1131 337 1181 tantum
350 1123 433 1187 norit,
447 1122 472 1177 is
485 1121 648 1179 adicientem
663 1129 710 1177 aut
730 1121 899 1177 materiatam
915 1137 1025 1176 cauam
1062 1129 1090 1176 et
1109 1121 1203 1175 ordine
1226 1121 1420 1174 administrata
1443 1128 1547 1174 tantum
1575 1128 1693 1189 ροεειπιῐ,
1715 1125 1741 1171 ut
1760 1133 1824 1171 ress

230 1204 316 1269 novit,
334 1218 395 1274 quaa
413 1216 503 1257 cauam
521 1202 605 1257 fluxae
624 1208 694 1268 suut,
709 1209 736 1257 et
756 1199 828 1255 nihil
847 1199 928 1266 uliud,
942 1216 1025 1271 quam
1062 1216 1144 1255 sensu
1166 1208 1195 1255 et
1215 1208 1279 1254 actu
1297 1200 1494 1253 remotissimas
1512 1198 1617 1267 judicio
1639 1206 1665 1251 et
1682 1198 1737 1250 usui
1754 1213 1824 1250 coron

230 1281 358 1339 vehicula
371 1289 399 1336 et
416 1296 506 1336 musa
525 1280 640 1337 formam
657 1281 818 1336 deserentes.
859 1278 912 1341 Qui
934 1286 1023 1334 summ
1062 1280 1165 1343 sinant,
1180 1280 1363 1349 majoremque
1377 1285 1406 1333 et
1419 1294 1531 1349 operum
1554 1276 1733 1332 diffictdmtem
1750 1283 1772 1329 et
1786 1276 1824 1328 sci·

230 1361 364 1417 unitatem
379 1367 485 1416 natura
505 1360 534 1414 in
554 1360 676 1415 materiis
696 1358 887 1416 dissimillimis
902 1375 1024 1430 compre·
1062 1360 1143 1414 entia
1152 1359 1346 1413 obscuritatem
1355 1364 1492 1428 superent,
1503 1355 1746 1429 quamquisadhuc
1753 1362 1823 1426 optare

231 1441 335 1507 hendit,
349 1441 374 1495 ir
387 1440 488 1495 formas
500 1454 591 1494 rerum
599 1439 683 1495 norit.
1062 1438 1193 1494 didicerit.

269 1519 324 1582 Qui
332 1520 481 1574 efficientes
491 1525 520 1574 et
533 1519 690 1574 materiatus
703 1534 800 1573 causas
812 1517 896 1581 norit,
911 1516 936 1571 is
953 1518 1024 1585 jam·
1101 1519 1129 1572 4.
1151 1518 1214 1571 Una
1226 1517 1335 1581 veritas,
1348 1532 1404 1571 una
1424 1516 1631 1586 interpretatio:
1650 1528 1739 1569 sensus
1755 1520 1823 1567 sot·

231 1600 337 1670 pridem
357 1599 470 1654 inventa
488 1597 627 1668 componit
646 1606 693 1653 aut
712 1597 814 1662 dividit,
829 1603 877 1651 aut
896 1596 1025 1651 transfert
1063 1596 1195 1668 obliquus,
1209 1597 1318 1651 animus
1331 1595 1445 1659 alienus,
1459 1611 1503 1651 res
1521 1596 1692 1666 importnua3
1711 1594 1822 1665 ipsima-

231 1684 279 1734 aut
291 1678 430 1750 producits
451 1677 536 1733 etiam
549 1677 584 1731 ad
597 1692 669 1731 nora
681 1677 791 1733 inventa
804 1676 833 1729 in
847 1674 1024 1730 materiaali·
1062 1693 1126 1731 men
1150 1674 1382 1746 interpretationis
1405 1690 1475 1744 opus
1502 1675 1594 1747 magis
1617 1673 1746 1728 deednans
1764 1688 1823 1743 quan

231 1765 365 1829 quatenus
390 1757 475 1814 simili
499 1761 527 1811 et
550 1763 704 1827 praeparata
724 1755 872 1828 pertingit:
894 1754 1024 1810 terminos
1061 1753 1180 1810 difficile.

230 1853 321 1893 rerum
335 1836 419 1892 altius
431 1837 502 1891 fixos
515 1851 571 1889 non
584 1843 683 1890 moret.

270 1916 324 1979 Qui
344 1917 445 1971 formas
463 1915 547 1980 novit,
560 1915 586 1968 is
607 1931 669 1984 quar
688 1912 776 1967 adhuc
795 1913 867 1966 iacta
879 1928 934 1967 non
954 1919 1023 1976 sunt,

231 1996 324 2066 qualia
336 2011 387 2050 nec
399 2001 503 2049 natura
515 1992 722 2057 vicissitudines,
732 2007 782 2046 nec
796 1992 1025 2062 experimentales
1103 1993 1129 2048 5.
1150 1992 1280 2063 Quisquis
1298 1991 1474 2047 dubitationis
1494 1991 1595 2062 impos,
1611 1996 1639 2045 et
1652 1988 1773 2044 asoeoeodi
1783 1989 1823 2040 ari

230 2074 369 2130 industriae
390 2089 510 2144 unquam
536 2072 566 2126 in
592 2079 684 2127 actum
708 2070 908 2141 produxissent,
932 2088 1022 2141 neque
1062 2071 1120 2136 dna
1142 2072 1278 2142 principia
1297 2072 1406 2125 demum
1428 2078 1529 2126 statuet
1552 2071 1668 2142 probata
1688 2066 1729 2143 (ut
1747 2062 1824 2137 credit)

231 2154 425 2226 cogitationem
443 2152 593 2213 humanam
611 2151 733 2206 subitura
746 2149 868 2213 aaroni,
882 2149 986 2221 detegit
998 2157 1026 2203 et
1062 2167 1191 2205 concessa
1212 2157 1239 2205 et
1250 2150 1405 2216 manifesta,
1419 2149 1588 2222 adquorum
1603 2149 1735 2204 immotam
1750 2149 1823 2201 veriu-

231 2232 329 2288 ednoit.
1063 2237 1118 2285 tem
1132 2238 1230 2285 caetera
1244 2236 1274 2284 ut
1292 2231 1445 2302 pugnantia
1457 2230 1503 2284 vel
1521 2228 1729 2285 obsecundantia
1740 2226 1824 2295 recipiet

271 2311 374 2366 Eadem
388 2316 431 2366 est
444 2308 566 2365 veritatis
579 2314 606 2364 et
618 2307 762 2379 potestatis
776 2305 822 2361 ria
835 2313 862 2362 et
875 2306 1024 2377 perfectio;
1062 2309 1107 2364 vel
1120 2310 1233 2379 rejiciet,
1247 2309 1271 2364 is
1284 2326 1328 2363 res
1342 2326 1404 2364 cnm
1417 2310 1517 2376 verbis,
1527 2310 1663 2365 rationem
1674 2304 1823 2366 contusis

231 2390 292 2445 hnc
304 2389 365 2461 ipra
378 2399 408 2444 ut
420 2389 515 2444 forma
530 2405 621 2444 rerum
642 2386 832 2450 invenianturr
855 2403 891 2440 ex
911 2403 1026 2457 quarum
1062 2389 1194 2444 mundum
1213 2406 1276 2443 curn
1296 2388 1388 2444 fabula
1407 2389 1595 2455 commutabit,
1616 2387 1772 2459 interpretari
1786 2401 1825 2438 noo

231 2469 329 2524 notitia
338 2470 458 2542 sequitur
470 2466 665 2538 contemplatio
677 2482 742 2520 vera
755 2472 783 2520 et
796 2466 918 2535 operatio
929 2465 1026 2520 libera.
1063 2469 1171 2538 poterit

271 2549 431 2604 Formarum
454 2548 578 2603 inventio
599 2545 718 2616 simplex
741 2550 782 2599 est
805 2552 832 2599 et
852 2545 942 2611 unica,
965 2563 1026 2616 qua
1104 2548 1132 2603 6.
1153 2549 1205 2610 Qui
1219 2566 1326 2604 omnem
1340 2566 1431 2604 rerum
1453 2547 1667 2613 distinctionem,
1681 2544 1824 2617 quaincoo

231 2628 353 2699 procedit
362 2644 412 2699 per
420 2634 576 2682 naturarum
586 2625 772 2681 exclusionem
778 2624 1026 2693 sirerejectiouem
1064 2627 1164 2682 stitutio
1177 2627 1260 2700 vulgo
1273 2629 1423 2699 speciebus,
1437 2627 1482 2683 vel
1495 2628 1583 2682 etiam
1595 2627 1687 2682 inditis
1705 2622 1825 2678 nomnibus

231 2706 333 2763 Omnes
343 2708 416 2762 enim
429 2715 540 2771 natura,
555 2722 616 2777 qun
629 2713 676 2759 aut
695 2704 758 2758 data
776 2710 874 2759 natura
892 2711 1026 2775 praesente
1064 2706 1201 2772 elucescit,
1221 2724 1277 2762 non
1297 2708 1443 2772 miscuerit,
1462 2706 1625 2770 confuderit,
1648 2713 1675 2761 et
1693 2704 1719 2758 in
1736 2717 1826 2757 nomn

1168 1898 1207 1937 D!
1226 1897 1439 1938 rurammrla
1460 1895 1742 1937 ΙΝΤΒΕΡΙΠΔΤΙΟΜΒ.

138 2828 167 2839 ,η
232 2784 338 2852 absunt,
361 2795 409 2841 aut
428 2786 491 2841 data
510 2791 608 2840 natura
627 2784 738 2838 absente
759 2783 865 2850 adsum,
888 2800 925 2839 ex
940 2782 1028 2838 forma
1065 2787 1208 2858 redegerit,
1219 2804 1274 2841 non
1288 2787 1417 2842 unitatem
1430 2793 1543 2851 natnrae,
1554 2803 1613 2841 non
1626 2784 1825 2856 legitimasrcmn

231 2882 287 2921 non
309 2873 388 2931 snnt;
409 2872 492 2938 atque
513 2873 574 2937 post
593 2864 769 2932 rejectionem
789 2870 836 2918 aut
849 2864 1027 2934 negationem
1064 2866 1274 2930 lineasridebit,
1288 2883 1344 2921 nou
1357 2864 1531 2937 interpretari
1545 2865 1655 2937 poterit

231 2947 402 3016 completam,
425 2953 518 3000 manet
542 2945 630 2999 iorma
648 2951 678 2999 et
697 2943 849 3000 affirmatio.
897 2943 1028 3014 Exempli
1106 2944 1133 3007 7.
1154 2946 1206 3008 Qui
1221 2946 1336 3019 pdmnm
1352 2953 1379 3000 et
1401 2955 1463 3000 ante
1484 2945 1540 3000 alie
1556 2946 1650 3000 omnia
1669 2942 1745 2999 animi
1761 2946 1827 2994 mous

232 3027 328 3097 gratia,
342 3026 367 3081 si
380 3025 480 3080 caloris
493 3024 609 3079 formam
625 3023 755 3094 inquiras,
769 3031 797 3078 et
816 3039 917 3094 aquam
936 3022 1028 3077 caleu·
1065 3025 1177 3081 humani
1188 3026 1297 3097 penitus
1309 3042 1364 3079 non
1378 3025 1535 3096 explorarit,
1549 3025 1645 3097 ibique
1659 3022 1766 3079 anemis
1775 3033 1827 3072 mea

232 3113 287 3160 tem
306 3105 436 3170 invenias,
450 3121 501 3159 nec
520 3102 647 3169 lucidam,
662 3102 745 3171 rejice
764 3101 876 3158 lumenr
897 3101 1028 3157 eiairem
1066 3114 1109 3160 tus
1123 3114 1151 3161 et
1171 3122 1293 3161 errorum
1315 3105 1393 3159 sedes
1411 3104 1617 3160 accuratissime
1639 3102 1772 3172 descriptas
1788 3112 1827 3151 ooo

231 3182 936 3251 tenueminreniaaneccalidum,rejicetenuitatem.
965 3182 1029 3237 Hoc
1066 3184 1200 3249 babuerit,
1214 3185 1239 3241 is
1252 3184 1344 3239 omnia
1357 3183 1462 3238 larvata
1481 3189 1510 3239 et
1530 3183 1617 3239 veluti
1630 3183 1758 3238 incantata
1772 3192 1826 3245 repe

232 3262 314 3318 breve
325 3264 399 3320 dictu
409 3270 464 3327 estc
479 3263 527 3317 sed
537 3261 621 3334 longo
629 3261 785 3317 circuituad
799 3260 852 3316 hoc
862 3262 1028 3333 pervenitur.
1066 3264 1126 3330 riet,
1141 3264 1274 3319 fascinum
1284 3264 1314 3317 ni
1328 3263 1446 3328 solverit,
1459 3264 1634 3333 interpretari
1648 3277 1700 3316 non
1711 3256 1800 3331 poterit

272 3341 392 3397 Prolatio
404 3343 548 3397 verborum
559 3340 772 3413 contemplativa
786 3347 833 3396 aut
846 3342 987 3413 operativa
999 3359 1029 3396 re
1106 3345 1134 3398 8.
1155 3343 1207 3406 Qui
1221 3343 1250 3398 in
1263 3359 1353 3398 rerum
1366 3342 1506 3397 obviorum
1520 3349 1547 3397 et
1567 3341 1766 3413 compositarum
1780 3350 1825 3387 ctu

232 3437 288 3476 non
301 3421 436 3477 differunt.
477 3420 548 3477 Cum
561 3420 635 3476 enim
648 3420 700 3475 hoc
714 3420 791 3487 dicis,
804 3420 897 3475 lumen
910 3436 967 3475 non
986 3427 1030 3476 est
1067 3423 1104 3477 sis
1115 3422 1298 3494 exquirendis,
1309 3422 1393 3477 veluti
1408 3423 1534 3486 flamme,
1548 3421 1657 3485 somnii,
1671 3417 1752 3482 febris,
1763 3427 1827 3470 vera

233 3517 270 3556 ex
282 3499 369 3556 forma
382 3501 498 3567 caloris;
519 3501 592 3555 idem
606 3509 648 3555 est
660 3500 684 3555 si
698 3500 790 3556 dicas:
809 3499 839 3554 in
857 3500 948 3555 calore
966 3516 1029 3570 pro·
1066 3503 1150 3570 bitur,
1164 3519 1215 3557 nec
1230 3518 1260 3558 se
1273 3501 1309 3555 ad
1321 3509 1431 3556 naturas
1445 3501 1587 3571 simplices
1600 3501 1721 3562 conferet,
1737 3495 1766 3550 ad
1780 3494 1827 3548 isse

232 3579 354 3638 ducendo
366 3597 421 3636 non
434 3596 546 3635 necesse
560 3586 608 3645 est,
619 3586 649 3634 ut
662 3578 745 3635 etiam
758 3578 852 3635 lumen
865 3579 1009 3651 producas.
1067 3582 1163 3651 primo,
1174 3599 1235 3653 qoae
1248 3580 1374 3653 populari
1384 3582 1490 3635 ratione
1499 3579 1569 3635 tales
1583 3587 1660 3643 contr
1673 3572 1827 3632 deindeetisn

1067 3661 1101 3715 ud
1115 3677 1169 3726 eas,
1184 3678 1246 3731 qum
1259 3667 1316 3715 arte
1330 3661 1365 3714 ad
1378 3660 1514 3715 veriorem
1533 3659 1729 3731 simplieitatem
1740 3651 1827 3709 redut!

1067 3748 1130 3795 sunt
1143 3747 1170 3795 et
1189 3739 1273 3794 veluti
1293 3738 1454 3804 sublimata,
1469 3739 1493 3793 is
1513 3738 1630 3794 tortasse
1650 3739 1774 3791 sicaetera
1788 3743 1826 3782 nm

271 3815 371 3887 Neque
383 3813 444 3869 haec
457 3813 568 3869 numine
581 3820 674 3869 nostro
687 3820 763 3869 eunt.
804 3812 855 3878 Tu,
866 3812 957 3878 Pater,
968 3829 1030 3868 con-
1067 3827 1169 3890 peecst,
1183 3819 1264 3874 addet
1275 3819 1393 3874 inventis
1407 3818 1532 3890 quoedam
1544 3835 1601 3873 non
1616 3813 1761 3889 spernanda,
1769 3817 1791 3864 et
1799 3808 1827 3859 iu

232 3910 327 3950 versus
351 3894 386 3949 ad
405 3910 496 3965 opera,
517 3910 579 3964 qum
598 3893 720 3948 leserunt
740 3910 836 3947 manus
855 3902 916 3958 tua,
935 3892 1029 3947 vidisti
1067 3899 1155 3954 ventis
1169 3898 1301 3968 proxima.
1342 3897 1397 3952 Sed
1416 3898 1457 3953 nil
1477 3905 1572 3952 contm
1592 3897 1705 3965 maJores
1716 3901 1827 3948 retunso

233 3974 307 4046 quod
319 3973 410 4028 omnis
423 3978 514 4028 cuent
526 3973 599 4027 bons
611 3972 708 4028 valde:
723 3972 806 4028 homo
820 3979 912 4027 autem
921 3989 1030 4026 conver·
1067 3978 1224 4034 uoluntates
1236 3975 1362 4041 movebit,
1377 3993 1427 4032 nec
1441 3977 1578 4049 interpres
1591 3974 1716 4032 deendor
1727 3970 1777 4025 eric

234 4069 280 4107 sus
293 4054 328 4108 ad
341 4069 432 4124 opera,
452 4070 514 4123 quta
533 4051 657 4107 iecerunt
676 4069 773 4106 manus
794 4069 860 4116 sure,
874 4051 942 4105 vidit
959 4051 1030 4122 quod

234 4133 325 4186 omnia
338 4139 430 4187 essent
442 4133 547 4186 sanitas
561 4139 589 4185 et
601 4131 710 4186 vexatio
730 4132 851 4202 spiritus.
894 4131 991 4202 Itaque
1005 4130 1028 4185 si

234 4211 263 4266 in
277 4211 405 4282 operibus
419 4211 473 4265 tuis
491 4210 658 4275 sudabimus,
672 4209 758 4264 facies
776 4226 827 4264 noa
840 4210 1031 4281 gratulationis
1109 4210 1136 4266 9.
1157 4211 1210 4273 Qui
1224 4211 1258 4264 ad
1271 4209 1504 4278 interpretandum
1525 4208 1680 4271 accesserit,
1696 4206 1731 4260 ita
1742 4212 1826 4257 sewu·

236 4296 290 4346 tnae
307 4297 335 4345 et
353 4289 460 4345 sabbati
481 4290 520 4344 tui
538 4289 695 4361 participes.
737 4288 881 4360 Supplices
902 4305 1031 4360 rogamus
1068 4298 1145 4362 paret
1158 4298 1185 4344 et
1198 4296 1360 4360 componat;
1381 4290 1418 4343 sit
1436 4305 1487 4343 nec
1506 4288 1644 4352 novitatis,
1658 4303 1706 4340 nec
1717 4286 1826 4338 emmae

235 4375 265 4424 ut
278 4370 337 4424 hnc
346 4385 424 4425 meus
437 4369 519 4424 nobis
529 4375 650 4433 constet3
664 4376 745 4439 atque
759 4376 790 4423 ut
799 4385 849 4438 per
861 4385 958 4423 manus
972 4385 1032 4422 nos·
1068 4370 1148 4434 dinis,
1162 4369 1206 4423 vel
1226 4367 1397 4440 antiquitatis
1418 4373 1541 4433 motator,
1554 4383 1606 4423 nec
1618 4357 1793 4421 contradicendi
1803 4355 1826 4407 li·

235 4456 291 4504 tras
305 4447 410 4503 familia
422 4448 630 4503 humananovis
643 4447 826 4517 eleemosynis
839 4448 894 4502 tuis
914 4449 1030 4503 dotetur.
1069 4450 1196 4514 cendam,
1224 4465 1274 4502 nec
1301 4447 1469 4502 auctoritatis
1495 4448 1651 4502 sonituum
1676 4440 1825 4512 amplectemi-

237 4528 305 4583 Haec
327 4535 429 4583 aterno
449 4528 535 4584 amori
554 4533 602 4584 tuo
619 4527 848 4592 commendamus,
867 4543 916 4597 per
935 4526 1031 4582 Jesum
1069 4529 1135 4583 Nou
1158 4527 1309 4582 affirmandi
1331 4528 1367 4580 sit
1385 4543 1524 4597 propense,
1544 4543 1595 4581 nec
1614 4526 1644 4580 in
1665 4518 1824 4578 dubitatimeu

235 4616 364 4674 nostrum,
379 4606 520 4662 Christum
533 4613 617 4675 tuum,
631 4606 773 4662 nobiscum
786 4606 884 4662 Deum.
1069 4607 1180 4671 solutus,
1195 4607 1243 4661 sed
1257 4604 1365 4678 singula
1377 4605 1464 4676 gradu
1473 4605 1590 4676 quodam
1601 4599 1756 4676 probationis
1764 4592 1825 4682 insit·

1069 4686 1127 4741 nita
1140 4687 1283 4757 provehat.
1325 4685 1395 4755 Spes
1409 4685 1436 4739 ei
1446 4683 1556 4748 laboris,
1570 4701 1625 4739 non
1639 4681 1686 4738 otii
1699 4684 1777 4733 auom
1787 4679 1823 4728 st,

1070 4782 1113 4821 rea
1126 4783 1181 4819 non
1195 4765 1314 4829 raritate,
1329 4764 1494 4828 difficultate,
1503 4771 1551 4818 aut
1562 4763 1649 4826 lende,
1659 4759 1703 4816 sed
1715 4755 1774 4810 reris
1784 4763 1824 4837 mi*

1069 4846 1168 4900 mentis
1188 4845 1312 4900 aesdmet.
1352 4842 1463 4898 Privata
1481 4844 1591 4913 negotia
1610 4829 1824 4965 personatuafitiss

1070 4925 1175 4988 nistret,
1188 4941 1279 4979 rerum
1297 4929 1390 4978 tamen
1410 4922 1535 4993 provisus
1554 4922 1735 4976 subvenerant

263 4965 326 5031 DE
350 4965 781 5031 INTERPRETATIONE
805 4965 1004 5031 NATURAE
1071 5020 1131 5058 rum
1144 5005 1173 5058 in
1186 5004 1321 5067 veritates,
1332 5008 1360 5056 et
1369 5002 1515 5056 veritatum
1522 5001 1552 5056 in
1561 5015 1664 5055 errores
1673 4995 1824 5062 subingressus

487 5127 700 5178 SENTENTIAE
718 5127 771 5176 ΧΠ
1071 5083 1218 5152 prudenter
1229 5083 1359 5146 advertat,
1374 5080 1445 5134 nihil
1459 5087 1633 5135 contemnens
1649 5082 1693 5130 ant
1710 5069 1823 5160 adarim

774 5164 780 5177 ’
1071 5162 1186 5217 Naturae
1199 5179 1257 5216 sure
1275 5159 1482 5215 commoditates
1498 5160 1578 5214 norit
1617 5158 1723 5212 Natura
1737 5148 1823 5203 ,horon

448 5263 488 5308 pp
499 5263 680 5308 oonTtouss
692 5263 822 5307 nomm
1071 5257 1174 5295 morem
1181 5248 1266 5311 gerat,
1272 5256 1333 5294 cum
1342 5255 1424 5293 nemo
1432 5238 1518 5308 lapidi
1528 5235 1685 5308 impingenti
1694 5230 1822 5286 soccertte¹2

1072 5320 1136 5374 Uno
1148 5319 1232 5375 veluti
1246 5318 1325 5374 oculo
1335 5325 1552 5382 rerumnaturns,
1563 5312 1824 5386 strennuissimus!

281 5394 305 5450 l.
327 5396 424 5462 Homo,
446 5406 551 5452 naturae
573 5397 695 5453 minister
717 5403 745 5451 et
764 5397 906 5468 interpres,
929 5403 1032 5452 tantum
1073 5406 1199 5468 pererret.
1240 5398 1391 5452 Verborum
1403 5396 1519 5451 mimam
1532 5406 1653 5450 natumm
1666 5399 1692 5445 et
1705 5376 1822 5470 jurationi

239 5470 304 5528 lacit
313 5475 507 5547 eutintelligit,
523 5484 654 5547 quantum
674 5476 708 5532 de
723 5483 825 5530 naturae
839 5477 933 5532 ordine
947 5494 977 5532 re
991 5477 1034 5531 vel
1072 5486 1099 5535 et
1121 5477 1276 5534 nocumenti
1299 5476 1434 5549 imprimis
1457 5474 1614 5548 participem
1636 5469 1747 5527 deducte
1765 5465 1820 5516 stul

406 3702 537 3777 [Reliqua
555 3722 607 3758 noo
621 3713 698 3758 erum
708 3704 856 3780 perfectu]

1266 4117 1304 4155 DE
1323 4117 1452 4157 inomaus
1472 4116 1668 4156 rurxwmrs.
