3800 5875
594 293 777 352 HISTORIA
799 295 897 351 vl'rAE
918 296 966 352 ΕΤ
988 297 1143 354 nosris.

779 694 953 761 ADITUS.

88 908 203 965 Darita
215 912 300 977 brevi,
314 919 341 967 et
354 920 412 968 arte
429 912 520 984 longa,
531 918 608 969 retus
620 921 661 969 est
671 914 806 970 cantilena
819 923 847 970 et
880 915 963 970 ciana
1003 915 1078 970 Nam
1096 915 1179 971 etiam
1193 922 1255 988 post
1265 916 1475 975 declinationem
1490 930 1517 975 et
1530 921 1674 981 decursum

50 988 173 1060 querela.
215 990 331 1046 Videtur
342 993 425 1063 igitur
438 1008 499 1047 esse
517 1000 646 1064 tanquam
662 1010 699 1049 ex
718 1010 844 1065 congruo,
880 995 976 1059 atatis,
991 994 1110 1066 spiritus,
1124 997 1243 1067 sanguis,
1259 1014 1331 1063 caro,
1346 999 1437 1069 adeps,
1452 1000 1531 1056 facilc
1543 1019 1673 1073 reparen-

48 1078 78 1122 ut
88 1087 149 1133 nos,
160 1071 208 1141 qui
219 1087 269 1141 pro
278 1071 380 1126 viribus
389 1072 568 1127 incumbimus
578 1073 613 1125 ad
623 1081 695 1127 artes
706 1073 846 1143 perficien·
880 1081 939 1137 ture
964 1081 993 1127 at
1013 1092 1074 1146 qum
1097 1075 1231 1141 sicciores,
1251 1084 1298 1130 aut
1318 1079 1470 1147 perosiores
1490 1089 1553 1134 sunt
1572 1090 1671 1152 partes,

49 1147 106 1213 das,
118 1148 203 1203 etiam
210 1149 244 1204 de
254 1150 311 1204 rita
320 1151 461 1206 hominum
474 1152 645 1221 producenda
652 1152 845 1223 cogitationem
879 1152 1052 1218 membranae,
1067 1163 1094 1207 et
1113 1154 1211 1209 tunica
1232 1171 1335 1221 omues,
1354 1157 1438 1222 nervi,
1457 1161 1572 1224 arteriae,
1586 1179 1671 1228 venna,

48 1228 240 1298 suscipiamus,
263 1229 370 1284 favente
394 1237 422 1286 et
440 1230 562 1285 veritatis
584 1238 612 1284 et
632 1231 696 1286 vitra
716 1232 843 1287 Auctore.
879 1248 950 1296 ossa,
965 1233 1148 1304 cartilagines,
1164 1234 1247 1288 etiam
1268 1235 1374 1290 viscera
1393 1235 1532 1308 pleraque,
1552 1240 1671 1313 denique

48 1305 108 1361 Etsi
123 1308 199 1363 euim
207 1310 264 1363 vita
276 1309 432 1364 mortalium
444 1326 498 1364 non
513 1309 588 1364 aliud
601 1310 644 1375 sit,
659 1327 741 1381 quam
754 1328 845 1366 cumu·
879 1313 1009 1382 organica
1029 1313 1086 1367 iere
1106 1314 1206 1379 omnia,
1220 1313 1358 1370 difficilius
1379 1324 1546 1386 reparantur,
1561 1327 1590 1372 et
1608 1337 1671 1376 cum

47 1384 89 1440 lus
102 1393 132 1440 et
146 1389 267 1443 armeno
279 1397 452 1459 peccatorum
465 1397 493 1443 et
505 1406 693 1454 aerumnarum,
702 1391 844 1461 quiquead
876 1390 992 1458 jactura.
1044 1390 1102 1447 illes
1126 1399 1216 1446 autern
1241 1394 1309 1464 ipsas
1332 1401 1430 1464 partes,
1456 1413 1518 1451 cnm
1545 1398 1579 1451 ad
1606 1398 1669 1454 illas

47 1466 231 1522 aeternitatem
241 1469 369 1538 aspirant,
380 1469 415 1523 iis
424 1468 484 1523 leve
495 1469 531 1523 sit
543 1467 648 1524 lucrum
657 1468 737 1534 vitea3
753 1478 844 1525 tamen
879 1468 977 1525 alteras
991 1470 1160 1542 reparabiles
1176 1480 1276 1542 partes,
1292 1480 1354 1528 actu
1368 1475 1539 1545 reparandae,
1558 1479 1670 1533 omnino

46 1561 101 1599 non
115 1545 295 1617 despicienda
306 1555 355 1613 est,
366 1549 449 1602 etiarn
462 1548 540 1603 uobis
548 1547 720 1613 Christianis,
732 1565 843 1619 operum
878 1549 996 1604 officium
1014 1568 1092 1605 suum
1111 1558 1239 1621 prestare
1259 1552 1389 1617 debeant,
1410 1553 1546 1609 activitatc
1568 1574 1669 1612 susac

46 1623 193 1680 charitatis
206 1626 382 1682 continuatio.
410 1627 564 1688 Quinetiam
574 1626 723 1697 discipulus
737 1637 843 1684 amatus
877 1628 980 1683 viribus
999 1629 1158 1696 imminutae,
1174 1630 1324 1686 functiones
1344 1649 1406 1687 suas
1421 1633 1538 1703 amplius
1551 1637 1667 1707 exsequi

46 1705 155 1759 oureus
178 1714 314 1776 superstes
337 1706 405 1771 fuit;
429 1715 457 1761 et
480 1707 633 1777 complures
655 1724 692 1761 ex
713 1708 842 1776 patribus,
877 1724 931 1762 non
946 1715 1065 1778 possunt.
1099 1709 1144 1764 Ex
1158 1726 1211 1781 quo
1224 1710 1262 1775 tit,
1276 1718 1307 1764 ut
1320 1712 1576 1782 paulopostomnia
1589 1733 1668 1772 ruere

46 1785 203 1852 presertim
229 1785 371 1841 monachis
397 1786 498 1841 sanctis
523 1795 550 1840 et
573 1786 701 1849 eremitis,
724 1785 841 1858 longavi
876 1787 1018 1858 incipiant,
1040 1796 1068 1842 et
1089 1789 1156 1859 ipsa
1177 1788 1233 1844 illua
1255 1797 1354 1860 partes,
1376 1809 1437 1862 quse
1455 1792 1486 1845 in
1503 1801 1600 1848 natura
1619 1813 1670 1851 sus

45 1863 159 1918 luerunt
169 1886 177 1928 t
202 1872 233 1919 ut
254 1865 301 1919 isti
320 1864 503 1920 benedictioni
523 1866 618 1936 (toties
635 1866 664 1920 in
683 1863 745 1936 lege
759 1868 842 1921 veteri
877 1875 939 1920 suut
953 1867 1030 1921 valde
1049 1868 1223 1938 reparabiles,
1237 1875 1327 1924 tamen
1349 1869 1535 1927 deficientibus
1557 1875 1668 1945 organis

46 1941 187 2013 repetitae)
206 1943 296 2000 minus
309 1944 460 2000 deuectum
473 1945 594 2000 rideatur
607 1952 668 2016 post
681 1962 767 2001 arum
782 1946 842 2001 Ser·
877 1946 1063 2015 reparationis,
1082 1963 1133 2001 nec
1154 1947 1222 2017 ipsoe
1242 1948 1366 2003 similiter
1385 1950 1503 2020 amplius
1527 1954 1667 2010 commode

46 2022 158 2086 vetoris,
191 2040 273 2093 quarn
307 2023 420 2096 reliquis
452 2024 685 2080 benedictionibus
719 2026 841 2080 terrenis.
877 2035 1043 2094 reparentur,
1074 2027 1121 2081 sed
1148 2028 1310 2092 minuantur,
1337 2035 1365 2082 et
1392 2030 1504 2083 tandem
1529 2030 1666 2088 deficiant.

46 2101 151 2158 Verum
165 2109 196 2156 ut
215 2101 268 2157 hoc
289 2121 339 2174 pro
353 2105 474 2159 maximo
487 2105 558 2158 bono
570 2104 710 2169 habeatur,
723 2104 841 2174 proclive
878 2103 970 2159 Causa
991 2112 1082 2160 autem
1099 2106 1203 2178 periodi
1224 2123 1258 2161 es
1276 2115 1335 2171 este
1357 2107 1429 2179 quod
1449 2109 1569 2179 spiritus,
1583 2111 1668 2167 instem

46 2190 94 2235 est.
139 2180 183 2236 De
198 2182 285 2237 modis
299 2184 459 2254 assequendi
477 2184 560 2239 ardua
574 2183 733 2254 inquisitius
755 2200 840 2255 eoque
876 2183 993 2240 flammas
1016 2185 1093 2250 lenis,
1116 2194 1247 2256 perpetuo
1269 2187 1454 2257 praedatorios,
1479 2195 1507 2243 et
1528 2206 1591 2244 curn
1612 2190 1666 2245 hoc

46 2261 146 2332 magis,
161 2262 235 2331 quod
256 2263 292 2316 sit
310 2271 340 2317 et
363 2263 535 2334 opinionibus
555 2262 632 2318 falsis
650 2270 678 2317 et
696 2265 841 2333 praeconiis
876 2265 1034 2334 conspirans
1048 2263 1095 2320 abr
1109 2272 1244 2330 externus,
1259 2266 1307 2337 qui
1320 2266 1403 2320 etiam
1418 2283 1531 2337 corpora
1545 2270 1625 2341 sugit,
1639 2280 1668 2325 et

46 2343 123 2396 ranis
138 2340 294 2412 depravata
334 2342 407 2398 Nam
426 2349 453 2396 et
473 2360 534 2413 quae
547 2360 564 2396 a
577 2342 655 2396 turbs
674 2342 840 2399 medicorum
876 2343 996 2408 arefacit,
1018 2344 1128 2399 tandem
1141 2343 1277 2399 officinam
1290 2346 1418 2415 corporis,
1432 2353 1461 2400 et
1474 2347 1624 2413 machinas,
1640 2360 1668 2405 et

46 2419 77 2474 de
87 2420 207 2475 humore
217 2420 327 2475 radicati
339 2429 367 2476 et
375 2422 464 2477 calore
478 2422 595 2476 naturali
609 2422 661 2476 dici
672 2422 766 2486 solent,
777 2431 840 2478 suut
875 2438 980 2493 organa
992 2425 1094 2494 perdat,
1109 2431 1136 2478 et
1148 2422 1283 2478 inhabilia
1296 2425 1390 2479 reddat
1400 2424 1434 2478 ad
1448 2442 1546 2481 munus
1560 2444 1668 2500 repara-

46 2499 221 2564 seductoria3
244 2508 272 2555 et
292 2499 386 2556 laudea
403 2502 554 2556 immodicas
570 2501 765 2557 medicinarum
777 2503 840 2557 che·
876 2501 965 2557 tionis.
1007 2503 1060 2556 Ha
1073 2510 1137 2558 sunt
1150 2519 1222 2558 verm
1234 2504 1286 2559 riae
1299 2505 1393 2558 mortis
1406 2504 1538 2560 naturalis
1551 2506 1621 2562 bene
1638 2517 1668 2562 et

44 2579 179 2634 micarum
200 2579 288 2649 primo
307 2581 405 2636 inflant
423 2580 566 2636 hominum
585 2597 656 2652 spes,
670 2581 768 2636 deinde
781 2582 840 2637 des·
875 2580 1019 2653 diligenter
1032 2581 1124 2636 animo
1137 2580 1290 2637 volvenda:
1311 2583 1413 2638 etenim
1430 2584 1478 2654 qui
1490 2593 1593 2641 naurroe
1607 2587 1667 2643 rias

45 2657 157 2714 tituunt.
873 2675 929 2714 nou
937 2661 1050 2727 noverit,
1061 2661 1197 2733 quomodo
1208 2662 1232 2716 is
1242 2660 1284 2715 illi
1298 2678 1437 2717 occurrere
1447 2663 1667 2738 persicumque

83 2737 179 2809 Atque
203 2737 237 2793 de
260 2747 353 2804 morte,
374 2758 435 2812 quaa
460 2740 580 2811 sequitur
599 2757 635 2795 ex
656 2738 838 2806 suffocatione,
874 2741 1000 2795 verteret

45 2817 253 2887 putrefactione,
267 2825 296 2873 et
307 2819 390 2874 variis
410 2819 518 2884 morbis,
533 2835 588 2873 uon
606 2819 753 2874 instituitur
772 2836 839 2889 prar-
915 2819 1010 2890 ltaque
1031 2818 1132 2891 duplex
1154 2820 1236 2874 debet
1263 2836 1323 2875 esse
1350 2820 1500 2891 inquisitio,
1522 2821 1609 2877 altera
1632 2825 1666 2879 de

46 2913 109 2952 sens
122 2897 282 2970 inquisitio;
302 2900 419 2970 pertinet
437 2899 509 2954 enim
526 2899 561 2953 ad
575 2898 716 2954 historiam
730 2898 839 2954 medici·
874 2899 1085 2970 consumptione,
1105 2906 1151 2956 aut
1171 2899 1372 2970 depredatione
1394 2901 1515 2972 corporis
1534 2901 1664 2970 humani3

44 2977 154 3032 nalem:
174 2978 224 3033 sed
238 2978 272 3033 de
286 2996 319 3032 ea
332 2986 435 3034 tantum
449 2986 543 3043 morte,
558 2995 619 3049 quaa
633 2980 664 3033 iit
675 2995 725 3049 per
737 2979 838 3034 resolu-
874 2978 961 3033 altera
982 2980 1015 3034 de
1039 2978 1161 3048 ejusdem
1181 2980 1351 3049 reparatione
1375 2987 1421 3035 aut
1447 2981 1611 3038 reiectione:
1632 3000 1666 3038 eo

45 3056 149 3112 tionem
163 3073 197 3111 ac
217 3058 370 3128 atrophiam
389 3058 509 3113 senilem.
550 3058 677 3112 Attamen
696 3058 729 3112 de
744 3058 839 3114 ultimo
873 3059 982 3124 intuitu,
1003 3067 1034 3114 ut
1049 3059 1142 3122 altera,
1157 3066 1288 3130 quantum
1310 3060 1370 3114 fieri
1390 3060 1484 3129 possit,
1499 3060 1663 3127 inhibeatur,

45 3151 127 3204 passu
141 3137 246 3201 mortis,
261 3146 342 3208 atque
352 3138 385 3192 de
393 3139 454 3207 ipsa
467 3137 632 3192 extinctione
646 3138 715 3203 vitra,
729 3155 790 3208 quae
799 3146 839 3193 tot
874 3136 959 3192 altera
981 3138 1154 3194 confortetur.
1195 3139 1285 3210 Atque
1309 3140 1386 3209 prior
1407 3140 1520 3195 istarum
1547 3142 1675 3217 pertinet·

45 3216 142 3281 modis,
152 3222 180 3270 et
188 3217 308 3272 exterius
316 3226 344 3272 et
357 3218 479 3283 interius,
493 3216 551 3272 tieri
560 3224 656 3288 potest,
673 3218 732 3288 (qui
747 3225 838 3272 tamen
873 3218 1010 3288 praecipue
1025 3217 1182 3288 adspicitur
1196 3225 1224 3271 et
1244 3217 1336 3273 aiirem
1350 3227 1500 3285 externum,
1522 3237 1572 3290 per
1593 3238 1664 3293 quos

46 3292 151 3351 habent
169 3297 247 3367 qussi
261 3295 387 3351 atriolum
404 3313 554 3361 commuue,
568 3303 713 3367 antequam
727 3297 760 3349 ad
776 3297 839 3351 arti-
873 3297 905 3350 tit
924 3298 1107 3368 depredatio,
1128 3298 1247 3352 secunda
1269 3297 1304 3352 ad
1331 3299 1486 3355 universum
1509 3316 1665 3369 processum

46 3375 137 3431 calum
148 3376 246 3430 mortis
259 3384 369 3431 rentum
382 3375 441 3444 sit,)
454 3375 601 3447 inquirere,
616 3377 696 3430 affine
711 3376 837 3447 quiddam
874 3375 1094 3441 alimentatiouis,
1106 3394 1245 3448 perquem
1259 3378 1441 3433 deterritorio.
1473 3380 1562 3451 Atque
1577 3381 1666 3451 quoad

45 3454 173 3521 nuens
187 3455 356 3526 inquisitioni
370 3472 431 3511 esse
452 3472 608 3521 censemns3
629 3456 677 3510 sed
695 3455 762 3511 illud
776 3473 838 3526 pos·
873 3457 990 3526 primam
1009 3457 1192 3528 inquisitionis
1211 3465 1325 3528 partem,
1343 3465 1458 3529 quaeest
1476 3458 1510 3513 dc
1524 3475 1666 3532 consump-

45 3541 131 3588 trenro
144 3532 208 3588 loco
220 3550 360 3604 ponemus.
873 3535 954 3603 tione,
963 3537 1073 3591 omniuo
1087 3537 1136 3591 illa
1149 3554 1211 3592 cum
1223 3538 1379 3607 corporibus
1392 3537 1555 3603 inanimatis,
1564 3556 1666 3610 magna

80 3612 296 3684 Quodreparari
306 3620 397 3685 potest
407 3614 515 3679 scnnm,
529 3621 612 3686 atque
626 3614 714 3686 primo
730 3613 839 3686 integro
873 3631 909 3670 ex
922 3616 1167 3687 parte,commuuis
1181 3624 1232 3671 est.
1267 3617 1377 3671 Etenim
1391 3634 1452 3687 quas
1465 3618 1576 3688 spiritus
1589 3619 1666 3674 inus·

45 3707 96 3746 noa
121 3691 266 3758 destructo,
290 3693 319 3747 id
341 3694 462 3764 potentia
484 3701 617 3749 aternum
638 3702 687 3757 est,
710 3702 838 3764 tanquam
873 3701 916 3750 tus
938 3697 998 3768 (qui
1022 3696 1147 3752 omnibus
1168 3695 1352 3766 tangibilibus,
1368 3696 1508 3751 siverivis
1522 3698 1581 3752 sive
1595 3716 1666 3752 mor-

45 3770 116 3842 ignis
132 3771 263 3827 Vestalis.
304 3772 374 3827 Cum
388 3773 472 3844 igitur
484 3773 608 3829 riderent
620 3773 719 3827 medici
737 3782 765 3828 et
777 3773 838 3843 phi·
873 3775 934 3839 tuis,
958 3774 1045 3843 inest)
1067 3784 1095 3831 et
1115 3775 1164 3831 air
1186 3775 1311 3830 ambiens
1332 3782 1459 3846 operatur
1473 3793 1555 3847 super
1576 3777 1665 3832 inani-

45 3850 165 3925 losophi,
186 3851 223 3907 ali
252 3869 361 3922 prorsus
388 3851 525 3918 animalia,
554 3869 699 3924 eorumque
725 3869 838 3924 corpora
874 3856 1063 3919 metuendam
1084 3862 1111 3909 et
1132 3862 1219 3909 tentat
1237 3871 1319 3924 super
1338 3855 1472 3920 animata;
1494 3855 1559 3910 licet
1573 3873 1666 3927 snper·

45 3930 168 4001 reparari
191 3937 218 3984 et
240 3932 327 3996 retici3
348 3949 437 4003 neque
457 3940 547 3987 tamen
571 3932 599 3986 id
625 3932 671 3986 diu
698 3932 765 3996 fieri,
790 3933 838 3987 sed
873 3933 980 3989 additus
998 3935 1110 4005 spiritus
1125 3933 1217 3988 vitalis
1235 3933 1299 3989 illas
1314 3934 1486 4004 operationes
1505 3936 1606 4006 purtim
1625 3937 1666 3990 in-

46 4009 126 4077 psulo
148 4017 211 4080 post
233 4027 372 4065 senescere
395 4028 436 4076 ca,
457 4020 485 4066 et
506 4012 540 4066 ad
561 4011 700 4066 interitum
724 4028 837 4082 propere
874 4013 974 4085 iringat
984 4023 1011 4068 et
1019 4021 1179 4084 compescat,
1187 4014 1286 4083 partim
1294 4020 1418 4084 potenter
1427 4014 1666 4070 admoduminten·

46 4088 159 4153 deduci;
174 4098 288 4145 mortem
299 4090 480 4161 quaesiverunt
493 4091 522 4145 iu
535 4091 634 4162 aliquo,
646 4091 717 4161 quod
727 4092 838 4162 proprie
873 4094 918 4146 dat
931 4101 959 4147 et
969 4101 1077 4165 augeat.
1099 4093 1127 4147 N
1129 4110 1174 4147 am
1187 4093 1437 4148 manifestissimum
1451 4101 1501 4159 est,
1514 4094 1666 4150 inanimata

46 4169 167 4238 reparari
176 4185 232 4223 non
246 4171 348 4240 possit:
361 4169 550 4224 existimantes
562 4169 705 4225 humorem
718 4170 838 4241 aliquem
873 4172 1011 4243 complura
1018 4173 1120 4244 absque
1129 4172 1305 4243 reparatione,
1314 4172 1348 4226 ad
1358 4180 1466 4243 tempus
1474 4174 1543 4229 bene
1553 4173 1666 4246 longum

45 4246 193 4303 radicalem
212 4255 241 4302 et
257 4249 447 4321 primigenium
462 4265 517 4304 non
535 4250 657 4320 reparari
670 4251 698 4304 in
713 4249 837 4314 solidum,
873 4252 969 4306 durare
983 4268 1079 4323 posse:
1100 4260 1129 4306 at
1141 4252 1269 4318 animata,
1289 4252 1392 4323 absque
1406 4251 1535 4308 alimento
1548 4261 1576 4308 et
1588 4271 1666 4325 repa·

45 4326 92 4380 sed
106 4326 177 4393 fieri,
188 4327 247 4396 jnm
256 4345 341 4400 usquc
355 4328 391 4382 ab
403 4329 528 4393 infantia,
543 4329 742 4399 appositionem
755 4347 839 4401 quan·
873 4332 984 4397 ratione,
993 4332 1082 4387 subito
1092 4331 1237 4387 concidunt
1249 4341 1276 4387 et
1290 4332 1528 4402 extinguendam
1541 4341 1569 4387 et
1581 4333 1663 4406 ignis.

44 4406 108 4461 dam
134 4405 306 4478 degenerem,
332 4423 387 4462 non
410 4409 610 4477 reparationem
635 4409 751 4477 justam3
778 4427 839 4481 qua
875 4411 969 4481 Itaque
995 4411 1137 4482 inquisitio
1164 4411 1266 4481 duplex
1285 4427 1347 4466 esse
1373 4411 1473 4477 debet;
1493 4413 1583 4483 primo
1603 4431 1666 4468 con·

45 4486 148 4541 unam
168 4503 230 4541 cum
250 4493 328 4541 atate
352 4487 524 4557 depravetur,
547 4497 574 4541 et
594 4487 702 4542 denium
725 4504 839 4559 pravum
873 4489 1027 4559 templando
1040 4507 1138 4560 corpus
1159 4490 1316 4554 humanum,
1337 4497 1466 4562 tanquam
1487 4492 1665 4548 inanimatum

45 4564 162 4620 dedum
175 4566 210 4622 ad
229 4565 342 4621 nullum.
384 4566 453 4622 Hac
466 4567 619 4637 cogitarunt
631 4566 759 4637 imperite
773 4567 839 4622 satis
873 4578 900 4623 et
926 4569 1158 4633 inclimentatume
1186 4569 1283 4623 deinde
1310 4581 1442 4639 tanquam
1465 4572 1614 4627 animatum
1639 4579 1667 4628 et

45 4653 72 4699 et
84 4643 202 4700 leviter:
223 4646 315 4701 omnia
328 4646 401 4701 enim
414 4646 444 4700 in
458 4645 577 4710 animali,
592 4645 643 4700 sub
656 4645 839 4701 adolescentia
873 4648 1076 4703 alimentatum:
1093 4666 1187 4703 verum
1199 4648 1259 4704 brac
1272 4647 1386 4719 praelati,
1400 4649 1435 4703 ad
1449 4651 1540 4721 topica
1552 4652 1666 4722 inquisi-

45 4734 72 4778 et
81 4724 230 4792 juventute,
242 4731 401 4796 reparantur
414 4724 539 4797 iutegrc;
560 4725 711 4796 quinetiam
724 4725 759 4779 ad
774 4734 839 4780 tem·
873 4728 956 4782 tionis
966 4728 1024 4797 jam
1038 4744 1193 4799 pergamus.

45 4819 97 4873 pos
116 4804 269 4874 quantitate
289 4812 429 4876 cogentur,
445 4805 576 4875 qualitate
595 4803 788 4869 meliorantur3
809 4811 839 4859 ut

44 4883 161 4938 materis
181 4883 361 4954 reparationis
384 4885 464 4956 quasi
483 4891 584 4938 aterna
606 4900 666 4938 ease
690 4893 790 4954 posset,
815 4885 839 4939 si

44 4962 142 5017 modus
161 4962 342 5033 reparationis
360 4979 416 5018 non
442 4962 623 5018 intercideret.
666 4963 719 5017 Sed
746 4980 840 5018 revera

44 5039 98 5095 hoc
122 5040 168 5095 fit:
196 5041 335 5114 vergente
362 5049 452 5107 aetate,
477 5042 620 5113 inequalis
643 5042 789 5097 admodum
810 5043 840 5096 tit
917 5041 940 5095 1.
961 5041 1004 5096 De
1017 5048 1113 5095 natura
1126 5041 1258 5097 durabilis
1272 5049 1301 5097 et
1313 5042 1403 5098 miuus
1417 5042 1555 5105 durabilis,
1567 5042 1596 5094 in
1610 5058 1668 5097 cor·

44 5122 197 5190 reparatioe
211 5121 274 5176 alia
288 5129 380 5192 partes
393 5129 552 5192 reparantur
560 5122 627 5176 satis
638 5122 764 5186 feliciter,
775 5121 839 5176 alia
874 5121 985 5189 poribus
1011 5121 1174 5184 inanimatis,
1198 5128 1278 5192 atqua
1301 5122 1383 5176 simul
1409 5122 1438 5176 iu
1460 5120 1666 5191 vegetabilibus,

45 5216 118 5269 agre
128 5200 193 5255 etiu
208 5201 304 5271 pejus,
324 5209 355 5256 ut
369 5201 446 5255 abeo
455 5209 585 5271 tempore,
600 5217 714 5270 corpora
720 5200 840 5256 humana
873 5200 1080 5269 inquisitionem
1093 5199 1211 5266 habet03
1225 5217 1281 5256 non
1292 5201 1438 5271 copiosam,
1449 5209 1496 5255 aut
1508 5199 1667 5269 legitimam,

46 5278 138 5334 subire
151 5280 287 5351 incipiant
306 5288 470 5335 tormentum
486 5279 555 5336 iilud
574 5280 714 5344 Mezentii,
734 5288 764 5334 ut
778 5280 840 5333 viva
874 5279 922 5334 sed
936 5279 1050 5334 strictim
1060 5287 1089 5333 et
1102 5296 1152 5351 per
1164 5280 1263 5351 capita,
1277 5290 1306 5335 ct
1317 5287 1447 5350 tanquam
1460 5280 1489 5333 in
1503 5279 1627 5333 transitu.

48 5358 74 5411 in
93 5357 224 5428 amplexo
245 5368 411 5416 mortuorum
432 5359 635 5425 immoriantur;
657 5366 740 5430 atque
758 5358 839 5414 facile
913 5358 940 5413 2.
961 5359 1005 5413 De
1023 5358 1213 5424 desiccatione,
1228 5359 1402 5422 arefactione,
1417 5366 1444 5412 et
1463 5358 1669 5427 consumptione

48 5437 217 5505 reparabilia,
234 5448 345 5510 propter
357 5456 429 5510 aegre
449 5437 612 5509 reparabilia
625 5438 758 5511 copulata,
772 5438 839 5495 deti·
853 5491 862 5503 ,
874 5455 1016 5511 corporum
1027 5438 1245 5506 inanimatorum,
1253 5447 1282 5495 et
1290 5436 1492 5509 vegetabilium,
1502 5438 1570 5492 etde
1581 5439 1670 5494 modis

87 5531 148 5571 roc.
169 5534 198 5572 ιι.
414 5519 472 5572 lo

873 4869 974 4908 rorice
988 4868 1210 4917 auricularius
1233 4868 1298 4908 ΕΗΒ
1311 4868 1443 4909 Att't'tcuu
1459 4869 1665 4915 thenismonte

1114 4948 1153 4987 mc
1173 4948 1241 4988 VITA
1261 4948 1297 4987 BT
1316 4948 1422 4988 MORTE.
