3800 5875
187 246 250 311 736,
844 244 949 299 novt
972 242 1169 300 ATLANTIS.

187 403 276 461 dulcis
293 404 322 459 in
336 400 436 459 salsam
448 408 576 459 mutatur.
617 401 759 457 Habemus
773 402 884 473 insuper
898 420 981 473 rupes
1020 401 1288 467 mentaanatomica,
1301 402 1412 468 utimur,
1425 408 1458 456 nt
1470 400 1505 454 ab
1519 399 1563 464 iis,
1578 394 1646 470 quid
1659 396 1718 452 fieri
1732 410 1822 468 possit

185 486 215 539 in
235 484 325 539 medio
344 485 436 546 maris,
451 492 479 538 et
495 484 556 537 loca
576 483 700 553 quaedam
718 482 813 552 aprica
836 483 870 536 ad
890 482 981 537 littora
1019 483 1093 535 circa
1118 499 1216 552 corpus
1241 481 1402 546 humanum,
1431 482 1520 535 lucem
1553 478 1732 546 accipiamus
1788 477 1821 531 ln

185 565 254 635 ipsa,
275 580 325 633 pro
346 563 506 634 quibusdam
526 562 653 632 operibus
667 561 823 626 efficiendis,
838 561 866 615 in
881 562 980 633 quibus
1019 563 1119 633 quibus
1141 559 1280 616 mirabiles
1298 560 1398 615 multos
1421 562 1532 614 effectus
1554 558 1715 628 reperimus,
1735 556 1821 609 veluti

185 660 251 698 aura
272 643 355 698 maris
377 641 531 713 requiritur.
573 640 714 695 Habemus
735 657 841 712 quoque
859 641 980 712 gurgites
1019 641 1131 695 vitain
1153 641 1188 695 iis
1212 640 1451 703 continuationem,
1473 639 1540 692 licet
1561 635 1700 691 nonnulla
1723 644 1820 703 partes,

184 723 302 793 rapidos,
318 730 346 775 et
358 728 514 784 cataractas,
529 720 564 774 ad
578 737 656 774 usum
670 719 848 788 complurium
858 732 980 775 motuum
1018 737 1147 790 quassos
1161 738 1212 791 pro
1224 720 1352 773 vitalibus
1363 719 1479 784 habetis,
1488 717 1626 787 perierint,
1636 724 1822 769 autextracta

184 801 379 856 violentorum:
401 799 573 855 adsimilem
592 816 670 853 usum
688 799 820 853 habemus
839 800 981 854 machinas
1018 799 1134 865 luerint,
1155 800 1390 854 resuscitationem
1411 797 1610 858 nonnullarum,
1640 813 1703 866 quae
1730 796 1819 863 specie

184 879 345 950 complures,
369 897 430 951 quae
451 887 545 934 ventos
570 879 717 950 excipiant,
741 878 928 949 multiplicent,
953 887 981 933 et
1018 887 1097 933 tenus
1124 888 1238 934 mortuae
1266 887 1350 943 erant,
1379 888 1406 932 et
1432 877 1545 932 similia.
1592 875 1820 944 Experimenturn

183 961 321 1015 roborent.
1018 959 1101 1012 etiam
1123 959 1254 1014 sumimus
1274 975 1356 1029 super
1375 958 1437 1011 illas
1460 972 1628 1011 venenorum
1649 955 1778 1015 omnium,
1792 963 1820 1006 et

225 1045 241 1073 ‘⁴
256 1040 397 1094 Habemus
411 1038 494 1092 etiam
509 1045 604 1109 puteos
618 1036 725 1102 multos,
741 1045 769 1091 et
791 1038 878 1092 fontes
898 1038 980 1092 artifi·
1018 1039 1207 1103 antidotorum,
1222 1047 1250 1092 et
1263 1037 1378 1092 aliorum
1399 1037 1670 1096 medicamentorum,
1686 1044 1743 1086 tam
1760 1033 1817 1086 chi-

184 1118 277 1184 ciales,
294 1119 330 1172 ad
349 1119 530 1173 imitationem
548 1117 712 1173 naturalium
736 1118 931 1188 scaturiginum
952 1125 981 1173 et
1018 1119 1196 1188 rurgicorum,
1212 1134 1294 1188 quam
1306 1117 1519 1180 medicinalium,
1533 1122 1564 1168 ut
1576 1114 1685 1183 corpori
1701 1113 1818 1165 humano

183 1199 342 1253 balneorum
366 1198 451 1252 iactos
470 1197 587 1262 vitriolo,
612 1196 751 1267 sulphure,
773 1196 897 1266 chalybe,
917 1215 979 1263 aare,
1018 1197 1116 1251 melius
1130 1214 1282 1252 caveamus.
1322 1197 1389 1251 Arte
1410 1197 1494 1250 etiarn
1515 1194 1655 1249 reddimus
1676 1192 1746 1245 alias
1761 1208 1815 1245 ma·

184 1279 304 1349 plumbo,
317 1278 396 1342 nitro,
410 1288 438 1332 et
450 1277 513 1331 aliis
527 1276 703 1331 mineralibus
713 1276 826 1331 tinctos:
847 1276 980 1332 habemus
1015 1277 1099 1344 jures,
1114 1284 1140 1330 et
1153 1278 1330 1347 proceriores,
1339 1293 1421 1347 quam
1435 1292 1485 1345 pro
1498 1282 1598 1328 natura
1611 1289 1676 1336 sua;
1692 1279 1814 1334 econtra,

183 1358 296 1428 iusuper
309 1364 405 1427 puteos
419 1363 448 1411 et
462 1356 633 1427 receptacula
646 1372 738 1426 parva,
753 1356 788 1409 ad
806 1373 897 1412 rerum
909 1356 979 1412 mul·
1018 1355 1087 1410 alias
1101 1356 1318 1419 uanasiacimus,
1329 1364 1356 1410 et
1369 1363 1472 1410 statura
1482 1356 1557 1424 justa
1571 1352 1732 1422 privamus:
1753 1367 1815 1419 prs·

184 1445 272 1492 tarum
285 1436 465 1501 inlusionem
487 1437 533 1489 ubi
547 1452 619 1506 aqua
634 1439 756 1504 (currens
770 1436 885 1505 scilicet)
900 1437 980 1490 virtu-
1019 1445 1095 1490 terea
1108 1434 1178 1490 alias
1192 1436 1346 1499 feraciores,
1359 1444 1386 1488 et
1408 1444 1490 1505 partu
1510 1432 1716 1488 numerosiores
1735 1431 1814 1484 reddi-

183 1522 239 1571 tem
253 1532 395 1586 corporum
408 1514 507 1571 melius
526 1525 553 1569 et
567 1515 695 1578 vivacius,
710 1531 792 1586 quam
812 1516 841 1569 in
855 1515 937 1582 vasis,
952 1525 980 1569 ιι
1018 1531 1086 1580 mus,
1097 1532 1179 1586 quam
1187 1525 1283 1569 natura
1292 1531 1386 1569 earum
1395 1512 1464 1577 iert;
1479 1523 1608 1575 econtra,
1620 1511 1693 1565 alias
1704 1510 1812 1575 steriles,

183 1596 288 1661 catinis,
312 1594 425 1665 excipit.
467 1594 543 1649 luter
565 1611 633 1666 quos
655 1594 789 1650 habemus
812 1594 927 1666 aliquos,
951 1595 980 1648 in
1018 1601 1047 1648 et
1073 1594 1245 1666 generationi
1272 1595 1388 1664 ineptas.
1428 1593 1519 1648 Ιιιιιιιι
1547 1592 1648 1654 colore,
1671 1591 1767 1661 figura,
1787 1601 1814 1643 et

184 1675 283 1746 quibus
296 1674 525 1744 conticituraqua,
540 1691 622 1745 quam
635 1690 771 1739 vocamus,
784 1675 912 1745 paradisi,
931 1691 981 1745 per
1018 1674 1197 1739 animositate,
1212 1691 1259 1728 eas
1283 1672 1375 1728 multis
1394 1674 1483 1728 modis
1497 1673 1644 1726 variamus
1689 1669 1814 1724 Procura-

183 1755 395 1825 prarparatinnes
422 1754 554 1825 quasdam
580 1760 687 1808 nostras
707 1752 786 1808 valde
810 1754 926 1809 salubris
950 1760 979 1808 et
1018 1771 1078 1808 mus
1105 1755 1188 1807 etiam
1220 1754 1348 1831 misturae
1380 1760 1408 1806 et
1442 1752 1631 1822 copulationes
1659 1748 1816 1803 animalium

184 1833 283 1889 efficax
296 1832 369 1887 tacta
381 1833 417 1886 ad
430 1834 575 1887 sanitatem
589 1841 618 1886 et
631 1832 841 1904 longaevitatem.
1017 1832 1184 1888 diversamm
1202 1824 1362 1903 specierum,
1376 1850 1436 1904 quae
1450 1848 1534 1885 novas
1554 1831 1663 1901 species
1684 1830 1815 1898 produxe·

224 1913 397 1967 “Habemus
410 1912 492 1967 etiam
506 1911 620 1966 aedificia
634 1911 727 1982 ampla
744 1920 771 1967 et
791 1913 929 1982 spatiosa,
951 1913 980 1966 in
1018 1920 1087 1977 runt,
1100 1930 1189 1985 neque
1203 1920 1293 1967 tamen
1308 1928 1355 1966 eas
1369 1909 1485 1975 steriles,
1500 1922 1582 1980 prout
1600 1909 1754 1963 communis
1767 1909 1818 1962 sert

183 1992 282 2064 qmbus
294 1992 465 2046 imitamenta
479 1999 505 2046 et
525 1992 780 2061 repraesentationes
798 1999 980 2047 meteoromm
1018 1992 1119 2084 opinio.
1161 1993 1283 2063 Insuper,
1298 1990 1437 2083 cpmplura
1450 2007 1552 2061 genera
1566 1990 1743 2058 serpentium,
1757 2005 1817 2040 ver·

182 2072 364 2127 exhibemus.
385 2070 475 2136 veluti,
490 2070 569 2134 nivis,
589 2070 739 2140 grandinis,
759 2070 865 2140 pluviae,
888 2070 979 2163 pluvi·
1018 2073 1111 2135 mium,
1125 2088 1287 2135 muscarum,
1299 2072 1424 2141 piscium,
1436 2087 1471 2123 ιι
1483 2069 1681 2139 putrefactione
1696 2068 1817 2137 produci-

183 2166 261 2205 arum
274 2150 456 2206 artificialium
470 2166 507 2204 ex
520 2150 677 2220 corporibus
690 2151 785 2214 mistis,
806 2168 861 2204 non
882 2151 979 2219 aquisr
1019 2169 1094 2213 mus;
1110 2148 1675 2241 quorumnonnulloeinperfectasspecies
1684 2156 1818 2202 maturan-

183 2230 340 2294 tonitruum,
350 2228 495 2300 fulgurum,
506 2229 729 2293 coruscationum,
739 2237 766 2283 et
774 2230 980 2300 generationum
1018 2240 1069 2295 tur,
1084 2231 1153 2285 sicut
1167 2248 1239 2296 aves,
1254 2239 1301 2284 aut
1315 2230 1417 2291 bestiae,
1432 2236 1479 2283 aut
1501 2227 1548 2281 alii
1569 2229 1680 2298 pisces;
1702 2234 1729 2280 et
1749 2244 1815 2281 sexu

182 2308 382 2365 insectorumet
390 2308 615 2363 animalculorum
626 2308 656 2361 in
666 2307 737 2374 aere,
748 2309 834 2364 veluti
844 2326 979 2375 ranarum,
1018 2311 1247 2372 discriminantur,
1271 2317 1298 2363 ιι
1321 2319 1460 2380 generant.
1502 2309 1603 2379 Neque
1632 2316 1726 2361 tamen
1752 2324 1817 2361 casn

183 2405 345 2453 muscarum,
359 2388 531 2452 locustamm,
545 2395 573 2441 et
586 2388 711 2442 aliorum.
743 2424 748 2437 ·
1017 2389 1070 2444 hoc
1091 2389 1213 2455 iacimus,
1235 2389 1283 2444 sed
1304 2390 1370 2443 satis
1390 2389 1517 2443 novimus
1536 2405 1573 2442 ex
1599 2386 1676 2459 quali
1701 2388 1818 2441 materia

224 2473 240 2499 “
255 2467 397 2522 Habemus
407 2469 489 2522 etiam
503 2467 628 2523 cubicula
638 2466 776 2535 nonnulla,
785 2487 846 2541 quae
856 2468 981 2523 cubicula
1019 2468 1099 2542 quale
1114 2470 1216 2523 animal
1231 2470 1266 2523 sit
1280 2467 1457 2538 producibile.

183 2547 307 2602 sanitatis
321 2564 456 2613 vocamus,
470 2548 517 2603 ubi
531 2547 622 2602 aerem
635 2547 670 2600 ad
683 2546 790 2602 libitum
804 2549 941 2619 tingimus,
953 2557 981 2603 et
1059 2554 1075 2580 “
1090 2549 1231 2603 Habemus
1240 2549 1322 2603 etiam
1336 2548 1456 2618 piscinas
1464 2546 1653 2617 particulares,
1662 2546 1708 2599 ubi
1719 2545 1818 2599 similis

182 2633 373 2697 temperamus,
387 2634 468 2697 prout
485 2627 520 2681 ad
539 2626 692 2681 curationes
711 2627 891 2698 complurium
911 2645 980 2682 mor·
1017 2629 1173 2698 experimur
1199 2629 1228 2682 in
1255 2627 1384 2699 piscibus,
1412 2644 1473 2699 quae
1501 2628 1578 2698 prius
1606 2626 1641 2680 de
1667 2625 1768 2688 bestiis,
1791 2636 1819 2679 et

172 2705 285 2770 borum,
300 2715 327 2761 et
347 2707 580 2761 conservationem
593 2705 766 2773 valetudinis,
780 2707 936 2771 conducere,
951 2716 979 2761 et
1017 2708 1111 2763 avibus
1125 2709 1254 2763 diximus.

182 2786 320 2857 proprium
335 2802 403 2851 esse,
415 2784 578 2860 judicamus
1058 2788 1230 2842 “Habemus
1247 2787 1330 2841 etiam
1350 2786 1410 2840 loca
1427 2785 1539 2857 propria
1560 2785 1596 2838 ad
1614 2785 1819 2857 generationem

224 2865 394 2920 “Habemus
415 2866 496 2921 etiam
516 2865 614 2920 balnea
633 2865 756 2937 pulchra,
775 2874 804 2920 et
822 2866 922 2938 ampla,
942 2883 980 2922 ex
1017 2867 1150 2935 ejusmodi
1165 2868 1304 2931 vermium,
1320 2874 1347 2920 ιι
1369 2883 1531 2929 muscarum,
1547 2883 1610 2935 quae
1623 2866 1703 2920 vobis
1726 2867 1818 2935 incog-

182 2944 296 3001 diversis
318 2946 450 3010 mixturis,
471 2947 506 3000 ad
526 2948 692 3001 curationem
713 2946 891 3016 complurium
906 2964 979 3001 mor·
1017 2948 1088 3012 nitae,
1103 2956 1131 3002 et
1144 2948 1278 3017 imprimis
1291 2946 1372 3002 utiles
1385 2955 1465 3002 sunt:
1487 2945 1582 3018 quales
1600 2954 1666 3000 sunt
1684 2945 1759 3017 apud
1771 2959 1819 2999 ros

182 3024 285 3090 borum,
295 3033 322 3079 et
333 3026 451 3094 corporis
461 3026 574 3081 humani
588 3026 812 3081 restaurationem
827 3026 862 3080 ab
876 3026 979 3081 arefac·
1017 3026 1171 3096 bombyces,
1187 3035 1302 3097 stapes

183 3103 273 3169 tione,
288 3104 343 3158 alia
356 3104 422 3159 item
441 3106 475 3159 ad
488 3105 696 3170 roborationem,
713 3115 739 3160 et
754 3105 979 3161 confortationem
1058 3112 1074 3137 “
1087 3107 1152 3161 Non
1168 3115 1195 3161 te
1208 3106 1362 3161 remorabor
1376 3104 1614 3159 commemorando
1627 3104 1727 3176 quales
1736 3103 1820 3158 habe·

182 3197 335 3246 nervorum,
356 3185 473 3252 partium
492 3184 623 3249 vitalium,
644 3193 726 3257 atque
748 3185 835 3257 ipsius
858 3187 979 3256 corporis
1017 3203 1077 3241 mus
1097 3186 1192 3241 domus
1213 3204 1262 3255 pro
1281 3185 1463 3247 conficiendis,
1478 3186 1550 3248 vino,
1565 3185 1663 3244 sicera,
1679 3184 1819 3246 cerevisia,

183 3261 256 3317 succi
270 3271 298 3316 et
311 3262 477 3319 substantia.
1017 3274 1045 3319 et
1058 3266 1119 3320 aliis
1139 3267 1254 3336 potibus,
1268 3274 1316 3318 ιιιι
1329 3282 1379 3336 pro
1397 3263 1512 3334 panibus
1527 3264 1694 3318 omnimodis
1708 3263 1819 3316 contici-

224 3347 240 3372 “
256 3341 396 3396 Habemus
418 3345 501 3397 etiam
522 3344 653 3414 pomaria,
666 3352 694 3399 et
714 3344 808 3398 hortos
828 3345 933 3415 amplos
951 3352 980 3399 ct
1017 3345 1110 3399 endis:
1131 3354 1178 3399 aut
1192 3344 1306 3410 culinas,
1320 3345 1348 3398 in
1363 3345 1460 3415 quibus
1474 3343 1657 3397 conficiuntur
1670 3351 1700 3396 ιι
1715 3359 1819 3413 praepa·

182 3420 278 3485 varios,
286 3420 425 3493 inquibus
438 3439 491 3476 non
507 3430 562 3478 tam
575 3425 653 3479 nobis
664 3423 737 3478 cordi
752 3434 793 3478 est
807 3423 978 3494 pulchritudo
1017 3433 1110 3480 rantur
1118 3425 1187 3493 jura,
1196 3425 1250 3479 cibi
1261 3425 1314 3479 rari
1325 3422 1493 3487 etinusitati,
1505 3423 1539 3476 ad
1551 3423 1668 3477 effectus
1678 3421 1819 3492 speciales

182 3499 399 3556 ambulacrorum
419 3510 446 3555 et
467 3503 604 3569 similium,
619 3521 700 3575 quam
715 3503 831 3558 varietas
853 3514 931 3558 ιιιιιι
953 3512 979 3559 ιι
1017 3503 1089 3558 Vina
1108 3504 1239 3559 habemus
1258 3521 1295 3558 ιι
1314 3504 1393 3558 uvis:
1415 3509 1496 3573 potus
1514 3503 1582 3556 item
1603 3519 1640 3556 ιι
1654 3501 1720 3555 aliis
1734 3501 1820 3556 succis

182 3579 244 3645 soli,
266 3581 381 3635 dirersis
402 3582 545 3637 arboribus
566 3592 595 3637 ιι
617 3583 711 3637 herbis
734 3584 845 3654 proprii.
886 3584 979 3654 Aliqui
1017 3584 1160 3648 fructuum,
1185 3584 1386 3638 decoctionibus
1408 3598 1565 3652 granorum,
1587 3590 1615 3635 ιι
1636 3582 1770 3644 radicum,
1793 3588 1820 3633 et

182 3668 274 3714 autem
294 3678 387 3715 eorum
411 3662 551 3717 arboribus
574 3670 602 3717 et
622 3663 713 3717 baccis
730 3663 827 3716 consiti
850 3672 920 3726 sunt,
944 3663 979 3717 ad
1016 3664 1138 3719 misturis
1150 3663 1248 3727 mellis,
1259 3662 1389 3726 sacchari‚
1401 3662 1661 3726 manumimctuum
1674 3660 1820 3714 multorom

181 3746 293 3808 potuum
306 3738 447 3810 complura
461 3758 562 3813 genera
576 3742 750 3807 conficienda,
766 3750 863 3812 prater
875 3743 977 3797 vineas.
1017 3743 1098 3812 (sicut
1111 3744 1141 3797 iu
1154 3744 1214 3797 uvis
1229 3743 1345 3812 iaciunt)
1361 3757 1520 3812 passorum;
1542 3742 1625 3794 etiam
1640 3758 1678 3795 ex
1691 3741 1819 3809 lacrymis

182 3817 216 3871 In
245 3818 289 3873 his
316 3821 398 3874 etiam
422 3821 610 3891 experimenta
630 3822 744 3876 facimus
764 3822 930 3886 insitionum,
952 3831 979 3877 et
1016 3823 1151 3886 arborum,
1166 3830 1193 3876 et
1206 3820 1331 3876 medullis
1352 3820 1523 3874 arundinum.
1565 3819 1653 3873 Potus
1668 3829 1761 3874 autem
1774 3820 1819 3873 isti

181 3896 402 3965 inoculationum,
429 3901 556 3955 arborum
591 3910 647 3955 tam
681 3901 862 3970 sylvestrium,
895 3918 978 3973 quam
1016 3910 1078 3956 sunt
1091 3911 1202 3956 astatum
1219 3902 1395 3965 diversarum,
1408 3899 1530 3954 nonnulli
1551 3917 1641 3970 nsque
1663 3901 1700 3953 ad
1720 3917 1819 3953 annum

182 3975 389 4044 fructiferarum,
401 3998 462 4051 quse
474 3980 572 4035 multos
587 3989 614 4035 et
627 3998 742 4051 magnos
755 3981 869 4035 effectus
883 3981 979 4050 produ·
1017 3982 1252 4053 quadragesimum
1267 3981 1373 4035 servati.
1416 3979 1558 4033 Habemus
1572 3982 1656 4033 etiam
1671 3988 1754 4050 potua
1767 3995 1820 4032 me-

181 4064 253 4110 cunt
293 4056 381 4128 Atque
396 4060 527 4114 efficimus
550 4077 599 4130 per
612 4068 705 4124 artem,
719 4061 748 4113 in
768 4060 866 4114 iisdem
885 4077 978 4130 poma·
1017 4061 1120 4115 dicatos
1132 4079 1167 4115 ex
1181 4060 1361 4115 inlusionibus
1373 4068 1402 4113 et
1415 4059 1543 4112 mixturis
1557 4059 1732 4113 diversarum
1752 4059 1819 4112 radi-

181 4134 230 4189 riis
251 4142 280 4188 et
297 4136 392 4202 bortis,
405 4148 436 4193 ut
451 4140 554 4198 fructus
575 4148 603 4194 ιι
618 4142 699 4194 flores
719 4140 881 4210 proveniant
898 4140 978 4194 citius
1016 4158 1085 4205 cum,
1100 4141 1254 4204 herbarum,
1270 4146 1431 4200 aromatum,
1447 4139 1512 4209 quin
1530 4145 1558 4190 et
1575 4138 1679 4192 additis
1698 4139 1818 4209 quando-

181 4221 228 4268 aut
257 4215 351 4280 serius,
380 4235 463 4288 quam
490 4236 540 4289 pro
567 4227 725 4289 tempestate
753 4235 818 4273 ιιι·
847 4220 919 4282 item,
947 4229 978 4273 ut
1017 4238 1068 4291 que
1083 4219 1216 4284 carnibus,
1231 4220 1297 4284 ovis,
1313 4218 1468 4280 lacticiniis,
1484 4225 1512 4270 ιι
1532 4217 1594 4272 aliis
1610 4218 1768 4281 esculentis,
1782 4235 1818 4272 ιι

180 4293 330 4349 minoribus
350 4296 501 4352 intervallis
520 4298 661 4369 pullulent,
682 4299 842 4369 germinent,
858 4306 884 4353 ιι
905 4298 977 4353 ιιιι-
1016 4301 1114 4371 quibus
1135 4299 1243 4369 potibus
1263 4297 1386 4353 nonnulli
1408 4307 1471 4351 sunt
1494 4297 1581 4352 instar
1605 4298 1662 4351 cibi
1688 4306 1717 4352 et
1739 4306 1818 4367 potus

180 4378 239 4427 tum
253 4373 347 4438 ierant,
359 4391 439 4445 quam
453 4386 548 4432 natura
562 4395 611 4433 sua
625 4386 831 4432 consueverunt.
859 4379 978 4433 Arbores
1016 4379 1187 4458 conjunctim,
1202 4379 1270 4433 adeo
1285 4386 1314 4433 ut
1327 4376 1487 4447 complures,
1507 4378 1662 4446 praesertim
1678 4386 1758 4431 atate
1771 4377 1818 4430 de-

181 4452 265 4506 etiam
292 4460 321 4507 ιι
347 4454 454 4525 plantas
478 4459 636 4526 grandiores
657 4457 797 4520 efficimus,
822 4475 903 4528 quam
927 4475 978 4528 pro
1016 4446 1126 4529 crepita,
1141 4476 1177 4512 ex
1191 4457 1246 4512 illis
1260 4457 1325 4512 solis
1345 4457 1445 4520 vivant,
1464 4473 1525 4509 cum
1547 4458 1660 4527 exigno,
1675 4465 1724 4511 aut
1742 4456 1818 4510 nullo

179 4540 276 4588 natura
289 4549 355 4598 sua,
376 4544 403 4588 et
424 4535 528 4591 fructus
542 4555 633 4592 earum
648 4538 763 4605 majores
777 4544 805 4590 et
824 4537 976 4600 suaviorem
1016 4554 1066 4591 usu
1079 4538 1141 4603 cibi,
1152 4546 1199 4592 aut
1212 4538 1299 4607 panis.
1341 4537 1430 4608 Atque
1441 4544 1504 4589 ante
1515 4552 1607 4590 omma
1617 4536 1818 4600 contendimus,

181 4621 261 4683 atque
285 4629 390 4682 sapore,
406 4614 495 4680 odore,
515 4616 613 4681 colore,
635 4624 662 4670 et
680 4617 767 4686 figura
786 4616 978 4671 differentesa
1015 4626 1046 4670 ut
1066 4627 1147 4688 potus
1169 4617 1387 4672 tenuissimarum
1411 4616 1529 4685 partium
1552 4616 1741 4679 conficiamus,
1763 4634 1819 4687 qno

179 4693 270 4760 specie
286 4709 349 4746 sua:
372 4702 400 4746 et
417 4694 517 4748 multos
531 4714 568 4750 ιι
581 4697 616 4750 iis
629 4698 668 4750 ita
686 4712 879 4766 praeparamus,
894 4704 922 4749 ut
943 4697 977 4750 ad
1016 4696 1124 4750 facilius
1147 4696 1176 4750 in
1198 4714 1296 4767 corpus
1317 4713 1347 4750 se
1367 4695 1514 4759 insinuent,
1539 4694 1587 4749 sed
1612 4696 1720 4766 absque
1743 4697 1817 4749 omni

179 4785 243 4826 usus
261 4772 435 4828 medicinales
450 4773 566 4830 valeant
609 4775 750 4830 Habemus
771 4776 854 4829 etiam
875 4775 976 4839 modos,
1015 4776 1198 4842 mordacitate,
1226 4774 1381 4838 acrimonia,
1408 4783 1457 4828 aut
1483 4776 1655 4829 corrosione:
1691 4774 1761 4828 adeo
1787 4787 1818 4828 ut

179 4865 229 4919 per
239 4868 306 4922 quos
317 4851 422 4921 plantas
434 4853 594 4924 complures,
606 4873 655 4925 per
663 4854 735 4907 solas
746 4863 823 4909 terrae
832 4854 975 4920 mixturas,
1014 4854 1138 4909 nonnulli
1151 4872 1253 4919 eorum,
1267 4871 1349 4925 super
1368 4854 1479 4907 dorsum
1496 4871 1592 4908 manus
1606 4855 1740 4923 impositi,
1754 4867 1817 4924 post

179 4929 282 5000 absque
309 4933 422 4995 semine,
445 4950 601 5003 exsurgere,
623 4940 651 4988 ιι
675 4950 804 4999 ιιιιιιιι,
826 4934 976 4989 iaciamus:
1015 4935 1145 5005 exiguam
1167 4952 1280 4999 moram,
1303 4932 1501 4988 insensibilitas
1525 4933 1610 4987 ferme
1632 4932 1669 4986 ad
1693 4933 1815 5001 palmam

180 5015 260 5078 atque
275 5010 357 5064 etiam
372 5029 455 5066 novas
469 5019 497 5066 et
511 5013 663 5084 incognitas
678 5013 786 5082 plantas
800 5013 945 5078 educimus,
961 5031 978 5067 a
1015 5015 1211 5083 penetrabunt3
1233 5015 1280 5086 qui
1301 5022 1392 5067 tamen
1410 5012 1540 5083 lingnam,
1555 5021 1602 5065 aut
1615 5011 1748 5081 palatum,
1762 5029 1816 5066 non

179 5087 336 5157 vulgaribus
356 5089 519 5156 differentes,
534 5101 614 5163 atque
636 5093 743 5162 plantas
757 5110 793 5147 ex
813 5108 867 5146 una
886 5095 977 5162 specie
1015 5094 1183 5148 mordebunt.
1225 5094 1367 5147 Habemus
1381 5092 1465 5145 etiam
1482 5108 1575 5161 aquas,
1591 5107 1659 5162 quas
1672 5091 1712 5144 ita
1727 5101 1815 5145 mata-

179 5166 207 5218 in
221 5166 303 5220 aliam
318 5176 536 5225 transmutamus.
1015 5191 1115 5236 ramus,
1131 5181 1159 5227 ut
1169 5174 1306 5228 nutritivae
1320 5171 1400 5243 plane
1415 5172 1488 5234 fiant,
1500 5180 1526 5224 et
1539 5171 1569 5224 in
1583 5179 1666 5241 potus
1680 5170 1815 5224 excellen-

220 5252 235 5275 “
251 5246 391 5301 Habemus
405 5250 489 5303 etiam
502 5258 587 5320 septa,
602 5257 629 5304 et
642 5250 752 5312 vivaria,
768 5267 816 5320 pro
836 5252 930 5306 bestiis
951 5262 978 5307 et
1016 5260 1057 5306 tes
1073 5253 1202 5316 evadant3
1224 5252 1294 5307 unde
1314 5249 1468 5320 complures
1488 5249 1544 5303 alio
1566 5257 1632 5319 potu
1652 5249 1693 5303 uti
1714 5249 1813 5303 nolint.

181 5324 275 5376 aribus
290 5326 460 5395 omnigenisr
483 5330 587 5396 quibus,
601 5346 655 5383 non
669 5339 724 5382 tarn
744 5338 856 5399 propter
872 5332 977 5385 novita·
1016 5331 1105 5384 Panes
1125 5332 1258 5394 habemus
1280 5349 1315 5385 ex
1333 5329 1447 5384 dirersis
1460 5329 1561 5399 granis,
1576 5329 1722 5392 radicibus,
1736 5329 1812 5382 nuci·

181 5406 236 5453 tem
256 5409 283 5453 ιι
305 5404 449 5470 ιιιιιιιιιι,
471 5423 552 5476 quam
572 5408 607 5461 ad
626 5408 802 5463 dissentiones
823 5419 849 5465 et
869 5412 978 5481 experi-
1016 5410 1072 5476 bus,
1088 5419 1114 5466 et
1128 5410 1280 5482 glandibus,
1295 5409 1402 5482 aliquos
1415 5410 1499 5465 etiam
1513 5424 1550 5464 ex
1568 5409 1695 5463 carnibus
1713 5417 1741 5462 et
1754 5409 1811 5478 pis·
