3800 5875
258 298 316 355 aba
670 300 809 356 caPITa
831 298 1104 356 HISTORIARUM
1125 299 1457 356 PARTICULARIUM.

258 455 335 527 iacti)
360 458 518 529 adjicienda
539 467 609 524 sunt,
623 466 653 514 ιιι
672 458 876 530 inquisitionem
892 456 1050 514 ulteriorem
1085 459 1284 532 quadrigarum,
1299 461 1374 528 etc,)
1389 460 1438 514 vix
1450 458 1534 514 etiam
1546 458 1619 514 linea
1631 466 1710 526 recta,
1726 460 1774 515 nisi
1789 462 1840 518 forte

256 548 405 608 provocent
415 548 443 593 et
450 538 603 593 solicitant:
616 547 655 600 ut,
663 539 691 591 in
706 537 820 592 historia
834 545 949 592 terraeet
958 539 1048 602 maris,
1083 539 1113 592 in
1128 540 1238 611 cingulo
1251 547 1279 594 et
1292 539 1410 610 pugione
1420 538 1537 593 Orionis.

255 625 347 672 utrum
360 635 435 672 mare
450 618 580 689 Caspium
595 619 660 672 fluat
674 626 702 670 et
716 619 820 679 refluat,
835 625 862 670 et
879 616 954 687 quali
971 617 1050 672 hora·
1124 619 1230 684 Quinto,
1242 619 1348 688 jurabit
1357 619 1471 672 sortasse
1480 617 1605 672 nonnihil
1619 626 1778 688 quereum,
1787 623 1841 691 quod
1858 635 1859 662 ι

255 714 316 751 ram
330 698 432 768 spatio;
454 707 544 751 utrum
558 698 595 751 sit
607 696 701 767 aliqua
712 697 853 751 continens
866 695 999 760 australis,
1013 714 1049 750 an
1083 698 1239 753 credentem
1252 714 1362 768 prorsus
1370 706 1508 766 pervertat
1521 705 1548 751 et
1559 698 1668 767 perdat;
1681 699 1727 752 ris.
1741 705 1767 752 ut
1777 702 1840 769 opiui

255 777 346 847 potius
359 777 470 840 insulae3
486 785 512 830 et
525 776 635 830 similia.
1084 793 1157 842 ones,
1173 795 1234 848 ques
1252 794 1324 831 nanc
1343 785 1461 846 receptas
1480 785 1550 841 sunt,
1563 794 1625 830 cum
1639 792 1727 831 aarum
1739 780 1840 832 varietate

297 855 429 920 Secundo,
437 857 466 909 in
477 857 665 925 experimento
675 855 767 925 aliquo
776 870 846 909 novo
860 859 888 907 et
900 853 1048 919 subtiliore,
1084 863 1111 909 et
1125 857 1213 923 seoda,
1228 856 1303 910 brevi
1323 856 1468 910 verborum
1485 855 1638 925 complexa,
1652 864 1680 909 et
1696 863 1805 928 tanqum
1820 858 1840 912 in
1858 879 1859 886 ¹

256 934 394 990 addendus
408 943 449 989 est
462 935 557 989 modus
571 936 631 1006 ipse
645 935 834 1004 experimenti,
849 934 896 1004 qui
910 933 1049 989 adhibitus
1084 937 1198 990 usnsitu
1219 942 1426 1001 mcensesnturq
1446 943 1476 990 ut
1498 935 1667 990 intellectum
1686 936 1801 1002 adliceat,
1820 947 1840 991 et

256 1021 315 1069 est:
336 1023 366 1068 nt
378 1015 494 1068 liberum
508 1016 544 1068 sit
556 1014 697 1069 hominum
707 1013 848 1080 judicium,
863 1021 952 1066 utrum
967 1012 1050 1066 inior·
1082 1014 1154 1069 nihil
1166 1016 1293 1086 amplius.

255 1093 341 1148 matio
357 1110 407 1163 per
420 1094 636 1162 experimentum
649 1092 716 1146 illud
730 1093 767 1147 sit
779 1092 862 1147 fidum
876 1099 923 1146 ant
944 1090 1047 1156 sallaxr

256 1179 339 1243 atque
354 1174 437 1227 etiam
452 1174 586 1228 excitetur
599 1172 740 1227 hominum
756 1171 890 1225 industria
902 1170 938 1224 ad
954 1172 1050 1241 exqui-

256 1252 354 1306 rendos
367 1253 461 1306 modos
476 1253 512 1320 (si
526 1252 586 1306 dari
600 1253 698 1322 possit)
713 1251 801 1322 magis
812 1257 960 1305 accuratos.
1122 1247 1212 1319 Atque
1225 1248 1286 1303 haec
1300 1249 1443 1313 sufficient,
1454 1255 1588 1320 quatenns
1598 1249 1634 1303 ad
1647 1257 1771 1321 praecepta
1781 1267 1839 1322 gene
1858 1311 1859 1314 Ἰ

296 1331 396 1397 Tertio,
411 1332 434 1385 si
453 1330 519 1400 quid
535 1331 624 1386 subsit
644 1331 673 1385 in
693 1330 785 1401 aliqua
800 1331 954 1384 narratione
972 1328 1047 1383 dubii
1082 1326 1168 1382 saliae
1189 1345 1251 1398 quse
1263 1328 1289 1383 si
1301 1328 1446 1399 diligenter
1460 1329 1645 1392 observentur,
1658 1338 1686 1384 et
1704 1330 1774 1384 finem
1785 1339 1838 1384 recu

255 1410 300 1464 vel
313 1410 439 1480 scrupuli,
460 1410 488 1463 id
508 1410 640 1481 supprimi
661 1418 708 1463 aut
725 1409 833 1463 reticeri
851 1410 961 1463 omnino
974 1407 1048 1463 nolu·
1082 1413 1157 1476 petet
1167 1407 1220 1461 hac
1232 1407 1435 1477 opushistorire,
1445 1424 1496 1461 nec
1511 1416 1651 1462 excrescet
1664 1408 1837 1479 supramodum

255 1507 333 1554 mus;
347 1490 395 1544 sed
409 1489 489 1560 plane
504 1499 530 1543 et
543 1488 881 1560 perspicueascribi,notas
894 1488 1047 1541 autmoniti
1082 1485 1159 1545 Quod
1181 1486 1206 1540 si
1228 1486 1319 1549 etiarn,
1341 1493 1419 1556 prout
1438 1487 1669 1542 circumscribitur
1686 1497 1713 1542 et
1730 1487 1836 1552 limitatur,
1858 1495 1859 1532 ἰ

254 1567 324 1623 loco.
366 1568 498 1640 Cupimus
511 1570 583 1622 enim
599 1567 739 1622 historiam
753 1565 1049 1636 primam,velutiiacto
1081 1571 1187 1618 vastum
1202 1582 1269 1635 opus
1283 1565 1365 1620 alieni
1382 1565 1557 1636 pusillanimo
1571 1567 1658 1622 videri
1678 1568 1769 1637 possit;
1785 1567 1859 1622 isin

255 1657 426 1702 aeramento
439 1647 472 1701 de
481 1647 594 1702 veritate
602 1648 661 1715 ejus
674 1648 703 1701 in
713 1646 835 1717 siugulis,
844 1645 1047 1717 religiosissime
1082 1643 1263 1699 bibliothecas
1272 1643 1365 1699 oculos
1378 1653 1535 1710 convertat3
1551 1653 1586 1709 et,
1601 1646 1672 1700 inter
1684 1644 1742 1710 alis,
1753 1662 1837 1716 corpora
1858 1631 1859 1668 ¹

255 1727 408 1792 conscribi,
429 1744 491 1781 cum
508 1727 544 1780 sit
561 1724 687 1781 volumen
704 1741 816 1795 operum
836 1726 897 1790 Dei,
911 1734 938 1779 et
953 1728 1049 1795 (quan
1079 1723 1149 1791 juris
1167 1723 1256 1778 civilis
1270 1731 1318 1778 aut
1331 1724 1401 1792 J‘uris
1414 1725 1538 1778 canonici
1553 1740 1590 1779 ex
1607 1742 1663 1778 una
1674 1735 1744 1795 parte
1755 1733 1835 1795 spectet
1858 1747 1859 1788 3

255 1813 312 1861 tum
337 1807 410 1860 inter
436 1806 607 1874 majestatem
631 1805 789 1870 divinornm,
813 1813 841 1859 et
866 1803 1048 1859 humilitatem
1082 1809 1109 1855 et
1131 1803 1338 1858 commentarios
1357 1803 1498 1857 doctorum
1519 1812 1547 1857 et
1568 1804 1836 1870 jurisconsultorumes

256 1892 425 1939 terrenorum
438 1883 610 1938 collationem
619 1884 708 1938 iacere
717 1883 811 1952 liceat)
821 1892 949 1954 tanquam
959 1883 1048 1953 Scrip
1082 1879 1185 1947 altera3
1214 1881 1355 1936 strideat
1382 1882 1447 1951 quid
1472 1883 1583 1936 intersit
1609 1883 1697 1953 quoad
1719 1882 1801 1938 molem
1817 1891 1836 1937 rt

256 1965 425 2022 turaaltera.
1081 1961 1225 2015 volumina.
1254 1962 1345 2016 Nobis
1358 1961 1431 2015 eninr
1444 1962 1653 2033 (quitanquam
1665 1959 1834 2024 scribafideln

295 2045 403 2110 Quarto,
414 2057 470 2095 nou
479 2041 530 2095 abs
539 2057 569 2096 re
580 2035 662 2095 luerit
671 2042 873 2099 observationes
886 2041 1048 2113 quandoque
1081 2038 1158 2111 leges
1171 2041 1246 2110 ipsas
1259 2047 1369 2104 naturae,
1383 2049 1410 2094 et
1423 2040 1494 2094 nihil
1506 2040 1583 2095 aliud
1603 2042 1747 2112 excipimur
1758 2048 1780 2094 et
1793 2056 1835 2094 oon

255 2140 400 2194 aspergere
416 2124 458 2194 (id
472 2124 545 2194 qnod
566 2123 599 2178 C.
614 2122 722 2178 Plinius
736 2122 831 2189 iecit):
852 2120 935 2175 veluti
949 2122 978 2174 in
991 2119 1047 2176 hia·
1081 2120 1236 2188 scribimus)
1251 2119 1372 2173 brevitas
1385 2121 1522 2190 competit,
1537 2128 1567 2174 et
1588 2122 1646 2175 iere
1659 2122 1693 2174 ab
1711 2121 1769 2190 ipsis
1779 2120 1835 2174 rebus
1858 2121 1859 2184 J

255 2204 325 2257 toria
338 2211 416 2258 terrra
424 2210 452 2257 et
463 2203 562 2267 marist
578 2202 649 2272 quod
664 2208 795 2256 terrarum
806 2201 891 2270 figura
903 2203 1048 2269 (quatenus
1081 2198 1237 2269 imponitur.
1278 2199 1443 2269 Opinionum
1470 2207 1571 2263 autem,
1600 2208 1628 2253 et
1654 2199 1836 2270 placitorumst

255 2281 345 2335 adhuc
359 2283 467 2352 cognita
480 2283 533 2349 est)
548 2287 673 2351 respectu
686 2282 809 2343 marium,
824 2281 860 2334 sit
874 2280 908 2333 ad
927 2287 1046 2333 anstrum
1082 2277 1304 2347 speculationum,
1315 2294 1370 2331 non
1384 2285 1426 2332 est
1438 2293 1567 2333 numerus
1576 2296 1665 2349 nequa
1678 2280 1741 2334 tinia
1858 2309 1859 2364 q

254 2369 371 2431 angusta
380 2369 407 2415 et
421 2361 504 2415 veluti
519 2361 680 2424 acuminata,
692 2360 727 2413 ad
741 2359 936 2429 septentriones
950 2358 1007 2411 lata
1020 2368 1048 2413 et
1121 2357 1197 2419 Quod
1203 2374 1268 2412 vero
1281 2358 1309 2411 in
1319 2357 1506 2411 distributione
1514 2359 1607 2428 operis
1616 2360 1700 2412 nostri
1710 2357 1834 2412 mendanen
1858 2379 1859 2424 ι

255 2439 360 2510 ampla3
375 2440 497 2505 ararium,
507 2446 613 2494 contra:
628 2439 739 2510 etquod
752 2439 846 2493 oceani
857 2438 951 2509 magni
965 2438 1048 2493 inter·
1081 2435 1196 2490 fecimus
1218 2437 1400 2490 cardinalium
1418 2437 1550 2490 uirtutum
1574 2439 1604 2491 in
1624 2447 1729 2501 natura;
1749 2444 1772 2490 et
1785 2433 1835 2506 qnod
1858 2441 1859 2514 i

254 2525 347 2574 secent
360 2527 445 2574 terras
458 2518 543 2573 alveis
556 2518 722 2589 exporrectis
735 2519 806 2572 inter
819 2523 976 2572 nostramet
989 2533 1048 2587 sep-
1081 2515 1164 2571 etiam
1177 2516 1275 2570 harum
1288 2514 1411 2579 historia,
1426 2523 1574 2587 antequam
1588 2516 1624 2570 ad
1637 2535 1702 2588 opus
1715 2519 1835 2587 interpreta-

253 2598 408 2663 tentriones,
429 2615 482 2652 non
506 2599 578 2653 inter
599 2599 730 2653 orientem
750 2606 777 2652 et
799 2597 974 2660 occidentem,
994 2597 1047 2651 nisi
1081 2596 1164 2650 tionis
1177 2602 1287 2651 rentum
1304 2595 1393 2659 inerit,
1408 2597 1603 2665 perscribenda
1623 2606 1708 2662 esset3
1727 2595 1794 2663 hujus
1808 2593 1835 2646 ui
1858 2605 1859 2664 ι

254 2676 323 2732 lorte
350 2678 380 2731 in
406 2678 537 2732 extremis
566 2678 723 2749 regionibus
750 2675 897 2747 polaribus.
950 2675 1043 2730 Etiam
1081 2675 1193 2729 minime
1208 2674 1285 2728 obliti
1299 2691 1400 2739 sumus,
1415 2676 1461 2730 aed
1476 2693 1537 2730 eam
1550 2676 1633 2731 nobis
1647 2673 1833 2747 ipsisreserrari·
1858 2671 1859 2680 ’

254 2756 437 2828 canones(qui
451 2756 489 2810 nil
502 2756 576 2811 aliud
590 2764 653 2811 sunt
665 2773 746 2829 quam
755 2755 954 2809 observationes
967 2772 1048 2825 gene-
1081 2770 1158 2808 mus:
1173 2772 1235 2809 cum
1248 2755 1282 2809 de
1295 2753 1409 2807 aliorum
1424 2755 1598 2809 industriain
1610 2755 1663 2810 hac
1672 2754 1834 2824 neptunum

253 2834 326 2891 sales
347 2843 377 2890 et
399 2836 553 2903 catholicae)
575 2837 676 2906 optime
699 2836 884 2890 ascnbuntar:
911 2834 995 2888 veluti
1019 2835 1047 2888 in
1081 2832 1276 2889 hominescuru
1291 2841 1389 2888 natura
1402 2833 1484 2902 paulo
1497 2835 1601 2889 arctius
1614 2832 1835 2890 conmercrrence·
1858 2837 1859 2846 ¹

253 2914 371 2971 historia
392 2915 558 2980 colentium,
580 2916 652 2987 qnod
665 2916 758 2971 Venus
774 2930 914 2986 nunquam
933 2913 1048 2969 distata
1081 2912 1180 2982 perint,
1207 2912 1312 2983 prolixe
1336 2914 1470 2985 spondere
1496 2930 1550 2968 non
1581 2915 1731 2970 audeamus.
1776 2911 1833 2965 Nunc

254 2994 318 3050 Sole
344 2995 406 3065 plus
430 2996 553 3066 partibus
576 2995 633 3060 46,
661 2994 815 3050 Mercurius
842 2994 897 3049 23:
925 3002 954 3049 et
976 2994 1048 3064 quod
1081 2993 1172 3065 itaque
1195 2993 1229 3046 ad
1255 2993 1453 3050 delinationem
1470 2994 1648 3050 historiarum
1664 2991 1834 3069 particularius

252 3074 379 3145 planetae,
407 3076 455 3147 qni
488 3090 573 3144 supra
605 3074 697 3129 Solem
727 3073 858 3138 locantur,
892 3074 1044 3127 tardissime
1081 3072 1253 3128 veniendum.

253 3161 388 3218 moveant,
408 3171 469 3208 enar
490 3153 647 3225 longissime
669 3170 687 3207 a
706 3161 779 3208 terra
797 3153 907 3217 absint3
928 3152 1048 3223 planetae
1120 3152 1233 3219 Verum,
1257 3158 1337 3223 prout
1365 3169 1436 3207 nunc
1463 3154 1583 3224 negotiis
1607 3152 1834 3222 distringimus

253 3232 326 3287 inira
339 3233 438 3297 Solem,
451 3233 599 3289 celerrime.
632 3231 713 3289 Aliud
726 3232 838 3303 insuper
851 3231 1047 3286 observationis
1082 3229 1196 3286 ulterius
1208 3232 1328 3302 suppetit
1341 3232 1433 3296 οιιιιιιι,
1448 3249 1531 3303 qnam
1550 3240 1583 3287 nt
1600 3234 1742 3303 castagna
1758 3234 1834 3283 uatum

253 3327 340 3380 genus
361 3312 562 3377 adhibendam
584 3313 655 3384 quod
677 3313 797 3367 nondum
816 3312 846 3365 in
865 3326 944 3366 nsum
963 3312 1046 3376 venit,
1081 3310 1255 3365 lutmiorum
1283 3313 1494 3382 particular-ianr
1523 3312 1672 3367 secundum
1696 3310 1773 3379 capita
1793 3305 1835 3359 sub
1858 3352 1859 3387 3

252 3389 317 3445 licet
343 3391 379 3445 sit
405 3392 479 3447 haud
505 3392 598 3463 exigui
625 3392 764 3446 momenti.
806 3391 878 3445 Illud
905 3389 960 3445 talc
988 3400 1045 3445 est:
1078 3390 1234 3461 jungamus.
1273 3389 1421 3445 Enimvero
1435 3408 1496 3445 cnm
1515 3392 1637 3460 primum
1649 3390 1710 3445 huic
1721 3389 1754 3443 rei
1766 3399 1834 3438 unu
1858 3390 1859 3407 ¹

252 3486 359 3541 nempe,
374 3478 405 3523 ut
425 3472 622 3540 subjungantur
641 3471 678 3525 iis
699 3488 760 3542 qua
781 3478 849 3533 sunt,
864 3485 898 3524 sa
911 3488 972 3541 qum
992 3487 1046 3524 non
1081 3470 1224 3538 possimus,
1243 3469 1388 3524 consilium
1410 3479 1451 3524 eat
1472 3471 1501 3524 in
1523 3471 1649 3541 singulis,
1662 3469 1736 3523 veluti
1750 3467 1836 3520 interro
1858 3460 1859 3489 ³

253 3559 322 3605 sunt.
363 3551 464 3616 Veluti,
474 3552 503 3605 in
517 3551 632 3605 historia
643 3550 802 3614 coelestium,
816 3549 888 3621 quod
902 3566 957 3603 non
970 3549 1044 3603 inve·
1081 3548 1178 3619 gando,
1194 3549 1306 3614 docerer
1328 3549 1421 3620 qualia
1434 3550 1490 3604 sint
1501 3549 1576 3605 circa
1590 3560 1788 3619 unamquamque
1797 3542 1836 3595 his
1858 3570 1859 3603 ι

252 3625 343 3684 uiator
368 3629 448 3684 stella
471 3628 588 3700 oblonga
612 3630 656 3684 rel
683 3630 875 3699 triangularis;
901 3628 949 3682 sed
974 3629 1046 3700 quod
1081 3628 1333 3684 toriarnmillarum
1346 3629 1518 3699 potissimum
1537 3628 1698 3700 inquirenda
1710 3635 1735 3681 et
1748 3620 1835 3679 conecti
1858 3622 1859 3643 ¹

253 3711 342 3763 omnis
355 3708 435 3763 stella
452 3710 490 3764 sit
504 3709 632 3779 globosa:
652 3709 696 3763 vel
716 3708 829 3780 globosa
842 3707 1004 3778 simpliciter
1017 3716 1048 3762 ut
1081 3707 1175 3773 benda
1190 3715 1319 3778 tanquam
1337 3725 1371 3763 aa
1389 3725 1450 3779 quse
1469 3709 1504 3762 sd
1525 3710 1609 3764 finem
1626 3716 1738 3763 nostrum
1755 3702 1835 3758 nunt
1858 3706 1859 3737 ³

252 3787 348 3852 Luna;
370 3788 414 3842 rel
440 3789 475 3842 ad
501 3797 640 3859 aspectum
666 3788 803 3859 angulata,
827 3788 874 3843 sed
900 3788 930 3841 in
956 3787 1048 3842 medio
1080 3788 1165 3841 instar
1198 3789 1345 3859 topicorum
1379 3787 1548 3858 quorundam
1585 3785 1785 3858 particularium
1805 3775 1835 3831 ιε]

253 3867 375 3937 globosa,
390 3875 421 3921 nt
434 3868 545 3939 reliques
558 3867 662 3931 stelloe3
677 3867 721 3922 vel
730 3868 765 3921 ad
778 3876 918 3937 aspectum
932 3874 1045 3930 consata,
1080 3867 1178 3937 potius,
1189 3875 1220 3920 ut
1230 3869 1350 3937 (sumpto
1363 3867 1492 3938 exemplo
1501 3869 1619 3921 scansis
1630 3863 1755 3929 civilibus)
1766 3858 1835 3914 inbre
1858 3894 1859 3899 κ

253 3954 282 4000 et
302 3946 330 4001 in
344 3947 434 4002 medio
448 3948 567 4018 globosa,
581 3954 613 4002 nt
634 3947 697 4002 Sol:
719 3955 766 4001 aut
780 3947 851 4017 quod
871 3945 958 4001 stelles
970 3946 1046 4000 nullo
1080 3945 1262 3999 vindicatione
1276 3964 1382 4018 stagna,
1398 3946 1454 4001 aive
1465 3964 1604 4018 pacasse,
1616 3963 1633 4001 a
1643 3946 1727 4000 favore
1739 3950 1763 3996 et
1772 3935 1835 4010 pruvi-

252 4041 363 4095 prorsns
385 4035 549 4097 spargantur
570 4027 682 4081 ordine:
703 4035 734 4080 nt
755 4043 810 4080 non
830 4025 984 4080 inveniatur
1002 4025 1044 4080 rel
1080 4025 1274 4079 dentiadivina
1286 4041 1417 4080 concesso
1432 4034 1459 4080 et
1472 4027 1600 4081 instituto
1614 4029 1676 4096 (per
1689 4040 1760 4095 quem
1773 4030 1835 4089 geum

252 4104 397 4174 quincunx,
406 4101 449 4160 tel
461 4106 682 4177 quadrangulum,
691 4122 741 4160 nec
752 4105 806 4160 alia
815 4106 903 4176 figura
915 4104 1045 4175 perfecta,
1080 4104 1228 4160 humanum
1240 4105 1286 4172 jus
1295 4120 1374 4160 suum
1385 4106 1414 4159 iu
1423 4113 1547 4160 naturam
1555 4119 1711 4175 recuperare
1720 4091 1835 4159 manat)

253 4185 403 4257 (utcunque
415 4186 589 4256 imponantur
601 4186 713 4241 nomina
722 4184 810 4251 deltae,
820 4201 935 4250 corona,
949 4184 1044 4249 crucis,
1079 4190 1202 4239 numum
1212 4184 1302 4255 ipsam
1314 4192 1342 4238 et
1353 4192 1425 4240 artes
1437 4201 1521 4256 super
1537 4184 1666 4241 arficulos
1678 4179 1835 4239 ammineum

1466 1140 1493 1178 x·
1858 1125 1859 1162 l

931 4523 1196 4590 CATALOGUS

582 4738 1006 4823 HISTORIARUM
1037 4733 1548 4821 PARTICULARIUM

871 4963 1084 5020 SECUNDUM
1105 4958 1254 5016 CAPITA.

254 5151 277 5205 Ι.
301 5153 440 5207 Hrsroara
454 5151 622 5215 coelestium
643 5151 700 5204 sive
715 5150 902 5205 astronomica.
1082 5148 1108 5202 5.
1131 5149 1254 5203 Historia
1275 5148 1420 5220 fulgurum,
1439 5148 1589 5215 fulminum,
1608 5147 1750 5208 tonitrium,
1766 5146 1786 5192 et
1802 5147 1832 5186 eo
1858 5198 1859 5215 Χ

250 5232 277 5285 2.
300 5232 424 5286 Historia
437 5231 658 5301 configurationis
668 5230 730 5283 coeli
741 5238 768 5283 et
779 5230 896 5298 partium
906 5231 973 5297 ejus,
984 5246 1042 5284 rer·
1141 5229 1334 5283 rascationum.
1858 5274 1859 5279 ,

309 5328 355 5365 sus
364 5317 464 5366 terram
472 5318 499 5364 et
508 5317 598 5379 partes
605 5309 744 5377 ejus3sive
751 5309 983 5379 cosmographias.
1083 5307 1108 5360 6.
1132 5309 1255 5362 Historia
1268 5317 1416 5372 ventorum,
1439 5315 1467 5363 et
1483 5308 1595 5363 flatuum
1615 5296 1832 5377 repentirsoruttttl

251 5387 278 5457 3.
301 5389 425 5443 Historia
438 5396 615 5443 cometarum.
1143 5387 1346 5442 undulationum
1360 5389 1439 5443 airis.

250 5468 278 5516 4.
303 5466 425 5520 Historia
438 5476 616 5521 meteororum
631 5466 786 5536 ignitonrm.
1086 5462 1111 5525 7.
1133 5466 1259 5521 Historia
1272 5466 1379 5521 iridnrn.
1398 5469 1402 5479 '
