3800 5875
69 336 136 392 Lus.
155 337 196 393 11.
708 335 848 392 NOVUM
869 335 1071 393 ORGANUM.
1635 338 1698 395 489·

68 502 104 550 tn
124 494 233 550 solvunt
254 494 359 560 bullas3
387 494 529 550 medicinae
551 494 689 551 nonnullas
712 495 863 567 purgativa
900 495 1004 549 similia
1027 495 1056 549 in
1078 496 1213 551 mensuris
1234 503 1355 551 motuum
1374 496 1464 569 quoad
1483 497 1624 553 distantias
1647 515 1693 553 uo-

67 573 184 629 elieinnt
195 575 325 630 humores
339 593 375 630 ex
391 575 455 639 alto,
470 582 497 628 et
517 573 684 649 hujusmodi.
725 574 762 629 At
777 575 862 628 virtus
901 573 984 628 tanda
996 583 1065 629 snut

67 653 117 709 illa
136 654 302 725 magnetica,
322 671 373 726 per
395 670 477 725 quam
499 653 600 708 ferrum
621 663 649 707 et
671 670 794 726 magnes,
820 652 863 707 vel
939 653 991 707 Est
1003 661 1031 708 et
1045 653 1118 708 alind
1132 670 1218 724 genus
1231 655 1693 726 mensurselocalismotuum,quod

67 740 212 804 magnetes
224 735 343 788 invicem
356 737 461 798 cudunt,
479 742 607 803 operatur
619 733 691 787 iutra
705 733 797 788 orbem
811 732 863 785 vir·
900 747 955 786 non
978 734 1237 803 pretermittendum
1256 742 1304 787 est
1347 734 1418 789 Illud
1436 750 1501 789 vero
1522 735 1639 802 pertinet
1658 736 1693 789 ad

67 815 133 867 tutis
152 824 268 875 eertum,
283 813 333 867 sed
353 829 480 883 parvumr
501 812 548 866 ubi
563 820 665 875 contra,
682 813 705 866 si
721 813 757 866 sit
770 810 863 882 aliqua
901 820 990 865 motus
1003 828 1057 864 non
1070 813 1264 883 progressivos,
1279 813 1327 866 sed
1341 814 1505 883 sphaericos:
1524 812 1577 867 boc
1591 820 1643 881 est,
1658 815 1693 870 ad

68 892 155 946 virtus
169 893 328 961 magnetica
338 907 466 946 emanans
480 891 515 945 ab
524 891 584 960 ipsa
595 899 666 945 terra
676 889 775 965 (paulo
784 890 863 944 nimi-
901 891 1095 960 expansionem
1118 908 1260 961 corporum
1279 891 1309 945 iu
1330 893 1461 959 majorem
1483 891 1627 962 sphaeram,
1646 901 1693 948 aut

68 988 127 1025 rum
137 967 288 1043 interiore)
300 988 383 1041 super
392 988 470 1025 acum
484 970 610 1036 ferream,
621 968 862 1041 quatenusadver-
901 970 1112 1024 contractionem
1128 971 1158 1025 iu
1173 970 1314 1025 minorem.
1358 971 1550 1042 inquirendum
1565 973 1638 1027 euim
1651 981 1693 1028 est

68 1051 402 1119 unitatemoperatiofiat
415 1050 614 1105 addistantiam
625 1066 763 1121 maguam.
901 1046 971 1102 inter
994 1065 1134 1103 mensuras
1161 1050 1227 1102 istas
1250 1058 1379 1114 motuum,
1402 1059 1531 1121 quautam
1558 1068 1692 1121 compres-

106 1129 220 1192 Rursus,
236 1130 260 1182 ri
280 1132 317 1184 sit
330 1129 421 1201 aliqua
434 1129 476 1183 vis
490 1131 651 1199 magnetica,
663 1146 724 1200 quta
737 1135 863 1199 operetur
901 1128 1005 1181 sionem
1014 1136 1060 1182 aut
1067 1130 1253 1183 extensionem
1262 1145 1374 1198 corpora
1381 1132 1445 1199 (pro
1454 1130 1690 1199 naturaipsorum)

67 1226 115 1279 per
128 1225 294 1263 comessum
306 1210 377 1263 inter
390 1208 500 1279 globum
513 1217 591 1262 terrae
604 1217 631 1262 et
644 1209 802 1279 ponderosa,
816 1213 863 1261 aut
901 1206 981 1260 facile
1004 1216 1031 1261 et
1050 1208 1168 1261 libenter
1186 1208 1331 1277 patiantur,
1346 1217 1373 1261 et
1393 1210 1427 1262 ad
1448 1226 1528 1279 quem
1547 1209 1692 1266 terminum

67 1288 136 1343 iuter
148 1287 263 1360 globum
277 1289 350 1343 luna
363 1296 392 1342 et
404 1303 488 1358 aquas
501 1288 584 1341 maris
595 1288 670 1358 (qum
679 1288 798 1342 maxime
807 1303 863 1340 cre-
901 1286 1026 1340 reluctari
1042 1287 1181 1358 incipiant,
1203 1288 1272 1341 adeo
1287 1296 1318 1340 ut
1335 1288 1371 1341 ad
1388 1296 1539 1342 extremum
1552 1306 1603 1341 corr
1617 1291 1691 1343 ultro

67 1367 159 1423 dibilia
179 1368 288 1422 videtur
308 1369 338 1421 in
357 1367 476 1422 fluxibus
495 1375 524 1421 et
542 1367 691 1421 retiuxibus
710 1368 863 1423 semi-men·
900 1364 1007 1429 seranta
1027 1375 1059 1421 ut
1078 1383 1139 1421 cum
1152 1366 1243 1420 vesica
1262 1367 1356 1420 indata
1369 1367 1562 1437 comprimitur,
1578 1369 1692 1423 sustinet

67 1448 160 1514 struis)
177 1455 225 1500 aut
247 1448 322 1501 inter
337 1446 435 1501 coelum
453 1446 588 1501 stellatum
612 1454 640 1499 et
663 1445 792 1515 planetas,
814 1462 863 1515 per
900 1443 949 1497 illa
962 1446 1191 1515 compressionem
1207 1445 1364 1500 nonnullam
1384 1448 1470 1512 airis3
1491 1447 1539 1500 sed
1560 1446 1583 1500 si
1604 1447 1691 1517 major

68 1543 147 1598 quarn
158 1534 312 1581 evocentur
325 1534 353 1581 et
365 1526 520 1580 attollantur
534 1525 569 1580 ad
587 1541 637 1579 sua
653 1542 780 1596 apogaea3
802 1524 861 1578 hoec
901 1523 990 1588 tuerit,
1004 1541 1058 1578 nou
1072 1524 1174 1594 patitur
1187 1529 1241 1589 aer,
1253 1525 1300 1578 sed
1314 1526 1448 1595 rumpitur
1460 1526 1559 1580 vesica.

68 1606 158 1660 omnia
171 1613 322 1675 operantur
331 1605 365 1659 ad
379 1605 522 1660 distantias
532 1604 676 1659 admodum
689 1605 861 1676 longinquas.
940 1602 978 1656 At
994 1620 1043 1658 nos
1062 1604 1114 1658 boc
1132 1606 1220 1674 ipsum
1240 1604 1380 1659 subtiliore
1401 1605 1588 1675 experimento
1601 1607 1691 1675 magis

69 1685 247 1739 Inveniuntur
261 1692 291 1739 et
305 1685 428 1755 quiedam
441 1684 666 1738 inflammationes
679 1685 735 1738 sive
750 1701 862 1754 concep
900 1690 995 1737 exacte
1017 1684 1198 1753 probavimus.
1241 1684 1403 1753 Accepimus
1416 1684 1488 1738 enim
1502 1684 1689 1754 campanulum

68 1765 153 1819 tiones
171 1764 300 1828 flammae,
320 1780 381 1835 quin
398 1764 467 1818 fiunt
485 1763 520 1816 ad
538 1763 681 1818 distantias
700 1763 770 1818 bene
784 1780 862 1834 mag·
900 1778 935 1816 ex
949 1762 1066 1826 metallo,
1081 1763 1209 1818 leviorem
1224 1763 1327 1817 scilicet
1340 1771 1369 1817 et
1386 1764 1544 1826 tenuiorem,
1560 1762 1634 1834 quali
1654 1764 1689 1817 ad

67 1860 116 1898 nas
134 1844 165 1898 in
189 1843 328 1915 aliquibus
351 1843 485 1905 materiis;
514 1849 544 1896 nt
565 1843 685 1896 referunt
704 1844 737 1898 de
758 1844 861 1913 naptha
900 1841 1089 1910 excipiendum
1099 1842 1185 1897 salem
1197 1843 1314 1907 utimum
1329 1843 1484 1914 eamquein
1498 1842 1598 1912 pelvim
1611 1859 1690 1914 aquea

67 1921 244 1994 Babylonica.
287 1920 401 1977 Calores
413 1922 496 1977 etiam
508 1921 648 1976 insinuant
661 1939 691 1977 aa
705 1939 754 1992 per
763 1922 862 1976 distan-
899 1920 1070 1986 immisimus,
1084 1922 1123 1975 ita
1136 1930 1167 1976 ut
1180 1922 1335 1992 deportaret
1348 1939 1439 1976 secum
1453 1925 1553 1984 aerem,
1568 1922 1614 1992 qui
1628 1939 1691 1976 ccu-

67 2003 117 2056 tias
137 2003 264 2072 amplam
287 2002 462 2073 quodetiam
483 2000 862 2071 iaciuntfrigorazadeout
901 1999 1036 2053 tinebatur
1062 2001 1092 2054 in
1117 2018 1244 2065 concavo,
1270 2017 1357 2072 usque
1383 2001 1418 2055 ad
1451 2000 1563 2056 fundum
1590 2001 1688 2071 pelvis.

68 2080 253 2136 habitantibus
266 2081 341 2135 circa
360 2080 499 2135 Canadam
516 2079 602 2135 moles
618 2081 674 2135 sive
691 2097 788 2135 massae
804 2081 861 2151 gla-
900 2077 1098 2135 Locaveramus
1112 2088 1201 2135 antem
1215 2081 1291 2151 prius
1304 2080 1443 2150 globulum
1455 2080 1484 2134 iu
1497 2079 1581 2134 iuudo
1593 2081 1688 2151 pelvis,

69 2160 156 2223 eiales,
166 2180 231 2232 quaa
245 2159 445 2231 abrumpuntur
458 2168 486 2214 et
495 2167 589 2214 uataut
598 2177 646 2229 per
657 2177 787 2215 oceanum
801 2177 860 2229 sep
899 2174 981 2228 super
1004 2176 1084 2230 quem
1107 2160 1270 2230 campanula
1296 2160 1460 2229 imponenda
1483 2168 1561 2214 esset
1602 2160 1689 2221 Quare

69 2239 266 2303 tentrioualem,
288 2247 317 2293 et
336 2239 491 2294 deteruntur
511 2256 560 2309 per
580 2239 747 2295 Atlanticum
768 2256 861 2294 versus
899 2236 967 2292 illud
981 2239 1130 2304 eveniebat,
1145 2247 1176 2294 ut
1194 2240 1218 2293 si
1236 2236 1361 2310 globulus
1374 2239 1421 2293 ille
1436 2246 1507 2294 esset
1525 2239 1690 2295 minusculus

68 2318 126 2374 ilias
139 2337 212 2384 oras,
226 2319 414 2389 percipiantur
426 2327 454 2373 et
466 2319 599 2374 incutiant
608 2318 737 2390 trigorae
755 2319 861 2389 longin-
900 2315 964 2386 (pro
987 2319 1091 2372 ranoue
1118 2319 1241 2388 concavi)
1268 2319 1454 2388 reciperatae
1481 2321 1529 2373 adr
1550 2318 1689 2373 inlocum

69 2416 126 2468 qno
167 2400 276 2454 Odores
289 2414 397 2470 qnoque
412 2399 489 2467 (licet
500 2399 529 2452 in
549 2397 593 2452 his
612 2399 734 2453 videatur
754 2415 861 2469 semper
899 2396 1040 2460 minorem,
1055 2404 1083 2451 et
1097 2399 1300 2452 coutmderetur
1318 2394 1412 2463 solum,
1426 2414 1481 2451 non
1495 2398 1688 2454 extruderetur.

67 2494 124 2532 esse
136 2479 266 2550 quaedam
278 2479 389 2533 emissio
402 2476 545 2549 corporea)
557 2478 745 2547 operanturad
759 2479 859 2532 disten·
899 2475 976 2535 Quod
990 2476 1014 2530 si
1029 2477 1182 2548 grandioris
1195 2484 1267 2532 esset
1280 2477 1485 2547 magnitudinis,
1500 2494 1581 2549 quam
1598 2486 1628 2534 ut
1642 2482 1691 2533 aiir

68 2557 115 2611 tias
133 2556 289 2621 notabiles,
311 2565 341 2610 ut
358 2558 466 2612 evenire
487 2557 556 2611 solet
573 2558 764 2628 navigantibus
781 2558 860 2627 juxta
899 2553 1015 2610 libenter
1023 2556 1137 2620 cederet,
1148 2559 1267 2620 tumabr,
1276 2557 1387 2624 majoris
1395 2572 1526 2627 pressura
1534 2557 1688 2627 impatiens,

68 2635 155 2692 littora
177 2637 307 2701 Florida,
323 2644 370 2690 aut
388 2637 470 2691 etism
491 2635 622 2691 nonnulla
646 2637 795 2708 Hispaniae,
812 2638 858 2692 nbi
899 2635 1086 2705 campanulam
1104 2653 1140 2691 ex
1160 2636 1253 2708 aliqua
1272 2642 1350 2707 parte
1371 2635 1504 2704 elevabat,
1519 2642 1546 2690 et
1566 2637 1595 2691 in
1608 2637 1690 2692 bullis

69 2726 126 2769 runt
140 2717 230 2785 sylvae
244 2723 308 2770 totae
319 2733 354 2769 ex
369 2716 508 2771 arboribus
520 2715 658 2780 limouum,
669 2716 859 2781 auranticrum,
898 2715 1071 2769 ascendebat.

70 2804 94 2849 et
118 2795 278 2865 hujusmodi
306 2794 460 2865 plantarum
483 2796 661 2862 odoratamm,
682 2805 728 2850 aut
751 2796 860 2851 frutices
938 2794 1032 2848 Etiam
1053 2794 1088 2849 ad
1109 2794 1277 2865 probandum
1297 2794 1405 2865 qualem
1420 2794 1607 2850 extensionem
1622 2798 1689 2863 (nou

70 2875 244 2940 rorismarini,
271 2875 427 2943 majumam,
455 2881 483 2929 et
514 2874 652 2929 similium
718 2875 860 2931 Postremo
899 2872 989 2928 minus
1013 2890 1095 2945 quam
1122 2873 1362 2946 compressionem)
1390 2879 1525 2944 pateretur
1551 2877 1605 2939 air,
1634 2873 1688 2929 tale

69 2955 232 3010 radiatinm
245 2955 325 3018 lucia,
334 2965 361 3008 et
371 2955 562 3025 impressiones
572 2971 705 3022 sonorum,
715 2966 860 3027 operantur
898 2954 1039 3024 quippiam
1054 2954 1273 3024 practicavimus.
1304 2954 1391 3009 Ovum
1401 2954 1515 3007 vitreum
1526 2956 1688 3023 accepimus,

70 3034 169 3089 militet
182 3036 219 3088 ad
229 3034 375 3089 distantias
388 3034 530 3105 spatiosas.
898 3048 960 3086 cum
981 3049 1065 3103 parvo
1083 3033 1214 3088 toramine
1234 3034 1262 3088 iu
1283 3051 1338 3088 uuo
1356 3041 1478 3087 extremo
1497 3036 1548 3088 ovi.
1590 3034 1688 3089 Atrem

106 3114 211 3169 Verum
225 3114 287 3168 lraec
298 3114 397 3178 omnia,
408 3122 543 3184 utcunque
557 3121 700 3184 operentur
713 3115 746 3169 ad
759 3115 860 3169 distan·
898 3128 947 3181 per
961 3112 1082 3167 toramen
1103 3113 1259 3167 exsuctioue
1279 3114 1342 3167 torti
1362 3112 1530 3179 attraximus,
1548 3119 1576 3167 et
1596 3114 1689 3168 statim

70 3193 118 3246 tias
129 3210 231 3264 parvas
246 3194 303 3247 sive
316 3209 437 3264 magnas,
448 3199 594 3263 operantur
602 3203 675 3249 certe
685 3194 720 3248 ad
733 3195 822 3248 finitas
831 3200 860 3248 et
897 3190 984 3261 digito
993 3193 1113 3246 toramen
1126 3192 1193 3247 iilud
1204 3193 1399 3258 obturavimus;
1414 3199 1441 3246 et
1454 3208 1534 3247 ovum
1547 3193 1577 3247 in
1590 3209 1689 3265 aquam

69 3280 169 3328 naturae
188 3281 277 3337 notas,
291 3279 322 3326 ut
335 3272 372 3327 sit
385 3273 512 3344 quiddam
525 3291 576 3326 non
589 3274 684 3333 altro,-
706 3273 787 3344 idque
807 3290 857 3344 pro
897 3270 1088 3335 immersimus,
1102 3279 1129 3326 et
1142 3272 1204 3325 dein
1220 3272 1334 3343 digitum
1347 3272 1519 3327 removimus.
1552 3272 1688 3338 decrero,

70 3352 224 3417 monibus,
253 3359 301 3406 aut
327 3352 406 3407 molis
433 3369 482 3407 seu
509 3354 602 3423 quanti
629 3369 785 3422 corporum
813 3359 860 3407 aut
899 3358 1009 3404 teneura
1030 3350 1079 3404 illa
1097 3368 1147 3421 per
1166 3352 1350 3405 exauctionem
1363 3353 1434 3405 facta
1447 3358 1540 3417 tortus,
1555 3360 1582 3405 et
1600 3354 1689 3424 magis

70 3430 166 3501 vigoris
197 3440 233 3495 et
252 3429 398 3485 debilitatis
420 3432 565 3497 virtutum,
592 3440 640 3486 aut
668 3432 805 3486 favoribus
831 3440 860 3486 et
898 3446 981 3500 quam
1001 3437 1161 3500 pronatum
1175 3447 1224 3485 sua
1241 3429 1377 3495 dilatatus,
1394 3430 1509 3501 ideoque
1524 3448 1553 3485 se
1568 3432 1688 3500 recipere

69 3508 268 3579 impedimentis
291 3511 456 3574 mediorum
478 3529 539 3583 quaa
562 3511 654 3566 omnia
673 3513 702 3566 in
724 3518 859 3581 computa-
898 3516 926 3562 et
940 3509 1099 3564 contrahere
1111 3511 1199 3564 nitens
1214 3509 1266 3576 (ita
1279 3518 1307 3564 ut
1326 3511 1349 3564 si
1364 3526 1444 3564 ovum
1462 3510 1528 3564 iliud
1548 3511 1689 3582 inaquam

70 3589 163 3645 tionem
175 3589 271 3644 venire
285 3598 314 3643 et
326 3590 415 3644 notari
428 3590 534 3644 debent.
562 3591 714 3652 Quinetiam
728 3607 859 3645 mensura
897 3604 952 3641 uon
971 3588 1067 3643 inisset
1085 3589 1250 3652 immersum,
1263 3592 1354 3644 adrem
1375 3590 1465 3659 ipsum
1482 3589 1609 3644 traxisset
1627 3606 1689 3645 cum

70 3678 189 3725 motuum
213 3668 391 3723 violentorum
417 3672 498 3741 (qnos
519 3667 628 3737 vocant)
650 3677 682 3723 ut
706 3669 858 3733 missilium,
898 3666 990 3733 sibilo)
1005 3685 1103 3740 aquam
1117 3670 1200 3723 traxit
1209 3668 1243 3722 ad
1257 3669 1311 3723 tale
1325 3676 1462 3739 quantum,
1472 3668 1551 3740 quale
1566 3669 1688 3724 sufficere

70 3753 271 3813 tormentorum,
282 3756 408 3812 rotarum,
423 3758 450 3803 et
463 3749 600 3814 similium,
614 3766 676 3804 cum
690 3748 734 3803 ha
748 3766 855 3820 quoque
897 3746 985 3817 possit
999 3748 1033 3802 ad
1046 3747 1106 3812 hoc,
1115 3756 1143 3803 ut
1156 3751 1203 3802 air
1216 3748 1355 3820 antiquam
1368 3754 1539 3818 recuperaret
1552 3747 1688 3819 spheram

70 3830 213 3883 manifesto
225 3844 289 3882 suos
302 3827 422 3881 habeant
434 3827 534 3882 limites
548 3836 642 3894 certos,
650 3828 775 3882 notandae
789 3835 858 3883 sunt
898 3826 955 3879 sive
968 3826 1172 3882 dimensionem.

106 3907 288 3962 lureninntur
301 3907 384 3961 etiam
403 3908 512 3979 quidam
526 3917 613 3963 motus
631 3915 659 3963 et
672 3908 783 3962 virtutes
797 3924 859 3961 con·
936 3905 1026 3976 Atque
1040 3915 1143 3961 certum
1153 3915 1201 3972 est,
1209 3923 1324 3979 corpora
1334 3905 1458 3961 tenuiora
1472 3906 1566 3977 (quale
1575 3913 1617 3960 est
1628 3906 1687 3978 adr)

71 3987 318 4057 utensiliaque
338 3995 482 4056 operantur
503 4003 553 4056 per
574 3994 683 4051 tactum,
700 3995 727 4041 et
748 4004 802 4041 uon
824 3987 859 4041 ad
897 3984 953 4053 pati
968 3987 1177 4041 contractionem
1195 3987 1352 4041 nonnullam
1365 3985 1520 4050 notabilem,
1540 3993 1569 4040 ut
1587 3986 1688 4041 dictum

71 4063 186 4130 dictam
210 4084 272 4137 qua
292 4073 438 4134 operantur
456 4065 559 4121 scilicet
576 4067 611 4121 ad
628 4067 738 4131 distans,
758 4074 786 4119 et
803 4082 858 4120 nou
897 4072 956 4118 est:
977 4072 1005 4119 at
1024 4081 1138 4134 corpora
1157 4066 1300 4137 tangibilia
1323 4065 1416 4137 (quale
1437 4073 1480 4120 est
1500 4065 1583 4136 aqua)
1604 4065 1688 4121 multo

71 4144 103 4197 ad
118 4155 237 4209 tactum
260 4153 288 4198 et
308 4162 409 4209 rursus,
424 4163 485 4216 qnoe
505 4153 649 4215 operantur
664 4146 804 4200 remissius
823 4146 859 4199 ad
897 4143 1004 4214 aegrius,
1029 4151 1055 4199 at
1078 4145 1112 4199 ad
1138 4145 1227 4200 miuus
1248 4145 1366 4217 spatium
1391 4144 1531 4216 patiuntur
1554 4163 1688 4217 compres-

71 4222 370 4288 dnandamminorem,
378 4233 404 4278 et
412 4224 857 4292 fortiusaddistautiammajorem.
896 4223 1017 4277 sionem:
1038 4223 1147 4294 qualern
1170 4232 1261 4280 autem
1283 4226 1409 4295 patiatur,
1430 4225 1479 4279 tali
1502 4225 1688 4296 experimento

71 4300 173 4360 Etenim
195 4303 267 4358 visio
286 4319 341 4358 nou
361 4303 430 4358 bene
451 4305 609 4375 transigitur
626 4305 660 4357 ad
682 4312 790 4369 tactum,
810 4304 858 4357 sed
895 4300 1094 4372 inquisivimus.

70 4382 170 4454 indiget
192 4382 285 4438 medio
305 4389 334 4437 et
347 4383 483 4438 damnus.
526 4383 605 4437 Licet
623 4383 799 4447 meminerim,
813 4400 857 4437 me
936 4381 1010 4435 Fieri
1024 4381 1135 4436 lecimus
1150 4382 1259 4453 globum
1272 4400 1307 4437 ex
1319 4382 1429 4453 plumbo
1441 4400 1545 4449 cavum,
1561 4387 1606 4456 qui
1620 4385 1688 4441 duas

71 4461 173 4517 audime
187 4480 224 4518 ex
238 4461 371 4517 relatione
384 4462 525 4530 eujusdam
544 4463 596 4517 tide
610 4463 694 4534 digni,
709 4463 780 4534 quod
798 4463 858 4532 ipse
896 4459 1004 4515 circiter
1017 4462 1105 4531 piutas
1118 4463 1237 4517 masmar
1247 4463 1412 4528 continerem
1428 4480 1543 4534 eumque
1557 4465 1624 4519 satis
1638 4482 1688 4535 per

71 4541 96 4593 iu
108 4542 235 4598 curandis
248 4540 388 4596 oculorum
402 4559 512 4597 suorum
526 4543 669 4596 cataractis
684 4545 755 4610 (erat
768 4549 858 4596 autem
895 4537 982 4594 latera
994 4557 1121 4604 crassum,
1129 4549 1159 4596 ut
1172 4543 1301 4610 majorem
1312 4542 1366 4595 vim
1378 4544 1528 4598 sustineret.
1570 4543 1687 4599 lniilum

70 4637 131 4674 eura
148 4622 220 4686 talis,
240 4627 272 4675 nt
292 4621 485 4676 immitteretur
506 4622 611 4675 festuca
632 4621 755 4692 quadam
774 4637 858 4691 parva
896 4635 995 4689 aquam
1023 4620 1193 4682 immisimus,
1214 4632 1271 4691 'per
1296 4621 1419 4676 foramen
1446 4622 1546 4678 alicubi
1574 4624 1684 4690 factum,

70 4712 196 4771 argentea
205 4701 277 4755 intra
287 4701 403 4771 primam
413 4701 483 4754 oculi
493 4701 620 4766 tunicam,
629 4718 689 4771 quta
702 4697 858 4769 pelliculam
895 4705 976 4770 atque
989 4698 1110 4753 toramen
1124 4698 1198 4763 iilud,
1207 4708 1349 4772 postquam
1364 4700 1460 4771 globus
1474 4719 1545 4774 aqua
1559 4702 1686 4774 impletus

70 4778 142 4834 illam
159 4787 304 4835 cataractae
321 4789 471 4834 removeret
492 4789 519 4834 et
541 4780 661 4834 truderet
678 4780 708 4833 iu
728 4778 857 4852 angulum
897 4776 999 4841 luisset,
1021 4778 1133 4849 plumbo
1152 4779 1300 4850 liquefacto
1324 4780 1514 4845 obturavimus,
1538 4789 1569 4835 ut
1589 4781 1686 4853 globus

71 4859 151 4916 oeuiii
161 4860 313 4914 clarissime
321 4859 433 4914 vidisset
444 4860 572 4915 festucam
583 4859 659 4913 illam
673 4875 755 4928 supra
768 4858 857 4927 ipsam
895 4856 1034 4912 deveniret
1055 4856 1136 4928 plane
1162 4859 1351 4913 consolidatus.
1390 4861 1461 4915 Dein
1485 4860 1594 4931 globum
1623 4860 1685 4915 torti

70 4938 198 5008 pupillam
219 4947 382 4993 moventem.
423 4939 500 5000 Quod
524 4946 661 5009 utcunque
681 4953 774 4991 verum
798 4954 858 4992 esse
896 4935 996 4990 malleo
1016 4937 1051 4990 ad
1068 4936 1122 4991 duo
1143 4937 1229 4992 latera
1250 4939 1363 4994 adversa
1382 4940 1629 5011 complanavimus:
1651 4955 1686 4994 ex

70 5018 159 5084 poerit,
169 5018 346 5075 manifestum
359 5025 407 5082 est,
421 5019 525 5087 majora
538 5034 653 5088 corpora
665 5033 721 5071 non
729 5016 798 5071 bene
812 5025 859 5071 aut
896 5031 950 5086 quo
973 5032 1084 5071 necessa
1109 5016 1161 5071 tuit
1184 5033 1283 5089 aquam
1306 5019 1336 5073 in
1357 5020 1447 5075 minus
1471 5018 1686 5082 cannabinum

70 5094 192 5155 disdncte
205 5098 288 5163 cerui,
299 5097 352 5151 uisi
366 5098 395 5150 in
409 5098 518 5167 cuspide
530 5096 767 5163 coniectantibus
776 5096 858 5150 radiis
895 5094 1004 5165 sphaera
1023 5096 1171 5166 figurarum
1196 5097 1231 5151 sit
1257 5099 1443 5169 capacissima.
1483 5098 1598 5162 Deinde,
1623 5114 1685 5153 cum

71 5176 167 5243 objecti
189 5177 226 5231 ad
248 5176 406 5231 nonnullam
425 5176 591 5231 distantiam.
631 5176 703 5237 Quin
725 5175 808 5230 etiam
829 5175 858 5228 in
895 5172 1033 5228 malleatio
1042 5191 1095 5229 uou
1103 5175 1220 5246 amplius
1233 5178 1375 5242 sufficeret,
1385 5179 1484 5249 agrius
1497 5194 1527 5232 se
1536 5177 1686 5248 recipiente

71 5256 177 5312 senibus
194 5254 289 5311 oculus
309 5255 408 5310 melius
427 5257 520 5321 cernit,
534 5263 638 5310 remoto
651 5255 759 5323 objecto
777 5255 860 5324 paulo
895 5270 974 5324 aqua,
988 5252 1143 5308 molendino
1158 5271 1205 5310 seu
1219 5257 1344 5311 torculari
1354 5258 1397 5311 usi
1410 5273 1517 5320 sumus3
1532 5263 1563 5310 ut
1577 5258 1685 5311 taudem

71 5332 277 5408 lmginaquam
290 5336 411 5406 propius.
452 5335 485 5390 lu
497 5335 644 5389 missilibus
654 5344 744 5390 autern
758 5341 859 5388 certum
896 5348 974 5403 aqua,
1001 5333 1149 5403 impatiens
1179 5352 1313 5406 pressuras
1344 5336 1488 5399 ulterioris,
1516 5352 1566 5405 per
1598 5337 1686 5390 solida

71 5415 390 5484 ert,pereurrionemnon
403 5415 462 5469 fieri
477 5424 532 5468 tam
546 5414 642 5469 fortem
656 5414 691 5467 ad
704 5413 859 5467 distantiam
895 5411 1000 5480 plumbi
1024 5413 1123 5481 (instar
1145 5415 1214 5468 roris
1236 5415 1357 5484 delicati)
1379 5413 1536 5469 exstillaret.
1577 5415 1684 5478 Postea,

72 5492 152 5548 nimia
170 5510 291 5565 parvam,
313 5510 394 5564 quam
416 5493 586 5565 paulopost.
629 5493 698 5548 Haec
719 5492 811 5564 itaque
833 5500 860 5546 et
895 5498 1027 5561 quantum
1040 5494 1121 5562 spatii
1136 5510 1186 5563 per
1199 5510 1260 5548 eam
1273 5494 1500 5563 compressionem
1514 5494 1685 5550 imminutum
