3800 5875
219 296 277 352 596
756 290 937 348 HISTORIA
958 290 1057 347 VITAE
1077 290 1127 346 ET
1148 289 1302 346 MORTIS.

219 462 283 527 post
296 456 403 526 aperta)
420 469 469 524 per
481 453 649 508 obtusionem
670 459 699 506 et
712 451 926 506 vulnerationem
940 450 1017 522 capi·
1055 458 1083 505 et
1102 449 1220 521 integri:
1250 449 1310 503 seni
1330 446 1487 504 hebetiores
1507 455 1537 502 et
1557 446 1732 502 deficientes:
1759 447 1847 517 juveni
1880 499 1881 510 2

220 537 263 600 tis,
282 551 319 589 ex
335 534 482 601 jnctatione
500 540 529 587 et
547 533 613 587 nixu
627 531 765 587 cadaveris
780 531 853 585 intra
870 530 1015 586 feretrum:
1055 530 1150 584 dentes
1169 529 1274 585 robusti
1293 535 1323 583 et
1341 528 1458 598 integri:
1490 526 1552 582 seni
1570 526 1685 591 debiles,
1709 526 1804 594 attriti,
1823 538 1848 583 et
1880 537 1881 592 j

219 615 298 683 cujus
311 612 468 682 exemplum
487 611 710 674 recentissimum,
729 618 757 665 et
775 610 895 665 maxime
913 626 1016 664 memo-
1054 609 1180 663 decidui:
1198 607 1293 677 juveni
1306 605 1357 677 pili
1369 606 1499 669 colorati:
1520 606 1849 677 aeni,crrjnscunqnefne·
1880 611 1881 666 i

220 691 305 747 rabile
318 691 378 756 fuit,
391 690 506 745 loannis
520 690 602 755 Scoti,
617 689 726 744 subtilis
740 689 815 744 illiue
828 696 857 743 et
869 687 1015 744 scholasti·
1054 689 1110 743 rint
1132 686 1242 754 coloris,
1266 687 1345 740 cani:
1376 686 1473 754 juveni
1493 701 1586 748 coma:
1621 687 1683 740 seni
1711 684 1848 742 salvina:

219 772 263 837 ci:
286 770 333 842 qui
347 787 364 825 a
378 787 463 835 servo,
472 787 534 825 cum
548 768 670 840 sepultus
679 777 759 834 esset,
769 768 880 823 absente
892 770 1015 840 (quique,
1051 767 1146 836 juveni
1162 765 1256 837 pulsus
1272 764 1401 836 grandior
1417 773 1447 820 et
1461 763 1614 828 incitatior:
1635 765 1698 820 aeni
1715 765 1848 821 obacnfim
1880 779 1881 806 ³

219 857 250 905 ut
269 850 381 915 videtur,
403 849 558 919 hujusmodi
577 847 731 920 catalepsiae
752 848 811 917 ejus
835 855 1016 918 symptomata
1054 855 1083 901 et
1100 845 1217 901 tardior:
1243 844 1338 913 juveni
1353 845 1441 899 morbi
1456 842 1546 915 magis
1563 843 1638 898 acuti
1655 852 1687 898 et
1702 844 1847 911 manle:

218 929 342 999 noverat)
356 929 496 999 aliquanto
513 934 576 999 post
595 927 715 991 effosam,
730 928 760 982 in
774 926 823 981 tali
841 933 912 981 statu
926 943 1016 997 reper-
1053 925 1112 981 seni
1125 926 1214 996 magis
1228 923 1358 988 chronici,
1373 932 1401 978 et
1415 931 1510 978 curata
1523 922 1666 977 difficiles:
1686 924 1785 992 juveni
1795 924 1847 979 vul·

218 1103 336 1158 persona
344 1087 487 1142 histrionis
497 1085 595 1156 epulti
607 1084 802 1157 cantabrigiae.
843 1084 961 1140 Memini
970 1103 1014 1140 me
1053 1084 1180 1139 florentes
1201 1083 1305 1148 edon:
1328 1082 1390 1137 seni
1411 1090 1459 1137 aut
1474 1080 1592 1153 pallidae,
1614 1088 1665 1136 aut
1685 1081 1846 1148 rubicunde,

218 1167 357 1237 accepisse
370 1166 404 1221 de
418 1181 550 1237 generoso
569 1165 694 1238 quodam,
714 1165 769 1236 qui,
788 1163 959 1228 ludibundus,
979 1182 1015 1220 ex
1052 1170 1133 1234 atque
1154 1163 1287 1235 sanguine
1303 1162 1409 1232 spmo:
1439 1161 1533 1230 juveni
1552 1161 1644 1215 minor
1668 1160 1797 1216 molestia
1814 1179 1847 1217 er

218 1245 372 1300 curiositate
399 1245 569 1299 desiderabat
595 1244 663 1299 scire
690 1243 782 1315 qualia
803 1249 961 1315 paterentur
985 1244 1015 1299 in
1051 1241 1200 1306 catarrbis:
1221 1241 1281 1297 seni
1297 1242 1400 1310 major:
1420 1257 1508 1312 neque
1525 1240 1628 1295 scimus
1645 1240 1677 1293 in
1696 1258 1760 1312 qun
1774 1242 1846 1312 prob

217 1324 342 1393 patibulo
355 1324 498 1394 suspensi:
520 1340 634 1396 seseque
653 1323 799 1393 suspendit,
814 1322 1014 1394 superscabel-
1052 1322 1127 1377 ciant
1138 1337 1225 1386 senes,
1240 1322 1341 1391 (quoad
1353 1319 1753 1392 eorpualniaiquandoqnein
1766 1320 1846 1374 oberi-
1880 1381 1881 1400 ÷

217 1401 275 1458 lum
296 1420 325 1458 se
348 1403 476 1468 allevans,
498 1410 526 1457 et
545 1402 643 1457 deinde
666 1420 696 1458 se
720 1401 881 1467 demissus:
915 1409 1013 1472 putans
1051 1407 1149 1466 tatem
1170 1402 1246 1469 cujas
1258 1416 1341 1455 causa
1352 1407 1454 1470 praesto
1471 1406 1525 1464 est:
1547 1399 1614 1470 quia
1626 1415 1748 1469 corpora
1756 1416 1844 1454 smum
1880 1417 1881 1462 t

218 1482 302 1536 etiam
316 1499 400 1552 penes
419 1498 449 1537 se
467 1482 596 1547 futurum,
613 1487 645 1537 ut
663 1480 811 1536 scabellum
827 1498 879 1552 pro
899 1481 1013 1537 arbitrio
1051 1495 1102 1535 nec
1114 1480 1184 1535 bene
1197 1480 1357 1550 perspirant,
1371 1494 1421 1534 nee
1434 1478 1504 1532 bene
1517 1477 1694 1542 assimilant:
1715 1479 1844 1550 pinguedo
1880 1477 1881 1494 ¹

218 1578 268 1616 suo
287 1570 476 1633 recuperaret:
500 1561 529 1616 id
553 1561 625 1631 quod
648 1561 738 1617 facere
759 1577 814 1616 non
835 1561 940 1631 potnit:
965 1561 1014 1615 sed
1051 1565 1142 1614 autem
1161 1558 1232 1614 nihil
1250 1558 1325 1613 aliud
1345 1565 1394 1622 est,
1419 1574 1500 1629 quam
1525 1557 1710 1612 exuberantia
1729 1557 1842 1612 elimssti

217 1649 307 1695 tamen
321 1641 356 1694 ab
370 1642 458 1695 amico
468 1647 602 1711 prasente
612 1640 718 1708 adjutus
730 1648 787 1695 est:
808 1638 1013 1711 illeinterroga-
1050 1637 1124 1693 ultra
1141 1638 1177 1703 id,
1197 1637 1269 1709 qnod
1286 1637 1448 1701 excernitur,
1466 1643 1513 1691 aut
1533 1637 1655 1707 perfecte
1675 1637 1840 1692 assimilatur
1880 1709 1881 1712 Ἴ

218 1728 270 1784 tus,
285 1720 352 1790 quid
365 1736 462 1790 passus
476 1720 567 1775 esset?
588 1719 694 1775 Retulit
706 1736 736 1773 se
748 1718 936 1774 doloremnon
950 1734 1012 1773 sen·
1050 1717 1143 1773 Etiam
1155 1717 1185 1772 in
1202 1717 1364 1788 quibusdam
1382 1716 1493 1771 senibus
1511 1716 1541 1770 in
1559 1715 1729 1772 edacitatem
1747 1717 1841 1786 profici·
1880 1717 1881 1762 l

217 1800 303 1863 sisse:
324 1799 373 1854 sed
386 1800 475 1870 primo
489 1799 658 1853 observatam
670 1798 722 1853 sibi
737 1797 906 1852 fuissecirca
919 1797 1013 1853 oculos
1050 1802 1101 1861 tur,
1120 1803 1230 1868 propter
1253 1796 1344 1851 acidos
1367 1795 1504 1860 humores,
1527 1795 1595 1849 licet
1618 1812 1703 1851 senes
1726 1797 1841 1867 digerant

217 1879 337 1949 speciem
350 1879 423 1950 ignis
436 1885 464 1932 et
476 1878 610 1943 incendii:
631 1876 728 1932 deiude
746 1885 876 1931 extremm
891 1876 1012 1947 nigredi·
1049 1876 1148 1931 miuus.
1188 1874 1229 1930 Ac
1256 1876 1389 1939 universa,
1415 1892 1476 1947 quse
1500 1874 1559 1942 jam
1584 1875 1716 1941 diximus,
1743 1876 1840 1938 metbn',
1880 1909 1881 1984 q

216 1957 267 2022 nis,
293 1958 350 2012 sive
373 1957 560 2023 tenebrarum:
594 1963 733 2027 postremo
753 1956 851 2011 coloris
873 1955 1013 2025 enjusdam
1050 1955 1127 2025 quasi
1142 1955 1278 2020 feriantes,
1287 1954 1405 2010 referent
1418 1954 1452 2008 ad
1462 1953 1561 2009 caloris
1571 1954 1709 2010 naturalia
1718 1954 1840 2009 ethome
1880 1999 1881 2012 ,

217 2036 328 2091 coerulei
355 2036 513 2108 pallidioris,
541 2036 598 2090 sive
623 2034 781 2100 thalassini:
816 2034 905 2106 qualis
928 2035 1013 2090 etiam
1049 2034 1088 2089 ris
1106 2033 1231 2089 radicalis
1249 2034 1463 2098 diminutionem,
1482 2051 1543 2104 quta
1561 2050 1607 2089 res
1626 2033 1714 2088 nihili
1734 2042 1794 2088 sunt
1809 2033 1840 2087 ad

216 2115 384 2186 conspicitur
397 2132 471 2186 saepe
481 2113 574 2169 auimo
587 2114 780 2185 linquentibus.
821 2113 919 2168 Audivi
928 2114 1013 2169 etiam
1049 2130 1139 2169 usum.
1181 2112 1252 2168 illud
1270 2120 1382 2178 certum,
1404 2112 1554 2167 siecimtem
1574 2114 1605 2168 in
1626 2113 1745 2168 decursu
1760 2114 1840 2167 stads

217 2195 250 2248 de
264 2194 370 2249 medico
383 2194 472 2249 adhuc
486 2194 601 2258 virente,
616 2195 664 2264 qai
677 2192 825 2256 hominem,
844 2193 891 2264 qui
908 2209 938 2247 se
952 2210 1012 2249 sus·
1049 2192 1228 2265 frigiditatem
1241 2193 1409 2263 precedere:
1430 2200 1512 2262 atque
1531 2208 1650 2263 corpora
1667 2210 1735 2248 cum
1751 2194 1801 2246 sint
1811 2194 1839 2247 in

217 2274 354 2343 penderat,
364 2281 446 2344 atque
459 2290 509 2344 per
521 2272 617 2327 horam
630 2273 771 2327 dimidiam
782 2288 927 2342 nrspensus
937 2289 1013 2327 man·
1049 2279 1122 2327 statu
1135 2279 1163 2327 et
1175 2288 1253 2326 acme
1265 2271 1371 2337 caloris,
1385 2271 1419 2327 ad
1432 2271 1583 2327 siccitatem
1597 2271 1753 2339 declinare:
1772 2272 1840 2343 frigi·

217 2359 297 2418 serat,
311 2353 340 2407 in
353 2352 437 2406 vitam
451 2352 637 2407 fricationibus
650 2359 678 2406 et
687 2351 793 2406 balneis
806 2350 902 2406 calidis
914 2352 1013 2406 redux·
1049 2351 1163 2406 ditatem
1176 2357 1267 2406 numm
1279 2357 1377 2423 postea
1391 2350 1480 2422 sequi.

216 2439 290 2496 erat:
311 2432 411 2504 quique
425 2432 508 2486 etiam
521 2431 641 2502 profiteri
655 2431 748 2495 soleat,
764 2447 794 2486 se
811 2447 865 2485 non
878 2430 1010 2497 dubitare,
1088 2430 1116 2485 3.
1137 2429 1201 2486 lam
1214 2447 1280 2485 vero
1293 2431 1375 2485 etiam
1388 2430 1422 2485 dc
1435 2429 1579 2484 affectibus
1591 2428 1682 2485 animi
1693 2429 1837 2485 ridendrm.

217 2511 283 2581 quin
296 2527 455 2582 suspensum
473 2527 660 2582 quemcunque
674 2510 709 2565 ad
728 2517 834 2581 tempus
851 2510 1012 2580 pradictum
1048 2507 1184 2581 Equidem
1204 2508 1325 2575 memini,
1347 2526 1410 2564 cam
1430 2508 1590 2564 adolescens
1613 2525 1708 2564 essem
1732 2508 1838 2564 Pictorii

217 2607 343 2645 revocare
355 2597 455 2661 posset,
468 2591 549 2645 modo
561 2589 682 2645 cervices
696 2590 731 2654 ei,
745 2606 795 2659 per
807 2589 941 2660 impetum
954 2590 1012 2661 pri·
1048 2587 1078 2642 in
1105 2588 1203 2654 Gallia,
1223 2606 1268 2644 me
1294 2588 1466 2644 consuevisse
1485 2587 1663 2643 familiariter
1684 2606 1747 2643 cnm
1767 2587 1838 2643 Gallo
1880 2603 1881 2652 ξ

217 2686 269 2725 ma:
282 2670 460 2735 demissionis,
475 2686 529 2725 non
542 2668 645 2724 fuerint
658 2669 785 2724 effracta.
1049 2667 1174 2738 quodam,
1198 2668 1298 2736 juvene
1323 2667 1552 2739 ingeniosissimo,
1574 2668 1623 2723 sed
1643 2667 1785 2738 paululum
1803 2667 1837 2721 lo·
1880 2685 1881 2700 ¹

1050 2747 1145 2816 qusai:
1167 2747 1213 2819 qui
1226 2755 1322 2817 postea
1333 2748 1362 2801 in
1375 2746 1463 2802 virum
1477 2747 1728 2802 eminentissimum
1744 2748 1835 2806 erant:

1048 2824 1096 2880 ille
1122 2827 1152 2880 in
1176 2842 1266 2881 mores
1286 2842 1383 2882 senum
1405 2826 1536 2881 invehere
1560 2826 1659 2882 solitos
1687 2835 1738 2892 est.
1764 2834 1835 2898 atque

453 2906 477 2961 Ι.
499 2905 579 2962 Scala
596 2905 709 2962 humani
730 2906 850 2977 corporis
869 2905 932 2962 talis
950 2911 1010 2962 est:
1049 2903 1186 2971 dioecesi
1204 2905 1312 2962 daretur
1329 2905 1451 2978 conspici
1469 2906 1576 2962 animos
1594 2922 1702 2971 mum,
1721 2906 1837 2978 quemad

411 2986 525 3057 concipi,
538 2986 671 3041 vivificari
688 2987 716 3040 in
730 2993 822 3050 utero:
841 2986 934 3051 nasci:
955 3002 1011 3041 ma·
1048 2986 1158 3041 modum
1170 2993 1317 3041 cernuntur
1329 3003 1449 3057 corpora,
1464 3002 1519 3040 nou
1537 2986 1660 3041 minores
1674 2988 1838 3057 apparitores

216 3062 311 3129 milla:
337 3064 461 3135 depulsio
480 3082 498 3119 a
511 3064 650 3130 mamilla:
676 3082 741 3119 usus
759 3064 814 3120 cibi
833 3073 861 3120 et
878 3072 957 3134 potus
975 3066 1011 3120 ab
1048 3064 1078 3119 in
1091 3064 1188 3120 iisdem
1208 3065 1409 3121 deformitates:
1430 3065 1581 3137 quinetiam
1603 3066 1719 3137 ingenio
1738 3082 1787 3122 stro
1803 3067 1840 3120 in·
1880 3098 1881 3101 =

216 3143 303 3207 initio,
327 3144 416 3215 qualis
439 3145 586 3199 infantibus
606 3144 749 3199 convenit:
783 3143 889 3198 dentire
912 3145 1009 3215 primo,
1048 3143 1171 3216 dulgens,
1197 3145 1375 3200 contendebat
1400 3145 1469 3199 vitia
1494 3145 1650 3199 animorum
1677 3144 1707 3199 in
1735 3145 1840 3200 senibus

215 3222 290 3276 circa
302 3239 403 3278 mnam
421 3224 586 3288 secundum:
607 3225 728 3295 incipere
748 3223 867 3295 gradiri:
889 3223 1010 3294 incipere
1048 3223 1121 3278 vitiis
1142 3240 1285 3295 corporum
1306 3241 1366 3279 esse
1389 3224 1589 3295 quodammodo
1605 3225 1801 3280 consentientia
1813 3232 1839 3279 et

215 3300 308 3372 loqui:
341 3303 445 3357 dentire
472 3303 598 3367 secundo,
626 3304 698 3357 circa
721 3319 821 3358 annum
845 3303 1009 3372 septimum:
1047 3302 1187 3373 parallela
1221 3303 1278 3358 Pro
1287 3303 1410 3358 ariditate
1423 3304 1500 3367 cutis,
1512 3303 1695 3358 substituebat
1706 3304 1839 3374 impruden

216 3379 371 3450 pubescere,
392 3382 465 3438 circa
484 3399 585 3437 annum
605 3382 792 3437 duodecimum
813 3389 861 3436 aut
874 3382 1010 3438 decimum
1048 3382 1130 3438 tiam:
1151 3400 1201 3452 pro
1221 3383 1317 3438 duritie
1336 3383 1479 3449 vissenam,
1498 3382 1767 3438 immisericordiam:
1790 3400 1840 3454 pro

216 3467 359 3529 quartum:
380 3469 520 3532 potentem
535 3478 596 3516 esse
615 3461 650 3516 ad
666 3462 858 3533 generandum,
875 3469 902 3516 et
921 3462 1010 3516 fluxus
1047 3460 1209 3531 lippitudine
1232 3461 1377 3525 ocrvlomm,
1399 3462 1508 3517 oculum
1527 3462 1633 3516 malum
1648 3469 1678 3515 et
1696 3463 1838 3517 invidiam:
1880 3466 1881 3503 l

304 2812 473 2852 niscattntts
493 2812 667 2852 mvsnrurts
687 2812 723 2850 st·
745 2810 925 2851 GENEGTU'HS.

235 2951 326 2995 Addit.
337 2955 366 2995 lo

215 3546 429 3606 menstruorum:
450 3541 501 3613 pili
520 3542 594 3595 circa
614 3541 697 3595 tibias
718 3548 746 3595 et
763 3540 877 3606 axillas:
901 3541 1010 3597 barbes-
1047 3557 1098 3611 pro
1122 3542 1293 3596 immersione
1322 3540 1461 3596 oculorum
1487 3548 1517 3596 et
1542 3541 1702 3596 curvatione
1723 3542 1840 3612 corporis

215 3634 294 3683 cere:
316 3626 397 3690 atque
411 3620 571 3692 hucusque,
586 3626 614 3674 et
627 3620 788 3690 quandoque
802 3619 1010 3691 ulterius,gran-
1048 3637 1142 3675 versus
1173 3630 1281 3685 terram,
1307 3620 1472 3675 atheismum
1503 3621 1606 3692 (neque
1634 3621 1710 3676 enim
1736 3623 1839 3683 emiurc,

215 3697 344 3763 descere:
365 3700 462 3754 deiude
477 3700 581 3755 roboris
596 3708 702 3755 artuum
721 3706 806 3754 statua
824 3706 852 3753 et
868 3698 1008 3765 mumius,
1047 3699 1143 3771 inquit,
1157 3699 1311 3770 respiciunt,
1326 3707 1356 3754 ut
1372 3697 1477 3768 prius):
1498 3716 1549 3770 pro
1569 3708 1689 3755 memore
1709 3701 1840 3755 membro-
1880 3724 1881 3747 t

215 3777 300 3831 etiam
319 3778 468 3849 agilitatis:
492 3795 634 3833 canescere
656 3786 685 3832 et
702 3778 872 3843 calvescere:
892 3780 1010 3834 cessatio
1047 3796 1114 3842 rum,
1142 3777 1339 3834 vacillationem
1365 3779 1540 3844 decretorum,
1568 3786 1596 3833 et
1622 3781 1729 3835 fluxam
1753 3782 1841 3835 incn-

215 3858 346 3912 menstrui
363 3867 392 3912 et
408 3859 537 3929 potentia:
556 3858 757 3930 generationis:
778 3874 890 3928 vergere
911 3859 946 3912 sd
965 3859 1010 3914 de-
1047 3858 1190 3913 stantiam:
1223 3874 1274 3929 pro
1298 3858 1446 3913 inflexione
1472 3858 1629 3931 digitorum,
1652 3866 1783 3932 tanquam
1806 3860 1840 3914 ad

216 3937 356 4006 crepitum,
371 3946 399 3993 et
412 3937 515 3993 animal
532 3938 631 4009 tripes:
652 3936 731 3992 mori.
771 3936 883 3992 Interim
903 3937 1009 3993 animm
1047 3937 1262 4008 prehensionem,
1276 3937 1453 4008 rapacitatem
1472 3945 1500 3992 et
1512 3938 1675 3994 avaritiam:
1696 3939 1840 4011 prolaber-

215 4030 323 4086 quoque
336 4032 400 4071 naas
412 4016 496 4073 habet
508 4017 642 4088 periodos,
656 4016 704 4071 sed
717 4032 767 4085 per
783 4032 869 4071 annos
881 4032 936 4070 uon
949 4033 1010 4087 pos-
1046 4014 1136 4070 centia
1152 4034 1278 4088 genuum
1292 4017 1481 4072 timiditatem:
1501 4033 1552 4088 pro
1564 4018 1651 4089 rogis,
1665 4019 1837 4074 calliditatem

216 4102 281 4147 sunt
293 4094 425 4151 describi:
446 4105 478 4151 ut
496 4096 656 4151 memoriam
673 4094 792 4159 labilem,
806 4103 834 4151 et
851 4095 960 4161 similia,
975 4096 1009 4152 de
1047 4103 1075 4151 et
1091 4095 1292 4168 obliquitatem:
1313 4104 1341 4149 et
1354 4095 1410 4150 alia
1432 4113 1493 4167 qum
1513 4112 1570 4151 non
1592 4106 1748 4154 occurrunt
1786 4098 1839 4153 Sed

215 4172 312 4240 quibus
326 4182 430 4244 postea.
1046 4182 1078 4229 ut
1097 4176 1162 4229 serii
1184 4176 1285 4230 simus:
1312 4175 1406 4243 iuveni
1423 4176 1500 4229 adest
1515 4175 1602 4247 pudor
1620 4184 1651 4230 et
1664 4177 1837 4241 verecundia:
1880 4188 1881 4237 l

255 4251 283 4305 2.
305 4251 471 4308 Discrimina
486 4254 638 4324 juventutis
655 4261 684 4309 et
702 4253 850 4309 senectutis
862 4252 924 4309 haec
938 4261 1007 4309 sunt
1047 4254 1106 4308 seni
1118 4254 1258 4324 paululum
1271 4254 1412 4309 obduruit:
1436 4255 1532 4322 juveni
1548 4255 1709 4326 benignitas
1724 4265 1753 4312 et
1764 4258 1838 4312 raise-

216 4328 294 4384 Cutis
304 4330 399 4399 juveni
412 4333 489 4389 lavis
503 4343 531 4388 et
548 4334 702 4405 explicata:
723 4333 782 4388 seni
796 4333 872 4386 arida
885 4340 914 4386 et
926 4350 1009 4404 rugo-
1047 4332 1176 4398 ricordia:
1192 4334 1251 4388 seni
1265 4333 1406 4388 occalluit:
1424 4333 1519 4401 juveni
1527 4333 1668 4390 emulatio
1681 4335 1837 4399 laudabilis:

215 4426 254 4473 sa,
268 4411 419 4478 prasertim
431 4413 505 4466 circa
514 4412 629 4468 frontem
639 4421 666 4469 et
679 4413 787 4467 oculos:
808 4428 903 4466 carnes
913 4412 1009 4479 juveni
1047 4412 1105 4466 seni
1114 4413 1217 4467 invidia
1227 4413 1363 4484 maligna:
1376 4413 1470 4481 juveni
1480 4413 1668 4469 inclinatioad
1682 4416 1837 4489 religiosam

216 4496 316 4542 teneras
336 4495 366 4544 et
385 4490 501 4555 molles:
522 4493 581 4546 seni
601 4492 737 4547 duriores:
762 4491 845 4548 robur
865 4489 961 4560 juveni
981 4498 1009 4546 et
1047 4498 1074 4545 et
1086 4491 1263 4555 devotionem,
1277 4493 1313 4547 ob
1326 4492 1469 4557 fervorum,
1480 4500 1508 4546 et
1520 4493 1754 4564 inexperientiam
1762 4496 1835 4555 mali:

215 4567 338 4638 agilitas:
360 4570 420 4624 seui
433 4569 574 4626 diminutio
587 4572 684 4626 virium
701 4579 730 4625 et
746 4576 869 4625 motuum
882 4569 1007 4625 tarditas:
1046 4570 1105 4625 seni
1120 4571 1332 4626 defervescentia
1344 4571 1374 4625 in
1383 4571 1494 4641 pietate,
1502 4572 1539 4625 ob
1551 4572 1700 4629 charitatis
1714 4583 1836 4646 teporem,

211 4643 306 4721 juveni
327 4648 483 4703 coctionum
502 4649 643 4716 validitas:
665 4651 723 4706 seni
743 4648 888 4704 debilitas:
913 4650 1008 4718 juveni
1046 4655 1074 4703 et
1086 4649 1220 4705 diutinam
1238 4651 1470 4705 conversationem
1489 4650 1561 4705 inter
1579 4651 1663 4718 mals,
1678 4670 1786 4709 necnon
1803 4656 1835 4709 ob

214 4725 319 4780 viscera
332 4725 427 4782 mollia
440 4735 469 4781 et
481 4729 653 4794 succulenta:
674 4729 853 4784 senisalseet
861 4728 1007 4783 retorrida:
1046 4729 1172 4784 credendi
1200 4729 1403 4785 difficultatem:
1434 4729 1528 4798 juveni
1554 4729 1636 4786 valde
1663 4734 1757 4799 velle:
1783 4733 1835 4789 aeni

211 4805 306 4874 juveni
320 4822 419 4877 corpus
436 4807 567 4872 erectius:
587 4808 647 4863 seni
665 4808 808 4862 inclinatio
828 4808 857 4862 in
879 4824 1007 4864 curvum:
1045 4808 1194 4863 moderatio
1204 4829 1211 4863 :
1222 4809 1317 4877 juveni
1329 4807 1429 4863 levitas
1439 4809 1562 4880 quedam
1572 4817 1600 4863 et
1609 4811 1770 4877 mobilitas:
1784 4813 1835 4868 sesi

211 4884 308 4952 juveni
321 4885 474 4940 consuntia
486 4893 608 4952 artuum
629 4889 687 4942 seni
706 4886 831 4942 debilitas
849 4894 878 4941 et
891 4892 1006 4944 tremor:
1045 4887 1164 4957 gravitas
1182 4889 1270 4957 major
1290 4896 1319 4942 et
1337 4888 1507 4943 constantia:
1524 4888 1620 4956 juveni
1640 4890 1802 4959 liberalitas,
1813 4900 1836 4946 et

211 4963 306 5031 juveni
329 4964 458 5020 humores
478 4963 578 5030 biliosi,
601 4972 629 5020 et
649 4966 761 5037 sanguis
785 4966 926 5030 fervidior:
947 4964 1006 5020 seni
1045 4966 1229 5032 beneficentia,
1244 4976 1272 5021 et
1284 4966 1506 5038 philanthropia:
1527 4969 1587 5022 seni
1602 4970 1731 5037 avaritia,
1745 4972 1833 5026 etsibi

213 5040 341 5099 humores
354 5043 533 5115 phlegmatici
546 5050 574 5099 et
586 5043 783 5110 melancholici,
797 5053 824 5100 et
838 5045 949 5116 sanguis
962 5045 1008 5099 tri·
1045 5059 1149 5117 sapere,
1172 5053 1200 5100 et
1224 5046 1381 5101 consulere:
1406 5046 1501 5114 juveni
1525 5047 1701 5115 confidentia,
1724 5060 1753 5105 ct
1773 5052 1835 5105 hmo

213 5122 319 5191 gidior:
350 5124 445 5192 juveni
469 5138 553 5178 venus
578 5123 608 5178 in
632 5133 774 5194 promptu:
805 5125 864 5179 seni
887 5124 1006 5179 tardior:
1044 5139 1169 5195 sperare:
1190 5126 1249 5181 seni
1264 5124 1421 5189 diffidentie,
1435 5124 1711 5196 etplnrimahabere
1725 5146 1837 5200 pronas

211 5200 307 5267 juveni
329 5203 403 5257 succi
425 5201 548 5273 corporis
570 5204 658 5272 magis
685 5203 801 5268 roscidi:
833 5203 892 5257 aeni
918 5204 1007 5274 magis
1044 5203 1146 5273 pectis:
1157 5204 1250 5272 juveni
1264 5203 1380 5260 facilitas
1390 5211 1420 5258 et
1429 5204 1608 5276 obsequium:
1623 5208 1685 5262 seni
1698 5212 1837 5265 moron'tar

214 5279 290 5333 crudi
303 5288 332 5335 et
341 5282 438 5352 aquei:
456 5281 551 5349 juveni
562 5280 673 5351 spiritus
682 5281 783 5336 multus
794 5289 821 5336 et
834 5292 1005 5353 turgescens:
1045 5290 1073 5337 ct
1092 5283 1248 5339 fastidium:
1267 5283 1363 5352 juveni
1384 5284 1526 5339 sinceritas
1543 5292 1573 5338 et
1590 5286 1700 5342 animoa
1712 5298 1837 5357 spernas:

215 5358 274 5408 seui
294 5375 398 5428 paucus
418 5367 446 5414 et
461 5360 587 5429 jejunas:
613 5359 708 5427 juveni
728 5360 841 5430 spiritus
861 5361 962 5415 deustis
980 5368 1008 5415 et
1044 5362 1468 5419 senicautiostanimustectus:
1480 5362 1574 5431 juveni
1584 5377 1838 5438 magnaappetere:

214 5433 322 5502 viridis:
344 5439 401 5492 seni
424 5439 494 5493 acris
512 5446 540 5494 et
559 5454 651 5494 rants:
672 5438 765 5508 juveni
785 5456 880 5495 sensus
900 5442 1006 5496 vivaces
1044 5442 1100 5497 seni
1125 5442 1279 5497 necessaris
1302 5434 1414 5499 curare:
1440 5443 1533 5511 juveni
1556 5445 1736 5513 praesentibus
1759 5446 1837 5501 rebrra
