3800 5875
239 308 297 363 526
753 323 756 332 ·
829 304 1014 361 HISTORIA
1035 303 1262 360 VENTORUM.

278 467 307 520 b.
330 465 478 537 Reperitur
491 461 574 534 vulgo
592 463 622 519 in
639 463 726 518 hortis
745 465 914 533 repercussio
926 464 1001 518 venti
1016 482 1033 516 a
1070 469 1143 517 ιιιιι
1161 468 1315 531 separatum
1333 462 1369 515 ab
1381 460 1445 517 aere
1458 465 1548 525 moto;
1569 466 1653 530 atque
1665 476 1697 512 ac
1710 459 1732 513 si
1746 460 1841 514 exhala-

237 546 394 615 parietibus,
416 552 444 600 et
462 545 575 608 sedium,
593 551 620 597 et
636 542 798 614 aggeribus3
819 544 907 598 itaut
925 552 1032 613 putaret
1070 543 1156 596 tiones
1184 548 1348 613 generarent
1370 549 1398 594 ιι
1421 542 1585 595 conticerent
1606 556 1705 608 corpus
1725 539 1841 610 integrum

238 626 431 695 quincentum
449 625 477 679 in
497 622 661 677 contrariam
679 629 784 693 partem
804 623 908 692 spirare
929 624 996 691 ejus,
1014 639 1032 676 a
1069 629 1218 685 ventorum,
1232 630 1313 692 atque
1328 637 1359 673 ac
1374 621 1397 675 si
1411 620 1528 675 materia
1539 628 1682 673 ventorum
1695 627 1764 672 esset
1774 621 1842 674 exbr-

238 722 292 774 qua
306 721 399 758 resera
413 703 507 773 spirat,
1069 699 1138 754 latio
1151 707 1255 755 tantum
1269 699 1358 753 calida
1370 707 1398 754 et
1411 700 1498 765 sicca3
1513 706 1596 770 atque
1607 714 1640 751 ae
1650 699 1674 751 si
1688 697 1761 769 origo
1770 709 1842 754 motus

277 783 305 838 6.
326 783 356 837 Si
370 789 476 836 montes
489 780 629 851 regionem
651 778 744 851 aliqua
764 797 800 834 ex
820 787 898 850 parte
911 781 1031 852 cingunt,
1069 788 1209 835 centonum
1222 787 1294 834 esset
1309 779 1494 834 tantummodo
1513 778 1631 846 dejectio
1647 785 1675 830 et
1695 780 1842 846 percussina

236 867 264 914 ιι
278 869 374 915 ventus
389 860 471 932 paulo
484 861 585 915 diutius
599 876 635 915 ex
649 860 732 930 plano
743 867 963 914 contrementem
978 860 1032 930 spi·
1070 858 1171 930 frigore
1191 859 1289 913 medice
1305 859 1444 929 regionisr
1464 857 1557 912 omnia
1574 857 1747 927 phantastica
1763 864 1788 910 et
1804 875 1842 928 pro

236 941 344 1005 raverit,
358 940 387 993 fit
402 950 431 995 ut
445 941 507 1010 ipsa
524 939 727 1009 repercussione
746 939 845 993 montis
858 948 905 992 aut
926 948 1032 993 contra·
1069 938 1190 993 arbitrio.
1230 937 1358 991 Attamen
1371 954 1407 991 ex
1428 937 1583 1006 hujusmodi
1606 935 1840 1006 filismsgnsseon

236 1019 318 1073 hanrr
340 1027 435 1074 ventus
460 1018 636 1089 inpluvium,
658 1018 683 1071 si
707 1018 788 1072 suerit
815 1017 961 1083 humidior,
983 1024 1032 1073 ant
1069 1013 1260 1081 tlciunttelass
1281 1033 1378 1086 operas
1391 1016 1496 1071 scilicet
1513 1032 1687 1070 arenarum.
1726 1015 1841 1069 dtomuis

236 1106 357 1152 vertatur
375 1100 403 1152 in
416 1108 525 1153 ventum
544 1097 715 1162 scunarium,
735 1097 783 1151 sed
802 1098 849 1168 qui
868 1097 945 1152 brevi
964 1105 1033 1152 tem·
1069 1095 1198 1166 impulsio
1215 1097 1286 1150 aeris
1299 1104 1341 1150 est
1352 1103 1456 1161 ventus,
1470 1102 1499 1150 ιι
1512 1095 1706 1150 exhalationes
1722 1094 1841 1165 permixta

235 1194 302 1248 pore
316 1178 401 1232 duret
1069 1176 1126 1229 aeri
1146 1175 1209 1247 plus
1222 1176 1364 1229 conserunt
1377 1174 1412 1229 ad
1429 1182 1541 1239 motum,
1556 1191 1641 1245 quam
1656 1174 1692 1226 ad
1707 1174 1840 1236 materiam

277 1253 303 1316 7.
320 1257 352 1310 ln
361 1255 525 1310 flexionibus
533 1255 776 1325 promontoriorum
784 1256 1032 1326 experiunturnao·
1069 1261 1098 1308 et
1115 1271 1230 1325 vapores
1253 1255 1423 1319 numidica
1442 1254 1531 1308 calore
1554 1253 1841 1324 proportionuneosn

236 1341 272 1389 tae
286 1337 385 1404 saepius
398 1335 561 1390 mutationes
573 1341 722 1389 ventorum
1070 1333 1176 1388 facilius
1201 1334 1341 1388 solvuntur
1367 1334 1396 1387 in
1420 1343 1537 1398 ventum,
1566 1350 1653 1403 quam
1677 1332 1840 1386 exhalationes

1069 1413 1165 1478 sicem
1190 1421 1219 1467 ιι
1239 1412 1391 1483 complures
1410 1413 1486 1467 venti
1512 1419 1682 1483 generantur
1703 1411 1732 1465 in
1751 1413 1840 1482 regione

265 1477 352 1516 vauri
374 1476 630 1526 axraaoamusan,
651 1477 686 1515 ar
708 1476 814 1516 rossus
836 1474 1000 1516 ιιιιιιτιιιι.
1069 1492 1176 1546 infima
1190 1492 1269 1556 apris,
1285 1500 1312 1545 et
1325 1509 1362 1547 ex
1376 1500 1447 1546 tem
1460 1491 1610 1561 emirum,
1624 1499 1724 1561 prm
1740 1490 1794 1546 ffloe
1805 1491 1840 1561 qui
1866 1499 1867 1510 .

474 1571 517 1625 De
525 1571 614 1625 ventis
622 1570 1031 1626 extraordinariissermocinan·
1069 1570 1231 1640 dejiciuntur
1249 1577 1276 1625 ιι
1295 1571 1520 1641 repercutiuntur.
1562 1570 1716 1625 Videamus
1728 1569 1840 1642 qualisnt

431 1657 475 1705 tur
488 1650 599 1720 quidam
613 1658 638 1704 ιι
652 1658 811 1714 causantur;
826 1648 960 1718 ecnephia
974 1649 1030 1703 sive
1068 1666 1158 1705 sermo
1171 1667 1261 1704 rerum
1271 1650 1400 1719 ipsarum.

434 1728 561 1799 procella,
568 1730 679 1794 vortice,
690 1729 819 1800 typhone,
832 1735 969 1800 prestere:
982 1728 1031 1782 sed
1111 1728 1137 1784 1.
1158 1729 1270 1784 Relatio
1285 1729 1419 1784 naturalis
1437 1729 1509 1784 airis
1528 1732 1574 1798 (ιιι
1586 1729 1692 1784 dictum
1706 1737 1746 1781 est
1758 1729 1784 1782 iu
1793 1729 1838 1781 arti

237 1823 295 1860 rem
308 1824 363 1861 non
376 1816 494 1873 nunant,
509 1825 570 1879 quae
583 1815 656 1863 certe
670 1827 706 1864 ex
725 1807 862 1863 chronicis
876 1815 903 1861 et
917 1807 1031 1862 historia
1068 1807 1130 1863 culo
1137 1808 1170 1863 de
1177 1809 1265 1863 ventis
1275 1807 1460 1880 generalibus)
1471 1808 1574 1879 absque
1584 1825 1671 1862 causa
1680 1806 1734 1861 alia
1743 1815 1838 1867 estmoe,

237 1902 332 1955 sparsa
346 1887 402 1956 peti
416 1887 505 1942 debet.
1068 1888 1275 1959 gignitrentum
1288 1887 1494 1958 perceptibilem
1508 1887 1580 1942 intra
1591 1888 1720 1958 tropicos,
1732 1885 1774 1941 uhi
1785 1887 1838 1940 siris

280 1964 305 2019 l.
327 1966 474 2035 Repentini
499 1967 578 2021 flatus
596 1982 735 2037 nunquam
755 1964 824 2019 coelo
842 1981 938 2020 sereno
956 1966 1030 2030 finnt,
1068 1968 1209 2022 conversio
1220 1969 1250 2021 tit
1263 1984 1312 2037 per
1325 1966 1440 2022 circulos
1453 1968 1580 2035 majores

237 2045 285 2098 sed
309 2061 418 2114 semper
435 2044 530 2098 nubilo
551 2055 578 2099 et
601 2063 663 2100 cum
683 2045 787 2099 imbre:
810 2053 839 2099 ιιι
860 2045 1030 2114 eruptionem
1108 2046 1136 2102 2.
1157 2047 1225 2101 Post
1236 2054 1338 2101 motum
1353 2047 1425 2100 airis
1439 2047 1601 2111 naturalem,
1616 2054 1761 2116 antequam
1771 2044 1838 2115 inqui·

237 2123 373 2193 quandam
386 2124 452 2189 lieri,
465 2131 493 2179 et
507 2125 601 2179 flatum
615 2125 714 2187 excuti,
728 2140 814 2194 aquas
827 2125 942 2189 concuti,
958 2132 1030 2178 recte
1069 2140 1160 2181 ramus
1180 2125 1291 2188 desole,
1305 2126 1351 2196 qui
1366 2133 1409 2180 est
1425 2127 1533 2197 genitor
1545 2133 1691 2180 ventonrm
1705 2125 1837 2195 praecipius

238 2209 359 2271 putetur.
1069 2204 1221 2268 videndum,
1235 2222 1302 2259 num
1322 2206 1388 2276 quid
1410 2206 1446 2259 sit
1467 2204 1648 2260 tribuendum
1665 2204 1735 2258 luna
1753 2211 1777 2257 ιι
1792 2202 1838 2256 aliis

278 2280 305 2334 2.
326 2280 465 2347 Procelloe,
480 2283 621 2354 quatiunt
638 2299 701 2336 cum
719 2281 818 2336 nebula
837 2288 885 2336 aut
904 2280 1030 2353 caligine,
1068 2285 1156 2348 astris,
1170 2302 1206 2339 ex
1220 2285 1392 2355 experientia
1405 2284 1488 2339 clara

238 2376 306 2430 quas
333 2359 438 2415 belluas
464 2368 568 2426 vocant,
593 2378 707 2432 quasque
734 2377 764 2416 se
788 2361 923 2415 ιιιιιιιιιιιι
945 2362 1032 2416 ἰιιιιιι·
1108 2364 1134 2418 3.
1155 2363 1398 2418 Excitanturventi
1408 2363 1502 2435 magni
1517 2370 1545 2418 et
1559 2360 1837 2417 sortesuonnnllissnte

237 2438 378 2504 columma,
393 2440 572 2496 vehementes
585 2440 731 2495 admodum
751 2448 820 2506 sunt,
834 2449 862 2493 et
877 2441 944 2496 dhre
957 2441 1031 2494 nari-
1069 2441 1184 2513 eclipsin
1204 2443 1276 2498 lunae
1296 2442 1389 2508 horis3
1410 2442 1449 2496 ita
1470 2450 1509 2507 ut,
1525 2443 1549 2497 si
1571 2443 1642 2497 luna
1655 2442 1758 2496 detinet
1768 2440 1838 2494 medio

238 2519 374 2589 gentibus.
1068 2523 1164 2586 noctis,
1178 2523 1246 2576 flent
1259 2523 1333 2576 renti
1348 2522 1455 2591 vesperi
1477 2523 1670 2593 praecedente;
1690 2522 1713 2575 si
1725 2521 1782 2575 lona
1792 2519 1839 2573 deb

277 2597 304 2651 3.
325 2597 474 2667 'syphones
497 2601 621 2669 majores,
644 2601 690 2670 qui
718 2617 767 2670 per
788 2599 960 2654 latitudinem
984 2599 1031 2654 ali-
1068 2601 1123 2656 ciat
1136 2601 1387 2665 mane,tlentvcnti
1401 2601 1492 2656 medio
1505 2602 1593 2656 noctis
1610 2601 1779 2671 praecedente.

238 2693 319 2747 quam
342 2677 490 2732 notabilem
507 2680 663 2750 corripiunt,
680 2686 708 2734 et
728 2687 854 2749 correpta
873 2679 982 2733 sorbent
1001 2680 1031 2733 in
1108 2682 1135 2735 4.
1158 2681 1191 2734 ln
1212 2680 1337 2745 Perusia,
1360 2699 1421 2751 quse
1439 2681 1517 2752 regio
1535 2687 1577 2735 est
1601 2681 1745 2736 admodum
1760 2675 1837 2740 undu

238 2773 352 2819 sursum,
368 2773 429 2810 raro
443 2759 525 2822 fiunt3
547 2766 575 2813 at
587 2759 709 2824 vortices,
724 2760 780 2814 sive
795 2758 916 2813 turbines
927 2759 1029 2831 exigui,
1068 2767 1146 2814 notat
1159 2758 1259 2814 deceta
1272 2761 1392 2814 maxime
1406 2761 1472 2814 tlare
1486 2770 1581 2815 ventos
1594 2762 1627 2815 in
1642 2758 1797 2830 pleniluniis.

238 2843 267 2889 et
281 2836 358 2907 quasi
373 2835 477 2900 ludicri,
493 2838 656 2909 frequenter.
887 2841 892 2846 '
1147 2839 1269 2910 Dignum
1287 2847 1359 2894 certe
1379 2847 1451 2894 esset
1471 2839 1673 2904 observatione,
1703 2885 1820 2928 mm

277 2917 304 2970 4.
327 2915 428 2971 Omnes
449 2917 583 2987 procella,
597 2925 624 2973 et
641 2918 783 2989 typhones,
797 2925 824 2973 et
841 2917 961 2972 turbines
975 2932 1032 2972 ma·
1108 2919 1173 2990 quid
1193 2919 1300 2989 possint
1320 2937 1402 2991 super
1418 2926 1514 2974 ventos
1532 2926 1625 2974 motus
1644 2928 1673 2974 et

235 2994 317 3063 jures,
326 2995 429 3049 habent
439 2998 611 3051 manifestum
621 3005 722 3052 motum
733 2997 878 3068 praecipitii
889 3004 935 3051 aut
943 2997 1031 3051 vibra·
1108 3006 1232 3068 tempora
1252 2998 1332 3064 lunas,
1347 3016 1409 3054 cum
1422 2999 1527 3072 liquido
1540 3000 1652 3071 possint
1664 3015 1743 3069 super
1758 3009 1837 3067 aquas:

237 3074 319 3128 tionis
328 3074 461 3140 deorsum,
475 3077 564 3147 magis
579 3093 659 3148 quarn
674 3077 720 3131 alii
734 3078 823 3141 ventir
838 3084 868 3131 ut
882 3084 1030 3130 torrentum
1108 3077 1200 3142 veluti,
1211 3086 1299 3133 utrum
1308 3079 1383 3134 venti
1397 3095 1451 3133 non
1467 3079 1521 3133 sint
1535 3078 1621 3149 paulo
1635 3075 1838 3133 commotioresiu

237 3154 319 3206 modo
330 3172 409 3209 ruere
422 3155 571 3221 videantur,
585 3164 614 3210 et
628 3149 705 3228 qnasi
719 3174 768 3228 per
780 3155 890 3211 canales
903 3156 1029 3222 defluere,
1107 3157 1266 3228 pleniluniis
1278 3165 1308 3212 ιι
1325 3158 1475 3213 noviluniis
1488 3175 1570 3229 quam
1585 3158 1618 3212 in
1633 3156 1757 3219 dimidiis,
1769 3170 1838 3225 quem

237 3238 266 3286 ιι
280 3241 374 3301 postea
387 3251 404 3288 a
418 3241 490 3289 terra
501 3236 677 3291 reverberari.
1108 3237 1253 3298 admodum
1279 3237 1312 3291 fit
1338 3238 1367 3292 in
1394 3237 1504 3292 astibus
1524 3254 1677 3308 aquarum:
1703 3235 1762 3289 licet
1783 3231 1837 3287 enin

278 3311 306 3365 5.
327 3313 372 3366 Fit
396 3313 424 3367 in
445 3315 537 3384 pratis,
558 3323 591 3370 ut
610 3315 710 3370 cumuli
730 3314 797 3369 loeni
821 3314 982 3386 quandoque
1003 3311 1032 3368 in
1108 3316 1219 3386 quidam
1245 3318 1387 3371 commode
1409 3317 1513 3387 fingant
1535 3317 1685 3386 imperium
1709 3315 1774 3369 lune
1792 3326 1838 3365 esse

238 3390 325 3445 altum
347 3390 474 3458 serantur,
489 3402 516 3447 et
533 3402 591 3448 tum
608 3395 694 3449 instar
711 3394 825 3464 conopei
847 3400 1028 3465 spargantur,
1108 3411 1190 3465 super
1202 3412 1306 3466 aquas3
1322 3397 1387 3451 solis
1401 3412 1466 3450 vero
1479 3403 1507 3449 ιι
1521 3395 1837 3465 astrorumsuperairemr

239 3470 323 3524 etiam
336 3470 366 3525 in
383 3472 465 3542 agris,
478 3481 510 3527 ut
522 3474 613 3530 caules
628 3475 748 3544 pisarum
762 3473 882 3538 involuti,
898 3481 925 3528 ιι
940 3473 1031 3528 arista
1109 3481 1199 3529 tamen
1220 3483 1324 3529 certum
1345 3483 1387 3529 ιιι
1405 3490 1505 3546 aquam
1524 3482 1553 3530 ιι
1567 3479 1663 3530 adrem
1682 3491 1738 3529 esse
1750 3487 1839 3541 corpora

238 3557 361 3620 segetum
375 3551 512 3615 demessa,
523 3554 589 3623 quin
601 3555 682 3607 etiam
696 3552 782 3607 lintea
794 3552 829 3606 ad
839 3552 1031 3608 exsiccandum
1108 3554 1186 3609 valde
1198 3554 1375 3625 homogenea,
1386 3562 1414 3608 et
1425 3553 1527 3619 lunam,
1537 3561 1600 3625 post
1613 3555 1710 3621 solem,
1720 3551 1838 3624 plurimum

238 3629 372 3698 exposita,
386 3630 544 3686 attollantur
557 3649 574 3685 a
588 3633 739 3687 turbinibus
755 3649 839 3703 usqua
854 3632 889 3686 ad
908 3632 1028 3687 altitudi·
1108 3633 1155 3688 hic
1169 3634 1241 3703 apud
1254 3650 1304 3688 nos
1318 3650 1397 3702 posse
1411 3633 1441 3687 in
1454 3635 1588 3689 omnibns.

238 3725 302 3761 nem
322 3710 455 3773 arborum,
477 3719 524 3765 aut
543 3729 626 3783 supra
647 3712 756 3783 fastigia
777 3712 894 3777 adium
916 3711 1031 3782 hoecque
1110 3713 1139 3767 b.
1172 3714 1251 3767 Circa
1278 3713 1481 3781 conjunctiones
1514 3714 1689 3785 planetarum
1714 3728 1764 3766 non
1786 3706 1839 3778 lugi

238 3787 306 3841 fiunt
326 3789 429 3860 absque
443 3789 536 3862 aliquo
551 3792 655 3860 majore
669 3792 742 3846 venti
763 3791 868 3861 impetu
889 3799 937 3845 aut
950 3790 1032 3845 vehe·
1069 3791 1210 3846 hominum
1225 3792 1442 3846 observationem
1456 3792 1522 3847 flare
1533 3800 1630 3848 ventos
1644 3793 1763 3861 majores.

239 3868 350 3920 mentia.
1110 3871 1138 3925 6.
1158 3871 1263 3926 Ειιοιιιι
1285 3870 1396 3926 Orionis
1418 3879 1533 3943 surgunt
1556 3871 1718 3943 plerumque
1735 3868 1799 3923 venti
1819 3872 1840 3918 ei

279 3944 308 4000 6.
329 3945 366 4001 At
380 3948 541 4020 quandoque
552 3949 619 4003 fiunt
629 3949 839 4014 turbinesleves,
848 3958 876 4003 et
886 3949 1032 4004 admodum
1070 3956 1245 4021 tempestates
1265 3950 1364 4015 varim
1385 3950 1433 4004 sed
1452 3951 1597 4006 videndum
1623 3968 1714 4005 annon
1733 3950 1780 4004 hoe
1796 3946 1839 4003 fist,

199 4040 203 4046 ¹
239 4025 354 4094 angusti,
379 4028 463 4082 etiam
490 4029 518 4081 in
547 4046 661 4095 sereu03
682 4030 721 4083 ita
744 4038 776 4084 ut
798 4029 922 4100 equitans
941 4029 1033 4084 rideat
1071 4030 1135 4100 quia
1147 4038 1256 4085 exortus
1266 4031 1325 4099 ejus
1339 4031 1375 4084 sit
1389 4047 1422 4084 eo
1436 4038 1557 4101 tempore
1568 4031 1643 4093 anni,
1654 4030 1724 4101 quod
1736 4028 1767 4082 ad
1777 4042 1839 4098 gene

240 4101 364 4171 pulveres
378 4105 422 4160 rel
441 4106 536 4177 paleas
550 4109 649 4178 corripi
664 4116 692 4163 ιι
704 4110 773 4162 verti
791 4124 876 4178 prope
891 4126 929 4173 se,
942 4126 1031 4180 neque
1070 4109 1204 4163 rationem
1214 4118 1357 4163 ventorum
1368 4116 1409 4163 est
1422 4110 1542 4165 maxime
1554 4111 1669 4176 efficaxr
1683 4118 1712 4164 ut
1724 4110 1757 4163 sit
1768 4105 1839 4177 potita

239 4189 329 4236 tamen
342 4185 402 4254 ipse
415 4202 580 4257 magnopere
592 4197 703 4243 rentum
719 4188 831 4252 sentiat3
852 4206 914 4259 qum
928 4188 1032 4259 procul·
1070 4188 1255 4242 concomitans
1274 4188 1411 4259 quiddam,
1425 4205 1507 4261 quam
1525 4206 1625 4253 causas
1646 4189 1717 4260 quod
1734 4183 1838 4241 etiamde

239 4260 324 4314 dubio
337 4264 403 4317 fiunt
422 4264 468 4319 hic
491 4283 575 4337 prope
596 4284 632 4321 er
650 4266 723 4322 auris
737 4267 877 4321 contrariis
891 4284 921 4321 se
939 4274 1033 4322 mutuo
1071 4274 1132 4322 ortu
1152 4266 1272 4337 hyadum
1290 4275 1318 4321 et
1338 4266 1476 4339 pleiadum
1489 4269 1578 4339 quoad
1597 4268 1706 4333 imbres,
1719 4276 1744 4321 ιι
1760 4262 1838 4320 anteri

239 4339 440 4409 repellentibus,
455 4352 483 4398 et
493 4345 695 4401 circulationem
709 4346 781 4401 airis
802 4363 837 4401 ex
854 4347 1033 4401 concussione
1071 4347 1160 4417 quoad
1178 4354 1359 4417 tempestates,
1374 4347 1500 4402 similiter
1513 4350 1611 4403 merito
1625 4347 1739 4403 dubitari
1757 4344 1838 4415 possit:

239 4419 409 4475 iacientibus.
1071 4426 1104 4480 de
1118 4425 1184 4480 luna
1196 4434 1224 4480 et
1237 4426 1323 4482 stellis
1336 4425 1479 4482 hactenus

280 4496 308 4557 7.
331 4498 441 4554 Certum
452 4509 501 4566 ιιι,
516 4520 576 4558 esse
584 4505 715 4575 quosdam
729 4505 817 4568 flatus,
826 4504 872 4576 qui
887 4504 1033 4559 manifesta
1111 4502 1137 4566 7.
1160 4505 1207 4560 Sol
1228 4505 1406 4576 proculdubio
1419 4512 1461 4559 est
1474 4506 1594 4561 efficiens
1611 4507 1754 4578 primarius
1766 4510 1838 4557 rento

238 4578 355 4648 vestigia
377 4578 533 4651 relinquunt
559 4584 707 4638 adustionis
735 4592 762 4638 ιι
782 4583 979 4638 torrefactionis
1002 4585 1031 4638 in
1072 4602 1130 4639 rom
1152 4584 1337 4655 plurimorum,
1351 4601 1467 4654 operans
1487 4602 1537 4656 per
1550 4585 1669 4640 calorem
1681 4587 1710 4639 in
1723 4582 1838 4638 materian

239 4657 349 4726 plantis.
396 4657 434 4712 At
459 4669 616 4729 presterem,
644 4664 689 4734 qui
718 4670 760 4716 est
787 4671 915 4733 tanquam
943 4662 1034 4733 fulgur
1072 4663 1226 4734 duplicem:
1255 4680 1353 4734 eorpus
1379 4663 1482 4719 scilicet
1509 4665 1588 4730 airis,
1616 4674 1645 4720 et
1668 4679 1775 4737 vapores
1797 4662 1839 4713 titt

239 4753 343 4791 cascum
365 4744 446 4808 atque
466 4742 514 4794 air
534 4742 649 4806 fervens,
663 4742 711 4796 sed
729 4744 788 4797 siue
807 4742 925 4807 flamma,
939 4743 974 4796 ad
995 4743 1034 4796 in·
1072 4741 1269 4798 exhalationes.

239 4815 412 4885 quisitionem
425 4817 459 4871 de
475 4818 581 4890 fulgure
593 4821 738 4889 rejicimus.
1113 4822 1140 4876 8.
1162 4822 1217 4886 Sol,
1232 4829 1352 4876 comest
1370 4823 1513 4893 potentior,
1529 4825 1627 4886 adrem,
1645 4823 1710 4878 lieet
1727 4836 1809 4893 punam
1820 4824 1839 4867 tl

1073 4900 1176 4971 absque
1189 4902 1353 4956 immistione
1373 4901 1439 4966 ulla,
1453 4901 1548 4956 dilatat
1567 4903 1683 4957 fortasse
1701 4903 1734 4955 ad
1752 4898 1838 4953 teman

1073 4989 1186 5050 partem,
1201 4998 1262 5051 qnae
1275 4997 1319 5035 res
1332 4981 1406 5035 haud
1425 4998 1511 5051 parra
1524 4990 1575 5036 est.
1616 4978 1711 5053 ltaque
1730 4997 1776 5051 per
1791 4976 1839 5030 sim

1075 5059 1173 5130 plicem
1200 5059 1394 5124 dilatationem,
1415 5076 1527 5114 necesse
1551 5068 1591 5115 cst
1617 5068 1648 5115 ut
1673 5062 1769 5115 oriatur
1788 5068 1839 5108 auri

238 5162 274 5205 Ad
284 5164 329 5205 Art
342 5167 372 5212 ι,ν
475 5134 541 5195 Quae
554 5154 570 5188 a
584 5135 720 5190 veteribus
740 5135 773 5189 de
786 5136 874 5191 ventis
888 5152 1035 5207 eorumque
1074 5138 1166 5210 aliqua
1178 5138 1208 5192 in
1221 5139 1274 5192 viis
1288 5138 1523 5209 solis,pnesertim
1538 5140 1566 5193 in
1579 5140 1685 5210 magnis
1700 5134 1838 5193 senonas

240 5215 395 5305 &illidii
437 5216 526 5268 causis
540 5215 612 5268 dicta
626 5221 695 5278 sunt,
709 5214 822 5269 confusa
835 5215 916 5286 plane
931 5224 995 5270 sunt
1009 5223 1037 5270 et
1073 5217 1154 5289 idque
1168 5218 1258 5287 potius
1272 5218 1340 5273 duaa
1353 5227 1400 5272 aut
1417 5225 1473 5273 tres
1487 5219 1569 5274 horas
1583 5228 1644 5289 post
1657 5228 1772 5275 exortum
1784 5212 1837 5279 eju,

437 5293 547 5358 incerta,
572 5309 622 5346 nec
646 5294 768 5347 maxima
794 5311 830 5350 ex
857 5302 933 5366 parte
955 5312 1035 5348 vera:
1074 5313 1155 5367 quarn
1170 5298 1333 5367 ipsomane.

238 5385 328 5439 neque
341 5372 440 5426 minum
454 5372 477 5425 si
494 5390 549 5427 non
563 5379 676 5426 cernant
690 5371 772 5437 clare,
786 5375 833 5444 qui
847 5391 902 5429 non
914 5383 1037 5443 spectant
1115 5374 1143 5431 9.
1166 5376 1200 5429 Ιιι
1212 5377 1323 5446 Europa
1332 5383 1426 5431 noctes
1436 5384 1499 5432 sunt
1509 5377 1692 5442 aestuomorem
1704 5376 1731 5429 in
1741 5366 1837 5427 Pauus

240 5463 334 5514 prope.
377 5450 537 5520 Loquuntur
564 5467 596 5504 ac
623 5451 647 5504 si
671 5460 767 5506 ventus
795 5452 869 5507 eliud
895 5454 1037 5524 quippiam
1075 5463 1130 5511 tres
1142 5454 1218 5510 hora
1237 5456 1392 5524 matutinae;
1413 5456 1449 5512 ob
1462 5472 1544 5512 unam
1557 5457 1718 5527 eandemque
1731 5464 1835 5508 amant

269 1633 304 1674 Ad
314 1635 359 1675 Art
370 1638 400 1675 tu

269 1684 391 1726 connexio

240 4957 446 4999 consecutum
477 4963 514 5000 ΔΙ)
549 4963 663 5012 VENTOS,
694 4962 861 5002 ortwinum
895 4963 1033 5012 scaletin

253 5037 315 5075 ΝΛΜ
335 5038 373 5077 DE
393 5040 637 5081 sccmsrtrsutous
659 5043 750 5083 surita
770 5043 943 5089 triumuirum
964 5042 1023 5082 EST·
