3800 5875
214 292 269 350 128
531 290 637 347 LORD
658 287 855 347 viscouttu
877 289 929 348 ST.
951 290 1112 347 ALBAN'S
1133 290 1306 349 LETTERS
1327 290 1444 348 TEMP.
1459 291 1537 348 JAC.

253 452 353 508 lhave
368 451 482 518 watien,
497 469 529 508 as
551 470 597 522 my
611 452 676 522 duty
691 469 755 518 was,
769 459 799 507 to
820 451 866 507 his
887 451 1010 522 Maiesty
1049 452 1186 507 instantiis
1208 450 1375 524 impleantur
1397 453 1544 516 volumina,
1565 437 1801 524 qurehistoriam
1832 453 1869 507 C.

209 532 312 589 thsnlrs
326 532 460 604 touching
473 532 521 587 the
535 550 619 599 same,
633 533 670 602 by
686 530 734 588 tbe
752 532 833 586 letter
849 531 939 590 lhere
960 539 1010 604 put
1051 531 1134 586 Plinii
1159 532 1367 604 sextuplicenti
1409 535 1443 588 In
1465 551 1520 604 qna
1541 543 1632 587 tamen
1655 532 1719 602 ipsa
1740 532 1873 603 plurima

208 614 267 668 into
280 631 349 683 your
362 614 443 667 noble
458 613 555 667 hands.
1050 612 1227 683 philologica,
1242 612 1374 676 fabulosa,
1388 614 1566 685 antiquitatis,
1580 627 1635 668 nan
1653 621 1771 667 naturae.
1820 613 1873 667 Et·

252 694 349 748 lbave
362 693 441 748 made
456 692 521 760 also,
535 692 565 745 in
584 691 644 746 that
657 689 754 757 letter,
769 709 804 746 an
826 691 895 747 oti'er
915 698 943 746 ta
963 691 1010 747 his
1049 693 1122 746 enim
1136 710 1229 747 reram
1249 692 1394 748 historiam
1408 693 1562 748 naturalem
1576 691 1648 746 nihil
1670 691 1747 746 aliud
1768 694 1874 763 ingre·

208 774 330 843 Maiesty
342 774 373 827 of
383 791 428 842 my
443 774 554 837 service,
566 772 607 826 far
620 771 752 843 bringing
766 773 824 825 into
832 773 921 826 better
930 772 1009 826 order
1049 772 1124 826 ditur
1146 782 1245 844 prater
1266 773 1420 836 instantias,
1434 774 1628 837 connexiones,
1643 772 1873 835 observationes,

209 855 263 908 and
283 854 368 907 frame
390 854 437 907 the
459 854 526 906 lawa
547 851 579 906 of
595 850 741 922 England:
771 850 818 905 the
842 852 1009 907 declaration
1049 868 1176 907 canones.
1218 852 1319 925 Cogita
1332 854 1465 908 alteraex
1479 862 1557 923 parte
1572 853 1709 907 immensa
1717 851 1875 906 volumina

209 934 335 988 whereas
353 933 364 986 1
380 933 450 987 have
462 931 513 987 left
526 931 594 986 with
609 931 654 986 Sir
666 932 784 985 Edward
806 930 949 995 Saclrille,
965 932 1009 986 be
1049 932 1257 1003 philosophicae
1279 933 1361 987 facile
1381 933 1533 1004 perspicies
1546 933 1677 987 maximae
1691 932 1786 987 solida
1801 950 1873 987 esse

209 1031 290 1068 cause
304 1014 326 1068 it
340 1030 410 1067 were
424 1030 461 1067 na
474 1012 545 1084 good
558 1028 687 1066 manners
701 1018 730 1066 to
743 1012 805 1083 clog
819 1011 864 1066 his
878 1011 1008 1080 Majesty‚
1049 1014 1170 1067 maxime
1185 1014 1271 1068 finita.

209 1104 238 1147 at
251 1094 308 1149 this
318 1094 383 1147 time
397 1093 429 1146 of
446 1091 567 1163 triumph
581 1091 807 1167 audrecreation,
822 1091 889 1146 with
904 1109 921 1146 a
938 1092 1010 1146 busi-
1089 1090 1240 1158 Postremo,
1254 1110 1290 1149 ex
1307 1100 1402 1147 nostra
1423 1091 1639 1163 philosophandi
1661 1092 1800 1147 methodo
1822 1110 1874 1148 ex-

208 1190 272 1228 ness
291 1174 323 1227 of
342 1173 397 1227 this
418 1181 532 1238 nature;
554 1188 585 1226 sa
606 1188 637 1225 as
659 1188 728 1241 your
750 1171 874 1243 lordship
896 1187 959 1241 may
975 1172 1009 1225 be
1049 1172 1167 1243 cipietur
1179 1173 1209 1227 in
1222 1174 1268 1227 vis
1285 1172 1464 1244 plurimarum
1485 1189 1600 1242 operum
1620 1172 1728 1228 utilium
1750 1174 1873 1237 messis,

209 1254 321 1325 pleased
334 1261 362 1306 to
375 1251 429 1306 call
444 1252 485 1306 for
498 1253 521 1305 it
534 1259 564 1306 to
581 1250 625 1306 Sir
643 1251 761 1306 Edward
776 1250 914 1307 Saclrville
927 1252 1009 1306 when
1050 1269 1111 1322 quac
1125 1270 1161 1308 er
1179 1252 1410 1323 speculationibus
1431 1259 1480 1308 aut
1500 1251 1732 1323 disputationibus
1755 1252 1874 1308 sterilis

209 1351 264 1402 you
279 1331 359 1387 think
375 1332 422 1387 the
434 1334 501 1387 time
517 1330 688 1388 reasonable.
1050 1341 1098 1387 aut
1111 1333 1188 1387 nulla
1200 1343 1251 1387 est.

251 1413 318 1467 lam
334 1411 398 1466 bald
411 1410 535 1467 lilcewise
550 1420 579 1465 to
593 1416 704 1482 present
717 1426 786 1480 your
799 1410 926 1482 lordahip
939 1410 1009 1465 with
1092 1413 1243 1467 ilistoriam
1253 1412 1405 1466 naturalem
1416 1412 1452 1466 ad
1464 1412 1633 1467 condendam
1648 1412 1873 1484 philosophiam

208 1492 311 1548 aboolr
327 1492 358 1546 af
375 1510 421 1563 my
436 1492 553 1562 History
570 1497 603 1565 ο]
620 1492 691 1563 king
705 1490 803 1561 Henry
823 1492 867 1544 tire
890 1491 1008 1546 recentia
1051 1489 1097 1567 (ut
1111 1503 1140 1546 et
1154 1501 1183 1546 tu
1198 1495 1307 1560 mones)
1326 1501 1390 1547 ante
1411 1493 1505 1546 omnia
1524 1500 1662 1564 preoptae
1684 1509 1782 1564 neque
1797 1493 1873 1548 huic

209 1574 271 1628 And
283 1591 345 1627 now
363 1573 431 1637 that,
446 1573 474 1626 in
489 1589 610 1627 summer
620 1588 676 1625 was
691 1570 787 1625 twelve
801 1571 920 1635 months,
936 1571 948 1624 Ι
965 1571 1010 1625 de·
1050 1573 1090 1626 rei
1105 1573 1195 1637 deero,
1208 1581 1340 1644 quantum
1357 1573 1386 1626 in
1401 1590 1445 1627 me
1464 1581 1515 1628 est.
1558 1573 1671 1627 Utinam
1692 1572 1827 1628 habeam
1843 1583 1875 1629 et

208 1654 315 1708 dicated
326 1670 343 1707 a
354 1652 425 1706 bools
436 1661 464 1706 to
474 1653 519 1707 his
531 1653 670 1721 Majesty;
686 1650 740 1704 and
751 1651 807 1705 this
818 1650 871 1705 last
880 1668 1009 1716 summer,
1050 1652 1189 1728 adjutores
1206 1654 1327 1708 idoneos.
1368 1654 1468 1724 Neque
1481 1653 1510 1706 in
1525 1652 1578 1706 hac
1593 1663 1671 1723 parte
1686 1654 1763 1708 mihi
1783 1655 1874 1725 quid·

208 1734 264 1788 this
275 1732 347 1788 bools
357 1739 386 1787 to
397 1733 443 1787 the
455 1732 565 1802 prince;
587 1749 654 1802 your
661 1730 809 1800 lordship's
822 1740 885 1785 turn
899 1731 924 1786 is
935 1739 1009 1794 next,
1051 1734 1126 1803 piam
1141 1734 1265 1788 accidere
1284 1731 1384 1804 poterit
1402 1732 1517 1797 felicius,
1532 1749 1615 1802 quam
1630 1733 1654 1787 si
1672 1740 1709 1798 tu,
1724 1733 1800 1789 talis
1816 1736 1872 1800 vir,

208 1814 263 1868 and
277 1814 333 1867 this
347 1830 467 1867 summer
481 1811 542 1866 that
555 1811 663 1865 cometh
681 1811 719 1882 (if
738 1810 751 1864 l
767 1809 821 1865 lire
836 1821 866 1865 to
885 1811 921 1879 it)
936 1810 1010 1865 shall
1052 1814 1187 1883 primitias
1199 1813 1264 1868 huic
1273 1814 1350 1883 operi
1365 1813 1487 1882 praebeas
1498 1812 1694 1868 conscribendo
1708 1812 1873 1869 historiam

207 1895 242 1948 be
256 1910 350 1964 yours.
394 1893 492 1946 lhase
507 1891 615 1945 desired
636 1890 682 1944 his
706 1891 828 1961 Majesty
849 1899 876 1945 ta
894 1892 1011 1962 appoint
1051 1892 1212 1958 caelestium,
1227 1895 1257 1947 in
1274 1909 1329 1964 qus
1347 1893 1409 1963 ipsa
1427 1901 1533 1948 tantum
1558 1893 1751 1963 phaenomena,
1776 1904 1872 1966 utque

207 1991 252 2029 me
267 1973 314 2027 the
331 1971 399 2034 taslr,
415 1972 559 2027 otherwise
576 1972 588 2025 I
604 1969 677 2025 shall
692 1988 740 2025 use
759 1987 804 2040 my
820 1987 881 2025 own
895 1970 1009 2036 chaice;
1053 1990 1107 2026 una
1128 1975 1308 2029 instrumenta
1328 1973 1518 2035 astronomica,
1540 1990 1688 2043 eorumque
1710 1984 1874 2044 generaret

207 2053 249 2107 far
264 2053 319 2107 this
333 2052 358 2107 is
375 2052 422 2105 the
441 2051 502 2106 best
521 2050 683 2105 retribution
699 2048 711 2104 1
726 2067 778 2104 can
799 2049 879 2105 malsc
894 2057 922 2104 to
942 2068 1012 2121 your
1052 2069 1147 2118 usum;
1169 2055 1232 2109 dein
1246 2053 1415 2123 hypotheses
1435 2053 1587 2123 praecipuas
1601 2060 1629 2107 et
1643 2055 1770 2108 maxime
1785 2055 1876 2110 illus-

207 2132 341 2204 iordship.
385 2130 445 2185 God
460 2147 576 2202 prosper
587 2147 650 2200 you.
694 2130 775 2185 lrest
1051 2139 1114 2196 tres,
1130 2142 1186 2188 tam
1200 2135 1327 2203 antiquas
1342 2150 1426 2204 quam
1442 2132 1596 2198 modernas,
1611 2140 1694 2203 atque
1709 2134 1805 2189 simul
1822 2154 1874 2190 ex·

285 2227 362 2284 you,
374 2226 524 2299 yordghypv,
539 2233 611 2283 most
625 2226 737 2299 obliged
751 2226 840 2281 friend
859 2226 913 2281 and
931 2227 1012 2281 saph,
1050 2221 1126 2266 actas
1140 2214 1342 2268 restitutionum
1356 2212 1558 2274 calculationes,
1577 2221 1605 2266 et
1619 2212 1675 2266 alia
1694 2212 1874 2282 hujusmodi

327 2308 368 2364 sul
381 2316 499 2374 gemm,
1050 2292 1155 2347 sincere
1170 2309 1316 2364 proponas,
1330 2293 1433 2363 absque
1448 2293 1521 2346 omni
1536 2292 1663 2362 dogmate
1677 2301 1707 2347 et
1722 2293 1874 2351 themate.

1050 2372 1128 2433 Quod
1144 2374 1167 2427 si
1189 2373 1253 2427 huic
1267 2372 1419 2427 coelestium
1434 2372 1558 2426 historia
1574 2372 1721 2427 historiam
1740 2382 1875 2430 cometa·

1051 2470 1110 2506 nrm
1125 2453 1257 2528 adjeceris
1273 2454 1319 2521 (de
1334 2469 1388 2523 qua
1401 2451 1570 2506 conficienda
1585 2469 1648 2507 ecce
1661 2453 1711 2507 tibi
1726 2455 1875 2510 articulos

1051 2533 1183 2603 quosdam
1204 2542 1234 2589 et
1254 2533 1333 2604 quasi
1352 2533 1445 2603 topica
1470 2531 1656 2602 particularia)
1675 2536 1875 2605 magnificum

1050 2628 1161 2683 prorsus
1175 2613 1374 2683 frontispicium
1384 2612 1507 2666 historiae
1517 2611 1634 2667 naturali
1647 2615 1827 2680 extraxeris,
1844 2625 1875 2670 et

1050 2693 1153 2763 optime
1167 2693 1200 2747 de
1215 2693 1389 2747 scientiarum
1404 2692 1598 2747 instauratione
1615 2693 1762 2758 merueris,
1780 2695 1874 2752 mibi-

1051 2789 1103 2842 que
1118 2772 1305 2844 gratissimum
1322 2772 1428 2826 feceris.

1089 2851 1203 2907 Librum
1215 2870 1307 2907 meum
1322 2852 1355 2906 de
1364 2869 1512 2923 progressu
1526 2852 1703 2907 scientiarum
1714 2854 1876 2909 traducen-

1050 2931 1114 2988 dum
1131 2933 1266 2989 commisi.
1310 2932 1363 2987 illa
1380 2932 1531 2997 translatio,
1545 2930 1652 2988 volente
1670 2932 1743 2999 Deo,
1766 2937 1828 2991 sub
1843 2940 1877 2992 fi-

287 2983 407 3039 D⁰³¹¹⁸⁸
420 2984 605 3049 Bmmff'
1049 3029 1113 3067 nem
1128 3015 1231 3068 testatis
1245 3013 1417 3084 perficietur:
1439 3030 1500 3067 eam
1513 3013 1548 3067 ad
1562 3021 1590 3067 te
1605 3013 1721 3068 mittam.

247 3089 373 3146 Lirenas
386 3099 447 3147 tuas
460 3091 516 3162 legi
527 3091 658 3146 libenter:
680 3106 797 3161 cumque
808 3087 1012 3145 interserimus
1089 3095 1182 3164 Opera
1195 3102 1249 3157 tua,
1262 3110 1323 3164 qum
1330 3093 1433 3165 publici
1444 3094 1516 3162 juris
1525 3099 1596 3158 sunt,
1604 3093 1715 3163 inspexi
1727 3116 1735 3157 ς
1759 3112 1877 3167 magne

207 3179 342 3225 amatores
357 3173 438 3226 ardor
451 3171 535 3225 etiam
550 3172 695 3225 candorem
708 3178 831 3242 generet,
846 3170 882 3225 ad
896 3187 936 3235 ea,
949 3187 1012 3241 quse
1049 3182 1122 3228 certe
1137 3173 1296 3228 subtilitatis
1310 3181 1338 3228 et
1352 3174 1505 3244 diligentias
1518 3174 1547 3227 in
1562 3174 1606 3227 via
1620 3181 1721 3227 vestra.
1769 3175 1877 3230 Nosa-

207 3251 325 3323 ingenue
340 3252 452 3323 petiisti,
466 3252 586 3321 ingenue
601 3250 782 3321 respondebo.
1050 3262 1130 3318 tores,
1156 3271 1225 3325 quos
1248 3254 1382 3317 nominas,
1405 3253 1568 3317 Patricium,
1591 3252 1745 3317 Telesiam,
1778 3256 1875 3310 etiam

249 3331 313 3386 Nou
330 3340 371 3385 est
392 3348 484 3385 meum
504 3331 631 3384 abdicare
652 3330 682 3384 in
701 3338 789 3383 totum
811 3326 1010 3399 syllogismum.
1049 3333 1127 3397 alias,
1148 3351 1216 3404 quos
1237 3333 1432 3404 praetermittis,
1453 3333 1520 3405 legi.
1569 3331 1680 3388 Possint
1705 3350 1772 3387 esse
1797 3336 1877 3391 tales

209 3409 266 3465 Res
281 3420 323 3466 est
344 3411 520 3482 syllogismus
541 3409 631 3481 magis
652 3408 786 3463 inhabilis
808 3408 844 3462 ad
863 3410 1010 3481 precipua,
1049 3414 1184 3468 innumeri
1204 3413 1278 3468 velut
1299 3415 1384 3467 etiam
1409 3413 1531 3484 antiquis
1553 3412 1726 3483 temporibus
1754 3416 1878 3470 fuerunt

209 3507 290 3561 quam
304 3492 412 3546 inutilis
425 3490 460 3544 ad
471 3489 596 3559 plurima.
1050 3494 1245 3559 Anaximenes,
1260 3492 1449 3564 Anaxagoras,
1469 3493 1652 3557 Democritus,
1667 3491 1876 3560 Parmenides,

248 3571 292 3625 Ad
302 3570 497 3626 mathematica
511 3569 605 3640 quidni
619 3568 805 3622 adhibeatur?
834 3565 906 3622 Cum
919 3567 1012 3623 fluxas
1049 3573 1137 3627 etalii
1154 3575 1230 3642 (nam
1248 3572 1436 3644 Pythagoram
1454 3582 1484 3627 nt
1498 3573 1718 3643 superstitiosum
1737 3576 1877 3644 omitto).

208 3652 332 3705 materiae
355 3654 380 3706 dc
400 3648 582 3705 inconstantia
604 3648 725 3719 carparis
747 3647 858 3718 physici
878 3647 947 3703 illud
967 3649 1010 3713 sit,
1052 3654 1202 3708 Interistas
1214 3662 1270 3707 tam
1281 3654 1408 3724 antiquos
1420 3670 1503 3723 quam
1514 3653 1658 3706 modernos
1670 3652 1877 3711 differentiam

208 3731 280 3801 quod
288 3730 472 3785 inductionem
481 3728 631 3791 desiderem
647 3737 677 3782 ut
685 3745 800 3800 peream
809 3726 892 3781 veluti
902 3729 1011 3799 figatur,
1051 3731 1187 3787 facultatis
1210 3749 1330 3805 agnosca
1354 3734 1513 3798 maximam,
1533 3732 1657 3806 raritatis
1680 3748 1876 3804 perparvam.

208 3819 289 3881 atque
303 3810 366 3864 inde
380 3817 508 3864 eruantur
520 3809 646 3863 nationes
659 3808 729 3862 bene
743 3808 904 3863 terminatae.
1051 3813 1162 3867 Summa
1173 3814 1213 3868 rei
1225 3822 1273 3877 est,
1283 3814 1307 3867 si
1321 3812 1449 3867 homines
1458 3830 1488 3867 se
1501 3813 1581 3866 rebus
1591 3812 1757 3867 submittere
1769 3815 1878 3877 velint,

249 3889 291 3943 De
313 3889 503 3959 metaphysica
521 3905 556 3942 ne
578 3888 617 3944 sis
638 3888 779 3943 sollicitus.
828 3886 916 3942 Nulla
936 3887 1011 3943 enim
1050 3893 1154 3964 aliquid
1175 3895 1289 3958 confict;
1311 3893 1354 3947 sin
1369 3894 1468 3958 miuus,
1484 3892 1597 3964 ingenia
1616 3892 1668 3945 ista
1684 3893 1827 3950 redibunt
1846 3898 1880 3951 in

207 3969 261 4023 erit
284 3979 346 4040 past
366 3986 458 4024 veram
479 3968 624 4039 physicam
646 3969 802 4034 inventam
831 3966 904 4022 ultra
928 3985 1011 4039 quam
1051 3974 1154 4028 orbem.
1660 4036 1663 4043 ¹

208 4048 277 4103 nihil
292 4057 392 4118 praeter
405 4049 506 4104 divina
1090 4052 1220 4108 Stabilita
1234 4052 1293 4127 jam
1307 4051 1344 4106 sit
1357 4052 1429 4107 inter
1442 4069 1493 4107 nas
1506 4052 1618 4115 notitia;
1640 4068 1754 4122 meque,
1769 4062 1804 4109 ut
1818 4073 1880 4111 coe·

251 4129 283 4182 ln
297 4128 413 4198 physica
426 4129 573 4200 prudenter
586 4136 673 4193 notat,
686 4136 713 4182 et
725 4129 798 4183 idem
812 4134 901 4181 tecum
914 4128 1011 4193 ⁸01¹ti02
1049 4133 1122 4204 pisti,
1138 4132 1258 4188 maxime
1272 4140 1365 4187 autem
1379 4133 1521 4187 veritatem
1536 4149 1608 4185 ama.
1652 4131 1733 4186 Vale.

208 4217 270 4278 past
280 4208 403 4263 notiones
414 4209 510 4280 primae
524 4208 627 4274 classis,
638 4216 668 4263 et
680 4208 818 4263 axiomata
832 4223 914 4276 super
926 4208 1010 4278 ipsas,
1442 4226 1496 4283 y„
1511 4226 1721 4281 amantissimus

208 4305 258 4358 per
271 4288 452 4343 inductionem
472 4289 541 4342 bene
557 4298 636 4343 eruta
650 4294 679 4343 et
694 4288 847 4349 terminata,
862 4294 921 4341 tuto
934 4287 1011 4341 adhi-
1580 4290 1587 4307 ⁸
1648 4321 1667 4376 s
1694 4269 1869 4380 ALBANS

208 4368 266 4421 beri
285 4367 483 4439 syllogismum,
498 4368 579 4422 modo
596 4367 753 4423 inhibeatur
770 4365 855 4439 saltus
875 4367 910 4420 ad
929 4385 1011 4438 gene·
1669 4362 1677 4375 ‘
1872 4368 1880 4381 “

208 4447 351 4511 ralissima,
359 4457 387 4501 et
396 4450 444 4502 fiat
453 4465 614 4520 progressus
623 4465 672 4518 per
681 4448 783 4502 scalam
794 4446 1009 4502 convenientem.

248 4528 291 4582 De
311 4528 484 4582 multitudine
499 4528 696 4593 instantiarum,
712 4545 772 4598 qum
782 4525 908 4581 homines
922 4526 1010 4581 deter-

208 4625 268 4662 rere
282 4608 376 4678 possit,
392 4607 451 4661 haec
465 4608 636 4678 respondeo:

708 2385 768 2441 FB.
790 2385 844 2441 ST.
868 2384 1010 2442 ALBAN.

248 2480 449 2554 Gorhambury,
462 2481 519 2537 this
534 2480 651 2536 author
661 2479 769 2546 March,
787 2478 871 2536 1621.

289 2765 466 2821 CCLXXV!
500 2766 549 2821 ΤΟ
568 2765 718 2819 FATHER
736 2762 926 2820 nubuntur.

499 2845 729 2909 BARANZAN.†

1091 4402 1172 4474 Apud
1186 4402 1269 4456 AEdcs
1283 4418 1368 4466 meas,
1385 4400 1514 4468 Londini,

1147 4480 1165 4535 J
1168 4481 1227 4537 unii
1240 4481 1346 4547 ultimo,
1365 4481 1452 4536 1622.

249 4687 349 4751 Primo,
364 4687 429 4757 quid
443 4704 512 4758 opas
525 4696 568 4741 est
580 4684 820 4742 dissimulatione?
861 4683 916 4739 Aut
930 4687 1010 4756 copia

208 4767 396 4821 instantiarum
410 4768 601 4838 comparanda,
613 4773 659 4821 aut
669 4766 810 4837 negotium
819 4765 1008 4821 deserendum.

208 4846 279 4901 Aliae
292 4864 387 4901 omnes
400 4847 459 4912 viae,
473 4854 609 4918 utcunque
623 4845 803 4909 blandiantur,
818 4844 968 4915 imperviae.

249 4927 374 4982 Secundo
388 4927 473 4998 (quad
487 4927 587 4997 etipse
601 4928 692 4994 notas)
707 4925 895 4997 praerogativae
908 4924 1010 4980 instan-

208 5007 315 5071 tiarum,
331 5014 358 5061 et
375 5008 473 5062 modus
487 5005 721 5077 experimentandi
735 5006 808 5059 circa
821 5005 1011 5076 experimenta

1205 4746 1379 4801 ccuxxvi.
1411 4744 1460 4798 ῚῸ
1477 4744 1553 4797 THE
1571 4742 1690 4808 KING.1

1103 4895 1135 4951 lr
1149 4911 1211 4950 uas
1226 4911 1329 4951 ausass
1344 4910 1423 4950 rona
1438 4908 1514 4948 asosr
1528 4908 1693 4949 axcmsmr
1707 4892 1880 4967 Marassa,

1089 5005 1123 5060 Iu
1143 5006 1191 5060 the
1204 5006 1287 5060 midst
1302 5004 1334 5060 of
1348 5023 1393 5075 my
1412 5004 1520 5072 misery.
1537 5003 1628 5056 which
1650 5003 1675 5056 is
1699 5002 1805 5059 rather
1832 5027 1881 5063 as-

208 5087 323 5142 1ucifera
343 5092 437 5158 (quem
459 5086 607 5157 aliquando
620 5086 769 5155 trademus)
788 5086 821 5140 de
836 5084 1009 5140 multitudine
1048 5086 1151 5157 suaged
1164 5086 1200 5155 by
1211 5085 1423 5147 remembrance‚
1438 5084 1506 5138 than
1519 5084 1556 5151 by
1567 5083 1657 5153 hope;
1679 5099 1727 5151 my
1740 5082 1881 5145 chiefest

208 5167 330 5239 ipsarum
344 5167 492 5237 plurimum
505 5166 657 5220 detrahent.

1049 5165 1161 5235 worldly
1172 5166 1289 5221 comfort
1298 5165 1331 5231 is,
1343 5174 1371 5219 to
1381 5163 1460 5218 think
1475 5163 1535 5217 that
1544 5164 1619 5216 since
1631 5162 1678 5215 the
1691 5164 1760 5217 time
1779 5166 1795 5219 I
1814 5168 1881 5224 had

248 5247 348 5314 Tertio,
363 5248 428 5319 qaid
444 5246 537 5319 magni
552 5248 628 5312 foret,
646 5262 721 5317 rogo,
737 5245 761 5299 si
778 5245 808 5299 in
821 5245 1009 5301 describendis
1048 5245 1095 5300 the
1106 5245 1166 5299 first
1175 5254 1236 5299 sote
1248 5246 1280 5299 of
1290 5245 1338 5300 the
1352 5242 1587 5299 commonshoosc
1596 5241 1628 5297 of
1638 5241 1817 5314 parliament
1831 5250 1880 5305 for

237 5392 254 5422 ⁸
271 5387 343 5437 From
354 5390 467 5449 Niceron,
479 5397 534 5437 tam.
548 5388 597 5437 111.
609 5405 633 5493 Ε.
642 5389 678 5437 45.

240 5456 250 5497 t
268 5447 308 5495 He
318 5464 390 5495 wasa
406 5449 535 5496 Barnabite
552 5464 606 5495 mon

212 5505 249 5555 hie
268 5506 384 5554 Lectures
398 5522 429 5555 ou
443 5507 587 5568 Philosophy
598 5506 675 5569 began
691 5512 715 5554 to
727 5505 819 5553 discard
834 5505 873 5553 the
890 5506 1008 5568 authority

1048 5390 1074 5435 of
1083 5388 1204 5436 Aristatla.
1236 5387 1277 5435 Hs
1294 5388 1350 5435 died
1364 5387 1404 5435 tbe
1417 5386 1448 5435 23
1466 5385 1608 5444 December,
1626 5385 1694 5445 1022,
1710 5393 1736 5435 at
1754 5386 1805 5437 the
1825 5406 1880 5455 aga

638 5456 663 5495 at
673 5448 774 5509 Anaccy
784 5447 809 5494 in
822 5446 907 5510 Sasoy,
920 5448 975 5494 who
985 5448 1009 5493 in
1047 5448 1074 5494 oi
1081 5446 1118 5494 33.

1077 5507 1091 5567 ‡
1108 5504 1248 5567 Stephcns's
1257 5502 1352 5552 Second
1362 5502 1503 5563 Collection‚
1514 5518 1538 5565 p.
1552 5501 1601 5552 158.
