3800 5875
607 300 790 361 HISTORIA
809 302 926 362 ussat
946 303 996 360 ΕΤ
1017 301 1120 360 ΒΔΒῙ.
1610 305 1668 363 555

38 458 72 512 fit
85 457 219 516 irroratis
231 461 261 515 in
275 459 379 518 mdibtrs
391 478 473 533 supcr
489 461 560 518 vitra
581 462 777 528 &sesmarum
798 463 840 517 id·
917 462 944 518 5.
966 461 1037 519 Gelu
1050 470 1149 518 terram
1168 460 1234 518 iacit
1250 477 1431 528 concrescere,
1449 478 1565 536 musque
1581 463 1671 522 reddit

39 555 96 609 que
110 540 434 611 magisinteriusversus
447 541 610 609 cubiculum,
624 559 707 614 quam
720 542 840 599 exterius
877 541 978 596 siccam
996 549 1023 597 et
1041 543 1143 598 duram
1184 541 1269 596 Poita
1286 542 1325 597 ait
1344 543 1378 597 dc
1397 541 1554 614 regionibus
1570 542 1670 618 hyper-

38 618 187 674 adserens
200 628 334 690 apertum.
877 621 987 678 boreis:

41 776 48 789 .
84 699 133 790 ¹25
157 698 310 765 meum*
321 700 368 771 qui
381 699 586 771 “aemam
599 707 781 764 ’πωπω
795 701 840 755 de'
951 741 1009 789 “AE
1055 739 1297 805 ucdissiliuntvnlgo
1311 749 1377 791 vcstc
1405 758 1436 791 ne
1461 744 1596 793 'escunt''

39 777 108 832 rude
118 785 194 833 rntm
203 795 301 834 cavum
309 779 467 850 pulmonum
476 779 550 834 brevi
559 796 634 836 mora
643 780 840 852 parumbume-
1012 756 1053 803 Μ
1296 777 1303 801 ¹
1378 758 1405 805 η
1446 758 1484 807 ”⁸

40 857 141 921 factus,
156 875 239 929 super
251 859 361 929 specula
377 869 425 915 aut
435 876 549 930 corpora
562 859 647 930 polita
662 858 766 931 (qualis
779 867 841 914 suut
917 855 944 910 6.
967 857 998 911 ld
1019 856 1089 927 quod
1107 857 1210 911 iaciunt
1232 856 1331 912 tabulae
1347 855 1453 928 ligneae,
1467 856 1619 928 prasertim
1639 859 1668 916 in

41 953 171 1007 gemme,
199 936 309 994 lamina
335 941 448 1004 endum,
476 947 504 993 et
531 939 643 1006 similia)
671 940 784 993 vertitur
810 939 839 992 in
875 935 1009 1002 juncturis
1022 934 1171 1006 glutinatis.

42 1016 176 1086 quiddam
190 1017 332 1084 roscidum,
347 1020 420 1090 quod
431 1017 514 1090 paulo
527 1026 588 1089 post
601 1018 686 1072 instar
698 1018 839 1073 nubecula
917 1012 944 1075 7·
965 1014 1056 1070 Etiam
1077 1014 1155 1080 clavi,
1172 1032 1222 1087 per
1238 1014 1448 1069 contractionem
1466 1015 1584 1088 frigoris,
1597 1017 1669 1073 deci·

42 1096 204 1166 dissipatur.
877 1092 943 1148 dunt
958 1093 1000 1162 (ut
1012 1094 1144 1164 referunt)
1158 1112 1173 1148 e
1187 1095 1341 1165 parietibus.

87 1175 131 1229 13.
154 1175 255 1230 Lintea
267 1175 350 1231 ctiam
362 1176 392 1230 in
405 1176 509 1233 sedibus
521 1174 583 1251 (ubi
596 1176 670 1248 ignis
682 1192 736 1231 non
747 1192 840 1230 accen·
918 1172 945 1226 8.
967 1173 1037 1229 Ossa
1063 1173 1222 1228 animalium
1245 1190 1294 1244 per
1320 1172 1384 1244 gelu
1407 1173 1553 1228 deveniunt
1578 1176 1668 1247 magis

42 1251 134 1328 ditur)
149 1254 281 1326 colligunt
299 1255 496 1322 humiditatem,
511 1258 552 1312 irs
565 1265 595 1314 ut
613 1256 675 1311 loeo
691 1255 839 1327 appropin-
877 1251 981 1322 crispa3
1003 1252 1072 1306 adeo
1094 1260 1125 1305 nt
1148 1252 1267 1307 fractura
1287 1253 1408 1324 ipsorum
1435 1270 1485 1324 per
1511 1253 1667 1322 hujusmodi

43 1343 130 1405 quate
143 1335 257 1390 sument.
878 1339 1001 1402 tempora
1014 1340 1042 1386 et
1053 1331 1160 1387 facilius
1174 1332 1228 1397 dat,
1241 1339 1271 1387 et
1284 1332 1383 1402 aegrius
1396 1340 1512 1387 curetur.
1540 1332 1666 1405 Denique

87 1414 135 1469 14,
158 1413 288 1469 Pulveres
301 1430 394 1469 omnes
407 1413 436 1469 in
446 1414 613 1485 repositoriis
626 1413 746 1470 conclusi
760 1412 838 1468 colli·
877 1410 969 1464 omnia
982 1410 1048 1465 dura
1062 1411 1208 1466 redduntur
1221 1429 1271 1481 per
1284 1411 1370 1481 frigus
1383 1411 1472 1482 magis
1487 1411 1606 1484 fragilia.

42 1504 114 1563 gunt
124 1493 325 1558 humiditatem,
338 1501 370 1549 ut
378 1493 499 1549 haereant
512 1501 540 1548 et
554 1495 631 1565 quasi
644 1494 798 1566 glebefiant.
918 1487 944 1544 9.
967 1490 1173 1545 condensantur
1193 1490 1336 1545 manifesto
1360 1506 1438 1561 aquae
1465 1500 1512 1545 aut
1538 1491 1613 1548 succi
1635 1491 1665 1550 in

86 1572 131 1626 15.
161 1573 340 1628 Existimetur
358 1573 436 1643 origo
456 1572 572 1628 fontium
586 1582 615 1627 et
631 1589 763 1646 aquarum
778 1571 838 1628 dul·
877 1567 982 1640 lapides
996 1569 1168 1640 splendentes
1186 1570 1243 1624 sive
1264 1569 1454 1639 crystallinum
1475 1579 1507 1626 ut
1520 1571 1611 1625 videre
1624 1579 1668 1627 est

42 1654 130 1718 cium,
141 1668 205 1722 quar
218 1669 254 1707 ex
263 1660 333 1708 terra
343 1654 499 1716 scaturiunt,
510 1653 570 1708 fieri
583 1670 620 1707 ex
633 1652 696 1708 aere
710 1651 839 1707 concluso
877 1649 905 1702 in
920 1649 1043 1704 cavernis
1061 1649 1242 1704 subterraneis
1255 1650 1326 1703 intra
1339 1664 1437 1719 rupeas
1459 1649 1507 1705 ubi
1522 1659 1668 1705 cernuntur

42 1732 73 1786 in
87 1731 165 1785 caris
191 1738 271 1786 terrra
294 1732 455 1803 (prasertim
477 1731 622 1801 montium)
647 1731 789 1804 coagulato
812 1740 839 1786 et
877 1726 957 1783 stiltae
970 1728 1157 1793 multiformes,
1168 1729 1266 1802 (instar
1275 1728 1665 1801 stillarumconglasiaterum,)

42 1809 220 1866 mndensato.
877 1808 924 1862 sed
947 1808 1010 1864 fixos
1033 1816 1061 1862 et
1080 1824 1178 1872 musa,
1201 1808 1328 1879 pensiles,
1353 1825 1414 1880 qua
1438 1808 1468 1863 in
1489 1809 1550 1877 ipso
1567 1810 1666 1868 decaau

86 1889 132 1943 16.
154 1889 273 1944 Nebulae
283 1889 837 1961 suntcondensationesairisimperfectas,
878 1886 964 1954 (lento
979 1888 1083 1942 scilicet
1096 1897 1123 1942 et
1136 1888 1224 1956 tardo)
1242 1887 1391 1959 congelatas
1409 1887 1527 1943 inerunt
1568 1889 1666 1948 Utrum

42 1969 195 2024 commistae
221 1976 249 2024 et
268 1967 348 2038 longe
371 1967 473 2044 majore
497 1978 575 2040 parte
603 1971 675 2025 airis
694 1978 722 2025 et
743 1987 837 2041 parum
877 1982 941 2020 vero
963 1967 1077 2022 materia
1097 1966 1219 2037 ipsarum
1240 1968 1274 2022 sit
1294 1983 1404 2038 prorsus
1422 1983 1550 2038 aqna,an
1570 1984 1666 2028 succus

43 2049 125 2118 aquei
139 2049 266 2118 vaporiss
282 2056 310 2103 et
316 2048 391 2113 fiunt,
402 2048 492 2104 hieme
503 2049 620 2120 quidem,
631 2050 681 2105 sub
691 2050 837 2105 mutatione
876 2047 981 2100 nativus
1002 2046 1108 2118 lapidis,
1133 2047 1242 2114 (saltem
1262 2045 1441 2116 commistus)
1462 2047 1490 2100 in
1508 2046 1590 2102 dubio
1604 2056 1665 2114 ests

44 2127 216 2197 tempestatis
237 2143 255 2181 a
276 2128 341 2200 gelu
357 2127 392 2181 ad
408 2128 609 2200 regelationem,
627 2137 675 2185 aut
693 2146 709 2184 e
730 2138 837 2194 contra3
876 2125 1025 2195 prasertim
1034 2143 1095 2181 cum
1110 2133 1258 2196 gemmaet
1266 2125 1386 2195 crystalli
1400 2125 1429 2179 in
1440 2125 1554 2196 rupibus
1564 2128 1665 2197 apertis

44 2215 138 2261 astate
152 2223 218 2262 vero
231 2214 260 2261 ct
272 2224 344 2271 vere,
359 2225 395 2261 ex
409 2207 576 2278 expansione
588 2208 667 2263 roris.
876 2212 1023 2277 exsurgant
1036 2222 1109 2277 sape
1123 2213 1151 2259 et
1163 2214 1322 2261 excrescant
1336 2204 1422 2277 (quod
1440 2221 1496 2259 nou
1514 2213 1605 2276 potest
1617 2207 1667 2261 im-

326 2285 351 2340 l.
376 2286 446 2347 Quia
472 2288 563 2342 versio
585 2287 657 2343 airis
684 2288 712 2342 in
739 2305 837 2359 aquam
875 2285 964 2354 putari
984 2302 1062 2356 aqum
1082 2282 1246 2355 adhaerenti)
1260 2285 1416 2350 incursum,
1430 2285 1667 2341 etnondecident

282 2364 427 2421 utilissima
448 2383 492 2421 res
518 2375 596 2432 esset,
617 2367 718 2422 idcirco
744 2384 838 2423 omnes
876 2372 923 2418 sut
937 2365 1079 2433 pendeant.

81 2443 231 2508 instantiae,
249 2461 310 2516 ques
323 2445 358 2499 ad
376 2446 428 2500 hoc
445 2446 568 2511 innuunt,
582 2445 728 2517 diligenter
745 2449 837 2517 pensi·
919 2443 962 2497 10.
984 2442 1084 2499 Lutum
1104 2443 1250 2499 manifesto
1270 2443 1449 2500 condensatur
1466 2443 1496 2498 in
1510 2442 1623 2513 lapides,
1637 2452 1667 2500 ut

82 2522 193 2578 mndoe:
207 2530 290 2595 atque
299 2525 371 2579 inter
384 2523 440 2579 alia
451 2525 480 2580 in
491 2533 565 2581 certo
577 2527 740 2596 ponendum,
749 2535 838 2581 utrum
876 2522 967 2577 videre
978 2529 1019 2577 est
1038 2523 1067 2576 in
1081 2523 1216 2594 aliquibus
1236 2522 1371 2592 lapidibus
1385 2522 1493 2593 magnis
1506 2524 1665 2593 compositis

80 2600 274 2657 exsudationes
283 2620 454 2669 marmorum,
465 2613 492 2659 et
505 2604 641 2670 similium,
648 2605 677 2660 in
691 2613 837 2675 tempesta·
876 2618 912 2656 ex
924 2602 1016 2672 parvis
1035 2602 1156 2668 calculis,
1171 2602 1217 2675 qui
1237 2602 1350 2657 materia
1367 2601 1475 2671 lapidea
1488 2602 1555 2657 satis
1571 2602 1665 2674 polita,

81 2683 155 2737 tibus
169 2683 331 2738 amonitus
342 2691 369 2738 et
382 2683 518 2755 pluviosis,
527 2684 583 2739 sint
593 2703 675 2740 mera
689 2686 837 2740 condensa·
876 2689 904 2734 et
916 2698 993 2751 reque
1002 2683 1068 2735 dura
1077 2699 1108 2736 ac
1122 2682 1176 2753 ipsi
1190 2680 1295 2746 calculi,
1303 2681 1332 2735 in
1342 2680 1494 2736 interstitiis
1502 2680 1667 2739 calculorum

79 2761 172 2816 tiones
181 2759 283 2816 sensa
296 2764 392 2818 duritie
404 2771 431 2818 et
439 2763 537 2818 laevore
546 2763 666 2835 lepidum
679 2766 837 2835 repercussi,
876 2761 1100 2834 conglutinantur.
1142 2761 1195 2816 Sed
1209 2760 1312 2816 videtur
1332 2760 1391 2815 haec
1413 2760 1586 2815 condensatio
1605 2762 1666 2820 fieri

82 2840 169 2896 instar
178 2841 317 2897 anhelitus
326 2843 353 2897 in
362 2843 486 2912 speculo;
498 2861 532 2897 an
542 2845 705 2914 participent
714 2843 838 2899 nonnihil
875 2856 930 2894 non
940 2840 1029 2896 solum
1042 2858 1078 2896 ex
1092 2840 1192 2912 frigore
1207 2848 1293 2906 terra,
1307 2840 1355 2896 sed
1368 2857 1418 2911 per
1430 2840 1666 2910 assimilationem,

82 2938 119 2977 cx
135 2937 221 2975 succo
234 2929 262 2976 et
278 2922 450 2992 pneumatico
462 2923 624 2979 intrinsecus
637 2923 745 2994 lapidis.
875 2919 909 2974 de
923 2937 977 2992 qus
987 2920 1069 2991 paulo
1082 2926 1153 2991 post.

121 3000 151 3055 2.
173 3000 303 3055 Probatio
323 3002 382 3057 fieri
404 3002 490 3072 possit
511 3020 561 3073 per
584 3021 703 3073 pannum
724 3004 838 3059 linteum
917 3000 962 3055 ll.
983 2998 1666 3072 Suntquoedamaquae,qurelignum,etiampeleas,

83 3088 130 3134 aut
152 3078 246 3134 lanam
266 3096 347 3151 snpra
365 3082 484 3153 lapidem
504 3083 638 3153 positam:
659 3099 724 3137 nam
737 3084 759 3138 si
773 3092 837 3138 tunc
877 3081 920 3147 (ut
940 3079 1038 3150 aiunt)
1051 3088 1088 3145 xet
1107 3079 1267 3150 hujusmodi,
1284 3080 1449 3137 condensant
1470 3080 1499 3134 in
1521 3082 1666 3137 materiam

82 3174 191 3230 quoqne
221 3160 339 3215 camdus
360 3160 441 3233 lapis,
462 3162 607 3233 participas
633 3163 774 3218 enudatio
801 3180 837 3219 ex
875 3158 1030 3230 lapideum3
1058 3159 1126 3217 adeo
1145 3166 1176 3215 ut
1196 3175 1259 3230 pars
1278 3158 1346 3230 ligni
1370 3158 1458 3213 adbuc
1478 3159 1586 3233 integri,
1605 3178 1668 3232 qua

81 3255 164 3293 causa
177 3239 315 3295 interiore.
876 3238 958 3292 fuerit
978 3240 1029 3293 sub
1051 3255 1131 3310 aqna,
1151 3240 1186 3293 sit
1207 3254 1307 3302 saxeas
1333 3255 1393 3310 qum
1412 3239 1537 3305 emineat,
1557 3247 1667 3295 maneat

284 3318 360 3380 Quod
377 3320 437 3391 ipse
454 3323 633 3375 cirvertatur
653 3320 792 3392 inaquam
809 3321 837 3376 in
875 3316 984 3389 lignca;
999 3318 1168 3389 quodetiam
1185 3318 1251 3373 vidi.
1292 3317 1335 3373 De
1356 3334 1389 3374 eo
1402 3318 1559 3390 diligentius
1578 3319 1667 3392 inqui·

245 3399 401 3470 regionibus
415 3400 546 3470 supernis,
561 3400 672 3455 omnino
685 3401 838 3467 necessario
875 3397 996 3458 rendum,
1010 3416 1069 3453 cnm
1083 3397 1198 3453 multum
1212 3398 1280 3453 lucis
1293 3399 1413 3469 prebere
1426 3398 1513 3469 possit
1526 3400 1560 3454 ad
1574 3416 1667 3471 opere·

45 3476 213 3533 concluditur
227 3495 265 3533 ex
276 3479 483 3533 conservatione
497 3497 595 3534 rernm.
636 3480 708 3538 Nam
721 3481 838 3535 certissi-
875 3477 957 3532 tivum
970 3478 1195 3532 condensationis.

46 3573 115 3610 mum
137 3564 180 3612 est
204 3557 333 3612 humores
354 3557 438 3613 maris
459 3566 488 3612 et
508 3568 586 3613 terra
604 3559 672 3613 verti
694 3560 723 3614 in
744 3558 836 3615 adrem
954 3556 1098 3612 Probabile
1112 3565 1249 3629 astuquas
1262 3556 1468 3623 metallicas,ob

45 3651 149 3705 purum,
175 3646 321 3708 postquam
342 3654 472 3708 vaporum
497 3647 630 3701 naturam,
655 3646 784 3709 tempore,
809 3645 838 3692 et
913 3635 1081 3702 densitatem,
1118 3654 1198 3708 quam
1236 3637 1419 3695 contraxerint
1452 3653 1469 3691 s

46 3715 187 3779 consortio,
199 3723 227 3770 ct
239 3715 419 3772 rarefactione
432 3717 563 3788 plenaria,
579 3717 688 3789 penitus
703 3718 835 3773 exuerint
913 3716 1041 3782 metallis,
1055 3733 1135 3786 posse
1145 3716 1245 3771 habere
1255 3725 1380 3771 naturam
1393 3715 1573 3772 inserentem
1601 3714 1666 3769 Fiat

47 3792 141 3864 ltaque
167 3795 192 3849 si
220 3811 275 3849 non
296 3802 368 3850 esset
390 3795 574 3865 reciprocatio,
596 3805 626 3853 ut
649 3800 697 3852 air
717 3797 836 3852 vicissim
913 3795 1037 3864 probatio
1052 3813 1103 3867 per
1123 3795 1259 3867 stipulam
1273 3795 1338 3851 lolia
1356 3796 1496 3861 crassiora,
1510 3795 1623 3866 lignum,
1637 3804 1666 3849 et

48 3874 206 3944 quandoque
216 3883 364 3929 verteretur
377 3875 404 3929 in
415 3892 521 3946 aquam,
533 3876 755 3948 quemadmodum
765 3895 836 3950 aqua
915 3874 1025 3929 similia.
1077 3875 1131 3929 Sed
1157 3875 1281 3940 arbitror,
1308 3875 1466 3946 deligendus
1493 3892 1553 3931 esse
1580 3890 1667 3944 aquas

46 3953 155 4008 vertitur
168 3954 197 4007 in
208 3952 309 4019 aerem,
323 3969 376 4008 non
389 3955 542 4009 sufficerent
556 3956 637 4026 plane
651 3973 774 4026 vapores,
789 3958 836 4029 qui
913 3954 1073 4018 metallicas,
1088 3971 1149 4026 quoe
1162 3956 1230 4009 fiunt
1240 3972 1290 4027 per
1302 3954 1469 4009 ablutionem
1483 3962 1530 4008 eut
1541 3954 1664 4011 crebram

48 4040 187 4086 remanent
201 4032 302 4087 novelli
317 4042 345 4087 et
358 4034 515 4104 imperfecte
534 4035 617 4099 misti,
631 4035 666 4089 ad
680 4036 794 4106 pluvias,
808 4044 837 4090 et
914 4033 1116 4098 extinctionem,
1130 4034 1221 4104 potius
1235 4052 1315 4106 quam
1333 4050 1381 4104 per
1393 4034 1614 4099 dissolutionem
1630 4050 1666 4088 ne

47 4108 152 4176 imbres,
166 4117 197 4166 et
216 4113 458 4183 re·integrationcs
474 4114 624 4184 specierum
637 4137 644 4179 t
668 4116 716 4169 scd
736 4124 836 4171 secutas
912 4113 980 4168 iorte
991 4131 1069 4185 aqure
1082 4114 1137 4168 illae
1148 4113 1230 4168 fortes
1243 4124 1273 4168 et
1285 4113 1428 4169 corrosiva
1441 4113 1590 4185 impediant
1602 4131 1666 4171 con-

47 4187 133 4245 iurent
145 4190 281 4245 siccitates
291 4191 485 4258 intolerabiles,
497 4202 525 4248 et
533 4194 717 4264 conflagratio,
726 4201 753 4249 ct
762 4196 836 4249 senti
912 4193 1106 4247 densationem.

48 4266 197 4338 impetuosi,
210 4278 239 4325 et
252 4277 370 4326 tumores
383 4271 465 4338 ciris,
479 4289 515 4328 ex
527 4271 590 4328 uiire
600 4282 732 4344 perpetuo
745 4273 836 4328 multi·
916 4273 960 4327 12.
982 4273 1015 4327 ln
1039 4272 1129 4327 Chius
1148 4272 1252 4327 babent
1264 4272 1384 4327 minerss
1404 4288 1466 4342 por·
1511 4320 1620 4364 mmm

48 4344 155 4415 plicato.
873 4352 986 4406 cellanae
1008 4352 1169 4416 artificiales,
1196 4352 1357 4406 defodiendo
1384 4353 1465 4422 (non-

88 4473 195 4517 m*
242 4426 836 4580 ,llllmtlllltlltltili
873 4430 1355 4582 llltt'ttttltrssl‘ll
1375 4446 1502 4582 ,till
1520 4430 1666 4581 altili

46 4585 139 4638 urescit
159 4586 262 4655 potius.
304 4587 349 4641 Fit
375 4596 465 4643 nmen
493 4589 637 4643 manifesta
660 4590 784 4645 densatio
806 4592 835 4645 in
874 4590 1055 4661 quadraginta
1075 4597 1122 4644 aut
1143 4590 1251 4645 circiter
1272 4590 1485 4661 annos.sepulta
1503 4590 1616 4645 vertitur
1634 4590 1664 4643 in

47 4664 179 4730 pertibns;
201 4666 271 4735 adeo
283 4673 313 4719 ut
328 4667 528 4737 conspiciantur
541 4669 618 4723 riurae
631 4678 659 4723 ct
670 4669 835 4724 divulsiones
873 4669 1069 4739 porcellsnam3
1083 4671 1122 4723 ita
1135 4676 1165 4724 nt
1177 4669 1361 4725 transmittant
1373 4669 1498 4724 homines
1508 4668 1664 4739 huiusmodi

46 4740 115 4795 intra
126 4761 225 4815 corpus
235 4744 343 4815 glaciei
383 4748 475 4801 Etiam
487 4749 648 4818 quandoque
664 4750 700 4815 (si
714 4753 761 4803 air
774 4750 835 4805 sub
873 4749 991 4804 mineras
1005 4750 1037 4802 de
1052 4749 1159 4803 boerede
1172 4750 1201 4803 in
1215 4748 1362 4803 hoeredem.

46 4820 137 4889 intret)
148 4832 297 4879 cernuntur
309 4827 411 4881 sensim
424 4827 564 4897 capillitia,
576 4836 605 4882 et
614 4827 667 4890 fila,
678 4837 707 4882 et
721 4829 833 4884 flosculi.
914 4827 959 4882 13.
980 4827 1081 4898 Accepi
1096 4844 1153 4881 rem
1173 4827 1236 4882 fidei
1256 4829 1383 4898 probatu,
1404 4829 1438 4884 de
1452 4845 1510 4891 ovo,
1526 4825 1596 4897 quod
1615 4825 1664 4881 diu

47 4898 151 4958 Glscics
164 4912 255 4958 sutem
269 4904 373 4959 innatat
385 4921 480 4976 squar
495 4915 525 4962 ut
537 4907 710 4962 manifestum
723 4908 766 4973 sit,
780 4925 834 4963 non
870 4908 994 4975 iacuerat
1012 4908 1041 4961 in
1056 4906 1238 4978 fundosque,
1252 4925 1313 4979 qna
1331 4909 1461 4963 circuibat
1479 4907 1569 4970 mdes;
1591 4904 1663 4976 quod

47 4977 102 5034 teri
115 4982 303 5037 donationem
317 4984 488 5056 integralem.
872 4987 1011 5041 inventum
1025 5002 1131 5041 versum
1145 4995 1202 5041 erat
1215 4988 1361 5043 manifesto
1374 4989 1402 5042 in
1417 4987 1543 5057 lapidem,
1553 5000 1664 5038 manen·

83 5060 110 5115 2.
132 5061 235 5117 Vinum
246 5063 709 5138 tardiuacongelascitquamsqua3
724 5065 835 5136 spiritus
873 5066 944 5119 tibus
963 5064 1098 5120 coloribus
1119 5073 1146 5119 et
1166 5066 1383 5122 distinctionibus
1401 5066 1493 5128 vitelli,
1509 5063 1662 5129 albuminis,

48 5136 99 5193 vini
112 5157 166 5195 non
181 5142 301 5197 omnino.
872 5153 964 5199 testas:
985 5144 1033 5199 sed
1048 5154 1118 5199 testa
1131 5152 1189 5200 erat
1207 5146 1292 5201 stacta
1304 5147 1359 5212 hic,
1373 5145 1438 5212 illic,
1452 5153 1480 5200 et
1493 5143 1663 5215 splendesce·

83 5217 109 5272 3.
129 5220 217 5292 Aqua
230 5220 314 5276 fortes
328 5227 357 5275 et
374 5230 517 5294 argentum
529 5224 628 5290 vivum,
642 5225 765 5291 arbitror,
779 5240 833 5279 non
871 5224 918 5278 but
930 5224 960 5278 in
973 5223 1107 5279 crustulis

49 5294 190 5363 dihoeunt
913 5302 957 5358 14.
980 5302 1077 5357 Audivi
1092 5303 1192 5374 saepius
1210 5304 1243 5359 dc
1260 5303 1383 5360 versione
1404 5301 1550 5358 albumiuis
1569 5301 1613 5356 ovi
1633 5302 1663 5356 in

84 5378 109 5429 t.
128 5377 228 5434 Oleum
239 5386 268 5433 et
281 5380 364 5452 adeps
377 5381 714 5454 gelascuntetdcnsantur,
724 5383 833 5440 sednon
871 5383 1014 5437 materiam
1040 5382 1177 5454 lapideam
1184 5405 1192 5450 r
1222 5385 1271 5440 sed
1297 5400 1347 5439 nec
1374 5383 1516 5437 veritatem
1543 5381 1585 5436 rei
1611 5398 1663 5437 nec

51 5451 295 5513 miitlntttiottettt·
870 5462 1066 5519 ruodumnovi.

73 2333 216 2377 undarum

57 3365 231 3409 Commentatio

1497 3605 1637 3649 Mandatum.
