3800 5875
245 317 301 372 486
872 316 1012 373 Novum
1034 316 1234 373 ORGANUM.
1738 317 1793 375 Idu
1806 321 1836 376 ll.

245 493 294 531 nec
316 493 383 530 cava
401 471 477 544 sunt)
499 475 675 541 rarissimum,
690 482 718 530 et
734 475 877 531 minimum
896 474 1038 530 continens
1074 475 1209 545 praecipue
1222 475 1283 530 sitae
1301 482 1374 530 sunt.
1416 475 1515 546 Neque
1528 474 1595 530 illud
1608 475 1837 547 etiamquodelies
1862 547 1863 552 ἵ

245 556 366 610 materia
387 556 437 610 sub
457 571 508 609 suo
525 555 656 620 dimenso,
679 554 890 610 observavimus.
930 554 1036 610 Deinde
1074 554 1234 619 monuimus,
1249 553 1406 609 hominibus
1422 556 1451 608 iu
1465 564 1581 609 mentem
1591 562 1638 608 aut
1649 556 1837 612 obaemadonen

244 635 349 704 pondus
370 651 448 705 aqum
470 652 532 689 cunr
556 634 651 703 phiala
672 635 734 705 ipsa
755 640 851 689 exacte
874 634 1036 690 notavimus.
1075 633 1168 687 venire
1185 634 1256 687 solet
1277 633 1306 687 in
1325 633 1481 704 hujusmodi
1499 634 1723 704 separationibus3
1741 634 1837 701 hocert,

245 715 344 769 Postea
363 715 481 769 vesicam
503 713 665 784 accepimus,
685 730 745 786 quae
765 714 838 768 circa
858 714 927 768 duas
946 714 1037 784 pintae
1074 711 1204 782 plurimas
1223 712 1368 784 qualitates
1390 714 1420 767 in
1439 730 1579 783 corporum
1598 714 1782 778 tentionibus,
1794 724 1837 771 ιιιιι

245 795 403 848 contineret.
431 794 476 848 Ex
489 810 522 847 ea
535 796 626 848 a'e'rem
637 809 753 858 omnem,
765 794 855 865 quoad
868 793 927 848 fieri
940 793 1036 863 potuit,
1074 809 1123 862 per
1136 792 1229 863 ignem
1243 808 1325 864 quam
1338 792 1408 847 alios
1421 793 1523 856 modos,
1536 793 1594 846 indi
1612 792 1648 846 ab
1659 792 1718 861 ipso
1729 794 1791 864 igne,
1802 796 1837 849 iis

244 873 435 942 expressimus,
450 888 581 944 eousque
597 882 627 927 ut
640 873 736 927 vesicae
750 872 831 927 ambo
846 872 933 926 latera
946 881 1037 927 essent
1075 888 1127 942 que
1135 872 1300 941 corporibus,
1310 873 1411 943 qmesd
1422 873 1619 941 separationem
1626 871 1837 945 adhibeaturque

244 952 386 1022 contigua:
408 953 490 1005 etiam
510 954 585 1022 prius
598 951 717 1007 vesicam
733 952 796 1007 oleo
811 951 961 1007 oblerimus
975 968 1037 1008 sum
1074 951 1103 1004 in
1116 951 1267 1021 composito
1276 952 1352 1022 prius
1364 967 1419 1006 non
1430 951 1552 1014 luerunt3
1567 952 1639 1005 unde
1648 951 1722 1006 mirre
1734 951 1835 1008 tauma.

245 1030 386 1085 fricatione
400 1031 464 1095 leni,
479 1048 532 1102 quo
546 1032 636 1086 vesica
649 1031 864 1095 essetclausior;
879 1033 946 1100 ejus,
956 1031 1037 1103 siqua
1074 1030 1173 1101 Neque
1194 1030 1269 1084 enim
1292 1031 1396 1085 scilicet
1412 1047 1496 1101 sapor
1516 1032 1664 1095 universus,
1678 1031 1722 1101 qui
1740 1048 1837 1103 exaqm

245 1118 309 1174 erat,
323 1111 469 1179 porositate
483 1110 544 1164 oleo
564 1111 696 1165 obturata.
737 1111 818 1165 Hanc
832 1109 950 1164 vesicam
964 1111 1037 1165 circa
1074 1109 1208 1164 emittitur
1218 1126 1267 1179 per
1280 1109 1380 1180 ignem,
1394 1122 1534 1181 vaporant
1546 1108 1595 1165 a‘e'r
1608 1118 1686 1163 antea
1699 1110 1836 1165 initincor·

245 1206 275 1242 os
288 1189 396 1258 phialae,
408 1207 454 1245 ore
463 1189 565 1259 phiala
574 1190 646 1244 intra
659 1191 795 1245 osvesicae
804 1195 920 1260 recepto,
930 1189 1037 1245 fortiter
1074 1204 1140 1257 pore
1153 1204 1249 1260 aqueas
1271 1188 1319 1242 aed
1329 1189 1415 1244 factus
1428 1198 1470 1243 est
1482 1190 1604 1243 maxima
1616 1206 1651 1243 ex
1664 1199 1736 1259 parte
1753 1206 1794 1259 per
1803 1190 1835 1244 di·

244 1267 404 1338 ligavimus3
425 1270 472 1324 tito
485 1285 580 1340 parum
594 1277 693 1334 cerato,
707 1277 738 1324 ut
756 1268 854 1324 melius
870 1269 1037 1325 adhaeresce·
1073 1265 1231 1323 lutationem
1245 1285 1324 1338 aque
1338 1286 1376 1324 ex
1384 1268 1475 1323 calore
1488 1269 1570 1339 iguis.

244 1355 285 1401 ret
299 1355 327 1400 et
339 1350 438 1402 arctius
454 1349 560 1419 ligaret.
600 1348 671 1403 'lum
684 1349 793 1403 demum
811 1347 933 1418 phialam
954 1365 1037 1419 supra
1114 1346 1246 1402 Similiter
1258 1348 1288 1400 iu
1302 1365 1401 1418 genere
1422 1364 1515 1403 omnes
1534 1347 1677 1419 exquisite
1693 1347 1835 1417 puteum·

244 1427 374 1482 carbones
387 1427 512 1483 ardentes
524 1429 553 1482 in
562 1428 651 1482 ioculo
663 1427 863 1483 collocavimus.
903 1427 940 1482 At
953 1428 1036 1498 paulo
1073 1440 1223 1496 corporum,
1235 1426 1292 1480 sive
1302 1427 1465 1483 naturalium
1474 1428 1531 1481 sive
1542 1426 1835 1498 artificialiumperquas

243 1512 305 1577 post
313 1523 397 1576 vapor
407 1507 464 1561 sive
477 1524 543 1562 aura
553 1508 663 1578 spiritus
670 1508 728 1563 tini
738 1525 788 1578 per
795 1506 912 1563 calorem
922 1507 1034 1573 dilatati,
1073 1521 1138 1559 vera
1150 1506 1345 1577 dignoscuntur
1365 1507 1400 1561 eb
1414 1506 1580 1571 adulterinis,
1594 1506 1707 1561 meliora
1726 1507 1834 1561 sulion-

244 1595 270 1639 et
283 1586 313 1639 in
328 1587 529 1660 pneumaticum
543 1587 750 1652 ranimirum
763 1587 896 1658 paulatim
910 1587 1035 1653 sufflavit,
1073 1584 1132 1649 bus,
1157 1584 1211 1639 huc
1230 1585 1327 1640 reterri
1343 1585 1457 1642 debent:
1478 1585 1613 1641 deducunt
1626 1586 1698 1640 enim
1715 1586 1835 1640 nonmusi-
1862 1637 1863 1644 ,

244 1681 359 1737 eamque
373 1667 527 1721 universam
545 1665 599 1722 veli
611 1667 697 1722 instar
709 1667 889 1738 undequaque
902 1666 1033 1721 extendit.
1073 1663 1128 1718 bile
1142 1665 1177 1718 ad
1191 1664 1327 1720 sensibile.
1368 1666 1439 1720 Sunt
1456 1666 1549 1738 itaque
1566 1665 1760 1737 diligentiorum
1774 1666 1833 1720 mdi-

244 1744 278 1798 ld
297 1754 441 1817 postquam
460 1745 561 1800 insnum
579 1745 638 1810 fuit,
652 1746 780 1800 continuo
797 1747 896 1801 vitrum
915 1746 951 1800 ab
969 1746 1035 1816 igne
1073 1761 1126 1814 que
1140 1744 1338 1816 conquirendis

243 1825 414 1888 removimus,
429 1831 456 1878 et
475 1841 558 1895 super
577 1833 696 1896 tapetem
714 1825 862 1895 posuimus,
876 1841 912 1879 ue
934 1825 1035 1896 frigore
1113 1823 1241 1885 Quintum
1249 1841 1314 1879 vero
1325 1824 1758 1896 genuslatitantioequodattinet3
1769 1824 1833 1878 nani·

244 1903 474 1973 disrumperetur:
495 1905 587 1959 statim
601 1921 708 1976 quoque
720 1905 751 1959 in
769 1904 923 1959 summitate
937 1905 1036 1960 vesicae
1073 1903 1174 1958 festum
1187 1910 1229 1958 est
1242 1903 1375 1960 actionem
1389 1921 1484 1959 sensus
1498 1905 1614 1976 transigi
1627 1906 1656 1958 in
1669 1912 1746 1967 motu,
1754 1911 1832 1958 motou

244 1983 366 2036 foramen
391 1983 512 2047 lecimus,
539 2000 574 2038 ue
605 2000 697 2054 vapor,
725 1991 847 2037 cessante
880 1982 978 2047 calore,
1006 1984 1034 2039 in
1072 1983 1252 2053 intempore.
1294 1985 1325 2039 Si
1343 1985 1428 2055 igitur
1444 1991 1533 2039 motus
1553 1983 1671 2053 alicujus
1690 1983 1832 2055 corporissit

243 2060 377 2132 liquorem
390 2062 528 2116 restitutus
537 2063 674 2128 resideret,
683 2070 712 2117 et
722 2063 841 2117 rationes
850 2063 1035 2120 commueret.
1073 2061 1117 2117 vel
1138 2068 1194 2118 tam
1215 2064 1316 2129 tardus,
1329 2064 1373 2118 rel
1389 2072 1446 2118 tam
1459 2064 1548 2128 velox,
1561 2070 1594 2119 ut
1606 2080 1662 2118 uon
1671 2064 1705 2117 sit
1716 2064 1833 2133 proportio

244 2140 315 2194 'l'um
328 2156 392 2194 vero
405 2141 524 2196 vesicam
537 2141 626 2211 ipsam
640 2140 805 2206 sustulimus,
823 2149 852 2197 et
865 2159 958 2198 rursus
970 2160 1036 2215 pou-
1073 2149 1153 2197 natus
1162 2143 1197 2197 ad
1206 2151 1351 2209 momenta,
1361 2144 1390 2197 in
1399 2143 1497 2214 quibus
1507 2144 1666 2215 transigitur
1674 2143 1831 2203 actioseorum

244 2219 295 2275 dus
315 2220 473 2290 excepimus
493 2221 603 2290 spiritus
616 2221 681 2286 vini,
695 2221 743 2292 qui
762 2222 927 2277 remanebat.
968 2223 1034 2278 Inde
1073 2221 1209 2289 objectum
1222 2224 1332 2278 omnino
1345 2239 1400 2277 non
1413 2223 1579 2294 percipitur:
1598 2224 1669 2277 utin
1683 2220 1832 2277 mmnindio'a

244 2306 374 2370 quantum
387 2309 576 2370 consumptum
589 2301 687 2356 fuisset
706 2301 735 2355 in
747 2317 876 2371 vaporem
890 2319 938 2356 seu
950 2319 1035 2372 pneu·
1073 2300 1217 2373 horologii,
1232 2309 1260 2357 et
1273 2320 1365 2358 rursus
1385 2303 1415 2357 in
1432 2311 1507 2358 motu
1526 2303 1595 2375 pilae
1613 2301 1730 2372 sclopeti.
1764 2301 1832 2370 Atque

243 2378 380 2443 mancum,
390 2380 618 2449 computavimum
630 2387 657 2435 et
664 2380 736 2435 iacta
742 2380 894 2446 collatione,
905 2390 1036 2453 quantum
1073 2388 1168 2445 motus,
1184 2382 1231 2453 qui
1241 2382 1276 2436 ob
1290 2382 1446 2437 tarditatem
1458 2398 1513 2435 uon
1526 2382 1684 2453 percipitur,
1697 2379 1832 2435 ίιιιὶΙεειιιι·

244 2457 335 2511 locum
348 2458 405 2511 sive
424 2459 541 2528 spatium
561 2460 630 2514 illud
651 2476 748 2530 corpus
765 2460 913 2530 implesset,
929 2463 1036 2532 quaudo
1073 2460 1178 2515 dinatio
1190 2461 1332 2517 deducitur
1345 2462 1379 2516 ed
1392 2478 1501 2516 sensum
1510 2478 1559 2531 per
1568 2478 1687 2516 summas
1696 2459 1833 2529 motus3qui

244 2543 316 2591 esset
334 2536 444 2606 spiritus
457 2538 513 2592 riui
524 2539 553 2593 in
566 2539 668 2609 phiala,
682 2546 711 2595 et
723 2557 815 2595 rursus
828 2547 958 2611 quantum
971 2559 1034 2612 spa·
1072 2557 1136 2595 vero
1146 2541 1183 2594 ob
1195 2541 1375 2607 velocitatem,
1385 2540 1474 2595 adhuc
1486 2557 1541 2595 nou
1554 2541 1627 2596 bene
1641 2538 1775 2595 mensuran'
1785 2554 1833 2591 coa·

244 2616 311 2671 tium
320 2616 481 2687 impleverit,
498 2625 644 2689 postquam
658 2620 758 2674 tactum
772 2619 867 2674 ferisset
883 2622 1035 2689 pneumati·
1073 2620 1177 2685 suerit3
1199 2620 1248 2675 aed
1257 2630 1348 2676 tamen
1361 2619 1481 2692 postulat
1492 2620 1639 2692 inquisitio
1650 2627 1752 2684 nature,
1762 2616 1833 2674 uthoc

244 2712 306 2749 cum
327 2697 358 2749 in
384 2698 481 2762 vesica,
505 2698 623 2754 rationes
650 2699 844 2754 subduximus:
874 2717 910 2754 ex
938 2700 1035 2771 quibus
1072 2700 1121 2753 fiat
1134 2699 1164 2753 in
1177 2699 1322 2772 aliquibus

243 2774 388 2830 manifeste
405 2775 533 2848 liquebat,
555 2794 652 2849 corpus
669 2778 742 2833 istud
760 2779 800 2832 ita
812 2795 922 2833 versum
935 2788 963 2834 et
975 2798 1034 2835 mu·
1113 2777 1226 2834 Sextum
1241 2787 1331 2835 autem
1345 2797 1438 2851 genus,
1452 2779 1500 2835 ubi
1512 2779 1663 2851 impeditur
1676 2793 1761 2834 sensus
1771 2791 1833 2847 prop

244 2861 332 2908 tatum
349 2855 545 2925 expansionem
563 2856 691 2929 centuplo
704 2859 843 2927 majorem,
859 2874 941 2929 quam
955 2866 1035 2915 autea
1072 2863 1114 2912 ter
1126 2859 1296 2914 nobilitatem
1310 2860 1416 2929 objecti,
1430 2859 1530 2929 recipit
1542 2860 1743 2922 deductionem
1754 2857 1831 2925 relpet

244 2933 394 2999 habuisset,
405 2935 593 3007 acquisivisse.
1072 2938 1276 3010 elongationem
1299 2942 1431 3009 majorem
1455 2941 1556 3009 obiecti
1580 2957 1599 2995 a
1623 2956 1718 3004 sensn;
1745 2935 1781 2992 rel
1796 2948 1832 3005 ptr

282 3013 421 3080 Similiter,
442 3017 478 3069 sit
496 3025 593 3071 neutra
612 3017 750 3088 inquisita,
771 3016 846 3071 calor
865 3026 912 3073 aut
931 3018 1033 3091 frigus3
1072 3017 1275 3074 hebetationem
1288 3020 1387 3088 objecti
1401 3037 1451 3091 per
1467 3020 1701 3090 interpositionem
1718 3016 1788 3072 medii
1803 3024 1832 3068 ta·

243 3092 302 3160 ejus
316 3110 414 3164 nempe
434 3095 587 3166 grassant
606 3113 623 3150 a
640 3113 722 3152 sensu
734 3112 790 3152 non
803 3098 988 3169 percipiantur
1000 3099 1035 3153 ob
1072 3095 1115 3162 lis,
1128 3099 1202 3169 quod
1219 3099 1356 3168 objectum
1368 3099 1496 3163 debilitet,
1510 3115 1566 3153 non
1585 3099 1729 3161 annihilem
1746 3094 1783 3150 vel
1797 3110 1832 3164 pet

242 3171 417 3229 debilitatem.
459 3175 864 3232 Haecdeducunturadsensum
874 3194 924 3246 per
936 3178 1035 3234 ιίιιιιιιι
1073 3176 1265 3234 admissionem
1276 3186 1304 3234 et
1316 3178 1506 3249 exceptionem
1519 3178 1622 3248 objecti
1637 3177 1733 3241 reflexi,
1742 3176 1781 3230 ubi
1788 3190 1832 3245 pet·

243 3252 393 3317 calendare,
405 3252 484 3325 quale
498 3255 622 3326 superius
636 3256 836 3326 descripsimus.
865 3254 948 3311 Calor
961 3258 1035 3313 enim
1073 3257 1162 3311 cmsio
1176 3258 1278 3313 directa
1290 3257 1522 3322 sitnimisiortis3
1537 3265 1568 3312 ut
1581 3257 1831 3327 solisinpelriaqnn

243 3340 271 3383 et
283 3331 377 3401 frigus,
390 3333 451 3404 ipsa
463 3350 518 3388 non
532 3336 719 3406 percipiuntur
730 3336 765 3389 ad
783 3342 899 3392 tactum:
921 3342 949 3391 at
962 3336 1036 3392 calor
1113 3335 1266 3406 Septimum
1279 3345 1371 3392 autem
1384 3352 1469 3409 genus
1482 3337 1640 3403 latitantia,
1657 3337 1703 3392 ubi
1715 3350 1795 3390 ιιειιιιιι
1804 3333 1832 3384 it·

243 3408 334 3465 aerem
356 3412 498 3483 expandit,
522 3412 609 3486 frigus
632 3415 774 3469 contrahit
824 3416 922 3486 Neque
943 3434 1035 3473 rursus
1073 3424 1198 3470 oneratur
1211 3417 1325 3487 objecto,
1339 3424 1370 3472 nt
1389 3432 1467 3471 norae
1483 3415 1644 3472 admissiom
1660 3433 1712 3471 uon
1730 3413 1831 3473 aitloett

243 3488 293 3543 ills
311 3493 444 3561 expansio
464 3499 492 3547 et
513 3495 660 3549 contractio
683 3493 754 3549 aiiris
774 3495 922 3565 percipitur
940 3495 976 3551 ad
994 3497 1035 3551 ri·
1073 3510 1127 3550 non
1147 3494 1230 3551 habet
1250 3496 1307 3551 iere
1324 3496 1414 3551 locum
1431 3495 1485 3550 nisi
1501 3496 1532 3550 in
1550 3496 1655 3553 olfactu
1672 3503 1700 3551 et
1718 3492 1831 3551 udonus

243 3586 319 3624 sum:
341 3578 368 3624 at
388 3570 437 3626 a'e'r
456 3571 504 3626 ille
525 3589 663 3644 expansus
684 3590 783 3644 aquam
805 3573 948 3643 deprimit3
973 3593 1035 3631 eon·
1073 3591 1124 3628 nec
1137 3574 1221 3641 adid,
1236 3577 1308 3648 quod
1321 3576 1418 3648 agitur,
1435 3575 1551 3630 multum
1563 3578 1689 3648 pertinet
1726 3568 1833 3636 Quale

243 3650 475 3715 tractus,attollit;
490 3668 522 3705 ac
536 3652 1034 3723 tumdemumtitdeductioadvisum,
1073 3654 1279 3711 deductionibus
1299 3672 1355 3710 uon
1367 3654 1504 3710 sensibilis
1517 3656 1553 3711 ad
1573 3654 1700 3711 sensibile
1718 3653 1769 3709 bret
1780 3650 1833 3704 dica

242 3743 297 3781 non
311 3736 383 3793 ante,
398 3739 445 3785 aut
458 3730 535 3786 alias.
1073 3734 1134 3788 sint.

282 3807 420 3875 Similiter,
434 3810 470 3864 sit
487 3819 583 3866 natura
600 3812 737 3884 inquisita,
751 3812 863 3867 mistura
875 3830 1033 3885 corporum
1113 3812 1278 3885 Quandoque
1305 3823 1398 3870 tamen
1421 3813 1545 3869 deductio
1568 3816 1601 3870 fit
1622 3832 1676 3870 non
1698 3814 1731 3869 ad
1749 3824 1833 3868 aenum

242 3886 294 3941 ria.
310 3888 375 3959 quid
388 3889 508 3945 habeant
520 3907 556 3945 ex
570 3907 666 3963 aqueo,
680 3892 745 3962 quid
758 3909 794 3946 cx
807 3893 905 3958 oleoso,
920 3894 986 3965 quid
999 3911 1035 3949 ex
1073 3891 1200 3959 hominis,
1215 3894 1263 3950 sed
1279 3895 1314 3949 ad
1336 3910 1445 3949 sensum
1464 3893 1579 3963 alicujus
1600 3894 1709 3949 alterius
1727 3887 1833 3948 animala

243 3967 349 4035 spiritu,
363 3969 428 4040 quid
441 3986 478 4024 ex
491 3970 588 4036 cinere,
600 3978 629 4026 et
641 3970 750 4036 salibus,
760 3980 788 4026 et
800 3971 956 4041 hujusmodi
963 3995 971 4039 ι
992 3973 1035 4029 vel
1073 3972 1152 4040 cujus
1165 3989 1262 4029 sensus
1272 3975 1301 4029 in
1312 3973 1448 4044 aliquibus
1457 3973 1608 4029 humanum
1622 3973 1739 4039 excellit3
1751 3979 1776 4026 ut
1785 3983 1834 4022 aon

243 4045 325 4098 etiam
347 4044 393 4116 (in
414 4045 585 4123 particulari)
608 4051 672 4122 quid
688 4050 787 4105 habeat
800 4051 842 4105 lac
856 4050 955 4122 butyri,
970 4053 1035 4124 quid
1073 4053 1209 4108 nullomm
1228 4054 1347 4119 odorum,
1362 4053 1396 4107 ad
1417 4070 1527 4109 sensum
1547 4055 1639 4119 canis;
1660 4055 1730 4117 lucis,
1750 4067 1799 4122 que
1812 4047 1834 4100 in

242 4124 358 4195 coaguli,
373 4127 438 4197 quid
458 4130 520 4194 seri,
535 4137 564 4183 et
579 4129 743 4199 hujusmodi.
785 4131 853 4186 Haec
867 4130 1036 4188 deducuntur
1073 4129 1137 4186 aere
1153 4147 1210 4187 non
1228 4135 1397 4188 extrinsecus
1412 4132 1569 4188 illuminato
1589 4135 1703 4188 latenter
1713 4131 1797 4192 snut
1808 4126 1833 4178 δᾶ

242 4203 278 4257 ad
298 4220 410 4260 sermm
430 4223 480 4275 per
499 4209 660 4264 artificiosas
678 4218 706 4265 et
723 4210 824 4281 peritas
842 4212 1034 4282 separationes,
1073 4227 1183 4266 sensum
1197 4212 1266 4278 felis,
1280 4220 1394 4278 noctuae,
1409 4220 1437 4267 et
1455 4213 1610 4282 hujusmodi
1625 4212 1834 4279 animaliumque

243 4290 375 4354 quatenus
389 4286 424 4339 ad
437 4287 587 4359 tangibilia
628 4289 774 4344 Atnstura
788 4290 899 4360 spiritus
914 4291 943 4344 in
957 4291 1033 4361 ipsis,
1073 4299 1186 4345 cernunt
1198 4300 1288 4348 noctu.
1328 4292 1413 4348 Recte
1427 4294 1500 4347 enim
1513 4294 1619 4347 notarit
1635 4292 1757 4353 Telesina
1769 4289 1833 4342 eum

242 4361 307 4416 licet
321 4362 475 4420 immediate
489 4383 543 4421 non
561 4368 733 4439 percipiatur,
748 4377 840 4423 tamen
853 4369 1034 4440 deprehendi·
1073 4371 1102 4424 in
1122 4369 1185 4425 aere
1205 4371 1266 4441 ipso
1278 4372 1369 4428 inesse
1383 4371 1472 4427 lucem
1493 4373 1627 4443 quandam
1648 4368 1797 4442 originalem·
1808 4364 1833 4417 ll·

241 4449 287 4495 tur
300 4458 350 4510 per
362 4444 451 4498 varios
464 4453 553 4501 motus
566 4456 595 4501 et
604 4448 686 4504 nixus
699 4464 841 4519 corporum
852 4449 1034 4520 tangibilium,
1073 4456 1117 4506 cet
1132 4450 1233 4506 exilem
1254 4459 1282 4506 et
1302 4460 1418 4517 tenuem,
1437 4460 1466 4505 et
1485 4452 1608 4506 maxima
1628 4469 1665 4507 ex
1682 4458 1751 4523 parte
1768 4442 1833 4501 ornis

242 4520 271 4574 in
284 4521 346 4590 ipso
359 4530 420 4577 actu
434 4531 463 4578 et
474 4542 602 4595 processu
615 4528 795 4598 separationis
805 4545 875 4592 suae3
891 4537 972 4601 atque
987 4531 1035 4584 eti·
1073 4529 1214 4585 hominum
1228 4537 1275 4585 aut
1288 4532 1464 4601 plurimomm
1476 4531 1635 4586 animalium
1648 4548 1700 4585 non
1712 4525 1833 4582 inernies·

242 4616 287 4654 am
300 4616 350 4670 per
362 4603 531 4670 acrimonias,
546 4608 720 4672 corrosiones,
734 4615 762 4662 et
781 4608 901 4662 diversos
921 4608 1034 4677 colores,
1073 4616 1143 4675 tem3
1166 4610 1229 4682 quia
1243 4609 1292 4664 illa
1304 4610 1439 4675 animalia,
1460 4610 1494 4664 ad
1515 4627 1628 4682 quorum
1645 4626 1748 4665 sensum
1758 4606 1832 4673 hujus*

242 4679 345 4747 odores,
359 4688 387 4736 et
400 4698 510 4752 sapores
524 4687 669 4741 eorundem
688 4704 829 4757 corporum
844 4694 907 4756 post
928 4705 1035 4758 separa-
1074 4690 1146 4743 modi
1161 4689 1211 4745 lux
1224 4696 1267 4744 est
1279 4691 1488 4762 proportionata,
1508 4699 1620 4745 cernant
1632 4696 1725 4754 noctu,
1744 4687 1769 4741 id
1779 4678 1833 4755 quod

241 4759 353 4815 tionem.
393 4760 482 4833 Atque
502 4764 532 4819 in
552 4764 605 4820 hac
618 4773 703 4836 parte,
717 4784 767 4837 per
786 4767 978 4822 distillationes
994 4776 1034 4822 at·
1072 4767 1117 4823 vel
1138 4769 1199 4823 sine
1218 4768 1278 4824 lnce
1295 4770 1362 4837 fieri,
1375 4769 1420 4825 vel
1438 4786 1488 4841 per
1507 4769 1596 4825 lucem
1614 4769 1749 4832 internam,
1763 4764 1832 4820 mint!

242 4856 295 4910 que
309 4840 468 4898 artificiosas
482 4845 674 4914 separationes,
687 4854 797 4902 strenue
810 4863 876 4901 sane
893 4848 929 4900 ab
948 4847 1035 4903 homi·
1073 4848 1202 4903 credibile
1216 4854 1265 4902 cst

240 4919 321 4974 nibus
335 4919 502 4978 elaboratum
515 4932 572 4990 est;
594 4925 643 4980 sed
654 4942 710 4980 non
724 4926 809 4981 multo
828 4925 935 4982 felicius
953 4944 1034 4998 quam
1112 4927 1202 4998 Atque
1217 4927 1285 4982 illud
1298 4927 1392 4999 utique
1401 4929 1549 4985 notandum
1559 4936 1614 4992 ests
1634 4928 1667 4982 de
1681 4916 1831 4982 desumunt·

240 4997 271 5051 in
291 5000 397 5055 caeteris
417 5004 618 5073 experimentis,
638 5021 700 5075 quae
723 5005 812 5060 adhuc
836 5007 867 5060 in
885 5024 938 5061 usu
959 5015 1033 5073 sunm
1074 5007 1124 5061 bus
1145 5023 1283 5074 sensrmm,
1299 5025 1447 5080 eorumque
1461 5009 1596 5073 remediis,
1609 5008 1655 5062 hic
1672 5024 1720 5061 nos
1733 5010 1830 5059 tram

241 5077 329 5132 modis
343 5080 473 5136 nimimm
487 5100 595 5153 prorsus
610 5084 777 5154 palpatoriis,
792 5092 820 5139 et
833 5085 887 5139 viis
906 5087 993 5152 caecis,
1008 5096 1036 5141 ct
1112 5087 1185 5141 Nam
1200 5086 1316 5142 rauseis
1330 5104 1456 5143 sensuum
1478 5088 1653 5160 adproprias
1672 5082 1831 5157 inquisitione!

242 5157 331 5227 magis
342 5175 456 5229 operose
471 5178 552 5233 quam
570 5163 772 5233 intelligentem
793 5171 822 5217 et
842 5165 928 5235 (quod
947 5167 1035 5236 pessi-
1072 5166 1106 5220 de
1121 5182 1203 5221 sensu
1221 5175 1248 5220 et
1261 5166 1385 5222 sensibili
1401 5168 1570 5222 remittendae
1590 5173 1665 5230 sunte
1684 5170 1785 5232 excepta
1794 5155 1831 5210 ffl³

241 5251 317 5289 mum
330 5239 384 5305 est)
397 5239 473 5294 nulla
486 5258 549 5295 cum
562 5242 713 5295 imitatione
727 5252 773 5296 aut
794 5244 967 5301 emulatione
986 5262 1035 5299 na·
1073 5262 1173 5316 magna
1187 5245 1297 5301 iassacia
1318 5263 1452 5311 sensuum,
1471 5248 1598 5302 nimirum
1616 5245 1685 5316 qnod
1697 5240 1831 5298 constituml
1862 5264 1863 5267 ¹

241 5321 316 5379 turre,
330 5317 378 5371 sed
389 5335 451 5374 cum
464 5320 646 5375 destructione
658 5322 721 5391 (per
734 5321 838 5376 calores
851 5324 1034 5390 vehementes,
1072 5326 1160 5380 lineas
1173 5342 1263 5381 rerum
1276 5343 1312 5382 ex
1325 5327 1452 5398 analogia
1463 5326 1591 5393 hominis,
1605 5333 1632 5380 et
1647 5341 1699 5380 uon
1716 5339 1747 5377 ex
1758 5313 1830 5372 urulo-

242 5400 289 5480 aut
300 5394 413 5483 uirtutes
423 5399 505 5453 nimis
519 5397 636 5469 validas)
648 5401 736 5454 omnis
749 5400 897 5456 subtilioris
913 5405 1034 5460 schema
1072 5405 1119 5476 gia
1132 5405 1267 5469 universi;
1289 5422 1349 5477 quae
1367 5422 1421 5460 non
1435 5407 1583 5478 corrigitur,
1597 5406 1648 5461 nisi
1667 5420 1714 5475 per
1724 5398 1829 5456 rationem

243 5478 323 5535 nami,
338 5472 366 5525 in
387 5492 442 5544 quo
459 5477 571 5533 occultae
593 5494 683 5534 rerum
703 5478 817 5534 virtutes
840 5488 868 5535 et
887 5499 1034 5539 consensus
1072 5493 1101 5539 et
1112 5483 1316 5555 philosophiam
1329 5485 1517 5541 universalem.
