<?xml version="1.0" encoding="UTF-8"?>
<!DOCTYPE html PUBLIC "-//W3C//DTD XHTML 1.0 Transitional//EN"
    "http://www.w3.org/TR/xhtml1/DTD/xhtml1-transitional.dtd">
<html xmlns="http://www.w3.org/1999/xhtml" xml:lang="en" lang="en">
 <head>
  <title>
</title>
<meta http-equiv="Content-Type" content="text/html;charset=utf-8" />
  <meta name='ocr-system' content='tesseract 3.04.00' />
  <meta name='ocr-capabilities' content='ocr_page ocr_carea ocr_par ocr_line ocrx_word'/>
</head>
<body>
  <div class='ocr_page' id='page_1' title='image "./workslordbaconw00bacogoog/workslordbaconw00bacogoog_0654.png"; bbox 0 0 3800 5875; ppageno 0'>
   <div class='ocr_carea' id='block_1_1' title="bbox 219 321 1345 379">
    <p class='ocr_par' dir='ltr' id='par_1_1' title="bbox 219 321 1345 379">
     <span class='ocr_line' id='line_1_1' title="bbox 219 321 1345 379; baseline 0 -2"><span class='ocrx_word' id='word_1_1' title='bbox 219 322 275 379; x_wconf 78' lang='grc'><strong>628</strong></span> <span class='ocrx_word' id='word_1_2' title='bbox 713 324 763 379; x_wconf 83' lang='lat' dir='ltr'><strong>DE</strong></span> <span class='ocrx_word' id='word_1_3' title='bbox 785 322 916 379; x_wconf 83' lang='lat' dir='ltr'>FLUXU</span> <span class='ocrx_word' id='word_1_4' title='bbox 938 322 987 378; x_wconf 78' lang='lat' dir='ltr'><strong>ET</strong></span> <span class='ocrx_word' id='word_1_5' title='bbox 1009 322 1194 379; x_wconf 76' lang='lat' dir='ltr'><strong>REFLUXU</strong></span> <span class='ocrx_word' id='word_1_6' title='bbox 1216 321 1345 378; x_wconf 72' lang='lat' dir='ltr'><strong>Minis.</strong></span> 
     </span>
    </p>
   </div>
   <div class='ocr_carea' id='block_1_2' title="bbox 214 480 1841 2770">
    <p class='ocr_par' dir='ltr' id='par_1_2' title="bbox 214 480 1841 2770">
     <span class='ocr_line' id='line_1_2' title="bbox 218 480 1840 553; baseline -0.001 -16"><span class='ocrx_word' id='word_1_7' title='bbox 218 492 308 537; x_wconf 91' lang='lat' dir='ltr'><strong>motus</strong></span> <span class='ocrx_word' id='word_1_8' title='bbox 322 482 381 552; x_wconf 89' lang='lat' dir='ltr'><strong>ipse</strong></span> <span class='ocrx_word' id='word_1_9' title='bbox 396 488 557 544; x_wconf 88' lang='lat' dir='ltr'><strong>menstruus,</strong></span> <span class='ocrx_word' id='word_1_10' title='bbox 569 483 616 553; x_wconf 90' lang='lat' dir='ltr'><strong>qui</strong></span> <span class='ocrx_word' id='word_1_11' title='bbox 629 482 669 536; x_wconf 87' lang='lat' dir='ltr'><strong>ull</strong></span> <span class='ocrx_word' id='word_1_12' title='bbox 679 480 753 536; x_wconf 89' lang='lat' dir='ltr'><strong>aliud</strong></span> <span class='ocrx_word' id='word_1_13' title='bbox 767 487 808 536; x_wconf 89' lang='lat' dir='ltr'><strong>est</strong></span> <span class='ocrx_word' id='word_1_14' title='bbox 816 498 898 553; x_wconf 88' lang='lat' dir='ltr'><strong>qnam</strong></span> <span class='ocrx_word' id='word_1_15' title='bbox 908 481 1013 537; x_wconf 85' lang='lat' dir='ltr'><strong>restitu-</strong></span> <span class='ocrx_word' id='word_1_16' title='bbox 1048 482 1199 536; x_wconf 88' lang='lat' dir='ltr'><strong>restituere.</strong></span> <span class='ocrx_word' id='word_1_17' title='bbox 1240 481 1468 536; x_wconf 84' lang='lat' dir='ltr'><strong>Semimeustmcs</strong></span> <span class='ocrx_word' id='word_1_18' title='bbox 1481 487 1572 534; x_wconf 90' lang='lat' dir='ltr'><strong>autem</strong></span> <span class='ocrx_word' id='word_1_19' title='bbox 1585 486 1612 533; x_wconf 88' lang='lat' dir='ltr'><strong>et</strong></span> <span class='ocrx_word' id='word_1_20' title='bbox 1625 482 1765 536; x_wconf 71' lang='lat' dir='ltr'><strong>semesum</strong></span> <span class='ocrx_word' id='word_1_21' title='bbox 1779 497 1840 535; x_wconf 85' lang='lat' dir='ltr'><strong>eou-</strong></span> 
     </span>
     <span class='ocr_line' id='line_1_3' title="bbox 218 559 1840 632; baseline -0.001 -17"><span class='ocrx_word' id='word_1_22' title='bbox 218 562 257 615; x_wconf 93' lang='lat' dir='ltr'><strong>tio</strong></span> <span class='ocrx_word' id='word_1_23' title='bbox 270 570 358 615; x_wconf 88' lang='lat' dir='ltr'><strong>motus</strong></span> <span class='ocrx_word' id='word_1_24' title='bbox 366 562 438 631; x_wconf 87' lang='lat' dir='ltr'><strong>(ejus</strong></span> <span class='ocrx_word' id='word_1_25' title='bbox 448 578 528 632; x_wconf 89' lang='lat' dir='ltr'><strong>quem</strong></span> <span class='ocrx_word' id='word_1_26' title='bbox 538 560 670 629; x_wconf 89' lang='lat' dir='ltr'><strong>diximus)</strong></span> <span class='ocrx_word' id='word_1_27' title='bbox 685 561 774 614; x_wconf 87' lang='lat' dir='ltr'><strong>diurni</strong></span> <span class='ocrx_word' id='word_1_28' title='bbox 788 561 822 613; x_wconf 86' lang='lat' dir='ltr'><strong>ad</strong></span> <span class='ocrx_word' id='word_1_29' title='bbox 835 561 931 615; x_wconf 86' lang='lat' dir='ltr'><strong>eadem</strong></span> <span class='ocrx_word' id='word_1_30' title='bbox 943 569 1011 616; x_wconf 90' lang='lat' dir='ltr'><strong>tem·</strong></span> <span class='ocrx_word' id='word_1_31' title='bbox 1048 561 1110 615; x_wconf 92' lang='lat' dir='ltr'><strong>dem</strong></span> <span class='ocrx_word' id='word_1_32' title='bbox 1123 577 1223 632; x_wconf 84' lang='lat' dir='ltr'><strong>augere</strong></span> <span class='ocrx_word' id='word_1_33' title='bbox 1237 569 1265 614; x_wconf 92' lang='lat' dir='ltr'><strong>et</strong></span> <span class='ocrx_word' id='word_1_34' title='bbox 1277 560 1425 614; x_wconf 88' lang='lat' dir='ltr'><strong>intendere.</strong></span> <span class='ocrx_word' id='word_1_35' title='bbox 1451 559 1560 613; x_wconf 78' lang='lat' dir='ltr'>Etenim</span> <span class='ocrx_word' id='word_1_36' title='bbox 1574 560 1667 613; x_wconf 86' lang='lat' dir='ltr'><strong>fluxus</strong></span> <span class='ocrx_word' id='word_1_37' title='bbox 1681 567 1710 614; x_wconf 89' lang='lat' dir='ltr'><strong>et</strong></span> <span class='ocrx_word' id='word_1_38' title='bbox 1723 560 1840 615; x_wconf 85' lang='lat' dir='ltr'><strong>refluxus</strong></span> 
     </span>
     <span class='ocr_line' id='line_1_4' title="bbox 218 637 1841 710; baseline 0.001 -17"><span class='ocrx_word' id='word_1_39' title='bbox 218 657 302 710; x_wconf 66' lang='lat' dir='ltr'><strong>pora,</strong></span> <span class='ocrx_word' id='word_1_40' title='bbox 337 649 448 710; x_wconf 85' lang='lat' dir='ltr'><strong>quartus</strong></span> <span class='ocrx_word' id='word_1_41' title='bbox 475 648 562 693; x_wconf 89' lang='lat' dir='ltr'><strong>motus</strong></span> <span class='ocrx_word' id='word_1_42' title='bbox 589 641 818 703; x_wconf 88' lang='lat' dir='ltr'><strong>semimenstruns,</strong></span> <span class='ocrx_word' id='word_1_43' title='bbox 851 656 899 709; x_wconf 88' lang='lat' dir='ltr'><strong>per</strong></span> <span class='ocrx_word' id='word_1_44' title='bbox 929 657 1010 710; x_wconf 88' lang='lat' dir='ltr'><strong>quem</strong></span> <span class='ocrx_word' id='word_1_45' title='bbox 1048 655 1187 710; x_wconf 87' lang='lat' dir='ltr'><strong>aquarum,</strong></span> <span class='ocrx_word' id='word_1_46' title='bbox 1196 640 1243 710; x_wconf 92' lang='lat' dir='ltr'><strong>qui</strong></span> <span class='ocrx_word' id='word_1_47' title='bbox 1257 639 1350 693; x_wconf 88' lang='lat' dir='ltr'><strong>littora</strong></span> <span class='ocrx_word' id='word_1_48' title='bbox 1363 637 1679 708; x_wconf 86' lang='lat' dir='ltr'><strong>marisadcertaspatia</strong></span> <span class='ocrx_word' id='word_1_49' title='bbox 1692 639 1841 694; x_wconf 76' lang='lat' dir='ltr'><strong>inundaret</strong></span> 
     </span>
     <span class='ocr_line' id='line_1_5' title="bbox 217 716 1841 789; baseline 0 -17"><span class='ocrx_word' id='word_1_50' title='bbox 217 720 307 773; x_wconf 86' lang='lat' dir='ltr'><strong>fluxus</strong></span> <span class='ocrx_word' id='word_1_51' title='bbox 321 719 425 773; x_wconf 88' lang='lat' dir='ltr'><strong>habent</strong></span> <span class='ocrx_word' id='word_1_52' title='bbox 439 719 602 772; x_wconf 88' lang='lat' dir='ltr'><strong>incrementa</strong></span> <span class='ocrx_word' id='word_1_53' title='bbox 615 720 643 772; x_wconf 91' lang='lat' dir='ltr'><strong>in</strong></span> <span class='ocrx_word' id='word_1_54' title='bbox 654 718 799 773; x_wconf 86' lang='lat' dir='ltr'><strong>noviluniis</strong></span> <span class='ocrx_word' id='word_1_55' title='bbox 812 728 840 772; x_wconf 88' lang='lat' dir='ltr'><strong>et</strong></span> <span class='ocrx_word' id='word_1_56' title='bbox 852 718 1010 789; x_wconf 89' lang='lat' dir='ltr'><strong>pleniluniis</strong></span> <span class='ocrx_word' id='word_1_57' title='bbox 1048 719 1178 782; x_wconf 74' lang='lat' dir='ltr'><strong>destituit,</strong></span> <span class='ocrx_word' id='word_1_58' title='bbox 1192 727 1219 772; x_wconf 93' lang='lat' dir='ltr'><strong>et</strong></span> <span class='ocrx_word' id='word_1_59' title='bbox 1237 717 1313 772; x_wconf 85' lang='lat' dir='ltr'><strong>horis</strong></span> <span class='ocrx_word' id='word_1_60' title='bbox 1326 718 1409 771; x_wconf 82' lang='lat' dir='ltr'><strong>variis</strong></span> <span class='ocrx_word' id='word_1_61' title='bbox 1425 717 1517 779; x_wconf 77' lang='lat' dir='ltr'><strong>varim,</strong></span> <span class='ocrx_word' id='word_1_62' title='bbox 1532 725 1560 771; x_wconf 90' lang='lat' dir='ltr'><strong>et</strong></span> <span class='ocrx_word' id='word_1_63' title='bbox 1572 716 1599 770; x_wconf 81' lang='lat' dir='ltr'><strong>vi</strong></span> <span class='ocrx_word' id='word_1_64' title='bbox 1619 734 1652 770; x_wconf 89' lang='lat' dir='ltr'><strong>ac</strong></span> <span class='ocrx_word' id='word_1_65' title='bbox 1666 719 1750 788; x_wconf 85' lang='lat' dir='ltr'><strong>copia</strong></span> <span class='ocrx_word' id='word_1_66' title='bbox 1762 735 1841 789; x_wconf 78' lang='lat' dir='ltr'><strong>sque·</strong></span> 
     </span>
     <span class='ocr_line' id='line_1_6' title="bbox 217 796 1841 869; baseline -0.001 -17"><span class='ocrx_word' id='word_1_67' title='bbox 217 799 314 868; x_wconf 88' lang='lat' dir='ltr'><strong>magis,</strong></span> <span class='ocrx_word' id='word_1_68' title='bbox 334 815 415 868; x_wconf 89' lang='lat' dir='ltr'><strong>quam</strong></span> <span class='ocrx_word' id='word_1_69' title='bbox 434 799 463 850; x_wconf 90' lang='lat' dir='ltr'><strong>in</strong></span> <span class='ocrx_word' id='word_1_70' title='bbox 478 798 614 862; x_wconf 70' lang='lat' dir='ltr'><strong>dimidiis,</strong></span> <span class='ocrx_word' id='word_1_71' title='bbox 636 800 744 869; x_wconf 88' lang='lat' dir='ltr'><strong>quintus</strong></span> <span class='ocrx_word' id='word_1_72' title='bbox 760 806 849 852; x_wconf 86' lang='lat' dir='ltr'><strong>motus</strong></span> <span class='ocrx_word' id='word_1_73' title='bbox 863 798 1009 863; x_wconf 72' lang='lat' dir='ltr'><strong>semestris,</strong></span> <span class='ocrx_word' id='word_1_74' title='bbox 1048 814 1118 863; x_wconf 87' lang='lat' dir='ltr'><strong>rum,</strong></span> <span class='ocrx_word' id='word_1_75' title='bbox 1134 797 1204 851; x_wconf 91' lang='lat' dir='ltr'><strong>unde</strong></span> <span class='ocrx_word' id='word_1_76' title='bbox 1217 796 1316 867; x_wconf 87' lang='lat' dir='ltr'><strong>reliqui</strong></span> <span class='ocrx_word' id='word_1_77' title='bbox 1329 797 1371 850; x_wconf 91' lang='lat' dir='ltr'><strong>illi</strong></span> <span class='ocrx_word' id='word_1_78' title='bbox 1384 804 1438 850; x_wconf 91' lang='lat' dir='ltr'><strong>tres</strong></span> <span class='ocrx_word' id='word_1_79' title='bbox 1448 804 1538 851; x_wconf 90' lang='lat' dir='ltr'><strong>motus</strong></span> <span class='ocrx_word' id='word_1_80' title='bbox 1552 813 1582 850; x_wconf 85' lang='lat' dir='ltr'><strong>se</strong></span> <span class='ocrx_word' id='word_1_81' title='bbox 1595 797 1663 849; x_wconf 88' lang='lat' dir='ltr'><strong>daut</strong></span> <span class='ocrx_word' id='word_1_82' title='bbox 1676 799 1841 867; x_wconf 82' lang='lat' dir='ltr'><strong>conspicien-</strong></span> 
     </span>
     <span class='ocr_line' id='line_1_7' title="bbox 216 875 1840 948; baseline 0.001 -19"><span class='ocrx_word' id='word_1_83' title='bbox 216 893 268 945; x_wconf 87' lang='lat' dir='ltr'><strong>per</strong></span> <span class='ocrx_word' id='word_1_84' title='bbox 282 894 363 946; x_wconf 89' lang='lat' dir='ltr'><strong>quem</strong></span> <span class='ocrx_word' id='word_1_85' title='bbox 377 877 466 930; x_wconf 86' lang='lat' dir='ltr'><strong>fluxus</strong></span> <span class='ocrx_word' id='word_1_86' title='bbox 486 876 588 930; x_wconf 79' lang='lat' dir='ltr'><strong>liabent</strong></span> <span class='ocrx_word' id='word_1_87' title='bbox 603 878 768 932; x_wconf 85' lang='lat' dir='ltr'><strong>incrementa</strong></span> <span class='ocrx_word' id='word_1_88' title='bbox 782 878 904 932; x_wconf 86' lang='lat' dir='ltr'><strong>auctiora</strong></span> <span class='ocrx_word' id='word_1_89' title='bbox 922 887 951 931; x_wconf 89' lang='lat' dir='ltr'><strong>et</strong></span> <span class='ocrx_word' id='word_1_90' title='bbox 970 878 1011 930; x_wconf 89' lang='lat' dir='ltr'><strong>in·</strong></span> <span class='ocrx_word' id='word_1_91' title='bbox 1047 877 1105 931; x_wconf 87' lang='lat' dir='ltr'><strong>dos.</strong></span> <span class='ocrx_word' id='word_1_92' title='bbox 1147 875 1245 948; x_wconf 84' lang='lat' dir='ltr'><strong>ltaque</strong></span> <span class='ocrx_word' id='word_1_93' title='bbox 1268 876 1302 930; x_wconf 91' lang='lat' dir='ltr'><strong>de</strong></span> <span class='ocrx_word' id='word_1_94' title='bbox 1324 875 1373 929; x_wconf 91' lang='lat' dir='ltr'><strong>illo</strong></span> <span class='ocrx_word' id='word_1_95' title='bbox 1392 875 1454 946; x_wconf 87' lang='lat' dir='ltr'><strong>ipso</strong></span> <span class='ocrx_word' id='word_1_96' title='bbox 1471 884 1547 930; x_wconf 87' lang='lat' dir='ltr'><strong>motu</strong></span> <span class='ocrx_word' id='word_1_97' title='bbox 1563 876 1655 930; x_wconf 86' lang='lat' dir='ltr'><strong>fluxus</strong></span> <span class='ocrx_word' id='word_1_98' title='bbox 1674 884 1704 931; x_wconf 92' lang='lat' dir='ltr'><strong>et</strong></span> <span class='ocrx_word' id='word_1_99' title='bbox 1723 878 1840 931; x_wconf 80' lang='lat' dir='ltr'><strong>refluxus</strong></span> 
     </span>
     <span class='ocr_line' id='line_1_8' title="bbox 217 954 1839 1026; baseline 0.002 -19"><span class='ocrx_word' id='word_1_100' title='bbox 217 955 308 1025; x_wconf 83' lang='lat' dir='ltr'><strong>signia</strong></span> <span class='ocrx_word' id='word_1_101' title='bbox 320 955 348 1008; x_wconf 90' lang='lat' dir='ltr'><strong>in</strong></span> <span class='ocrx_word' id='word_1_102' title='bbox 362 956 540 1025; x_wconf 71' lang='lat' dir='ltr'><strong>aequinoctiis.</strong></span> <span class='ocrx_word' id='word_1_103' title='bbox 581 956 670 1026; x_wconf 81' lang='lat' dir='ltr'><strong>Atque</strong></span> <span class='ocrx_word' id='word_1_104' title='bbox 685 957 718 1010; x_wconf 88' lang='lat' dir='ltr'><strong>de</strong></span> <span class='ocrx_word' id='word_1_105' title='bbox 733 957 851 1010; x_wconf 89' lang='lat' dir='ltr'><strong>secundo</strong></span> <span class='ocrx_word' id='word_1_106' title='bbox 867 957 915 1010; x_wconf 91' lang='lat' dir='ltr'><strong>illo</strong></span> <span class='ocrx_word' id='word_1_107' title='bbox 935 964 1009 1010; x_wconf 89' lang='lat' dir='ltr'><strong>motu</strong></span> <span class='ocrx_word' id='word_1_108' title='bbox 1047 954 1188 1026; x_wconf 75' lang='lat' dir='ltr'><strong>sigillatim</strong></span> <span class='ocrx_word' id='word_1_109' title='bbox 1214 972 1246 1009; x_wconf 89' lang='lat' dir='ltr'><strong>ac</strong></span> <span class='ocrx_word' id='word_1_110' title='bbox 1273 955 1383 1024; x_wconf 89' lang='lat' dir='ltr'><strong>proprie</strong></span> <span class='ocrx_word' id='word_1_111' title='bbox 1409 957 1452 1024; x_wconf 85' lang='lat' dir='ltr'><strong>(ut</strong></span> <span class='ocrx_word' id='word_1_112' title='bbox 1477 954 1661 1024; x_wconf 86' lang='lat' dir='ltr'><strong>instituimus)</strong></span> <span class='ocrx_word' id='word_1_113' title='bbox 1689 956 1839 1010; x_wconf 82' lang='lat' dir='ltr'><strong>ridendum.</strong></span> 
     </span>
     <span class='ocr_line' id='line_1_9' title="bbox 216 1032 1839 1105; baseline 0.002 -19"><span class='ocrx_word' id='word_1_114' title='bbox 216 1050 317 1104; x_wconf 84' lang='lat' dir='ltr'><strong>magno</strong></span> <span class='ocrx_word' id='word_1_115' title='bbox 331 1034 425 1087; x_wconf 87' lang='lat' dir='ltr'><strong>oceani</strong></span> <span class='ocrx_word' id='word_1_116' title='bbox 439 1033 597 1089; x_wconf 84' lang='lat' dir='ltr'><strong>sexhorario</strong></span> <span class='ocrx_word' id='word_1_117' title='bbox 615 1037 673 1090; x_wconf 79' lang='lat' dir='ltr'><strong>sive</strong></span> <span class='ocrx_word' id='word_1_118' title='bbox 686 1037 789 1097; x_wconf 70' lang='lat' dir='ltr'><strong>murno,</strong></span> <span class='ocrx_word' id='word_1_119' title='bbox 803 1036 882 1089; x_wconf 90' lang='lat' dir='ltr'><strong>uobis</strong></span> <span class='ocrx_word' id='word_1_120' title='bbox 894 1036 924 1090; x_wconf 92' lang='lat' dir='ltr'><strong>in</strong></span> <span class='ocrx_word' id='word_1_121' title='bbox 937 1051 1008 1105; x_wconf 75' lang='lat' dir='ltr'><strong>pras·</strong></span> <span class='ocrx_word' id='word_1_122' title='bbox 1048 1035 1136 1105; x_wconf 90' lang='lat' dir='ltr'><strong>Atque</strong></span> <span class='ocrx_word' id='word_1_123' title='bbox 1151 1034 1240 1103; x_wconf 89' lang='lat' dir='ltr'><strong>primo</strong></span> <span class='ocrx_word' id='word_1_124' title='bbox 1258 1032 1326 1088; x_wconf 91' lang='lat' dir='ltr'><strong>illud</strong></span> <span class='ocrx_word' id='word_1_125' title='bbox 1347 1034 1405 1088; x_wconf 88' lang='lat' dir='ltr'><strong>dari</strong></span> <span class='ocrx_word' id='word_1_126' title='bbox 1422 1049 1534 1103; x_wconf 87' lang='lat' dir='ltr'><strong>prorsus</strong></span> <span class='ocrx_word' id='word_1_127' title='bbox 1546 1051 1662 1088; x_wconf 86' lang='lat' dir='ltr'><strong>necesse</strong></span> <span class='ocrx_word' id='word_1_128' title='bbox 1677 1043 1728 1100; x_wconf 87' lang='lat' dir='ltr'><strong>est,</strong></span> <span class='ocrx_word' id='word_1_129' title='bbox 1742 1044 1839 1089; x_wconf 89' lang='lat' dir='ltr'><strong>motum</strong></span> 
     </span>
     <span class='ocr_line' id='line_1_10' title="bbox 216 1112 1838 1184; baseline 0.002 -19"><span class='ocrx_word' id='word_1_130' title='bbox 216 1114 304 1165; x_wconf 86' lang='lat' dir='ltr'><strong>sentia</strong></span> <span class='ocrx_word' id='word_1_131' title='bbox 321 1129 411 1166; x_wconf 90' lang='lat' dir='ltr'><strong>sermo</strong></span> <span class='ocrx_word' id='word_1_132' title='bbox 429 1121 471 1167; x_wconf 93' lang='lat' dir='ltr'><strong>est</strong></span> <span class='ocrx_word' id='word_1_133' title='bbox 484 1115 620 1184; x_wconf 86' lang='lat' dir='ltr'><strong>praecipue</strong></span> <span class='ocrx_word' id='word_1_134' title='bbox 634 1124 662 1168; x_wconf 91' lang='lat' dir='ltr'><strong>et</strong></span> <span class='ocrx_word' id='word_1_135' title='bbox 681 1132 717 1170; x_wconf 79' lang='lat' dir='ltr'><strong>ex</strong></span> <span class='ocrx_word' id='word_1_136' title='bbox 730 1115 885 1179; x_wconf 87' lang='lat' dir='ltr'><strong>intentione,</strong></span> <span class='ocrx_word' id='word_1_137' title='bbox 896 1115 930 1168; x_wconf 93' lang='lat' dir='ltr'><strong>de</strong></span> <span class='ocrx_word' id='word_1_138' title='bbox 944 1112 1008 1169; x_wconf 89' lang='lat' dir='ltr'><strong>reli-</strong></span> <span class='ocrx_word' id='word_1_139' title='bbox 1048 1112 1127 1177; x_wconf 88' lang='lat' dir='ltr'><strong>hunc,</strong></span> <span class='ocrx_word' id='word_1_140' title='bbox 1137 1114 1171 1166; x_wconf 88' lang='lat' dir='ltr'><strong>de</strong></span> <span class='ocrx_word' id='word_1_141' title='bbox 1185 1130 1239 1184; x_wconf 91' lang='lat' dir='ltr'><strong>quo</strong></span> <span class='ocrx_word' id='word_1_142' title='bbox 1252 1112 1422 1182; x_wconf 86' lang='lat' dir='ltr'><strong>inquirimus,</strong></span> <span class='ocrx_word' id='word_1_143' title='bbox 1432 1129 1516 1167; x_wconf 89' lang='lat' dir='ltr'><strong>unum</strong></span> <span class='ocrx_word' id='word_1_144' title='bbox 1529 1130 1565 1168; x_wconf 86' lang='lat' dir='ltr'><strong>ex</strong></span> <span class='ocrx_word' id='word_1_145' title='bbox 1578 1114 1688 1168; x_wconf 89' lang='lat' dir='ltr'><strong>duobus</strong></span> <span class='ocrx_word' id='word_1_146' title='bbox 1701 1115 1762 1168; x_wconf 85' lang='lat' dir='ltr'><strong>istis</strong></span> <span class='ocrx_word' id='word_1_147' title='bbox 1774 1131 1838 1177; x_wconf 83' lang='lat' dir='ltr'><strong>esse,</strong></span> 
     </span>
     <span class='ocr_line' id='line_1_11' title="bbox 216 1191 1839 1266; baseline 0.002 -22"><span class='ocrx_word' id='word_1_148' title='bbox 216 1192 277 1262; x_wconf 90' lang='lat' dir='ltr'><strong>quis</strong></span> <span class='ocrx_word' id='word_1_149' title='bbox 291 1191 460 1246; x_wconf 86' lang='lat' dir='ltr'><strong>solummodo</strong></span> <span class='ocrx_word' id='word_1_150' title='bbox 478 1194 507 1245; x_wconf 93' lang='lat' dir='ltr'><strong>in</strong></span> <span class='ocrx_word' id='word_1_151' title='bbox 521 1194 636 1248; x_wconf 85' lang='lat' dir='ltr'><strong>transitu</strong></span> <span class='ocrx_word' id='word_1_152' title='bbox 650 1203 678 1248; x_wconf 91' lang='lat' dir='ltr'><strong>et</strong></span> <span class='ocrx_word' id='word_1_153' title='bbox 698 1201 832 1266; x_wconf 86' lang='lat' dir='ltr'><strong>quatenus</strong></span> <span class='ocrx_word' id='word_1_154' title='bbox 850 1194 955 1247; x_wconf 84' lang='lat' dir='ltr'><strong>iaciant</strong></span> <span class='ocrx_word' id='word_1_155' title='bbox 974 1192 1008 1246; x_wconf 86' lang='lat' dir='ltr'><strong>sd</strong></span> <span class='ocrx_word' id='word_1_156' title='bbox 1047 1192 1090 1245; x_wconf 86' lang='lat' dir='ltr'><strong>vel</strong></span> <span class='ocrx_word' id='word_1_157' title='bbox 1103 1200 1205 1246; x_wconf 90' lang='lat' dir='ltr'><strong>motum</strong></span> <span class='ocrx_word' id='word_1_158' title='bbox 1223 1192 1383 1247; x_wconf 89' lang='lat' dir='ltr'><strong>sublationis</strong></span> <span class='ocrx_word' id='word_1_159' title='bbox 1403 1198 1430 1245; x_wconf 93' lang='lat' dir='ltr'><strong>et</strong></span> <span class='ocrx_word' id='word_1_160' title='bbox 1450 1192 1622 1246; x_wconf 80' lang='lat' dir='ltr'><strong>demissionis</strong></span> <span class='ocrx_word' id='word_1_161' title='bbox 1643 1209 1785 1262; x_wconf 84' lang='lat' dir='ltr'><strong>aquarum,</strong></span> <span class='ocrx_word' id='word_1_162' title='bbox 1796 1195 1839 1248; x_wconf 85' lang='lat' dir='ltr'><strong>rel</strong></span> 
     </span>
     <span class='ocr_line' id='line_1_12' title="bbox 216 1269 1839 1343; baseline 0.002 -20"><span class='ocrx_word' id='word_1_163' title='bbox 216 1269 329 1339; x_wconf 84' lang='lat' dir='ltr'><strong>hujusce</strong></span> <span class='ocrx_word' id='word_1_164' title='bbox 350 1278 439 1325; x_wconf 88' lang='lat' dir='ltr'><strong>motus</strong></span> <span class='ocrx_word' id='word_1_165' title='bbox 460 1271 679 1341; x_wconf 77' lang='lat' dir='ltr'><strong>explicationem.</strong></span> <span class='ocrx_word' id='word_1_166' title='bbox 722 1273 815 1327; x_wconf 90' lang='lat' dir='ltr'><strong>Primo</strong></span> <span class='ocrx_word' id='word_1_167' title='bbox 835 1271 920 1343; x_wconf 90' lang='lat' dir='ltr'><strong>igitur</strong></span> <span class='ocrx_word' id='word_1_168' title='bbox 936 1272 1008 1342; x_wconf 89' lang='lat' dir='ltr'><strong>quod</strong></span> <span class='ocrx_word' id='word_1_169' title='bbox 1046 1280 1149 1326; x_wconf 88' lang='lat' dir='ltr'><strong>motum</strong></span> <span class='ocrx_word' id='word_1_170' title='bbox 1173 1287 1340 1342; x_wconf 85' lang='lat' dir='ltr'><strong>progressus.</strong></span> <span class='ocrx_word' id='word_1_171' title='bbox 1380 1270 1488 1324; x_wconf 88' lang='lat' dir='ltr'><strong>Motum</strong></span> <span class='ocrx_word' id='word_1_172' title='bbox 1514 1280 1604 1325; x_wconf 91' lang='lat' dir='ltr'><strong>autem</strong></span> <span class='ocrx_word' id='word_1_173' title='bbox 1632 1271 1796 1327; x_wconf 85' lang='lat' dir='ltr'><strong>sublationis</strong></span> <span class='ocrx_word' id='word_1_174' title='bbox 1812 1282 1839 1326; x_wconf 89' lang='lat' dir='ltr'><strong>et</strong></span> 
     </span>
     <span class='ocr_line' id='line_1_13' title="bbox 216 1348 1838 1421; baseline 0.004 -20"><span class='ocrx_word' id='word_1_175' title='bbox 216 1349 250 1401; x_wconf 89' lang='lat' dir='ltr'><strong>ad</strong></span> <span class='ocrx_word' id='word_1_176' title='bbox 264 1359 366 1405; x_wconf 90' lang='lat' dir='ltr'><strong>motum</strong></span> <span class='ocrx_word' id='word_1_177' title='bbox 380 1351 543 1405; x_wconf 89' lang='lat' dir='ltr'><strong>currentium</strong></span> <span class='ocrx_word' id='word_1_178' title='bbox 565 1352 669 1415; x_wconf 82' lang='lat' dir='ltr'><strong>attinet,</strong></span> <span class='ocrx_word' id='word_1_179' title='bbox 684 1352 795 1406; x_wconf 87' lang='lat' dir='ltr'><strong>dubium</strong></span> <span class='ocrx_word' id='word_1_180' title='bbox 815 1354 869 1405; x_wconf 82' lang='lat' dir='ltr'><strong>non</strong></span> <span class='ocrx_word' id='word_1_181' title='bbox 883 1360 926 1405; x_wconf 92' lang='lat' dir='ltr'><strong>est</strong></span> <span class='ocrx_word' id='word_1_182' title='bbox 942 1352 1007 1421; x_wconf 90' lang='lat' dir='ltr'><strong>quin</strong></span> <span class='ocrx_word' id='word_1_183' title='bbox 1046 1349 1220 1405; x_wconf 87' lang='lat' dir='ltr'><strong>demissionis</strong></span> <span class='ocrx_word' id='word_1_184' title='bbox 1231 1349 1313 1404; x_wconf 85' lang='lat' dir='ltr'><strong>talem</strong></span> <span class='ocrx_word' id='word_1_185' title='bbox 1324 1352 1385 1405; x_wconf 78' lang='lat' dir='ltr'><strong>esse</strong></span> <span class='ocrx_word' id='word_1_186' title='bbox 1399 1348 1585 1420; x_wconf 82' lang='lat' dir='ltr'><strong>intelligimus,</strong></span> <span class='ocrx_word' id='word_1_187' title='bbox 1601 1350 1692 1419; x_wconf 88' lang='lat' dir='ltr'><strong>qualis</strong></span> <span class='ocrx_word' id='word_1_188' title='bbox 1704 1351 1838 1407; x_wconf 84' lang='lat' dir='ltr'><strong>invenitur</strong></span> 
     </span>
     <span class='ocr_line' id='line_1_14' title="bbox 216 1428 1836 1501; baseline 0.002 -20"><span class='ocrx_word' id='word_1_189' title='bbox 216 1444 266 1497; x_wconf 88' lang='lat' dir='ltr'><strong>pro</strong></span> <span class='ocrx_word' id='word_1_190' title='bbox 279 1445 312 1481; x_wconf 93' lang='lat' dir='ltr'><strong>eo</strong></span> <span class='ocrx_word' id='word_1_191' title='bbox 326 1446 356 1483; x_wconf 88' lang='lat' dir='ltr'><strong>ac</strong></span> <span class='ocrx_word' id='word_1_192' title='bbox 378 1447 456 1500; x_wconf 80' lang='lat' dir='ltr'><strong>aquae</strong></span> <span class='ocrx_word' id='word_1_193' title='bbox 473 1428 516 1482; x_wconf 87' lang='lat' dir='ltr'><strong>vel</strong></span> <span class='ocrx_word' id='word_1_194' title='bbox 537 1430 572 1482; x_wconf 89' lang='lat' dir='ltr'><strong>ab</strong></span> <span class='ocrx_word' id='word_1_195' title='bbox 593 1431 726 1501; x_wconf 87' lang='lat' dir='ltr'><strong>angustiis</strong></span> <span class='ocrx_word' id='word_1_196' title='bbox 747 1439 911 1500; x_wconf 88' lang='lat' dir='ltr'><strong>premuntur,</strong></span> <span class='ocrx_word' id='word_1_197' title='bbox 926 1430 971 1484; x_wconf 84' lang='lat' dir='ltr'><strong>rel</strong></span> <span class='ocrx_word' id='word_1_198' title='bbox 991 1447 1008 1483; x_wconf 88' lang='lat' dir='ltr'><strong>a</strong></span> <span class='ocrx_word' id='word_1_199' title='bbox 1046 1429 1074 1481; x_wconf 91' lang='lat' dir='ltr'><strong>in</strong></span> <span class='ocrx_word' id='word_1_200' title='bbox 1085 1445 1155 1499; x_wconf 87' lang='lat' dir='ltr'><strong>aqua</strong></span> <span class='ocrx_word' id='word_1_201' title='bbox 1164 1428 1295 1494; x_wconf 87' lang='lat' dir='ltr'><strong>bullienti,</strong></span> <span class='ocrx_word' id='word_1_202' title='bbox 1303 1447 1364 1501; x_wconf 76' lang='lat' dir='ltr'><strong>qua</strong></span> <span class='ocrx_word' id='word_1_203' title='bbox 1377 1429 1407 1483; x_wconf 92' lang='lat' dir='ltr'><strong>iu</strong></span> <span class='ocrx_word' id='word_1_204' title='bbox 1415 1428 1535 1483; x_wconf 85' lang='lat' dir='ltr'><strong>caldario</strong></span> <span class='ocrx_word' id='word_1_205' title='bbox 1548 1429 1683 1483; x_wconf 78' lang='lat' dir='ltr'><strong>attollitur</strong></span> <span class='ocrx_word' id='word_1_206' title='bbox 1694 1438 1724 1484; x_wconf 90' lang='lat' dir='ltr'><strong>et</strong></span> <span class='ocrx_word' id='word_1_207' title='bbox 1737 1448 1836 1485; x_wconf 69' lang='lat' dir='ltr'><strong>mnam</strong></span> 
     </span>
     <span class='ocr_line' id='line_1_15' title="bbox 215 1505 1837 1581; baseline 0.002 -21"><span class='ocrx_word' id='word_1_208' title='bbox 215 1505 308 1562; x_wconf 83' lang='lat' dir='ltr'><strong>liberis</strong></span> <span class='ocrx_word' id='word_1_209' title='bbox 326 1509 422 1578; x_wconf 89' lang='lat' dir='ltr'><strong>spatiis</strong></span> <span class='ocrx_word' id='word_1_210' title='bbox 436 1508 571 1573; x_wconf 84' lang='lat' dir='ltr'><strong>laxantur,</strong></span> <span class='ocrx_word' id='word_1_211' title='bbox 584 1510 627 1562; x_wconf 85' lang='lat' dir='ltr'><strong>vel</strong></span> <span class='ocrx_word' id='word_1_212' title='bbox 647 1511 676 1563; x_wconf 91' lang='lat' dir='ltr'><strong>in</strong></span> <span class='ocrx_word' id='word_1_213' title='bbox 696 1511 785 1581; x_wconf 80' lang='lat' dir='ltr'><strong>magis</strong></span> <span class='ocrx_word' id='word_1_214' title='bbox 798 1510 914 1564; x_wconf 83' lang='lat' dir='ltr'><strong>declivia</strong></span> <span class='ocrx_word' id='word_1_215' title='bbox 934 1508 1007 1563; x_wconf 84' lang='lat' dir='ltr'><strong>iesti-</strong></span> <span class='ocrx_word' id='word_1_216' title='bbox 1045 1508 1152 1562; x_wconf 79' lang='lat' dir='ltr'><strong>residet.</strong></span> <span class='ocrx_word' id='word_1_217' title='bbox 1193 1508 1232 1562; x_wconf 90' lang='lat' dir='ltr'><strong>At</strong></span> <span class='ocrx_word' id='word_1_218' title='bbox 1243 1519 1345 1563; x_wconf 89' lang='lat' dir='ltr'><strong>motum</strong></span> <span class='ocrx_word' id='word_1_219' title='bbox 1358 1524 1518 1579; x_wconf 87' lang='lat' dir='ltr'><strong>progressus</strong></span> <span class='ocrx_word' id='word_1_220' title='bbox 1530 1507 1622 1572; x_wconf 85' lang='lat' dir='ltr'><strong>talem,</strong></span> <span class='ocrx_word' id='word_1_221' title='bbox 1634 1509 1727 1579; x_wconf 87' lang='lat' dir='ltr'><strong>qualis</strong></span> <span class='ocrx_word' id='word_1_222' title='bbox 1740 1510 1837 1563; x_wconf 84' lang='lat' dir='ltr'><strong>inreci-</strong></span> 
     </span>
     <span class='ocr_line' id='line_1_16' title="bbox 215 1586 1834 1658; baseline 0.002 -19"><span class='ocrx_word' id='word_1_223' title='bbox 215 1594 289 1651; x_wconf 90' lang='lat' dir='ltr'><strong>nant,</strong></span> <span class='ocrx_word' id='word_1_224' title='bbox 299 1604 330 1640; x_wconf 92' lang='lat' dir='ltr'><strong>ac</strong></span> <span class='ocrx_word' id='word_1_225' title='bbox 341 1587 425 1641; x_wconf 85' lang='lat' dir='ltr'><strong>veluti</strong></span> <span class='ocrx_word' id='word_1_226' title='bbox 439 1587 620 1653; x_wconf 82' lang='lat' dir='ltr'><strong>effunduntur,</strong></span> <span class='ocrx_word' id='word_1_227' title='bbox 629 1590 672 1643; x_wconf 86' lang='lat' dir='ltr'><strong>vel</strong></span> <span class='ocrx_word' id='word_1_228' title='bbox 687 1590 715 1643; x_wconf 89' lang='lat' dir='ltr'><strong>in</strong></span> <span class='ocrx_word' id='word_1_229' title='bbox 727 1589 905 1643; x_wconf 87' lang='lat' dir='ltr'><strong>eminentiora</strong></span> <span class='ocrx_word' id='word_1_230' title='bbox 917 1589 1007 1643; x_wconf 89' lang='lat' dir='ltr'><strong>incur·</strong></span> <span class='ocrx_word' id='word_1_231' title='bbox 1046 1594 1088 1640; x_wconf 85' lang='lat' dir='ltr'><strong>tur</strong></span> <span class='ocrx_word' id='word_1_232' title='bbox 1101 1588 1131 1642; x_wconf 91' lang='lat' dir='ltr'><strong>in</strong></span> <span class='ocrx_word' id='word_1_233' title='bbox 1144 1604 1214 1658; x_wconf 85' lang='lat' dir='ltr'><strong>aqua</strong></span> <span class='ocrx_word' id='word_1_234' title='bbox 1227 1596 1306 1642; x_wconf 84' lang='lat' dir='ltr'><strong>vecta</strong></span> <span class='ocrx_word' id='word_1_235' title='bbox 1318 1588 1348 1641; x_wconf 91' lang='lat' dir='ltr'><strong>in</strong></span> <span class='ocrx_word' id='word_1_236' title='bbox 1367 1586 1448 1657; x_wconf 78' lang='lat' dir='ltr'><strong>pelvi,</strong></span> <span class='ocrx_word' id='word_1_237' title='bbox 1462 1604 1523 1658; x_wconf 79' lang='lat' dir='ltr'><strong>quse</strong></span> <span class='ocrx_word' id='word_1_238' title='bbox 1545 1604 1628 1641; x_wconf 90' lang='lat' dir='ltr'><strong>unum</strong></span> <span class='ocrx_word' id='word_1_239' title='bbox 1644 1588 1720 1643; x_wconf 85' lang='lat' dir='ltr'><strong>latus</strong></span> <span class='ocrx_word' id='word_1_240' title='bbox 1733 1589 1834 1653; x_wconf 84' lang='lat' dir='ltr'><strong>deserit,</strong></span> 
     </span>
     <span class='ocr_line' id='line_1_17' title="bbox 214 1665 1835 1738; baseline 0.001 -19"><span class='ocrx_word' id='word_1_241' title='bbox 214 1674 277 1720; x_wconf 91' lang='lat' dir='ltr'><strong>runt</strong></span> <span class='ocrx_word' id='word_1_242' title='bbox 291 1682 322 1719; x_wconf 85' lang='lat' dir='ltr'><strong>ac</strong></span> <span class='ocrx_word' id='word_1_243' title='bbox 336 1666 503 1729; x_wconf 88' lang='lat' dir='ltr'><strong>insceudunt,</strong></span> <span class='ocrx_word' id='word_1_244' title='bbox 516 1666 560 1720; x_wconf 83' lang='lat' dir='ltr'><strong>rel</strong></span> <span class='ocrx_word' id='word_1_245' title='bbox 581 1667 664 1722; x_wconf 82' lang='lat' dir='ltr'><strong>irrndo</strong></span> <span class='ocrx_word' id='word_1_246' title='bbox 676 1668 804 1722; x_wconf 90' lang='lat' dir='ltr'><strong>labuntur</strong></span> <span class='ocrx_word' id='word_1_247' title='bbox 816 1667 951 1738; x_wconf 74' lang='lat' dir='ltr'><strong>aequabili,</strong></span> <span class='ocrx_word' id='word_1_248' title='bbox 963 1667 1007 1722; x_wconf 83' lang='lat' dir='ltr'><strong>vel</strong></span> <span class='ocrx_word' id='word_1_249' title='bbox 1044 1683 1106 1721; x_wconf 90' lang='lat' dir='ltr'><strong>cum</strong></span> <span class='ocrx_word' id='word_1_250' title='bbox 1133 1667 1167 1720; x_wconf 87' lang='lat' dir='ltr'><strong>ad</strong></span> <span class='ocrx_word' id='word_1_251' title='bbox 1193 1666 1263 1721; x_wconf 90' lang='lat' dir='ltr'><strong>latus</strong></span> <span class='ocrx_word' id='word_1_252' title='bbox 1290 1666 1443 1737; x_wconf 88' lang='lat' dir='ltr'><strong>oppositum</strong></span> <span class='ocrx_word' id='word_1_253' title='bbox 1469 1665 1631 1721; x_wconf 83' lang='lat' dir='ltr'><strong>advolvitur.</strong></span> <span class='ocrx_word' id='word_1_254' title='bbox 1675 1667 1752 1728; x_wconf 83' lang='lat' dir='ltr'><strong>Quod</strong></span> <span class='ocrx_word' id='word_1_255' title='bbox 1776 1686 1835 1721; x_wconf 78' lang='lat' dir='ltr'><strong>sero</strong></span> 
     </span>
     <span class='ocr_line' id='line_1_18' title="bbox 216 1744 1834 1817; baseline 0.004 -21"><span class='ocrx_word' id='word_1_256' title='bbox 216 1744 292 1797; x_wconf 84' lang='lat' dir='ltr'><strong>iundi</strong></span> <span class='ocrx_word' id='word_1_257' title='bbox 305 1744 388 1799; x_wconf 89' lang='lat' dir='ltr'><strong>sulcis</strong></span> <span class='ocrx_word' id='word_1_258' title='bbox 402 1755 431 1800; x_wconf 88' lang='lat' dir='ltr'><strong>et</strong></span> <span class='ocrx_word' id='word_1_259' title='bbox 451 1746 679 1816; x_wconf 71' lang='lat' dir='ltr'><strong>inaequalitatibus</strong></span> <span class='ocrx_word' id='word_1_260' title='bbox 699 1747 898 1817; x_wconf 87' lang='lat' dir='ltr'><strong>perturbantur,</strong></span> <span class='ocrx_word' id='word_1_261' title='bbox 912 1747 956 1801; x_wconf 85' lang='lat' dir='ltr'><strong>vel</strong></span> <span class='ocrx_word' id='word_1_262' title='bbox 977 1748 1005 1801; x_wconf 92' lang='lat' dir='ltr'><strong>in</strong></span> <span class='ocrx_word' id='word_1_263' title='bbox 1044 1757 1135 1799; x_wconf 85' lang='lat' dir='ltr'><strong>motus</strong></span> <span class='ocrx_word' id='word_1_264' title='bbox 1146 1747 1196 1800; x_wconf 89' lang='lat' dir='ltr'><strong>iste</strong></span> <span class='ocrx_word' id='word_1_265' title='bbox 1209 1747 1367 1817; x_wconf 81' lang='lat' dir='ltr'><strong>neutiquam</strong></span> <span class='ocrx_word' id='word_1_266' title='bbox 1378 1745 1415 1799; x_wconf 91' lang='lat' dir='ltr'><strong>sit</strong></span> <span class='ocrx_word' id='word_1_267' title='bbox 1424 1745 1506 1815; x_wconf 89' lang='lat' dir='ltr'><strong>primi</strong></span> <span class='ocrx_word' id='word_1_268' title='bbox 1520 1748 1637 1816; x_wconf 83' lang='lat' dir='ltr'><strong>generis,</strong></span> <span class='ocrx_word' id='word_1_269' title='bbox 1647 1748 1764 1802; x_wconf 88' lang='lat' dir='ltr'><strong>occurrit</strong></span> <span class='ocrx_word' id='word_1_270' title='bbox 1773 1748 1834 1802; x_wconf 86' lang='lat' dir='ltr'><strong>illud</strong></span> 
     </span>
     <span class='ocr_line' id='line_1_19' title="bbox 215 1824 1834 1897; baseline 0.005 -23"><span class='ocrx_word' id='word_1_271' title='bbox 215 1824 285 1877; x_wconf 93' lang='lat' dir='ltr'><strong>alios</strong></span> <span class='ocrx_word' id='word_1_272' title='bbox 298 1834 436 1878; x_wconf 90' lang='lat' dir='ltr'><strong>currentes</strong></span> <span class='ocrx_word' id='word_1_273' title='bbox 455 1824 586 1888; x_wconf 90' lang='lat' dir='ltr'><strong>incidunt,</strong></span> <span class='ocrx_word' id='word_1_274' title='bbox 600 1835 681 1897; x_wconf 89' lang='lat' dir='ltr'><strong>atque</strong></span> <span class='ocrx_word' id='word_1_275' title='bbox 698 1844 760 1881; x_wconf 91' lang='lat' dir='ltr'><strong>cum</strong></span> <span class='ocrx_word' id='word_1_276' title='bbox 776 1825 833 1881; x_wconf 91' lang='lat' dir='ltr'><strong>illis</strong></span> <span class='ocrx_word' id='word_1_277' title='bbox 847 1844 877 1881; x_wconf 90' lang='lat' dir='ltr'><strong>se</strong></span> <span class='ocrx_word' id='word_1_278' title='bbox 891 1827 1007 1881; x_wconf 88' lang='lat' dir='ltr'><strong>miscent</strong></span> <span class='ocrx_word' id='word_1_279' title='bbox 1044 1825 1188 1895; x_wconf 86' lang='lat' dir='ltr'><strong>imprimis,</strong></span> <span class='ocrx_word' id='word_1_280' title='bbox 1203 1826 1276 1896; x_wconf 91' lang='lat' dir='ltr'><strong>quod</strong></span> <span class='ocrx_word' id='word_1_281' title='bbox 1297 1827 1326 1879; x_wconf 91' lang='lat' dir='ltr'><strong>in</strong></span> <span class='ocrx_word' id='word_1_282' title='bbox 1346 1824 1460 1879; x_wconf 87' lang='lat' dir='ltr'><strong>diversis</strong></span> <span class='ocrx_word' id='word_1_283' title='bbox 1481 1825 1573 1879; x_wconf 90' lang='lat' dir='ltr'><strong>muudi</strong></span> <span class='ocrx_word' id='word_1_284' title='bbox 1596 1827 1723 1895; x_wconf 86' lang='lat' dir='ltr'><strong>partibus</strong></span> <span class='ocrx_word' id='word_1_285' title='bbox 1735 1827 1834 1881; x_wconf 70' lang='lat' dir='ltr'><strong>ranam</strong></span> 
     </span>
     <span class='ocr_line' id='line_1_20' title="bbox 216 1902 1835 1976; baseline 0.004 -22"><span class='ocrx_word' id='word_1_286' title='bbox 216 1911 243 1955; x_wconf 89' lang='lat' dir='ltr'><strong>et</strong></span> <span class='ocrx_word' id='word_1_287' title='bbox 261 1904 468 1972; x_wconf 90' lang='lat' dir='ltr'><strong>compatiuntur,</strong></span> <span class='ocrx_word' id='word_1_288' title='bbox 482 1902 526 1957; x_wconf 84' lang='lat' dir='ltr'><strong>vel</strong></span> <span class='ocrx_word' id='word_1_289' title='bbox 545 1906 628 1959; x_wconf 89' lang='lat' dir='ltr'><strong>etiam</strong></span> <span class='ocrx_word' id='word_1_290' title='bbox 641 1922 659 1959; x_wconf 98' lang='lat' dir='ltr'><strong>a</strong></span> <span class='ocrx_word' id='word_1_291' title='bbox 675 1906 763 1960; x_wconf 73' lang='lat' dir='ltr'><strong>venda</strong></span> <span class='ocrx_word' id='word_1_292' title='bbox 782 1905 925 1976; x_wconf 86' lang='lat' dir='ltr'><strong>agitantur,</strong></span> <span class='ocrx_word' id='word_1_293' title='bbox 940 1921 1007 1975; x_wconf 66' lang='lat' dir='ltr'><strong>praa</strong></span> <span class='ocrx_word' id='word_1_294' title='bbox 1044 1913 1127 1959; x_wconf 71' lang='lat' dir='ltr'><strong>estus</strong></span> <span class='ocrx_word' id='word_1_295' title='bbox 1140 1905 1287 1960; x_wconf 87' lang='lat' dir='ltr'><strong>secundum</strong></span> <span class='ocrx_word' id='word_1_296' title='bbox 1301 1917 1439 1974; x_wconf 85' lang='lat' dir='ltr'><strong>tempora;</strong></span> <span class='ocrx_word' id='word_1_297' title='bbox 1454 1912 1485 1958; x_wconf 86' lang='lat' dir='ltr'><strong>ut</strong></span> <span class='ocrx_word' id='word_1_298' title='bbox 1496 1905 1564 1958; x_wconf 81' lang='lat' dir='ltr'><strong>liant</strong></span> <span class='ocrx_word' id='word_1_299' title='bbox 1576 1904 1606 1957; x_wconf 89' lang='lat' dir='ltr'><strong>io</strong></span> <span class='ocrx_word' id='word_1_300' title='bbox 1620 1906 1759 1976; x_wconf 82' lang='lat' dir='ltr'><strong>aliquibus</strong></span> <span class='ocrx_word' id='word_1_301' title='bbox 1772 1906 1835 1961; x_wconf 84' lang='lat' dir='ltr'><strong>locis</strong></span> 
     </span>
     <span class='ocr_line' id='line_1_21' title="bbox 215 1982 1835 2054; baseline 0.004 -21"><span class='ocrx_word' id='word_1_302' title='bbox 215 1983 310 2035; x_wconf 90' lang='lat' dir='ltr'><strong>sertim</strong></span> <span class='ocrx_word' id='word_1_303' title='bbox 321 1982 513 2037; x_wconf 86' lang='lat' dir='ltr'><strong>anniversariis</strong></span> <span class='ocrx_word' id='word_1_304' title='bbox 523 1983 715 2048; x_wconf 83' lang='lat' dir='ltr'><strong>sivestatariis,</strong></span> <span class='ocrx_word' id='word_1_305' title='bbox 725 1985 771 2054; x_wconf 90' lang='lat' dir='ltr'><strong>qui</strong></span> <span class='ocrx_word' id='word_1_306' title='bbox 785 1985 837 2039; x_wconf 91' lang='lat' dir='ltr'><strong>sub</strong></span> <span class='ocrx_word' id='word_1_307' title='bbox 847 1986 909 2038; x_wconf 88' lang='lat' dir='ltr'><strong>anni</strong></span> <span class='ocrx_word' id='word_1_308' title='bbox 919 1994 1007 2039; x_wconf 86' lang='lat' dir='ltr'><strong>certus</strong></span> <span class='ocrx_word' id='word_1_309' title='bbox 1044 1983 1134 2039; x_wconf 80' lang='lat' dir='ltr'><strong>fluxus</strong></span> <span class='ocrx_word' id='word_1_310' title='bbox 1148 1992 1176 2038; x_wconf 91' lang='lat' dir='ltr'><strong>et</strong></span> <span class='ocrx_word' id='word_1_311' title='bbox 1190 1993 1335 2054; x_wconf 87' lang='lat' dir='ltr'><strong>augmenta</strong></span> <span class='ocrx_word' id='word_1_312' title='bbox 1348 2000 1487 2054; x_wconf 86' lang='lat' dir='ltr'><strong>aquarum,</strong></span> <span class='ocrx_word' id='word_1_313' title='bbox 1506 2001 1568 2037; x_wconf 90' lang='lat' dir='ltr'><strong>cum</strong></span> <span class='ocrx_word' id='word_1_314' title='bbox 1582 1984 1651 2038; x_wconf 85' lang='lat' dir='ltr'><strong>alibi</strong></span> <span class='ocrx_word' id='word_1_315' title='bbox 1667 1984 1721 2039; x_wconf 86' lang='lat' dir='ltr'><strong>sint</strong></span> <span class='ocrx_word' id='word_1_316' title='bbox 1740 1985 1774 2038; x_wconf 86' lang='lat' dir='ltr'><strong>ad</strong></span> <span class='ocrx_word' id='word_1_317' title='bbox 1791 2003 1835 2039; x_wconf 86' lang='lat' dir='ltr'><strong>ess</strong></span> 
     </span>
     <span class='ocr_line' id='line_1_22' title="bbox 215 2061 1835 2133; baseline 0.004 -20"><span class='ocrx_word' id='word_1_318' title='bbox 215 2068 390 2130; x_wconf 85' lang='lat' dir='ltr'><strong>tempestates</strong></span> <span class='ocrx_word' id='word_1_319' title='bbox 404 2061 522 2125; x_wconf 85' lang='lat' dir='ltr'><strong>redeunt,</strong></span> <span class='ocrx_word' id='word_1_320' title='bbox 531 2078 616 2133; x_wconf 88' lang='lat' dir='ltr'><strong>aquas</strong></span> <span class='ocrx_word' id='word_1_321' title='bbox 626 2080 662 2117; x_wconf 84' lang='lat' dir='ltr'><strong>ex</strong></span> <span class='ocrx_word' id='word_1_322' title='bbox 674 2063 720 2117; x_wconf 88' lang='lat' dir='ltr'><strong>his</strong></span> <span class='ocrx_word' id='word_1_323' title='bbox 729 2072 757 2117; x_wconf 91' lang='lat' dir='ltr'><strong>et</strong></span> <span class='ocrx_word' id='word_1_324' title='bbox 770 2063 905 2119; x_wconf 89' lang='lat' dir='ltr'><strong>similibus</strong></span> <span class='ocrx_word' id='word_1_325' title='bbox 916 2064 1006 2119; x_wconf 85' lang='lat' dir='ltr'><strong>causis</strong></span> <span class='ocrx_word' id='word_1_326' title='bbox 1044 2061 1126 2116; x_wconf 87' lang='lat' dir='ltr'><strong>horas</strong></span> <span class='ocrx_word' id='word_1_327' title='bbox 1149 2063 1269 2117; x_wconf 85' lang='lat' dir='ltr'><strong>refluxus</strong></span> <span class='ocrx_word' id='word_1_328' title='bbox 1292 2072 1320 2117; x_wconf 93' lang='lat' dir='ltr'><strong>et</strong></span> <span class='ocrx_word' id='word_1_329' title='bbox 1346 2063 1526 2116; x_wconf 84' lang='lat' dir='ltr'><strong>decrementa.</strong></span> <span class='ocrx_word' id='word_1_330' title='bbox 1568 2062 1731 2119; x_wconf 84' lang='lat' dir='ltr'><strong>Debuerant</strong></span> <span class='ocrx_word' id='word_1_331' title='bbox 1748 2073 1835 2120; x_wconf 86' lang='lat' dir='ltr'><strong>autem</strong></span> 
     </span>
     <span class='ocr_line' id='line_1_23' title="bbox 214 2140 1833 2213; baseline 0.003 -22"><span class='ocrx_word' id='word_1_332' title='bbox 214 2140 334 2208; x_wconf 88' lang='lat' dir='ltr'><strong>impetus</strong></span> <span class='ocrx_word' id='word_1_333' title='bbox 355 2150 383 2193; x_wconf 90' lang='lat' dir='ltr'><strong>et</strong></span> <span class='ocrx_word' id='word_1_334' title='bbox 405 2141 525 2211; x_wconf 80' lang='lat' dir='ltr'><strong>gurgites</strong></span> <span class='ocrx_word' id='word_1_335' title='bbox 545 2158 608 2196; x_wconf 86' lang='lat' dir='ltr'><strong>snos</strong></span> <span class='ocrx_word' id='word_1_336' title='bbox 623 2143 802 2206; x_wconf 67' lang='lat' dir='ltr'><strong>variaremus</strong></span> <span class='ocrx_word' id='word_1_337' title='bbox 817 2143 1007 2198; x_wconf 86' lang='lat' dir='ltr'><strong>consecutione</strong></span> <span class='ocrx_word' id='word_1_338' title='bbox 1044 2157 1131 2210; x_wconf 77' lang='lat' dir='ltr'><strong>aquae,</strong></span> <span class='ocrx_word' id='word_1_339' title='bbox 1146 2142 1170 2196; x_wconf 93' lang='lat' dir='ltr'><strong>si</strong></span> <span class='ocrx_word' id='word_1_340' title='bbox 1184 2141 1239 2196; x_wconf 79' lang='lat' dir='ltr'><strong>illoe</strong></span> <span class='ocrx_word' id='word_1_341' title='bbox 1251 2159 1307 2196; x_wconf 89' lang='lat' dir='ltr'><strong>non</strong></span> <span class='ocrx_word' id='word_1_342' title='bbox 1326 2143 1552 2213; x_wconf 87' lang='lat' dir='ltr'><strong>progrederentur</strong></span> <span class='ocrx_word' id='word_1_343' title='bbox 1565 2142 1600 2195; x_wconf 91' lang='lat' dir='ltr'><strong>de</strong></span> <span class='ocrx_word' id='word_1_344' title='bbox 1617 2142 1681 2196; x_wconf 89' lang='lat' dir='ltr'><strong>loco</strong></span> <span class='ocrx_word' id='word_1_345' title='bbox 1694 2144 1724 2197; x_wconf 88' lang='lat' dir='ltr'><strong>in</strong></span> <span class='ocrx_word' id='word_1_346' title='bbox 1741 2144 1833 2207; x_wconf 84' lang='lat' dir='ltr'><strong>locum,</strong></span> 
     </span>
     <span class='ocr_line' id='line_1_24' title="bbox 216 2218 1833 2292; baseline 0.004 -21"><span class='ocrx_word' id='word_1_347' title='bbox 216 2218 304 2287; x_wconf 90' lang='lat' dir='ltr'><strong>ipsius</strong></span> <span class='ocrx_word' id='word_1_348' title='bbox 331 2227 419 2273; x_wconf 86' lang='lat' dir='ltr'><strong>motus</strong></span> <span class='ocrx_word' id='word_1_349' title='bbox 446 2227 526 2290; x_wconf 87' lang='lat' dir='ltr'><strong>atque</strong></span> <span class='ocrx_word' id='word_1_350' title='bbox 547 2220 654 2284; x_wconf 87' lang='lat' dir='ltr'><strong>latione,</strong></span> <span class='ocrx_word' id='word_1_351' title='bbox 678 2238 760 2292; x_wconf 87' lang='lat' dir='ltr'><strong>quam</strong></span> <span class='ocrx_word' id='word_1_352' title='bbox 781 2221 921 2277; x_wconf 81' lang='lat' dir='ltr'><strong>velocitate</strong></span> <span class='ocrx_word' id='word_1_353' title='bbox 948 2223 1006 2278; x_wconf 86' lang='lat' dir='ltr'><strong>sive</strong></span> <span class='ocrx_word' id='word_1_354' title='bbox 1044 2220 1140 2274; x_wconf 89' lang='lat' dir='ltr'><strong>sedex</strong></span> <span class='ocrx_word' id='word_1_355' title='bbox 1153 2221 1286 2290; x_wconf 79' lang='lat' dir='ltr'><strong>profundo</strong></span> <span class='ocrx_word' id='word_1_356' title='bbox 1296 2221 1446 2284; x_wconf 85' lang='lat' dir='ltr'><strong>ebullirent,</strong></span> <span class='ocrx_word' id='word_1_357' title='bbox 1456 2221 1550 2292; x_wconf 91' lang='lat' dir='ltr'><strong>ibique</strong></span> <span class='ocrx_word' id='word_1_358' title='bbox 1564 2222 1648 2276; x_wconf 75' lang='lat' dir='ltr'><strong>mmul</strong></span> <span class='ocrx_word' id='word_1_359' title='bbox 1662 2239 1693 2277; x_wconf 89' lang='lat' dir='ltr'><strong>se</strong></span> <span class='ocrx_word' id='word_1_360' title='bbox 1708 2223 1833 2288; x_wconf 83' lang='lat' dir='ltr'><strong>attollere,</strong></span> 
     </span>
     <span class='ocr_line' id='line_1_25' title="bbox 215 2299 1833 2372; baseline 0.004 -22"><span class='ocrx_word' id='word_1_361' title='bbox 215 2313 341 2351; x_wconf 88' lang='lat' dir='ltr'><strong>mensura</strong></span> <span class='ocrx_word' id='word_1_362' title='bbox 355 2307 451 2363; x_wconf 89' lang='lat' dir='ltr'><strong>motus,</strong></span> <span class='ocrx_word' id='word_1_363' title='bbox 466 2307 546 2371; x_wconf 88' lang='lat' dir='ltr'><strong>atque</strong></span> <span class='ocrx_word' id='word_1_364' title='bbox 565 2300 627 2354; x_wconf 92' lang='lat' dir='ltr'><strong>inde</strong></span> <span class='ocrx_word' id='word_1_365' title='bbox 640 2301 803 2356; x_wconf 87' lang='lat' dir='ltr'><strong>constituere</strong></span> <span class='ocrx_word' id='word_1_366' title='bbox 820 2318 868 2356; x_wconf 89' lang='lat' dir='ltr'><strong>eos</strong></span> <span class='ocrx_word' id='word_1_367' title='bbox 881 2318 949 2372; x_wconf 90' lang='lat' dir='ltr'><strong>quos</strong></span> <span class='ocrx_word' id='word_1_368' title='bbox 961 2320 1006 2355; x_wconf 84' lang='lat' dir='ltr'><strong>ro</strong></span> <span class='ocrx_word' id='word_1_369' title='bbox 1044 2307 1124 2371; x_wconf 88' lang='lat' dir='ltr'><strong>atque</strong></span> <span class='ocrx_word' id='word_1_370' title='bbox 1150 2316 1243 2355; x_wconf 87' lang='lat' dir='ltr'><strong>rursus</strong></span> <span class='ocrx_word' id='word_1_371' title='bbox 1269 2299 1351 2355; x_wconf 91' lang='lat' dir='ltr'><strong>simul</strong></span> <span class='ocrx_word' id='word_1_372' title='bbox 1376 2318 1405 2355; x_wconf 91' lang='lat' dir='ltr'><strong>se</strong></span> <span class='ocrx_word' id='word_1_373' title='bbox 1431 2301 1563 2370; x_wconf 88' lang='lat' dir='ltr'><strong>recipere.</strong></span> <span class='ocrx_word' id='word_1_374' title='bbox 1606 2301 1740 2357; x_wconf 87' lang='lat' dir='ltr'><strong>Videmus</strong></span> <span class='ocrx_word' id='word_1_375' title='bbox 1764 2304 1833 2357; x_wconf 83' lang='lat' dir='ltr'><strong>enirn</strong></span> 
     </span>
     <span class='ocr_line' id='line_1_26' title="bbox 214 2378 1833 2453; baseline 0.006 -25"><span class='ocrx_word' id='word_1_376' title='bbox 214 2384 277 2428; x_wconf 86' lang='lat' dir='ltr'><strong>caut</strong></span> <span class='ocrx_word' id='word_1_377' title='bbox 291 2386 435 2432; x_wconf 82' lang='lat' dir='ltr'><strong>currentes</strong></span> <span class='ocrx_word' id='word_1_378' title='bbox 478 2378 574 2449; x_wconf 87' lang='lat' dir='ltr'><strong>ltaque</strong></span> <span class='ocrx_word' id='word_1_379' title='bbox 587 2380 616 2433; x_wconf 90' lang='lat' dir='ltr'><strong>in</strong></span> <span class='ocrx_word' id='word_1_380' title='bbox 629 2379 749 2435; x_wconf 88' lang='lat' dir='ltr'><strong>maribus</strong></span> <span class='ocrx_word' id='word_1_381' title='bbox 762 2387 820 2435; x_wconf 89' lang='lat' dir='ltr'><strong>tum</strong></span> <span class='ocrx_word' id='word_1_382' title='bbox 833 2381 1005 2453; x_wconf 80' lang='lat' dir='ltr'><strong>profunditas</strong></span> <span class='ocrx_word' id='word_1_383' title='bbox 1044 2379 1110 2433; x_wconf 92' lang='lat' dir='ltr'><strong>duos</strong></span> <span class='ocrx_word' id='word_1_384' title='bbox 1120 2378 1182 2433; x_wconf 90' lang='lat' dir='ltr'><strong>illos</strong></span> <span class='ocrx_word' id='word_1_385' title='bbox 1196 2378 1265 2433; x_wconf 87' lang='lat' dir='ltr'><strong>alios</strong></span> <span class='ocrx_word' id='word_1_386' title='bbox 1279 2388 1368 2435; x_wconf 89' lang='lat' dir='ltr'><strong>motus</strong></span> <span class='ocrx_word' id='word_1_387' title='bbox 1385 2389 1544 2435; x_wconf 87' lang='lat' dir='ltr'><strong>semestrem</strong></span> <span class='ocrx_word' id='word_1_388' title='bbox 1558 2388 1588 2434; x_wconf 90' lang='lat' dir='ltr'><strong>et</strong></span> <span class='ocrx_word' id='word_1_389' title='bbox 1601 2383 1833 2437; x_wconf 83' lang='lat' dir='ltr'><strong>semimenstruom</strong></span> 
     </span>
     <span class='ocr_line' id='line_1_27' title="bbox 215 2455 1833 2547; baseline 0.004 -39"><span class='ocrx_word' id='word_1_390' title='bbox 215 2455 295 2509; x_wconf 80' lang='lat' dir='ltr'><strong>sossae</strong></span> <span class='ocrx_word' id='word_1_391' title='bbox 314 2456 371 2510; x_wconf 81' lang='lat' dir='ltr'><strong>sive</strong></span> <span class='ocrx_word' id='word_1_392' title='bbox 393 2456 503 2521; x_wconf 83' lang='lat' dir='ltr'><strong>canalis,</strong></span> <span class='ocrx_word' id='word_1_393' title='bbox 522 2466 602 2529; x_wconf 88' lang='lat' dir='ltr'><strong>atque</strong></span> <span class='ocrx_word' id='word_1_394' title='bbox 626 2460 793 2530; x_wconf 78' lang='lat' dir='ltr'><strong>interposita</strong></span> <span class='ocrx_word' id='word_1_395' title='bbox 814 2461 958 2532; x_wconf 81' lang='lat' dir='ltr'><strong>voragines</strong></span> <span class='ocrx_word' id='word_1_396' title='bbox 979 2469 1006 2515; x_wconf 90' lang='lat' dir='ltr'><strong>et</strong></span> <span class='ocrx_word' id='word_1_397' title='bbox 1044 2458 1254 2528; x_wconf 86' lang='lat' dir='ltr'><strong>peruniversum</strong></span> <span class='ocrx_word' id='word_1_398' title='bbox 1268 2460 1359 2514; x_wconf 91' lang='lat' dir='ltr'><strong>orbem</strong></span> <span class='ocrx_word' id='word_1_399' title='bbox 1375 2466 1506 2547; x_wconf 50' lang='lat' dir='ltr'><strong>gnarum</strong></span> <span class='ocrx_word' id='word_1_400' title='bbox 1520 2460 1602 2515; x_wconf 84' lang='lat' dir='ltr'><strong>simul</strong></span> <span class='ocrx_word' id='word_1_401' title='bbox 1616 2461 1744 2531; x_wconf 82' lang='lat' dir='ltr'><strong>perfungi</strong></span> <span class='ocrx_word' id='word_1_402' title='bbox 1757 2470 1833 2531; x_wconf 82' lang='lat' dir='ltr'><strong>etque</strong></span> 
     </span>
     <span class='ocr_line' id='line_1_28' title="bbox 214 2536 1834 2610; baseline 0.003 -23"><span class='ocrx_word' id='word_1_403' title='bbox 214 2551 296 2605; x_wconf 85' lang='lat' dir='ltr'><strong>rupes</strong></span> <span class='ocrx_word' id='word_1_404' title='bbox 310 2536 480 2600; x_wconf 79' lang='lat' dir='ltr'><strong>enbmsrinae,</strong></span> <span class='ocrx_word' id='word_1_405' title='bbox 496 2546 554 2591; x_wconf 91' lang='lat' dir='ltr'><strong>tum</strong></span> <span class='ocrx_word' id='word_1_406' title='bbox 574 2539 719 2593; x_wconf 86' lang='lat' dir='ltr'><strong>curvitates</strong></span> <span class='ocrx_word' id='word_1_407' title='bbox 734 2537 866 2602; x_wconf 91' lang='lat' dir='ltr'><strong>littorum,</strong></span> <span class='ocrx_word' id='word_1_408' title='bbox 877 2548 906 2595; x_wconf 87' lang='lat' dir='ltr'><strong>et</strong></span> <span class='ocrx_word' id='word_1_409' title='bbox 919 2547 1005 2595; x_wconf 90' lang='lat' dir='ltr'><strong>terra·</strong></span> <span class='ocrx_word' id='word_1_410' title='bbox 1044 2538 1159 2606; x_wconf 86' lang='lat' dir='ltr'><strong>operari.</strong></span> <span class='ocrx_word' id='word_1_411' title='bbox 1200 2537 1304 2593; x_wconf 70' lang='lat' dir='ltr'><strong>illusus</strong></span> <span class='ocrx_word' id='word_1_412' title='bbox 1318 2539 1391 2592; x_wconf 89' lang='lat' dir='ltr'><strong>enim</strong></span> <span class='ocrx_word' id='word_1_413' title='bbox 1412 2539 1463 2593; x_wconf 89' lang='lat' dir='ltr'><strong>sub</strong></span> <span class='ocrx_word' id='word_1_414' title='bbox 1481 2540 1654 2610; x_wconf 75' lang='lat' dir='ltr'><strong>aequinoctiis</strong></span> <span class='ocrx_word' id='word_1_415' title='bbox 1675 2540 1772 2610; x_wconf 90' lang='lat' dir='ltr'><strong>ubique</strong></span> <span class='ocrx_word' id='word_1_416' title='bbox 1791 2558 1834 2593; x_wconf 85' lang='lat' dir='ltr'><strong>an·</strong></span> 
     </span>
     <span class='ocr_line' id='line_1_29' title="bbox 215 2614 1833 2688; baseline 0.004 -22"><span class='ocrx_word' id='word_1_417' title='bbox 215 2630 275 2667; x_wconf 89' lang='lat' dir='ltr'><strong>rum</strong></span> <span class='ocrx_word' id='word_1_418' title='bbox 286 2614 481 2683; x_wconf 73' lang='lat' dir='ltr'><strong>prominentia,</strong></span> <span class='ocrx_word' id='word_1_419' title='bbox 495 2616 577 2683; x_wconf 89' lang='lat' dir='ltr'><strong>siuus,</strong></span> <span class='ocrx_word' id='word_1_420' title='bbox 592 2618 690 2683; x_wconf 82' lang='lat' dir='ltr'><strong>lauces,</strong></span> <span class='ocrx_word' id='word_1_421' title='bbox 704 2618 802 2673; x_wconf 82' lang='lat' dir='ltr'><strong>inanlae</strong></span> <span class='ocrx_word' id='word_1_422' title='bbox 812 2617 903 2674; x_wconf 89' lang='lat' dir='ltr'><strong>multis</strong></span> <span class='ocrx_word' id='word_1_423' title='bbox 918 2618 1006 2673; x_wconf 90' lang='lat' dir='ltr'><strong>modis</strong></span> <span class='ocrx_word' id='word_1_424' title='bbox 1043 2625 1154 2687; x_wconf 74' lang='lat' dir='ltr'><strong>gentur3</strong></span> <span class='ocrx_word' id='word_1_425' title='bbox 1168 2634 1222 2671; x_wconf 88' lang='lat' dir='ltr'><strong>uon</strong></span> <span class='ocrx_word' id='word_1_426' title='bbox 1236 2617 1264 2671; x_wconf 91' lang='lat' dir='ltr'><strong>in</strong></span> <span class='ocrx_word' id='word_1_427' title='bbox 1279 2618 1341 2671; x_wconf 90' lang='lat' dir='ltr'><strong>aliis</strong></span> <span class='ocrx_word' id='word_1_428' title='bbox 1353 2618 1476 2688; x_wconf 83' lang='lat' dir='ltr'><strong>partibus</strong></span> <span class='ocrx_word' id='word_1_429' title='bbox 1486 2619 1538 2672; x_wconf 92' lang='lat' dir='ltr'><strong>sub</strong></span> <span class='ocrx_word' id='word_1_430' title='bbox 1547 2620 1728 2688; x_wconf 70' lang='lat' dir='ltr'><strong>aequinoctiis,</strong></span> <span class='ocrx_word' id='word_1_431' title='bbox 1737 2621 1762 2672; x_wconf 91' lang='lat' dir='ltr'><strong>in</strong></span> <span class='ocrx_word' id='word_1_432' title='bbox 1774 2618 1833 2673; x_wconf 85' lang='lat' dir='ltr'><strong>aliis</strong></span> 
     </span>
     <span class='ocr_line' id='line_1_30' title="bbox 215 2692 1834 2770; baseline 0.006 -26"><span class='ocrx_word' id='word_1_433' title='bbox 215 2692 318 2758; x_wconf 76' lang='lat' dir='ltr'><strong>locata,</strong></span> <span class='ocrx_word' id='word_1_434' title='bbox 328 2703 355 2748; x_wconf 92' lang='lat' dir='ltr'><strong>et</strong></span> <span class='ocrx_word' id='word_1_435' title='bbox 365 2693 472 2760; x_wconf 88' lang='lat' dir='ltr'><strong>similia,</strong></span> <span class='ocrx_word' id='word_1_436' title='bbox 484 2695 602 2766; x_wconf 86' lang='lat' dir='ltr'><strong>plurima</strong></span> <span class='ocrx_word' id='word_1_437' title='bbox 614 2705 732 2767; x_wconf 86' lang='lat' dir='ltr'><strong>possunt,</strong></span> <span class='ocrx_word' id='word_1_438' title='bbox 744 2706 826 2769; x_wconf 88' lang='lat' dir='ltr'><strong>atque</strong></span> <span class='ocrx_word' id='word_1_439' title='bbox 834 2706 918 2770; x_wconf 83' lang='lat' dir='ltr'><strong>agunt</strong></span> <span class='ocrx_word' id='word_1_440' title='bbox 930 2715 1006 2769; x_wconf 90' lang='lat' dir='ltr'><strong>pror·</strong></span> <span class='ocrx_word' id='word_1_441' title='bbox 1043 2695 1094 2750; x_wconf 89' lang='lat' dir='ltr'><strong>sub</strong></span> <span class='ocrx_word' id='word_1_442' title='bbox 1118 2698 1245 2766; x_wconf 88' lang='lat' dir='ltr'><strong>tropicis;</strong></span> <span class='ocrx_word' id='word_1_443' title='bbox 1267 2704 1348 2768; x_wconf 90' lang='lat' dir='ltr'><strong>atque</strong></span> <span class='ocrx_word' id='word_1_444' title='bbox 1371 2696 1470 2751; x_wconf 89' lang='lat' dir='ltr'><strong>similis</strong></span> <span class='ocrx_word' id='word_1_445' title='bbox 1492 2706 1535 2750; x_wconf 89' lang='lat' dir='ltr'><strong>est</strong></span> <span class='ocrx_word' id='word_1_446' title='bbox 1558 2700 1628 2751; x_wconf 90' lang='lat' dir='ltr'><strong>ratio</strong></span> <span class='ocrx_word' id='word_1_447' title='bbox 1649 2709 1740 2752; x_wconf 86' lang='lat' dir='ltr'><strong>motus</strong></span> <span class='ocrx_word' id='word_1_448' title='bbox 1758 2699 1834 2753; x_wconf 82' lang='lat' dir='ltr'><strong>semi·</strong></span> 
     </span>
    </p>
   </div>
   <div class='ocr_carea' id='block_1_3' title="bbox 125 2775 1832 2849">
    <p class='ocr_par' dir='ltr' id='par_1_3' title="bbox 125 2775 1832 2849">
     <span class='ocr_line' id='line_1_31' title="bbox 125 2775 1832 2849; baseline 0.004 -24"><span class='ocrx_word' id='word_1_449' title='bbox 125 2822 126 2825; x_wconf 74' lang='grc'>,</span> <span class='ocrx_word' id='word_1_450' title='bbox 215 2789 262 2826; x_wconf 92' lang='lat' dir='ltr'><strong>sus</strong></span> <span class='ocrx_word' id='word_1_451' title='bbox 277 2790 368 2844; x_wconf 88' lang='lat' dir='ltr'><strong>aquas,</strong></span> <span class='ocrx_word' id='word_1_452' title='bbox 383 2791 527 2844; x_wconf 88' lang='lat' dir='ltr'><strong>earumque</strong></span> <span class='ocrx_word' id='word_1_453' title='bbox 547 2785 652 2831; x_wconf 88' lang='lat' dir='ltr'><strong>meatus</strong></span> <span class='ocrx_word' id='word_1_454' title='bbox 672 2785 701 2831; x_wconf 91' lang='lat' dir='ltr'><strong>et</strong></span> <span class='ocrx_word' id='word_1_455' title='bbox 720 2777 841 2849; x_wconf 87' lang='lat' dir='ltr'><strong>gurgites</strong></span> <span class='ocrx_word' id='word_1_456' title='bbox 863 2778 892 2831; x_wconf 91' lang='lat' dir='ltr'><strong>in</strong></span> <span class='ocrx_word' id='word_1_457' title='bbox 912 2794 1006 2832; x_wconf 89' lang='lat' dir='ltr'><strong>omues</strong></span> <span class='ocrx_word' id='word_1_458' title='bbox 1043 2776 1183 2831; x_wconf 89' lang='lat' dir='ltr'><strong>menstrui.</strong></span> <span class='ocrx_word' id='word_1_459' title='bbox 1227 2775 1334 2847; x_wconf 88' lang='lat' dir='ltr'><strong>Ubique</strong></span> <span class='ocrx_word' id='word_1_460' title='bbox 1344 2777 1418 2830; x_wconf 90' lang='lat' dir='ltr'><strong>enim</strong></span> <span class='ocrx_word' id='word_1_461' title='bbox 1433 2785 1564 2830; x_wconf 86' lang='lat' dir='ltr'><strong>terrarum</strong></span> <span class='ocrx_word' id='word_1_462' title='bbox 1578 2777 1750 2831; x_wconf 79' lang='lat' dir='ltr'><strong>invalescunt</strong></span> <span class='ocrx_word' id='word_1_463' title='bbox 1758 2795 1832 2848; x_wconf 79' lang='lat' dir='ltr'><strong>aqua</strong></span> 
     </span>
    </p>
   </div>
   <div class='ocr_carea' id='block_1_4' title="bbox 211 2854 1836 5540">
    <p class='ocr_par' dir='ltr' id='par_1_4' title="bbox 211 2854 1836 5540">
     <span class='ocr_line' id='line_1_32' title="bbox 214 2854 1830 2925; baseline 0.002 -20"><span class='ocrx_word' id='word_1_464' title='bbox 214 2860 312 2922; x_wconf 84' lang='lat' dir='ltr'><strong>partes,</strong></span> <span class='ocrx_word' id='word_1_465' title='bbox 334 2862 362 2908; x_wconf 93' lang='lat' dir='ltr'><strong>et</strong></span> <span class='ocrx_word' id='word_1_466' title='bbox 384 2870 477 2908; x_wconf 84' lang='lat' dir='ltr'><strong>versus</strong></span> <span class='ocrx_word' id='word_1_467' title='bbox 501 2855 638 2921; x_wconf 85' lang='lat' dir='ltr'><strong>orientem,</strong></span> <span class='ocrx_word' id='word_1_468' title='bbox 661 2866 688 2911; x_wconf 91' lang='lat' dir='ltr'><strong>et</strong></span> <span class='ocrx_word' id='word_1_469' title='bbox 711 2874 805 2912; x_wconf 85' lang='lat' dir='ltr'><strong>versus</strong></span> <span class='ocrx_word' id='word_1_470' title='bbox 828 2857 1004 2922; x_wconf 87' lang='lat' dir='ltr'><strong>occidentem,</strong></span> <span class='ocrx_word' id='word_1_471' title='bbox 1044 2854 1072 2910; x_wconf 89' lang='lat' dir='ltr'><strong>in</strong></span> <span class='ocrx_word' id='word_1_472' title='bbox 1099 2854 1245 2909; x_wconf 83' lang='lat' dir='ltr'><strong>noviluniis</strong></span> <span class='ocrx_word' id='word_1_473' title='bbox 1272 2864 1300 2909; x_wconf 88' lang='lat' dir='ltr'><strong>et</strong></span> <span class='ocrx_word' id='word_1_474' title='bbox 1326 2855 1492 2925; x_wconf 88' lang='lat' dir='ltr'><strong>pleniluniis,</strong></span> <span class='ocrx_word' id='word_1_475' title='bbox 1520 2856 1619 2911; x_wconf 89' lang='lat' dir='ltr'><strong>nullibi</strong></span> <span class='ocrx_word' id='word_1_476' title='bbox 1648 2857 1677 2910; x_wconf 89' lang='lat' dir='ltr'><strong>in</strong></span> <span class='ocrx_word' id='word_1_477' title='bbox 1707 2857 1830 2913; x_wconf 72' lang='lat' dir='ltr'><strong>dimidiis</strong></span> 
     </span>
     <span class='ocr_line' id='line_1_33' title="bbox 214 2934 1831 3009; baseline 0.002 -24"><span class='ocrx_word' id='word_1_478' title='bbox 214 2941 334 2987; x_wconf 87' lang='lat' dir='ltr'><strong>austrum</strong></span> <span class='ocrx_word' id='word_1_479' title='bbox 345 2951 438 2988; x_wconf 77' lang='lat' dir='ltr'><strong>versus</strong></span> <span class='ocrx_word' id='word_1_480' title='bbox 451 2934 577 2989; x_wconf 85' lang='lat' dir='ltr'><strong>similiter</strong></span> <span class='ocrx_word' id='word_1_481' title='bbox 590 2946 617 2991; x_wconf 91' lang='lat' dir='ltr'><strong>et</strong></span> <span class='ocrx_word' id='word_1_482' title='bbox 631 2937 834 3007; x_wconf 85' lang='lat' dir='ltr'><strong>septentriones,</strong></span> <span class='ocrx_word' id='word_1_483' title='bbox 848 2944 930 3008; x_wconf 88' lang='lat' dir='ltr'><strong>atque</strong></span> <span class='ocrx_word' id='word_1_484' title='bbox 941 2954 1005 3009; x_wconf 87' lang='lat' dir='ltr'><strong>qua·</strong></span> <span class='ocrx_word' id='word_1_485' title='bbox 1045 2934 1141 3006; x_wconf 90' lang='lat' dir='ltr'><strong>ltaque</strong></span> <span class='ocrx_word' id='word_1_486' title='bbox 1155 2935 1278 2990; x_wconf 83' lang='lat' dir='ltr'><strong>videntur</strong></span> <span class='ocrx_word' id='word_1_487' title='bbox 1290 2953 1383 2990; x_wconf 82' lang='lat' dir='ltr'><strong>resera</strong></span> <span class='ocrx_word' id='word_1_488' title='bbox 1396 2953 1475 3007; x_wconf 82' lang='lat' dir='ltr'><strong>squre</strong></span> <span class='ocrx_word' id='word_1_489' title='bbox 1489 2935 1516 2989; x_wconf 90' lang='lat' dir='ltr'><strong>in</strong></span> <span class='ocrx_word' id='word_1_490' title='bbox 1531 2935 1637 2991; x_wconf 89' lang='lat' dir='ltr'><strong>duobus</strong></span> <span class='ocrx_word' id='word_1_491' title='bbox 1652 2935 1708 2991; x_wconf 89' lang='lat' dir='ltr'><strong>illis</strong></span> <span class='ocrx_word' id='word_1_492' title='bbox 1719 2938 1831 2991; x_wconf 85' lang='lat' dir='ltr'><strong>motibus</strong></span> 
     </span>
     <span class='ocr_line' id='line_1_34' title="bbox 211 3013 1833 3088; baseline 0.002 -22"><span class='ocrx_word' id='word_1_493' title='bbox 211 3028 382 3082; x_wconf 83' lang='lat' dir='ltr'><strong>quarereum,</strong></span> <span class='ocrx_word' id='word_1_494' title='bbox 410 3021 489 3084; x_wconf 91' lang='lat' dir='ltr'><strong>prout</strong></span> <span class='ocrx_word' id='word_1_495' title='bbox 513 3015 604 3070; x_wconf 85' lang='lat' dir='ltr'><strong>obices</strong></span> <span class='ocrx_word' id='word_1_496' title='bbox 630 3016 671 3070; x_wconf 91' lang='lat' dir='ltr'><strong>illi</strong></span> <span class='ocrx_word' id='word_1_497' title='bbox 693 3024 739 3071; x_wconf 87' lang='lat' dir='ltr'><strong>aut</strong></span> <span class='ocrx_word' id='word_1_498' title='bbox 764 3017 852 3087; x_wconf 86' lang='lat' dir='ltr'><strong>spatia</strong></span> <span class='ocrx_word' id='word_1_499' title='bbox 871 3015 958 3070; x_wconf 90' lang='lat' dir='ltr'><strong>libera</strong></span> <span class='ocrx_word' id='word_1_500' title='bbox 979 3024 1006 3071; x_wconf 93' lang='lat' dir='ltr'><strong>et</strong></span> <span class='ocrx_word' id='word_1_501' title='bbox 1044 3013 1124 3084; x_wconf 89' lang='lat' dir='ltr'><strong>plane</strong></span> <span class='ocrx_word' id='word_1_502' title='bbox 1138 3014 1226 3068; x_wconf 85' lang='lat' dir='ltr'><strong>attolli</strong></span> <span class='ocrx_word' id='word_1_503' title='bbox 1246 3025 1273 3069; x_wconf 91' lang='lat' dir='ltr'><strong>et</strong></span> <span class='ocrx_word' id='word_1_504' title='bbox 1292 3015 1406 3079; x_wconf 88' lang='lat' dir='ltr'><strong>demitti,</strong></span> <span class='ocrx_word' id='word_1_505' title='bbox 1421 3023 1448 3069; x_wconf 90' lang='lat' dir='ltr'><strong>et</strong></span> <span class='ocrx_word' id='word_1_506' title='bbox 1462 3014 1547 3069; x_wconf 83' lang='lat' dir='ltr'><strong>veluti</strong></span> <span class='ocrx_word' id='word_1_507' title='bbox 1570 3017 1628 3084; x_wconf 89' lang='lat' dir='ltr'><strong>pati</strong></span> <span class='ocrx_word' id='word_1_508' title='bbox 1649 3033 1789 3088; x_wconf 76' lang='lat' dir='ltr'><strong>apogaecmr</strong></span> <span class='ocrx_word' id='word_1_509' title='bbox 1807 3023 1833 3069; x_wconf 91' lang='lat' dir='ltr'><strong>et</strong></span> 
     </span>
     <span class='ocr_line' id='line_1_35' title="bbox 213 3089 1833 3166; baseline 0.002 -22"><span class='ocrx_word' id='word_1_510' title='bbox 213 3089 328 3144; x_wconf 82' lang='lat' dir='ltr'><strong>declivia</strong></span> <span class='ocrx_word' id='word_1_511' title='bbox 341 3093 394 3146; x_wconf 88' lang='lat' dir='ltr'><strong>sita</strong></span> <span class='ocrx_word' id='word_1_512' title='bbox 408 3094 462 3147; x_wconf 91' lang='lat' dir='ltr'><strong>sint</strong></span> <span class='ocrx_word' id='word_1_513' title='bbox 479 3100 507 3146; x_wconf 89' lang='lat' dir='ltr'><strong>et</strong></span> <span class='ocrx_word' id='word_1_514' title='bbox 520 3095 636 3149; x_wconf 80' lang='lat' dir='ltr'><strong>invicem</strong></span> <span class='ocrx_word' id='word_1_515' title='bbox 654 3097 862 3166; x_wconf 81' lang='lat' dir='ltr'><strong>configerentur.</strong></span> <span class='ocrx_word' id='word_1_516' title='bbox 903 3094 1002 3166; x_wconf 89' lang='lat' dir='ltr'><strong>Segre-</strong></span> <span class='ocrx_word' id='word_1_517' title='bbox 1043 3093 1201 3163; x_wconf 82' lang='lat' dir='ltr'><strong>perigaeum,</strong></span> <span class='ocrx_word' id='word_1_518' title='bbox 1216 3094 1441 3165; x_wconf 84' lang='lat' dir='ltr'><strong>quemadmodum</strong></span> <span class='ocrx_word' id='word_1_519' title='bbox 1455 3094 1586 3150; x_wconf 86' lang='lat' dir='ltr'><strong>coelestia.</strong></span> <span class='ocrx_word' id='word_1_520' title='bbox 1616 3095 1706 3166; x_wconf 82' lang='lat' dir='ltr'><strong>Atque</strong></span> <span class='ocrx_word' id='word_1_521' title='bbox 1719 3096 1833 3150; x_wconf 82' lang='lat' dir='ltr'><strong>influxu</strong></span> 
     </span>
     <span class='ocr_line' id='line_1_36' title="bbox 213 3171 1833 3246; baseline 0.003 -23"><span class='ocrx_word' id='word_1_522' title='bbox 213 3179 292 3241; x_wconf 86' lang='lat' dir='ltr'><strong>getur</strong></span> <span class='ocrx_word' id='word_1_523' title='bbox 306 3171 389 3242; x_wconf 86' lang='lat' dir='ltr'><strong>igitur</strong></span> <span class='ocrx_word' id='word_1_524' title='bbox 397 3180 486 3226; x_wconf 88' lang='lat' dir='ltr'><strong>motus</strong></span> <span class='ocrx_word' id='word_1_525' title='bbox 494 3174 546 3227; x_wconf 90' lang='lat' dir='ltr'><strong>iste</strong></span> <span class='ocrx_word' id='word_1_526' title='bbox 554 3191 685 3245; x_wconf 87' lang='lat' dir='ltr'><strong>aquarum</strong></span> <span class='ocrx_word' id='word_1_527' title='bbox 699 3175 877 3245; x_wconf 84' lang='lat' dir='ltr'><strong>particularis,</strong></span> <span class='ocrx_word' id='word_1_528' title='bbox 886 3184 914 3229; x_wconf 88' lang='lat' dir='ltr'><strong>et</strong></span> <span class='ocrx_word' id='word_1_529' title='bbox 927 3176 1006 3246; x_wconf 86' lang='lat' dir='ltr'><strong>quasi</strong></span> <span class='ocrx_word' id='word_1_530' title='bbox 1043 3180 1070 3226; x_wconf 90' lang='lat' dir='ltr'><strong>et</strong></span> <span class='ocrx_word' id='word_1_531' title='bbox 1083 3173 1189 3228; x_wconf 87' lang='lat' dir='ltr'><strong>refluxu</strong></span> <span class='ocrx_word' id='word_1_532' title='bbox 1202 3174 1294 3238; x_wconf 89' lang='lat' dir='ltr'><strong>maris,</strong></span> <span class='ocrx_word' id='word_1_533' title='bbox 1309 3174 1343 3229; x_wconf 86' lang='lat' dir='ltr'><strong>de</strong></span> <span class='ocrx_word' id='word_1_534' title='bbox 1357 3191 1411 3244; x_wconf 92' lang='lat' dir='ltr'><strong>quo</strong></span> <span class='ocrx_word' id='word_1_535' title='bbox 1423 3191 1513 3229; x_wconf 89' lang='lat' dir='ltr'><strong>sermo</strong></span> <span class='ocrx_word' id='word_1_536' title='bbox 1526 3183 1577 3238; x_wconf 90' lang='lat' dir='ltr'><strong>est,</strong></span> <span class='ocrx_word' id='word_1_537' title='bbox 1590 3183 1689 3228; x_wconf 88' lang='lat' dir='ltr'><strong>contra</strong></span> <span class='ocrx_word' id='word_1_538' title='bbox 1702 3176 1746 3229; x_wconf 86' lang='lat' dir='ltr'><strong>fit:</strong></span> <span class='ocrx_word' id='word_1_539' title='bbox 1765 3173 1833 3246; x_wconf 86' lang='lat' dir='ltr'><strong>quod</strong></span> 
     </span>
     <span class='ocr_line' id='line_1_37' title="bbox 213 3249 1833 3325; baseline 0.004 -24"><span class='ocrx_word' id='word_1_540' title='bbox 213 3249 348 3314; x_wconf 81' lang='lat' dir='ltr'><strong>fortuitus,</strong></span> <span class='ocrx_word' id='word_1_541' title='bbox 363 3268 399 3306; x_wconf 88' lang='lat' dir='ltr'><strong>ne</strong></span> <span class='ocrx_word' id='word_1_542' title='bbox 420 3252 487 3306; x_wconf 84' lang='lat' dir='ltr'><strong>sorte</strong></span> <span class='ocrx_word' id='word_1_543' title='bbox 506 3252 554 3307; x_wconf 89' lang='lat' dir='ltr'><strong>illc</strong></span> <span class='ocrx_word' id='word_1_544' title='bbox 568 3254 596 3307; x_wconf 91' lang='lat' dir='ltr'><strong>in</strong></span> <span class='ocrx_word' id='word_1_545' title='bbox 616 3253 798 3325; x_wconf 84' lang='lat' dir='ltr'><strong>inquisitione,</strong></span> <span class='ocrx_word' id='word_1_546' title='bbox 814 3271 895 3325; x_wconf 90' lang='lat' dir='ltr'><strong>quam</strong></span> <span class='ocrx_word' id='word_1_547' title='bbox 915 3270 1005 3325; x_wconf 89' lang='lat' dir='ltr'><strong>prose·</strong></span> <span class='ocrx_word' id='word_1_548' title='bbox 1044 3260 1133 3307; x_wconf 89' lang='lat' dir='ltr'><strong>motus</strong></span> <span class='ocrx_word' id='word_1_549' title='bbox 1146 3252 1175 3305; x_wconf 90' lang='lat' dir='ltr'><strong>iu</strong></span> <span class='ocrx_word' id='word_1_550' title='bbox 1197 3269 1343 3324; x_wconf 88' lang='lat' dir='ltr'><strong>progressu</strong></span> <span class='ocrx_word' id='word_1_551' title='bbox 1357 3253 1537 3308; x_wconf 76' lang='lat' dir='ltr'><strong>certIssimum</strong></span> <span class='ocrx_word' id='word_1_552' title='bbox 1551 3254 1662 3325; x_wconf 84' lang='lat' dir='ltr'><strong>signnm</strong></span> <span class='ocrx_word' id='word_1_553' title='bbox 1678 3262 1727 3308; x_wconf 84' lang='lat' dir='ltr'><strong>est</strong></span> <span class='ocrx_word' id='word_1_554' title='bbox 1766 3253 1833 3308; x_wconf 59' lang='lat' dir='ltr'><strong>Pr»</strong></span> 
     </span>
     <span class='ocr_line' id='line_1_38' title="bbox 211 3329 1831 3404; baseline 0.002 -22"><span class='ocrx_word' id='word_1_555' title='bbox 211 3329 329 3398; x_wconf 80' lang='lat' dir='ltr'><strong>quimus,</strong></span> <span class='ocrx_word' id='word_1_556' title='bbox 344 3330 477 3386; x_wconf 88' lang='lat' dir='ltr'><strong>obturbet.</strong></span> <span class='ocrx_word' id='word_1_557' title='bbox 518 3332 665 3387; x_wconf 87' lang='lat' dir='ltr'><strong>Neminem</strong></span> <span class='ocrx_word' id='word_1_558' title='bbox 684 3333 756 3388; x_wconf 89' lang='lat' dir='ltr'><strong>enim</strong></span> <span class='ocrx_word' id='word_1_559' title='bbox 777 3352 827 3404; x_wconf 87' lang='lat' dir='ltr'><strong>par</strong></span> <span class='ocrx_word' id='word_1_560' title='bbox 845 3342 887 3388; x_wconf 91' lang='lat' dir='ltr'><strong>est</strong></span> <span class='ocrx_word' id='word_1_561' title='bbox 904 3335 1005 3388; x_wconf 87' lang='lat' dir='ltr'><strong>consti·</strong></span> <span class='ocrx_word' id='word_1_562' title='bbox 1043 3340 1117 3385; x_wconf 87' lang='lat' dir='ltr'><strong>teres</strong></span> <span class='ocrx_word' id='word_1_563' title='bbox 1128 3331 1153 3386; x_wconf 93' lang='lat' dir='ltr'><strong>si</strong></span> <span class='ocrx_word' id='word_1_564' title='bbox 1163 3332 1252 3387; x_wconf 84' lang='lat' dir='ltr'><strong>fluxus</strong></span> <span class='ocrx_word' id='word_1_565' title='bbox 1263 3350 1396 3403; x_wconf 86' lang='lat' dir='ltr'><strong>aquarum</strong></span> <span class='ocrx_word' id='word_1_566' title='bbox 1410 3341 1528 3404; x_wconf 86' lang='lat' dir='ltr'><strong>ponatur</strong></span> <span class='ocrx_word' id='word_1_567' title='bbox 1538 3349 1598 3387; x_wconf 89' lang='lat' dir='ltr'><strong>esse</strong></span> <span class='ocrx_word' id='word_1_568' title='bbox 1611 3333 1738 3396; x_wconf 88' lang='lat' dir='ltr'><strong>sublatio,</strong></span> <span class='ocrx_word' id='word_1_569' title='bbox 1747 3341 1831 3386; x_wconf 81' lang='lat' dir='ltr'><strong>atten-</strong></span> 
     </span>
     <span class='ocr_line' id='line_1_39' title="bbox 213 3410 1831 3484; baseline 0.003 -23"><span class='ocrx_word' id='word_1_570' title='bbox 213 3415 288 3461; x_wconf 89' lang='lat' dir='ltr'><strong>tuere</strong></span> <span class='ocrx_word' id='word_1_571' title='bbox 316 3416 344 3462; x_wconf 93' lang='lat' dir='ltr'><strong>et</strong></span> <span class='ocrx_word' id='word_1_572' title='bbox 371 3410 484 3465; x_wconf 80' lang='lat' dir='ltr'><strong>fundare</strong></span> <span class='ocrx_word' id='word_1_573' title='bbox 506 3411 713 3484; x_wconf 78' lang='lat' dir='ltr'><strong>abnegationem</strong></span> <span class='ocrx_word' id='word_1_574' title='bbox 735 3429 835 3477; x_wconf 87' lang='lat' dir='ltr'><strong>eorum,</strong></span> <span class='ocrx_word' id='word_1_575' title='bbox 859 3431 920 3484; x_wconf 84' lang='lat' dir='ltr'><strong>quse</strong></span> <span class='ocrx_word' id='word_1_576' title='bbox 939 3430 1006 3468; x_wconf 87' lang='lat' dir='ltr'><strong>mox</strong></span> <span class='ocrx_word' id='word_1_577' title='bbox 1043 3411 1161 3465; x_wconf 86' lang='lat' dir='ltr'><strong>dentium</strong></span> <span class='ocrx_word' id='word_1_578' title='bbox 1172 3410 1422 3483; x_wconf 86' lang='lat' dir='ltr'><strong>paulodiligentius</strong></span> <span class='ocrx_word' id='word_1_579' title='bbox 1435 3412 1569 3482; x_wconf 90' lang='lat' dir='ltr'><strong>quomodo</strong></span> <span class='ocrx_word' id='word_1_580' title='bbox 1582 3414 1636 3467; x_wconf 87' lang='lat' dir='ltr'><strong>ista</strong></span> <span class='ocrx_word' id='word_1_581' title='bbox 1649 3412 1831 3466; x_wconf 82' lang='lat' dir='ltr'><strong>sublatioberi</strong></span> 
     </span>
     <span class='ocr_line' id='line_1_40' title="bbox 214 3486 1831 3563; baseline 0.004 -24"><span class='ocrx_word' id='word_1_582' title='bbox 214 3486 336 3542; x_wconf 88' lang='lat' dir='ltr'><strong>dicentur</strong></span> <span class='ocrx_word' id='word_1_583' title='bbox 350 3489 383 3542; x_wconf 88' lang='lat' dir='ltr'><strong>de</strong></span> <span class='ocrx_word' id='word_1_584' title='bbox 397 3491 513 3544; x_wconf 88' lang='lat' dir='ltr'><strong>motibus</strong></span> <span class='ocrx_word' id='word_1_585' title='bbox 528 3493 621 3544; x_wconf 88' lang='lat' dir='ltr'><strong>oceani</strong></span> <span class='ocrx_word' id='word_1_586' title='bbox 631 3492 798 3546; x_wconf 88' lang='lat' dir='ltr'><strong>naturalibus</strong></span> <span class='ocrx_word' id='word_1_587' title='bbox 811 3500 839 3545; x_wconf 90' lang='lat' dir='ltr'><strong>et</strong></span> <span class='ocrx_word' id='word_1_588' title='bbox 853 3492 1004 3556; x_wconf 83' lang='lat' dir='ltr'><strong>catholicis,</strong></span> <span class='ocrx_word' id='word_1_589' title='bbox 1043 3491 1137 3560; x_wconf 88' lang='lat' dir='ltr'><strong>possit.</strong></span> <span class='ocrx_word' id='word_1_590' title='bbox 1177 3490 1232 3544; x_wconf 87' lang='lat' dir='ltr'><strong>Aut</strong></span> <span class='ocrx_word' id='word_1_591' title='bbox 1245 3491 1318 3545; x_wconf 90' lang='lat' dir='ltr'><strong>enim</strong></span> <span class='ocrx_word' id='word_1_592' title='bbox 1333 3492 1378 3545; x_wconf 83' lang='lat' dir='ltr'><strong>liet</strong></span> <span class='ocrx_word' id='word_1_593' title='bbox 1390 3498 1479 3545; x_wconf 85' lang='lat' dir='ltr'><strong>tumor</strong></span> <span class='ocrx_word' id='word_1_594' title='bbox 1493 3491 1528 3545; x_wconf 89' lang='lat' dir='ltr'><strong>ab</strong></span> <span class='ocrx_word' id='word_1_595' title='bbox 1541 3500 1622 3546; x_wconf 89' lang='lat' dir='ltr'><strong>aucto</strong></span> <span class='ocrx_word' id='word_1_596' title='bbox 1635 3503 1741 3563; x_wconf 87' lang='lat' dir='ltr'><strong>quanto</strong></span> <span class='ocrx_word' id='word_1_597' title='bbox 1751 3508 1831 3562; x_wconf 75' lang='lat' dir='ltr'><strong>aque-</strong></span> 
     </span>
     <span class='ocr_line' id='line_1_41' title="bbox 211 3567 1833 3643; baseline 0.003 -24"><span class='ocrx_word' id='word_1_598' title='bbox 211 3567 376 3636; x_wconf 88' lang='lat' dir='ltr'><strong>opponendo</strong></span> <span class='ocrx_word' id='word_1_599' title='bbox 388 3577 489 3624; x_wconf 88' lang='lat' dir='ltr'><strong>motum</strong></span> <span class='ocrx_word' id='word_1_600' title='bbox 501 3569 582 3624; x_wconf 87' lang='lat' dir='ltr'><strong>istum</strong></span> <span class='ocrx_word' id='word_1_601' title='bbox 596 3572 769 3633; x_wconf 88' lang='lat' dir='ltr'><strong>currentium,</strong></span> <span class='ocrx_word' id='word_1_602' title='bbox 778 3570 860 3625; x_wconf 85' lang='lat' dir='ltr'><strong>veluti</strong></span> <span class='ocrx_word' id='word_1_603' title='bbox 875 3589 936 3625; x_wconf 90' lang='lat' dir='ltr'><strong>cum</strong></span> <span class='ocrx_word' id='word_1_604' title='bbox 947 3572 1005 3625; x_wconf 81' lang='lat' dir='ltr'><strong>tlte-</strong></span> <span class='ocrx_word' id='word_1_605' title='bbox 1043 3586 1110 3632; x_wconf 89' lang='lat' dir='ltr'><strong>rum,</strong></span> <span class='ocrx_word' id='word_1_606' title='bbox 1121 3577 1169 3624; x_wconf 86' lang='lat' dir='ltr'><strong>aut</strong></span> <span class='ocrx_word' id='word_1_607' title='bbox 1178 3570 1213 3623; x_wconf 93' lang='lat' dir='ltr'><strong>ab</strong></span> <span class='ocrx_word' id='word_1_608' title='bbox 1226 3571 1384 3626; x_wconf 83' lang='lat' dir='ltr'><strong>extensione</strong></span> <span class='ocrx_word' id='word_1_609' title='bbox 1397 3570 1455 3624; x_wconf 84' lang='lat' dir='ltr'><strong>sive</strong></span> <span class='ocrx_word' id='word_1_610' title='bbox 1468 3570 1648 3626; x_wconf 79' lang='lat' dir='ltr'><strong>mreiaetione</strong></span> <span class='ocrx_word' id='word_1_611' title='bbox 1663 3588 1793 3643; x_wconf 84' lang='lat' dir='ltr'><strong>aquarum</strong></span> <span class='ocrx_word' id='word_1_612' title='bbox 1804 3571 1833 3624; x_wconf 86' lang='lat' dir='ltr'><strong>iu</strong></span> 
     </span>
     <span class='ocr_line' id='line_1_42' title="bbox 212 3646 1834 3721; baseline 0.002 -21"><span class='ocrx_word' id='word_1_613' title='bbox 212 3646 289 3701; x_wconf 88' lang='lat' dir='ltr'><strong>sibus</strong></span> <span class='ocrx_word' id='word_1_614' title='bbox 310 3646 364 3701; x_wconf 92' lang='lat' dir='ltr'><strong>illis</strong></span> <span class='ocrx_word' id='word_1_615' title='bbox 384 3649 496 3702; x_wconf 86' lang='lat' dir='ltr'><strong>minime</strong></span> <span class='ocrx_word' id='word_1_616' title='bbox 515 3651 724 3704; x_wconf 80' lang='lat' dir='ltr'><strong>convenientem.</strong></span> <span class='ocrx_word' id='word_1_617' title='bbox 767 3650 835 3704; x_wconf 86' lang='lat' dir='ltr'><strong>Sunt</strong></span> <span class='ocrx_word' id='word_1_618' title='bbox 855 3652 927 3704; x_wconf 89' lang='lat' dir='ltr'><strong>enim</strong></span> <span class='ocrx_word' id='word_1_619' title='bbox 947 3669 1005 3705; x_wconf 91' lang='lat' dir='ltr'><strong>cur·</strong></span> <span class='ocrx_word' id='word_1_620' title='bbox 1043 3648 1138 3703; x_wconf 90' lang='lat' dir='ltr'><strong>eodem</strong></span> <span class='ocrx_word' id='word_1_621' title='bbox 1162 3658 1271 3719; x_wconf 89' lang='lat' dir='ltr'><strong>quanto,</strong></span> <span class='ocrx_word' id='word_1_622' title='bbox 1296 3657 1342 3703; x_wconf 89' lang='lat' dir='ltr'><strong>aut</strong></span> <span class='ocrx_word' id='word_1_623' title='bbox 1364 3666 1413 3719; x_wconf 90' lang='lat' dir='ltr'><strong>per</strong></span> <span class='ocrx_word' id='word_1_624' title='bbox 1433 3649 1615 3705; x_wconf 89' lang='lat' dir='ltr'><strong>sublationem</strong></span> <span class='ocrx_word' id='word_1_625' title='bbox 1635 3650 1788 3721; x_wconf 86' lang='lat' dir='ltr'><strong>simplicem</strong></span> <span class='ocrx_word' id='word_1_626' title='bbox 1806 3650 1834 3704; x_wconf 91' lang='lat' dir='ltr'><strong>in</strong></span> 
     </span>
     <span class='ocr_line' id='line_1_43' title="bbox 213 3728 1835 3801; baseline 0.002 -22"><span class='ocrx_word' id='word_1_627' title='bbox 213 3734 302 3780; x_wconf 89' lang='lat' dir='ltr'><strong>rentes</strong></span> <span class='ocrx_word' id='word_1_628' title='bbox 314 3744 394 3782; x_wconf 79' lang='lat' dir='ltr'><strong>mera</strong></span> <span class='ocrx_word' id='word_1_629' title='bbox 404 3730 618 3798; x_wconf 87' lang='lat' dir='ltr'><strong>compressiones</strong></span> <span class='ocrx_word' id='word_1_630' title='bbox 626 3746 765 3801; x_wconf 82' lang='lat' dir='ltr'><strong>aquarum,</strong></span> <span class='ocrx_word' id='word_1_631' title='bbox 775 3729 1005 3786; x_wconf 84' lang='lat' dir='ltr'><strong>autliberatioues</strong></span> <span class='ocrx_word' id='word_1_632' title='bbox 1043 3728 1138 3782; x_wconf 91' lang='lat' dir='ltr'><strong>eodem</strong></span> <span class='ocrx_word' id='word_1_633' title='bbox 1152 3736 1254 3799; x_wconf 86' lang='lat' dir='ltr'><strong>quanto</strong></span> <span class='ocrx_word' id='word_1_634' title='bbox 1268 3739 1348 3799; x_wconf 90' lang='lat' dir='ltr'><strong>atque</strong></span> <span class='ocrx_word' id='word_1_635' title='bbox 1358 3729 1454 3783; x_wconf 90' lang='lat' dir='ltr'><strong>eodem</strong></span> <span class='ocrx_word' id='word_1_636' title='bbox 1464 3745 1584 3798; x_wconf 86' lang='lat' dir='ltr'><strong>corpore.</strong></span> <span class='ocrx_word' id='word_1_637' title='bbox 1625 3731 1717 3800; x_wconf 80' lang='lat' dir='ltr'><strong>Atque</strong></span> <span class='ocrx_word' id='word_1_638' title='bbox 1731 3731 1835 3783; x_wconf 83' lang='lat' dir='ltr'><strong>tertiam</strong></span> 
     </span>
     <span class='ocr_line' id='line_1_44' title="bbox 213 3806 1833 3880; baseline 0.004 -23"><span class='ocrx_word' id='word_1_639' title='bbox 213 3822 231 3857; x_wconf 83' lang='lat' dir='ltr'><strong>a</strong></span> <span class='ocrx_word' id='word_1_640' title='bbox 251 3808 467 3875; x_wconf 85' lang='lat' dir='ltr'><strong>compressione:</strong></span> <span class='ocrx_word' id='word_1_641' title='bbox 489 3817 611 3879; x_wconf 87' lang='lat' dir='ltr'><strong>suntque,</strong></span> <span class='ocrx_word' id='word_1_642' title='bbox 632 3819 662 3861; x_wconf 91' lang='lat' dir='ltr'><strong>ut</strong></span> <span class='ocrx_word' id='word_1_643' title='bbox 682 3809 809 3872; x_wconf 87' lang='lat' dir='ltr'><strong>diximus,</strong></span> <span class='ocrx_word' id='word_1_644' title='bbox 830 3809 1005 3879; x_wconf 79' lang='lat' dir='ltr'><strong>particulares</strong></span> <span class='ocrx_word' id='word_1_645' title='bbox 1043 3806 1110 3863; x_wconf 89' lang='lat' dir='ltr'><strong>illud</strong></span> <span class='ocrx_word' id='word_1_646' title='bbox 1124 3824 1232 3877; x_wconf 89' lang='lat' dir='ltr'><strong>prorsus</strong></span> <span class='ocrx_word' id='word_1_647' title='bbox 1246 3807 1433 3876; x_wconf 84' lang='lat' dir='ltr'><strong>adjiciendum.</strong></span> <span class='ocrx_word' id='word_1_648' title='bbox 1462 3807 1491 3862; x_wconf 90' lang='lat' dir='ltr'><strong>Si</strong></span> <span class='ocrx_word' id='word_1_649' title='bbox 1506 3808 1579 3862; x_wconf 87' lang='lat' dir='ltr'><strong>euim</strong></span> <span class='ocrx_word' id='word_1_650' title='bbox 1594 3824 1676 3880; x_wconf 86' lang='lat' dir='ltr'><strong>aqua,</strong></span> <span class='ocrx_word' id='word_1_651' title='bbox 1691 3808 1833 3880; x_wconf 62' lang='lat' dir='ltr'><strong>qualium,</strong></span> 
     </span>
     <span class='ocr_line' id='line_1_45' title="bbox 214 3886 1834 3958; baseline 0.002 -21"><span class='ocrx_word' id='word_1_652' title='bbox 214 3895 241 3937; x_wconf 92' lang='lat' dir='ltr'><strong>et</strong></span> <span class='ocrx_word' id='word_1_653' title='bbox 268 3888 420 3955; x_wconf 64' lang='lat' dir='ltr'><strong>respectui,</strong></span> <span class='ocrx_word' id='word_1_654' title='bbox 443 3897 521 3956; x_wconf 88' lang='lat' dir='ltr'><strong>prout</strong></span> <span class='ocrx_word' id='word_1_655' title='bbox 546 3887 670 3941; x_wconf 89' lang='lat' dir='ltr'><strong>locantur</strong></span> <span class='ocrx_word' id='word_1_656' title='bbox 696 3904 774 3958; x_wconf 78' lang='lat' dir='ltr'><strong>aqncc</strong></span> <span class='ocrx_word' id='word_1_657' title='bbox 801 3896 828 3943; x_wconf 89' lang='lat' dir='ltr'><strong>et</strong></span> <span class='ocrx_word' id='word_1_658' title='bbox 849 3896 935 3951; x_wconf 83' lang='lat' dir='ltr'><strong>terrae,</strong></span> <span class='ocrx_word' id='word_1_659' title='bbox 959 3896 1005 3943; x_wconf 87' lang='lat' dir='ltr'><strong>aut</strong></span> <span class='ocrx_word' id='word_1_660' title='bbox 1042 3886 1188 3950; x_wconf 86' lang='lat' dir='ltr'><strong>attollatur,</strong></span> <span class='ocrx_word' id='word_1_661' title='bbox 1203 3904 1240 3941; x_wconf 86' lang='lat' dir='ltr'><strong>ex</strong></span> <span class='ocrx_word' id='word_1_662' title='bbox 1253 3886 1305 3941; x_wconf 84' lang='lat' dir='ltr'><strong>boc</strong></span> <span class='ocrx_word' id='word_1_663' title='bbox 1319 3887 1486 3958; x_wconf 84' lang='lat' dir='ltr'><strong>relinquatur</strong></span> <span class='ocrx_word' id='word_1_664' title='bbox 1499 3889 1656 3942; x_wconf 86' lang='lat' dir='ltr'><strong>necessario</strong></span> <span class='ocrx_word' id='word_1_665' title='bbox 1672 3888 1754 3942; x_wconf 87' lang='lat' dir='ltr'><strong>inane</strong></span> <span class='ocrx_word' id='word_1_666' title='bbox 1767 3889 1834 3942; x_wconf 86' lang='lat' dir='ltr'><strong>inter</strong></span> 
     </span>
     <span class='ocr_line' id='line_1_46' title="bbox 214 3963 1834 4038; baseline 0.002 -22"><span class='ocrx_word' id='word_1_667' title='bbox 214 3963 297 4018; x_wconf 85' lang='lat' dir='ltr'><strong>etiam</strong></span> <span class='ocrx_word' id='word_1_668' title='bbox 312 3965 470 4020; x_wconf 88' lang='lat' dir='ltr'><strong>incumbunt</strong></span> <span class='ocrx_word' id='word_1_669' title='bbox 483 3967 564 4020; x_wconf 88' lang='lat' dir='ltr'><strong>venti.</strong></span> <span class='ocrx_word' id='word_1_670' title='bbox 606 3965 694 4038; x_wconf 85' lang='lat' dir='ltr'><strong>Atque</strong></span> <span class='ocrx_word' id='word_1_671' title='bbox 715 3966 775 4032; x_wconf 89' lang='lat' dir='ltr'><strong>hoc,</strong></span> <span class='ocrx_word' id='word_1_672' title='bbox 790 3968 861 4037; x_wconf 92' lang='lat' dir='ltr'><strong>quod</strong></span> <span class='ocrx_word' id='word_1_673' title='bbox 878 3967 1004 4031; x_wconf 86' lang='lat' dir='ltr'><strong>diximus,</strong></span> <span class='ocrx_word' id='word_1_674' title='bbox 1043 3975 1142 4020; x_wconf 89' lang='lat' dir='ltr'><strong>terram</strong></span> <span class='ocrx_word' id='word_1_675' title='bbox 1162 3973 1243 4036; x_wconf 89' lang='lat' dir='ltr'><strong>atque</strong></span> <span class='ocrx_word' id='word_1_676' title='bbox 1262 3966 1319 4020; x_wconf 90' lang='lat' dir='ltr'><strong>ima</strong></span> <span class='ocrx_word' id='word_1_677' title='bbox 1335 3983 1420 4037; x_wconf 84' lang='lat' dir='ltr'><strong>aquoe,</strong></span> <span class='ocrx_word' id='word_1_678' title='bbox 1436 3984 1499 4020; x_wconf 88' lang='lat' dir='ltr'><strong>eum</strong></span> <span class='ocrx_word' id='word_1_679' title='bbox 1520 3983 1576 4020; x_wconf 91' lang='lat' dir='ltr'><strong>nou</strong></span> <span class='ocrx_word' id='word_1_680' title='bbox 1592 3967 1629 4021; x_wconf 92' lang='lat' dir='ltr'><strong>sit</strong></span> <span class='ocrx_word' id='word_1_681' title='bbox 1646 3984 1746 4038; x_wconf 89' lang='lat' dir='ltr'><strong>eorpus</strong></span> <span class='ocrx_word' id='word_1_682' title='bbox 1766 3966 1834 4038; x_wconf 86' lang='lat' dir='ltr'><strong>quod</strong></span> 
     </span>
     <span class='ocr_line' id='line_1_47' title="bbox 213 4042 1833 4117; baseline 0.004 -21"><span class='ocrx_word' id='word_1_683' title='bbox 213 4058 247 4096; x_wconf 92' lang='lat' dir='ltr'><strong>eo</strong></span> <span class='ocrx_word' id='word_1_684' title='bbox 267 4042 355 4115; x_wconf 85' lang='lat' dir='ltr'><strong>magis</strong></span> <span class='ocrx_word' id='word_1_685' title='bbox 373 4046 503 4098; x_wconf 85' lang='lat' dir='ltr'><strong>memoria</strong></span> <span class='ocrx_word' id='word_1_686' title='bbox 523 4046 668 4099; x_wconf 89' lang='lat' dir='ltr'><strong>tenendum</strong></span> <span class='ocrx_word' id='word_1_687' title='bbox 689 4052 738 4112; x_wconf 92' lang='lat' dir='ltr'><strong>est,</strong></span> <span class='ocrx_word' id='word_1_688' title='bbox 757 4055 838 4116; x_wconf 85' lang='lat' dir='ltr'><strong>atque</strong></span> <span class='ocrx_word' id='word_1_689' title='bbox 860 4046 1005 4117; x_wconf 89' lang='lat' dir='ltr'><strong>diligenter</strong></span> <span class='ocrx_word' id='word_1_690' title='bbox 1043 4044 1175 4099; x_wconf 84' lang='lat' dir='ltr'><strong>succedat</strong></span> <span class='ocrx_word' id='word_1_691' title='bbox 1226 4043 1303 4105; x_wconf 87' lang='lat' dir='ltr'><strong>Quod</strong></span> <span class='ocrx_word' id='word_1_692' title='bbox 1325 4045 1350 4100; x_wconf 93' lang='lat' dir='ltr'><strong>si</strong></span> <span class='ocrx_word' id='word_1_693' title='bbox 1372 4046 1496 4100; x_wconf 81' lang='lat' dir='ltr'><strong>sitnora</strong></span> <span class='ocrx_word' id='word_1_694' title='bbox 1517 4045 1713 4117; x_wconf 68' lang='lat' dir='ltr'><strong>molstoque,</strong></span> <span class='ocrx_word' id='word_1_695' title='bbox 1727 4063 1833 4102; x_wconf 80' lang='lat' dir='ltr'><strong>nscesrc</strong></span> 
     </span>
     <span class='ocr_line' id='line_1_48' title="bbox 214 4121 1833 4195; baseline 0.002 -20"><span class='ocrx_word' id='word_1_696' title='bbox 214 4121 413 4186; x_wconf 84' lang='lat' dir='ltr'><strong>advertendum,</strong></span> <span class='ocrx_word' id='word_1_697' title='bbox 428 4124 492 4195; x_wconf 89' lang='lat' dir='ltr'><strong>quia</strong></span> <span class='ocrx_word' id='word_1_698' title='bbox 510 4134 599 4178; x_wconf 91' lang='lat' dir='ltr'><strong>motus</strong></span> <span class='ocrx_word' id='word_1_699' title='bbox 612 4123 658 4180; x_wconf 91' lang='lat' dir='ltr'><strong>ille</strong></span> <span class='ocrx_word' id='word_1_700' title='bbox 675 4125 834 4179; x_wconf 82' lang='lat' dir='ltr'><strong>universalis</strong></span> <span class='ocrx_word' id='word_1_701' title='bbox 855 4126 956 4191; x_wconf 89' lang='lat' dir='ltr'><strong>oceani,</strong></span> <span class='ocrx_word' id='word_1_702' title='bbox 971 4125 1004 4180; x_wconf 91' lang='lat' dir='ltr'><strong>de</strong></span> <span class='ocrx_word' id='word_1_703' title='bbox 1043 4132 1084 4178; x_wconf 90' lang='lat' dir='ltr'><strong>est</strong></span> <span class='ocrx_word' id='word_1_704' title='bbox 1096 4140 1156 4178; x_wconf 86' lang='lat' dir='ltr'><strong>eam</strong></span> <span class='ocrx_word' id='word_1_705' title='bbox 1170 4140 1297 4178; x_wconf 87' lang='lat' dir='ltr'><strong>emanare</strong></span> <span class='ocrx_word' id='word_1_706' title='bbox 1311 4133 1392 4195; x_wconf 88' lang='lat' dir='ltr'><strong>atque</strong></span> <span class='ocrx_word' id='word_1_707' title='bbox 1409 4124 1540 4182; x_wconf 83' lang='lat' dir='ltr'><strong>scaturire</strong></span> <span class='ocrx_word' id='word_1_708' title='bbox 1555 4134 1667 4180; x_wconf 79' lang='lat' dir='ltr'><strong>eterra</strong></span> <span class='ocrx_word' id='word_1_709' title='bbox 1709 4126 1758 4180; x_wconf 90' lang='lat' dir='ltr'><strong>Sin</strong></span> <span class='ocrx_word' id='word_1_710' title='bbox 1771 4142 1833 4179; x_wconf 79' lang='lat' dir='ltr'><strong>vcro</strong></span> 
     </span>
     <span class='ocr_line' id='line_1_49' title="bbox 213 4202 1834 4274; baseline 0.002 -21"><span class='ocrx_word' id='word_1_711' title='bbox 213 4217 268 4271; x_wconf 92' lang='lat' dir='ltr'><strong>quo</strong></span> <span class='ocrx_word' id='word_1_712' title='bbox 281 4217 352 4255; x_wconf 89' lang='lat' dir='ltr'><strong>nunc</strong></span> <span class='ocrx_word' id='word_1_713' title='bbox 366 4202 463 4273; x_wconf 83' lang='lat' dir='ltr'><strong>agitur,</strong></span> <span class='ocrx_word' id='word_1_714' title='bbox 478 4202 547 4256; x_wconf 89' lang='lat' dir='ltr'><strong>adeo</strong></span> <span class='ocrx_word' id='word_1_715' title='bbox 564 4203 639 4258; x_wconf 88' lang='lat' dir='ltr'><strong>mitis</strong></span> <span class='ocrx_word' id='word_1_716' title='bbox 652 4214 694 4258; x_wconf 89' lang='lat' dir='ltr'><strong>est</strong></span> <span class='ocrx_word' id='word_1_717' title='bbox 707 4213 734 4257; x_wconf 91' lang='lat' dir='ltr'><strong>et</strong></span> <span class='ocrx_word' id='word_1_718' title='bbox 751 4202 848 4268; x_wconf 86' lang='lat' dir='ltr'><strong>mollis,</strong></span> <span class='ocrx_word' id='word_1_719' title='bbox 862 4213 891 4259; x_wconf 88' lang='lat' dir='ltr'><strong>ut</strong></span> <span class='ocrx_word' id='word_1_720' title='bbox 904 4221 921 4257; x_wconf 87' lang='lat' dir='ltr'><strong>a</strong></span> <span class='ocrx_word' id='word_1_721' title='bbox 934 4221 1005 4258; x_wconf 89' lang='lat' dir='ltr'><strong>com·</strong></span> <span class='ocrx_word' id='word_1_722' title='bbox 1043 4203 1079 4256; x_wconf 88' lang='lat' dir='ltr'><strong>sit</strong></span> <span class='ocrx_word' id='word_1_723' title='bbox 1096 4203 1219 4257; x_wconf 80' lang='lat' dir='ltr'><strong>extensio</strong></span> <span class='ocrx_word' id='word_1_724' title='bbox 1239 4212 1349 4266; x_wconf 88' lang='lat' dir='ltr'><strong>tantum,</strong></span> <span class='ocrx_word' id='word_1_725' title='bbox 1363 4204 1392 4258; x_wconf 91' lang='lat' dir='ltr'><strong>id</strong></span> <span class='ocrx_word' id='word_1_726' title='bbox 1412 4204 1458 4257; x_wconf 84' lang='lat' dir='ltr'><strong>fiet</strong></span> <span class='ocrx_word' id='word_1_727' title='bbox 1478 4202 1522 4258; x_wconf 87' lang='lat' dir='ltr'><strong>vel</strong></span> <span class='ocrx_word' id='word_1_728' title='bbox 1548 4220 1597 4274; x_wconf 84' lang='lat' dir='ltr'><strong>per</strong></span> <span class='ocrx_word' id='word_1_729' title='bbox 1619 4202 1784 4259; x_wconf 89' lang='lat' dir='ltr'><strong>solutionem</strong></span> <span class='ocrx_word' id='word_1_730' title='bbox 1805 4205 1834 4258; x_wconf 90' lang='lat' dir='ltr'><strong>iu</strong></span> 
     </span>
     <span class='ocr_line' id='line_1_50' title="bbox 213 4279 1834 4355; baseline 0.003 -22"><span class='ocrx_word' id='word_1_731' title='bbox 213 4279 383 4350; x_wconf 89' lang='lat' dir='ltr'><strong>pulsionibus</strong></span> <span class='ocrx_word' id='word_1_732' title='bbox 395 4283 560 4336; x_wconf 90' lang='lat' dir='ltr'><strong>currentium</strong></span> <span class='ocrx_word' id='word_1_733' title='bbox 573 4284 683 4338; x_wconf 90' lang='lat' dir='ltr'><strong>omnino</strong></span> <span class='ocrx_word' id='word_1_734' title='bbox 696 4283 826 4345; x_wconf 85' lang='lat' dir='ltr'><strong>dometur,</strong></span> <span class='ocrx_word' id='word_1_735' title='bbox 846 4292 874 4338; x_wconf 91' lang='lat' dir='ltr'><strong>et</strong></span> <span class='ocrx_word' id='word_1_736' title='bbox 894 4284 923 4337; x_wconf 92' lang='lat' dir='ltr'><strong>in</strong></span> <span class='ocrx_word' id='word_1_737' title='bbox 937 4283 1005 4337; x_wconf 90' lang='lat' dir='ltr'><strong>ordi·</strong></span> <span class='ocrx_word' id='word_1_738' title='bbox 1042 4282 1130 4351; x_wconf 85' lang='lat' dir='ltr'><strong>magis</strong></span> <span class='ocrx_word' id='word_1_739' title='bbox 1141 4280 1291 4346; x_wconf 86' lang='lat' dir='ltr'><strong>rarum,vel</strong></span> <span class='ocrx_word' id='word_1_740' title='bbox 1303 4283 1453 4354; x_wconf 88' lang='lat' dir='ltr'><strong>appetitum</strong></span> <span class='ocrx_word' id='word_1_741' title='bbox 1463 4283 1701 4355; x_wconf 85' lang='lat' dir='ltr'><strong>appropinquandi</strong></span> <span class='ocrx_word' id='word_1_742' title='bbox 1715 4285 1750 4338; x_wconf 85' lang='lat' dir='ltr'><strong>ad</strong></span> <span class='ocrx_word' id='word_1_743' title='bbox 1763 4284 1834 4338; x_wconf 86' lang='lat' dir='ltr'><strong>aliud</strong></span> 
     </span>
     <span class='ocr_line' id='line_1_51' title="bbox 213 4360 1834 4433; baseline 0.002 -21"><span class='ocrx_word' id='word_1_744' title='bbox 213 4374 276 4412; x_wconf 89' lang='lat' dir='ltr'><strong>nem</strong></span> <span class='ocrx_word' id='word_1_745' title='bbox 289 4360 434 4429; x_wconf 86' lang='lat' dir='ltr'><strong>redigatur,</strong></span> <span class='ocrx_word' id='word_1_746' title='bbox 446 4360 575 4433; x_wconf 83' lang='lat' dir='ltr'><strong>cedetque</strong></span> <span class='ocrx_word' id='word_1_747' title='bbox 586 4372 613 4417; x_wconf 91' lang='lat' dir='ltr'><strong>et</strong></span> <span class='ocrx_word' id='word_1_748' title='bbox 625 4363 660 4417; x_wconf 89' lang='lat' dir='ltr'><strong>ad</strong></span> <span class='ocrx_word' id='word_1_749' title='bbox 674 4377 766 4415; x_wconf 89' lang='lat' dir='ltr'><strong>eorum</strong></span> <span class='ocrx_word' id='word_1_750' title='bbox 775 4361 931 4416; x_wconf 82' lang='lat' dir='ltr'><strong>violentiam</strong></span> <span class='ocrx_word' id='word_1_751' title='bbox 939 4378 1006 4432; x_wconf 85' lang='lat' dir='ltr'><strong>aga·</strong></span> <span class='ocrx_word' id='word_1_752' title='bbox 1042 4376 1148 4430; x_wconf 87' lang='lat' dir='ltr'><strong>corpus,</strong></span> <span class='ocrx_word' id='word_1_753' title='bbox 1163 4360 1234 4432; x_wconf 92' lang='lat' dir='ltr'><strong>quod</strong></span> <span class='ocrx_word' id='word_1_754' title='bbox 1253 4378 1338 4432; x_wconf 88' lang='lat' dir='ltr'><strong>squas</strong></span> <span class='ocrx_word' id='word_1_755' title='bbox 1355 4360 1438 4416; x_wconf 82' lang='lat' dir='ltr'><strong>veluti</strong></span> <span class='ocrx_word' id='word_1_756' title='bbox 1455 4369 1549 4416; x_wconf 86' lang='lat' dir='ltr'><strong>evocet</strong></span> <span class='ocrx_word' id='word_1_757' title='bbox 1570 4372 1599 4415; x_wconf 90' lang='lat' dir='ltr'><strong>et</strong></span> <span class='ocrx_word' id='word_1_758' title='bbox 1618 4363 1747 4427; x_wconf 85' lang='lat' dir='ltr'><strong>attrahat,</strong></span> <span class='ocrx_word' id='word_1_759' title='bbox 1761 4372 1789 4418; x_wconf 88' lang='lat' dir='ltr'><strong>ct</strong></span> <span class='ocrx_word' id='word_1_760' title='bbox 1807 4363 1834 4416; x_wconf 86' lang='lat' dir='ltr'><strong>ic</strong></span> 
     </span>
     <span class='ocr_line' id='line_1_52' title="bbox 214 4438 1834 4513; baseline 0.002 -22"><span class='ocrx_word' id='word_1_761' title='bbox 214 4444 259 4492; x_wconf 88' lang='lat' dir='ltr'><strong>tur</strong></span> <span class='ocrx_word' id='word_1_762' title='bbox 272 4445 298 4492; x_wconf 91' lang='lat' dir='ltr'><strong>et</strong></span> <span class='ocrx_word' id='word_1_763' title='bbox 316 4446 434 4510; x_wconf 84' lang='lat' dir='ltr'><strong>regatur.</strong></span> <span class='ocrx_word' id='word_1_764' title='bbox 476 4440 508 4493; x_wconf 93' lang='lat' dir='ltr'><strong>ld</strong></span> <span class='ocrx_word' id='word_1_765' title='bbox 530 4449 619 4495; x_wconf 88' lang='lat' dir='ltr'><strong>antem</strong></span> <span class='ocrx_word' id='word_1_766' title='bbox 633 4441 672 4494; x_wconf 86' lang='lat' dir='ltr'><strong>ita</strong></span> <span class='ocrx_word' id='word_1_767' title='bbox 685 4456 714 4494; x_wconf 89' lang='lat' dir='ltr'><strong>sc</strong></span> <span class='ocrx_word' id='word_1_768' title='bbox 728 4439 830 4494; x_wconf 86' lang='lat' dir='ltr'><strong>habere</strong></span> <span class='ocrx_word' id='word_1_769' title='bbox 845 4459 881 4496; x_wconf 80' lang='lat' dir='ltr'><strong>ex</strong></span> <span class='ocrx_word' id='word_1_770' title='bbox 894 4457 928 4495; x_wconf 88' lang='lat' dir='ltr'><strong>eo</strong></span> <span class='ocrx_word' id='word_1_771' title='bbox 947 4458 1005 4511; x_wconf 90' lang='lat' dir='ltr'><strong>per·</strong></span> <span class='ocrx_word' id='word_1_772' title='bbox 1042 4438 1184 4494; x_wconf 87' lang='lat' dir='ltr'><strong>sublimius</strong></span> <span class='ocrx_word' id='word_1_773' title='bbox 1207 4440 1295 4495; x_wconf 88' lang='lat' dir='ltr'><strong>tollat.</strong></span> <span class='ocrx_word' id='word_1_774' title='bbox 1335 4441 1425 4513; x_wconf 81' lang='lat' dir='ltr'><strong>Atque</strong></span> <span class='ocrx_word' id='word_1_775' title='bbox 1452 4449 1523 4498; x_wconf 87' lang='lat' dir='ltr'><strong>certe</strong></span> <span class='ocrx_word' id='word_1_776' title='bbox 1548 4443 1601 4494; x_wconf 87' lang='lat' dir='ltr'><strong>ista</strong></span> <span class='ocrx_word' id='word_1_777' title='bbox 1624 4458 1760 4513; x_wconf 86' lang='lat' dir='ltr'><strong>aquarum</strong></span> <span class='ocrx_word' id='word_1_778' title='bbox 1780 4443 1834 4496; x_wconf 84' lang='lat' dir='ltr'><strong>sire</strong></span> 
     </span>
     <span class='ocr_line' id='line_1_53' title="bbox 213 4517 1835 4590; baseline 0.002 -19"><span class='ocrx_word' id='word_1_779' title='bbox 213 4518 337 4586; x_wconf 89' lang='lat' dir='ltr'><strong>spicuum</strong></span> <span class='ocrx_word' id='word_1_780' title='bbox 351 4526 392 4573; x_wconf 88' lang='lat' dir='ltr'><strong>est</strong></span> <span class='ocrx_word' id='word_1_781' title='bbox 405 4517 449 4572; x_wconf 84' lang='lat' dir='ltr'><strong>vel</strong></span> <span class='ocrx_word' id='word_1_782' title='bbox 462 4521 588 4583; x_wconf 84' lang='lat' dir='ltr'><strong>maxime,</strong></span> <span class='ocrx_word' id='word_1_783' title='bbox 602 4519 673 4589; x_wconf 89' lang='lat' dir='ltr'><strong>quod</strong></span> <span class='ocrx_word' id='word_1_784' title='bbox 686 4527 774 4574; x_wconf 89' lang='lat' dir='ltr'><strong>motus</strong></span> <span class='ocrx_word' id='word_1_785' title='bbox 785 4519 901 4589; x_wconf 89' lang='lat' dir='ltr'><strong>simplex</strong></span> <span class='ocrx_word' id='word_1_786' title='bbox 915 4519 1005 4575; x_wconf 83' lang='lat' dir='ltr'><strong>fluxus</strong></span> <span class='ocrx_word' id='word_1_787' title='bbox 1043 4517 1173 4583; x_wconf 87' lang='lat' dir='ltr'><strong>ebullitio,</strong></span> <span class='ocrx_word' id='word_1_788' title='bbox 1187 4519 1245 4573; x_wconf 81' lang='lat' dir='ltr'><strong>sire</strong></span> <span class='ocrx_word' id='word_1_789' title='bbox 1267 4520 1417 4584; x_wconf 75' lang='lat' dir='ltr'><strong>raoefsctio,</strong></span> <span class='ocrx_word' id='word_1_790' title='bbox 1438 4520 1494 4574; x_wconf 81' lang='lat' dir='ltr'><strong>sire</strong></span> <span class='ocrx_word' id='word_1_791' title='bbox 1514 4521 1683 4590; x_wconf 87' lang='lat' dir='ltr'><strong>conspiratio</strong></span> <span class='ocrx_word' id='word_1_792' title='bbox 1701 4540 1764 4576; x_wconf 89' lang='lat' dir='ltr'><strong>eum</strong></span> <span class='ocrx_word' id='word_1_793' title='bbox 1784 4519 1835 4574; x_wconf 82' lang='lat' dir='ltr'><strong>alio</strong></span> 
     </span>
     <span class='ocr_line' id='line_1_54' title="bbox 213 4596 1834 4669; baseline 0.001 -20"><span class='ocrx_word' id='word_1_794' title='bbox 213 4606 241 4649; x_wconf 91' lang='lat' dir='ltr'><strong>et</strong></span> <span class='ocrx_word' id='word_1_795' title='bbox 263 4598 382 4652; x_wconf 84' lang='lat' dir='ltr'><strong>refluxus</strong></span> <span class='ocrx_word' id='word_1_796' title='bbox 402 4597 485 4651; x_wconf 84' lang='lat' dir='ltr'><strong>maris</strong></span> <span class='ocrx_word' id='word_1_797' title='bbox 508 4598 536 4651; x_wconf 92' lang='lat' dir='ltr'><strong>iu</strong></span> <span class='ocrx_word' id='word_1_798' title='bbox 557 4596 648 4669; x_wconf 85' lang='lat' dir='ltr'><strong>pelagi</strong></span> <span class='ocrx_word' id='word_1_799' title='bbox 668 4597 767 4665; x_wconf 88' lang='lat' dir='ltr'><strong>medio,</strong></span> <span class='ocrx_word' id='word_1_800' title='bbox 787 4599 935 4669; x_wconf 72' lang='lat' dir='ltr'><strong>prasertim</strong></span> <span class='ocrx_word' id='word_1_801' title='bbox 958 4615 1006 4668; x_wconf 85' lang='lat' dir='ltr'><strong>per</strong></span> <span class='ocrx_word' id='word_1_802' title='bbox 1043 4598 1172 4667; x_wconf 88' lang='lat' dir='ltr'><strong>quopiam</strong></span> <span class='ocrx_word' id='word_1_803' title='bbox 1192 4614 1359 4668; x_wconf 76' lang='lat' dir='ltr'><strong>corporeas</strong></span> <span class='ocrx_word' id='word_1_804' title='bbox 1379 4598 1572 4669; x_wconf 89' lang='lat' dir='ltr'><strong>superioribus,</strong></span> <span class='ocrx_word' id='word_1_805' title='bbox 1592 4616 1648 4669; x_wconf 79' lang='lat' dir='ltr'><strong>non</strong></span> <span class='ocrx_word' id='word_1_806' title='bbox 1669 4600 1834 4655; x_wconf 78' lang='lat' dir='ltr'><strong>incredibilis</strong></span> 
     </span>
     <span class='ocr_line' id='line_1_55' title="bbox 212 4676 1836 4750; baseline 0.001 -21"><span class='ocrx_word' id='word_1_807' title='bbox 212 4676 300 4730; x_wconf 86' lang='lat' dir='ltr'><strong>maris</strong></span> <span class='ocrx_word' id='word_1_808' title='bbox 313 4676 369 4730; x_wconf 89' lang='lat' dir='ltr'><strong>lata</strong></span> <span class='ocrx_word' id='word_1_809' title='bbox 378 4683 406 4730; x_wconf 93' lang='lat' dir='ltr'><strong>et</strong></span> <span class='ocrx_word' id='word_1_810' title='bbox 418 4685 585 4747; x_wconf 83' lang='lat' dir='ltr'><strong>exporrecta,</strong></span> <span class='ocrx_word' id='word_1_811' title='bbox 595 4693 650 4730; x_wconf 90' lang='lat' dir='ltr'><strong>non</strong></span> <span class='ocrx_word' id='word_1_812' title='bbox 658 4677 797 4741; x_wconf 72' lang='lat' dir='ltr'><strong>renuatur,</strong></span> <span class='ocrx_word' id='word_1_813' title='bbox 807 4678 855 4733; x_wconf 90' lang='lat' dir='ltr'><strong>sed</strong></span> <span class='ocrx_word' id='word_1_814' title='bbox 869 4678 903 4731; x_wconf 89' lang='lat' dir='ltr'><strong>ad</strong></span> <span class='ocrx_word' id='word_1_815' title='bbox 914 4677 1006 4732; x_wconf 88' lang='lat' dir='ltr'><strong>littora</strong></span> <span class='ocrx_word' id='word_1_816' title='bbox 1044 4676 1130 4730; x_wconf 85' lang='lat' dir='ltr'><strong>videri</strong></span> <span class='ocrx_word' id='word_1_817' title='bbox 1144 4678 1231 4747; x_wconf 85' lang='lat' dir='ltr'><strong>possit</strong></span> <span class='ocrx_word' id='word_1_818' title='bbox 1250 4678 1278 4731; x_wconf 90' lang='lat' dir='ltr'><strong>in</strong></span> <span class='ocrx_word' id='word_1_819' title='bbox 1293 4678 1421 4733; x_wconf 89' lang='lat' dir='ltr'><strong>mediocri</strong></span> <span class='ocrx_word' id='word_1_820' title='bbox 1444 4679 1602 4748; x_wconf 88' lang='lat' dir='ltr'><strong>quantitate,</strong></span> <span class='ocrx_word' id='word_1_821' title='bbox 1617 4687 1702 4750; x_wconf 86' lang='lat' dir='ltr'><strong>atque</strong></span> <span class='ocrx_word' id='word_1_822' title='bbox 1716 4680 1836 4734; x_wconf 82' lang='lat' dir='ltr'><strong>adhibito</strong></span> 
     </span>
     <span class='ocr_line' id='line_1_56' title="bbox 213 4754 1833 4828; baseline 0.004 -21"><span class='ocrx_word' id='word_1_823' title='bbox 213 4762 325 4810; x_wconf 87' lang='lat' dir='ltr'><strong>tantum.</strong></span> <span class='ocrx_word' id='word_1_824' title='bbox 368 4756 462 4827; x_wconf 85' lang='lat' dir='ltr'><strong>ltaque</strong></span> <span class='ocrx_word' id='word_1_825' title='bbox 486 4754 557 4810; x_wconf 88' lang='lat' dir='ltr'><strong>nihil</strong></span> <span class='ocrx_word' id='word_1_826' title='bbox 581 4755 681 4810; x_wconf 90' lang='lat' dir='ltr'><strong>mirum</strong></span> <span class='ocrx_word' id='word_1_827' title='bbox 709 4756 733 4810; x_wconf 91' lang='lat' dir='ltr'><strong>si</strong></span> <span class='ocrx_word' id='word_1_828' title='bbox 760 4758 810 4811; x_wconf 88' lang='lat' dir='ltr'><strong>sub</strong></span> <span class='ocrx_word' id='word_1_829' title='bbox 836 4756 1006 4812; x_wconf 87' lang='lat' dir='ltr'><strong>currentibus</strong></span> <span class='ocrx_word' id='word_1_830' title='bbox 1043 4755 1127 4809; x_wconf 89' lang='lat' dir='ltr'><strong>etiam</strong></span> <span class='ocrx_word' id='word_1_831' title='bbox 1153 4756 1224 4810; x_wconf 87' lang='lat' dir='ltr'><strong>bono</strong></span> <span class='ocrx_word' id='word_1_832' title='bbox 1256 4757 1387 4828; x_wconf 88' lang='lat' dir='ltr'><strong>temporis</strong></span> <span class='ocrx_word' id='word_1_833' title='bbox 1413 4758 1511 4827; x_wconf 85' lang='lat' dir='ltr'><strong>spatio,</strong></span> <span class='ocrx_word' id='word_1_834' title='bbox 1535 4758 1566 4820; x_wconf 87' lang='lat' dir='ltr'><strong>iu</strong></span> <span class='ocrx_word' id='word_1_835' title='bbox 1592 4775 1648 4828; x_wconf 92' lang='lat' dir='ltr'><strong>quo</strong></span> <span class='ocrx_word' id='word_1_836' title='bbox 1681 4757 1833 4828; x_wconf 79' lang='lat' dir='ltr'><strong>hujusmodi</strong></span> 
     </span>
     <span class='ocr_line' id='line_1_57' title="bbox 213 4833 1835 4908; baseline 0.001 -19"><span class='ocrx_word' id='word_1_837' title='bbox 213 4835 321 4905; x_wconf 88' lang='lat' dir='ltr'><strong>(utpote</strong></span> <span class='ocrx_word' id='word_1_838' title='bbox 336 4835 438 4889; x_wconf 84' lang='lat' dir='ltr'><strong>viribus</strong></span> <span class='ocrx_word' id='word_1_839' title='bbox 457 4833 581 4906; x_wconf 81' lang='lat' dir='ltr'><strong>inferior)</strong></span> <span class='ocrx_word' id='word_1_840' title='bbox 595 4834 679 4890; x_wconf 89' lang='lat' dir='ltr'><strong>latest</strong></span> <span class='ocrx_word' id='word_1_841' title='bbox 697 4844 725 4890; x_wconf 90' lang='lat' dir='ltr'><strong>et</strong></span> <span class='ocrx_word' id='word_1_842' title='bbox 745 4837 822 4906; x_wconf 86' lang='lat' dir='ltr'><strong>quasi</strong></span> <span class='ocrx_word' id='word_1_843' title='bbox 844 4835 1005 4901; x_wconf 88' lang='lat' dir='ltr'><strong>destruatur,</strong></span> <span class='ocrx_word' id='word_1_844' title='bbox 1044 4843 1162 4889; x_wconf 89' lang='lat' dir='ltr'><strong>tumores</strong></span> <span class='ocrx_word' id='word_1_845' title='bbox 1188 4836 1245 4890; x_wconf 85' lang='lat' dir='ltr'><strong>sive</strong></span> <span class='ocrx_word' id='word_1_846' title='bbox 1272 4843 1419 4908; x_wconf 91' lang='lat' dir='ltr'><strong>augmenta</strong></span> <span class='ocrx_word' id='word_1_847' title='bbox 1439 4852 1469 4890; x_wconf 89' lang='lat' dir='ltr'><strong>se</strong></span> <span class='ocrx_word' id='word_1_848' title='bbox 1492 4835 1622 4908; x_wconf 86' lang='lat' dir='ltr'><strong>colligere</strong></span> <span class='ocrx_word' id='word_1_849' title='bbox 1647 4845 1678 4892; x_wconf 88' lang='lat' dir='ltr'><strong>et</strong></span> <span class='ocrx_word' id='word_1_850' title='bbox 1699 4837 1835 4893; x_wconf 73' lang='lat' dir='ltr'><strong>cumulare</strong></span> 
     </span>
     <span class='ocr_line' id='line_1_58' title="bbox 212 4913 1835 4988; baseline 0.001 -20"><span class='ocrx_word' id='word_1_851' title='bbox 212 4913 267 4968; x_wconf 90' lang='lat' dir='ltr'><strong>nisi</strong></span> <span class='ocrx_word' id='word_1_852' title='bbox 295 4915 367 4985; x_wconf 90' lang='lat' dir='ltr'><strong>quod</strong></span> <span class='ocrx_word' id='word_1_853' title='bbox 393 4913 439 4968; x_wconf 91' lang='lat' dir='ltr'><strong>ille</strong></span> <span class='ocrx_word' id='word_1_854' title='bbox 461 4914 521 4984; x_wconf 88' lang='lat' dir='ltr'><strong>ipse</strong></span> <span class='ocrx_word' id='word_1_855' title='bbox 543 4921 642 4980; x_wconf 87' lang='lat' dir='ltr'><strong>motus,</strong></span> <span class='ocrx_word' id='word_1_856' title='bbox 665 4915 712 4969; x_wconf 90' lang='lat' dir='ltr'><strong>ubi</strong></span> <span class='ocrx_word' id='word_1_857' title='bbox 732 4923 870 4970; x_wconf 90' lang='lat' dir='ltr'><strong>currentes</strong></span> <span class='ocrx_word' id='word_1_858' title='bbox 893 4915 1006 4970; x_wconf 85' lang='lat' dir='ltr'><strong>secundi</strong></span> <span class='ocrx_word' id='word_1_859' title='bbox 1044 4914 1157 4982; x_wconf 82' lang='lat' dir='ltr'><strong>possint.</strong></span> <span class='ocrx_word' id='word_1_860' title='bbox 1198 4914 1295 4985; x_wconf 89' lang='lat' dir='ltr'><strong>ltaque</strong></span> <span class='ocrx_word' id='word_1_861' title='bbox 1318 4931 1446 4969; x_wconf 89' lang='lat' dir='ltr'><strong>excessus</strong></span> <span class='ocrx_word' id='word_1_862' title='bbox 1466 4914 1514 4969; x_wconf 87' lang='lat' dir='ltr'><strong>ille</strong></span> <span class='ocrx_word' id='word_1_863' title='bbox 1535 4933 1677 4985; x_wconf 85' lang='lat' dir='ltr'><strong>aquarum,</strong></span> <span class='ocrx_word' id='word_1_864' title='bbox 1700 4919 1748 4988; x_wconf 91' lang='lat' dir='ltr'><strong>qui</strong></span> <span class='ocrx_word' id='word_1_865' title='bbox 1769 4919 1835 4971; x_wconf 86' lang='lat' dir='ltr'><strong>inter</strong></span> 
     </span>
     <span class='ocr_line' id='line_1_59' title="bbox 211 4992 1835 5067; baseline 0.002 -20"><span class='ocrx_word' id='word_1_866' title='bbox 211 4992 319 5059; x_wconf 87' lang='lat' dir='ltr'><strong>fuerint,</strong></span> <span class='ocrx_word' id='word_1_867' title='bbox 327 5011 420 5048; x_wconf 88' lang='lat' dir='ltr'><strong>eorum</strong></span> <span class='ocrx_word' id='word_1_868' title='bbox 433 4995 564 5065; x_wconf 89' lang='lat' dir='ltr'><strong>impetum</strong></span> <span class='ocrx_word' id='word_1_869' title='bbox 574 4992 700 5047; x_wconf 90' lang='lat' dir='ltr'><strong>nonnihil</strong></span> <span class='ocrx_word' id='word_1_870' title='bbox 710 4995 790 5062; x_wconf 83' lang='lat' dir='ltr'><strong>juvet</strong></span> <span class='ocrx_word' id='word_1_871' title='bbox 799 5004 879 5066; x_wconf 85' lang='lat' dir='ltr'><strong>atque</strong></span> <span class='ocrx_word' id='word_1_872' title='bbox 893 4994 1005 5059; x_wconf 64' lang='lat' dir='ltr'><strong>incitem</strong></span> <span class='ocrx_word' id='word_1_873' title='bbox 1044 5001 1139 5047; x_wconf 80' lang='lat' dir='ltr'><strong>oestum</strong></span> <span class='ocrx_word' id='word_1_874' title='bbox 1166 4993 1337 5059; x_wconf 87' lang='lat' dir='ltr'><strong>ordinarium,</strong></span> <span class='ocrx_word' id='word_1_875' title='bbox 1362 5002 1445 5066; x_wconf 91' lang='lat' dir='ltr'><strong>atque</strong></span> <span class='ocrx_word' id='word_1_876' title='bbox 1471 5002 1567 5049; x_wconf 78' lang='lat' dir='ltr'><strong>astum</strong></span> <span class='ocrx_word' id='word_1_877' title='bbox 1589 4995 1669 5050; x_wconf 88' lang='lat' dir='ltr'><strong>illum</strong></span> <span class='ocrx_word' id='word_1_878' title='bbox 1692 4996 1835 5067; x_wconf 84' lang='lat' dir='ltr'><strong>largiorem</strong></span> 
     </span>
     <span class='ocr_line' id='line_1_60' title="bbox 212 5071 1836 5145; baseline 0.002 -20"><span class='ocrx_word' id='word_1_879' title='bbox 212 5080 306 5126; x_wconf 86' lang='lat' dir='ltr'><strong>contra</strong></span> <span class='ocrx_word' id='word_1_880' title='bbox 325 5073 374 5128; x_wconf 93' lang='lat' dir='ltr'><strong>ubi</strong></span> <span class='ocrx_word' id='word_1_881' title='bbox 392 5073 505 5138; x_wconf 84' lang='lat' dir='ltr'><strong>adversi,</strong></span> <span class='ocrx_word' id='word_1_882' title='bbox 518 5072 654 5128; x_wconf 88' lang='lat' dir='ltr'><strong>modicum</strong></span> <span class='ocrx_word' id='word_1_883' title='bbox 674 5071 779 5128; x_wconf 74' lang='lat' dir='ltr'><strong>fraenet.</strong></span> <span class='ocrx_word' id='word_1_884' title='bbox 819 5074 907 5128; x_wconf 87' lang='lat' dir='ltr'><strong>Misso</strong></span> <span class='ocrx_word' id='word_1_885' title='bbox 922 5073 1007 5144; x_wconf 86' lang='lat' dir='ltr'><strong>igitur</strong></span> <span class='ocrx_word' id='word_1_886' title='bbox 1045 5072 1290 5137; x_wconf 89' lang='lat' dir='ltr'><strong>semimenstrunm,</strong></span> <span class='ocrx_word' id='word_1_887' title='bbox 1305 5074 1447 5128; x_wconf 87' lang='lat' dir='ltr'><strong>autetiam</strong></span> <span class='ocrx_word' id='word_1_888' title='bbox 1461 5073 1539 5128; x_wconf 87' lang='lat' dir='ltr'><strong>illum</strong></span> <span class='ocrx_word' id='word_1_889' title='bbox 1554 5073 1670 5130; x_wconf 87' lang='lat' dir='ltr'><strong>alterum</strong></span> <span class='ocrx_word' id='word_1_890' title='bbox 1685 5073 1836 5145; x_wconf 64' lang='lat' dir='ltr'><strong>professisa-</strong></span> 
     </span>
     <span class='ocr_line' id='line_1_61' title="bbox 212 5150 1835 5224; baseline 0.002 -20"><span class='ocrx_word' id='word_1_891' title='bbox 212 5159 288 5205; x_wconf 90' lang='lat' dir='ltr'><strong>motu</strong></span> <span class='ocrx_word' id='word_1_892' title='bbox 300 5153 471 5216; x_wconf 86' lang='lat' dir='ltr'><strong>currentium,</strong></span> <span class='ocrx_word' id='word_1_893' title='bbox 480 5151 647 5224; x_wconf 83' lang='lat' dir='ltr'><strong>pergendum</strong></span> <span class='ocrx_word' id='word_1_894' title='bbox 661 5160 702 5206; x_wconf 91' lang='lat' dir='ltr'><strong>est</strong></span> <span class='ocrx_word' id='word_1_895' title='bbox 715 5150 749 5204; x_wconf 90' lang='lat' dir='ltr'><strong>ad</strong></span> <span class='ocrx_word' id='word_1_896' title='bbox 763 5160 852 5207; x_wconf 87' lang='lat' dir='ltr'><strong>motos</strong></span> <span class='ocrx_word' id='word_1_897' title='bbox 865 5151 929 5207; x_wconf 91' lang='lat' dir='ltr'><strong>illos</strong></span> <span class='ocrx_word' id='word_1_898' title='bbox 943 5168 1007 5222; x_wconf 84' lang='lat' dir='ltr'><strong>qna·</strong></span> <span class='ocrx_word' id='word_1_899' title='bbox 1045 5167 1120 5205; x_wconf 88' lang='lat' dir='ltr'><strong>mum</strong></span> <span class='ocrx_word' id='word_1_900' title='bbox 1128 5161 1286 5207; x_wconf 87' lang='lat' dir='ltr'><strong>semestrem</strong></span> <span class='ocrx_word' id='word_1_901' title='bbox 1293 5153 1382 5207; x_wconf 86' lang='lat' dir='ltr'><strong>notari</strong></span> <span class='ocrx_word' id='word_1_902' title='bbox 1393 5152 1487 5223; x_wconf 88' lang='lat' dir='ltr'><strong>possit,</strong></span> <span class='ocrx_word' id='word_1_903' title='bbox 1498 5170 1617 5208; x_wconf 87' lang='lat' dir='ltr'><strong>eumuec</strong></span> <span class='ocrx_word' id='word_1_904' title='bbox 1626 5154 1700 5209; x_wconf 90' lang='lat' dir='ltr'><strong>mole</strong></span> <span class='ocrx_word' id='word_1_905' title='bbox 1710 5168 1835 5209; x_wconf 76' lang='lat' dir='ltr'><strong>exeesms</strong></span> 
     </span>
     <span class='ocr_line' id='line_1_62' title="bbox 212 5229 1835 5305; baseline 0.002 -23"><span class='ocrx_word' id='word_1_906' title='bbox 212 5237 274 5283; x_wconf 91' lang='lat' dir='ltr'><strong>tuor</strong></span> <span class='ocrx_word' id='word_1_907' title='bbox 288 5240 451 5295; x_wconf 89' lang='lat' dir='ltr'><strong>constantes,</strong></span> <span class='ocrx_word' id='word_1_908' title='bbox 466 5231 661 5294; x_wconf 84' lang='lat' dir='ltr'><strong>sexhorarium,</strong></span> <span class='ocrx_word' id='word_1_909' title='bbox 675 5238 849 5295; x_wconf 89' lang='lat' dir='ltr'><strong>menstruum,</strong></span> <span class='ocrx_word' id='word_1_910' title='bbox 863 5232 1007 5287; x_wconf 87' lang='lat' dir='ltr'><strong>semimen·</strong></span> <span class='ocrx_word' id='word_1_911' title='bbox 1044 5229 1115 5283; x_wconf 87' lang='lat' dir='ltr'><strong>inter</strong></span> <span class='ocrx_word' id='word_1_912' title='bbox 1129 5231 1232 5285; x_wconf 85' lang='lat' dir='ltr'><strong>fluxum</strong></span> <span class='ocrx_word' id='word_1_913' title='bbox 1247 5241 1275 5285; x_wconf 91' lang='lat' dir='ltr'><strong>et</strong></span> <span class='ocrx_word' id='word_1_914' title='bbox 1289 5232 1424 5286; x_wconf 85' lang='lat' dir='ltr'><strong>refluxum</strong></span> <span class='ocrx_word' id='word_1_915' title='bbox 1437 5232 1627 5302; x_wconf 69' lang='lat' dir='ltr'><strong>(aequiparetur,</strong></span> <span class='ocrx_word' id='word_1_916' title='bbox 1639 5241 1723 5305; x_wconf 89' lang='lat' dir='ltr'><strong>atque</strong></span> <span class='ocrx_word' id='word_1_917' title='bbox 1737 5232 1835 5286; x_wconf 79' lang='lat' dir='ltr'><strong>babeat</strong></span> 
     </span>
     <span class='ocr_line' id='line_1_63' title="bbox 212 5308 1834 5383; baseline 0.002 -23"><span class='ocrx_word' id='word_1_918' title='bbox 212 5315 324 5373; x_wconf 90' lang='lat' dir='ltr'><strong>struum,</strong></span> <span class='ocrx_word' id='word_1_919' title='bbox 349 5318 377 5364; x_wconf 88' lang='lat' dir='ltr'><strong>et</strong></span> <span class='ocrx_word' id='word_1_920' title='bbox 402 5319 568 5374; x_wconf 88' lang='lat' dir='ltr'><strong>semestrem,</strong></span> <span class='ocrx_word' id='word_1_921' title='bbox 590 5325 703 5378; x_wconf 88' lang='lat' dir='ltr'><strong>quomm</strong></span> <span class='ocrx_word' id='word_1_922' title='bbox 731 5310 804 5363; x_wconf 90' lang='lat' dir='ltr'><strong>solus</strong></span> <span class='ocrx_word' id='word_1_923' title='bbox 830 5310 1006 5365; x_wconf 86' lang='lat' dir='ltr'><strong>sexhorarius</strong></span> <span class='ocrx_word' id='word_1_924' title='bbox 1044 5308 1130 5363; x_wconf 72' lang='lat' dir='ltr'><strong>edam</strong></span> <span class='ocrx_word' id='word_1_925' title='bbox 1143 5309 1212 5364; x_wconf 89' lang='lat' dir='ltr'><strong>bene</strong></span> <span class='ocrx_word' id='word_1_926' title='bbox 1227 5327 1357 5381; x_wconf 87' lang='lat' dir='ltr'><strong>maguum</strong></span> <span class='ocrx_word' id='word_1_927' title='bbox 1370 5311 1543 5366; x_wconf 75' lang='lat' dir='ltr'><strong>intervallum</strong></span> <span class='ocrx_word' id='word_1_928' title='bbox 1557 5314 1687 5383; x_wconf 87' lang='lat' dir='ltr'><strong>temporis</strong></span> <span class='ocrx_word' id='word_1_929' title='bbox 1699 5312 1734 5366; x_wconf 87' lang='lat' dir='ltr'><strong>ad</strong></span> <span class='ocrx_word' id='word_1_930' title='bbox 1746 5312 1834 5364; x_wconf 81' lang='lat' dir='ltr'><strong>incre·</strong></span> 
     </span>
     <span class='ocr_line' id='line_1_64' title="bbox 212 5386 1834 5455; baseline 0.002 -18"><span class='ocrx_word' id='word_1_931' title='bbox 212 5386 318 5440; x_wconf 82' lang='lat' dir='ltr'><strong>videtur</strong></span> <span class='ocrx_word' id='word_1_932' title='bbox 331 5388 422 5443; x_wconf 85' lang='lat' dir='ltr'><strong>fluxus</strong></span> <span class='ocrx_word' id='word_1_933' title='bbox 437 5388 520 5442; x_wconf 84' lang='lat' dir='ltr'><strong>maiis</strong></span> <span class='ocrx_word' id='word_1_934' title='bbox 532 5404 614 5455; x_wconf 83' lang='lat' dir='ltr'><strong>agere</strong></span> <span class='ocrx_word' id='word_1_935' title='bbox 634 5394 661 5440; x_wconf 92' lang='lat' dir='ltr'><strong>et</strong></span> <span class='ocrx_word' id='word_1_936' title='bbox 681 5386 761 5450; x_wconf 89' lang='lat' dir='ltr'><strong>ciere,</strong></span> <span class='ocrx_word' id='word_1_937' title='bbox 775 5396 927 5442; x_wconf 88' lang='lat' dir='ltr'><strong>menstruus</strong></span> <span class='ocrx_word' id='word_1_938' title='bbox 941 5406 1007 5444; x_wconf 84' lang='lat' dir='ltr'><strong>vero</strong></span> <span class='ocrx_word' id='word_1_939' title='bbox 1044 5395 1136 5441; x_wconf 86' lang='lat' dir='ltr'><strong>ments</strong></span> <span class='ocrx_word' id='word_1_940' title='bbox 1150 5387 1197 5441; x_wconf 89' lang='lat' dir='ltr'><strong>illa</strong></span> <span class='ocrx_word' id='word_1_941' title='bbox 1211 5391 1313 5442; x_wconf 87' lang='lat' dir='ltr'><strong>sensim</strong></span> <span class='ocrx_word' id='word_1_942' title='bbox 1326 5389 1457 5452; x_wconf 85' lang='lat' dir='ltr'><strong>iacienda,</strong></span> <span class='ocrx_word' id='word_1_943' title='bbox 1471 5391 1542 5445; x_wconf 90' lang='lat' dir='ltr'><strong>nihil</strong></span> <span class='ocrx_word' id='word_1_944' title='bbox 1562 5389 1664 5445; x_wconf 87' lang='lat' dir='ltr'><strong>habeat</strong></span> <span class='ocrx_word' id='word_1_945' title='bbox 1682 5390 1797 5444; x_wconf 84' lang='lat' dir='ltr'><strong>alienum</strong></span> <span class='ocrx_word' id='word_1_946' title='bbox 1817 5404 1834 5440; x_wconf 80' lang='lat' dir='ltr'><strong>a</strong></span> 
     </span>
     <span class='ocr_line' id='line_1_65' title="bbox 213 5463 1832 5540; baseline 0.007 -26"><span class='ocrx_word' id='word_1_947' title='bbox 213 5463 319 5518; x_wconf 80' lang='lat' dir='ltr'><strong>videtur</strong></span> <span class='ocrx_word' id='word_1_948' title='bbox 346 5467 531 5520; x_wconf 85' lang='lat' dir='ltr'><strong>tantummodo</strong></span> <span class='ocrx_word' id='word_1_949' title='bbox 553 5473 655 5520; x_wconf 88' lang='lat' dir='ltr'><strong>motum</strong></span> <span class='ocrx_word' id='word_1_950' title='bbox 678 5463 757 5518; x_wconf 86' lang='lat' dir='ltr'><strong>illum</strong></span> <span class='ocrx_word' id='word_1_951' title='bbox 776 5466 959 5523; x_wconf 88' lang='lat' dir='ltr'><strong>determinare</strong></span> <span class='ocrx_word' id='word_1_952' title='bbox 979 5475 1007 5522; x_wconf 88' lang='lat' dir='ltr'><strong>et</strong></span> <span class='ocrx_word' id='word_1_953' title='bbox 1044 5467 1159 5523; x_wconf 78' lang='lat' dir='ltr'><strong>radone.</strong></span> <span class='ocrx_word' id='word_1_954' title='bbox 1202 5467 1241 5522; x_wconf 90' lang='lat' dir='ltr'><strong>Ut</strong></span> <span class='ocrx_word' id='word_1_955' title='bbox 1263 5484 1327 5522; x_wconf 83' lang='lat' dir='ltr'><strong>vero</strong></span> <span class='ocrx_word' id='word_1_956' title='bbox 1346 5476 1421 5524; x_wconf 87' lang='lat' dir='ltr'><strong>tanta</strong></span> <span class='ocrx_word' id='word_1_957' title='bbox 1444 5478 1568 5540; x_wconf 88' lang='lat' dir='ltr'><strong>erumpat</strong></span> <span class='ocrx_word' id='word_1_958' title='bbox 1587 5470 1675 5526; x_wconf 85' lang='lat' dir='ltr'><strong>moles</strong></span> <span class='ocrx_word' id='word_1_959' title='bbox 1694 5484 1832 5539; x_wconf 75' lang='lat' dir='ltr'><strong>aquarum·</strong></span> 
     </span>
    </p>
   </div>
   <div class='ocr_carea' id='block_1_5' title="bbox 0 0 1904 5875">
    <p class='ocr_par' dir='ltr' id='par_1_5' title="bbox 0 0 1904 5875">
     <span class='ocr_line' id='line_1_66' title="bbox 0 0 1904 5875; baseline 0 1"><span class='ocrx_word' id='word_1_960' title='bbox 0 0 1904 5875; x_wconf 95' lang='lat' dir='ltr'><strong> </strong></span> 
     </span>
    </p>
   </div>
  </div>
 </body>
</html>
