3800 5875
211 308 271 365 550
766 304 950 364 HISTORIA
971 305 1088 362 Danai
1107 305 1157 362 ΕΤ
1176 305 1280 364 aaut.

208 466 316 521 modico
330 466 403 538 igne,
418 465 520 537 absque
534 464 617 521 fumis
630 469 658 519 et
671 464 730 519 siae
743 464 919 520 calefactione
931 464 995 519 vitri
1033 480 1114 535 quam
1123 462 1282 527 substantia,
1292 460 1381 533 qualia
1388 460 1484 518 itidem
1493 467 1536 516 est
1541 458 1667 515 dihtatio
1673 456 1833 529 pulverum

208 544 271 608 slis,
287 561 369 615 quam
383 546 543 615 perignem.
1033 558 1068 596 aa
1082 557 1176 597 revera
1188 557 1285 612 corpus
1298 541 1388 611 ipsum
1401 538 1572 598 metatorum
1583 537 1716 593 dilatetur
1729 536 1759 591 ia
1772 535 1835 591 snb

246 624 275 679 3.
295 624 396 692 Accipe
415 625 521 695 argenti
535 623 591 678 viri
605 623 634 677 in
649 638 759 691 corpore
773 622 878 692 pondus
891 623 926 675 ad
939 621 995 692 pla·
1034 622 1142 675 stantia.
1185 621 1245 676 Hoc
1267 618 1422 688 hujusmodi
1444 619 1632 689 experimento
1653 615 1766 689 prebui
1785 632 1836 686 po·

206 702 297 766 citam,
311 701 422 773 duplum
440 720 519 775 aqam
535 702 630 756 tortis:
652 701 748 772 ponito
767 700 848 756 simul
867 702 897 755 in
915 702 994 764 vitro,
1034 707 1095 755 test.
1135 699 1260 754 Pondere
1273 706 1414 770 argentam
1427 698 1537 761 rivum
1559 697 1658 767 excipe
1673 696 1759 750 etiam
1773 710 1834 749 ωο-

205 796 295 851 neque
308 798 341 835 es
355 782 389 835 sd
402 781 744 851 ignemomninondmovc.
774 779 899 834 Attamen
913 780 996 849 paulo
1033 778 1126 833 dulum
1140 778 1199 846 ejas
1212 778 1241 832 in
1255 777 1353 832 situla:
1374 778 1494 847 pondera
1512 774 1637 830 similiter
1655 790 1756 846 aquam
1776 774 1833 829 ior·

205 867 269 930 post
282 860 404 931 insurget
416 861 487 914 intra
494 876 591 930 corpas
605 876 683 930 aqam
696 859 781 913 instar
792 856 910 929 pulveris
917 868 995 913 tena-
1034 866 1097 922 tem,
1108 865 1137 911 et
1150 858 1247 927 excipe
1258 856 1394 910 modulum
1405 856 1465 924 ejas
1474 857 1504 909 ia
1513 854 1601 909 altera
1610 854 1710 908 situla:
1732 853 1832 907 deinde

205 938 300 1003 issimi,
314 945 341 993 et
360 940 430 993 iutra
443 939 561 1009 spatium
580 938 662 1002 horae,
676 937 778 1007 absque
801 939 872 1008 igne,
892 938 993 1008 absque
1033 935 1149 991 dissolve
1171 944 1198 990 et
1218 937 1362 1005 incorpora
1382 950 1416 989 ea
1436 934 1517 990 modo
1535 933 1712 1004 supradictae
1734 940 1834 1003 postes

205 1015 295 1082 iumis,
310 1017 412 1088 absque
425 1016 549 1081 tumultu,
563 1025 679 1072 vertetur
699 1031 796 1087 corpus
816 1017 993 1071 commixtum
1033 1015 1153 1085 pondera
1164 1014 1372 1085 incorporatum,
1385 1021 1412 1068 et
1421 1013 1536 1068 immitte
1549 1012 1716 1068 illadetiam
1725 1012 1754 1066 in
1764 1010 1832 1066 dass

206 1095 345 1167 inaquam
359 1097 427 1151 bene
441 1096 551 1151 claram.
1032 1094 1094 1148 illas
1107 1093 1209 1158 situlas,
1223 1101 1335 1158 etanta,
1349 1092 1373 1146 si
1387 1092 1492 1163 pondus
1504 1100 1531 1147 et
1543 1107 1674 1148 mensura
1686 1090 1832 1162 compositi

245 1176 272 1230 4.
293 1173 395 1245 Accipe
408 1175 547 1245 plumbum
560 1177 590 1229 in
610 1172 727 1229 lamellis
741 1173 776 1227 ad
795 1172 876 1244 pond.
890 1174 950 1228 dea.
969 1173 993 1228 l.
1032 1172 1067 1227 ad
1079 1173 1184 1242 pondus
1197 1180 1225 1227 et
1237 1188 1390 1227 meusarsm
1399 1171 1564 1243 simpliciam
1575 1171 1651 1239 jaste
1661 1170 1831 1242 respmdeat.

204 1270 283 1324 aqum
295 1254 371 1310 iortis
384 1255 418 1309 ad
428 1254 510 1325 pond.
526 1255 586 1309 dea
601 1253 627 1308 9.
668 1255 731 1308 Non
746 1254 776 1307 fir
789 1254 860 1306 bona
873 1253 995 1322 incorpo
1032 1251 1292 1324 Delegimasautem
1302 1258 1442 1322 argentum
1452 1250 1544 1306 sirum
1554 1250 1591 1304 ad
1600 1249 1829 1322 experimentum,

205 1333 281 1398 ratio,
290 1341 321 1388 ut
332 1335 360 1387 in
374 1333 437 1388 aliis
450 1332 579 1396 metallise
595 1334 642 1387 sed
655 1350 726 1403 aqua
734 1332 850 1387 demittit
862 1331 995 1398 majorem
1033 1331 1098 1403 qaia
1111 1332 1201 1385 minor
1214 1337 1256 1386 est
1268 1329 1388 1400 suspicio
1401 1328 1515 1399 alicujus
1527 1329 1759 1401 consumptionis,
1768 1345 1829 1385 cam

205 1420 309 1482 partem
328 1412 432 1482 plumbi
454 1414 483 1467 in
503 1412 577 1466 calce
595 1412 630 1465 ad
650 1411 762 1466 lundam
782 1412 851 1474 vitri,
866 1417 992 1465 manente
1032 1410 1079 1464 fiat
1092 1409 1233 1465 dissolutio
1245 1409 1305 1463 sine
1317 1410 1391 1480 igne.

206 1507 277 1561 aqua
290 1491 454 1562 perturbata,
465 1491 513 1545 sed
522 1499 649 1563 vergente
663 1491 698 1544 ad
711 1489 888 1560 diaphauam.
1071 1489 1225 1543 Videndum
1239 1484 1357 1563 (obiter)
1375 1495 1466 1543 utrum
1483 1486 1628 1542 diuolntio
1645 1488 1757 1559 argenti
1775 1487 1828 1542 sisi

244 1569 273 1625 5.
296 1570 395 1640 Accipe
423 1571 529 1641 argenti
555 1571 583 1624 ia
611 1569 735 1634 lamellis,
759 1569 816 1625 sive
840 1566 994 1632 bracteolis,
1031 1566 1137 1638 lapides
1150 1567 1399 1639 pondemsissimos,
1413 1572 1463 1622 ant
1479 1567 1592 1621 toruus
1610 1574 1752 1629 aurnum,
1769 1584 1828 1624 aas·

204 1648 309 1719 pondus
322 1648 385 1704 den.
403 1647 429 1703 l.
442 1666 519 1722 aqua
532 1648 608 1703 fortis
621 1649 814 1719 punddenl.
828 1664 898 1718 pone
912 1663 995 1717 saper
1031 1646 1117 1701 tinent
1129 1655 1159 1701 at
1170 1648 1302 1702 innatent.
1343 1646 1666 1701 Etenimexrationibus
1680 1646 1828 1717 ponderum

205 1727 323 1783 iaculum
340 1728 370 1782 in
383 1728 460 1792 eitra
480 1745 542 1782 cum
559 1728 623 1798 igne
643 1726 723 1782 lento.
764 1726 883 1797 lasargit
900 1742 994 1796 argen·
1032 1725 1085 1780 hoc
1098 1725 1191 1798 colligi
1205 1733 1301 1796 potest.
1340 1726 1440 1796 Neque
1453 1724 1507 1780 hoc
1519 1725 1640 1796 pertinet
1659 1725 1698 1780 ad
1717 1727 1827 1780 miracu

205 1807 305 1861 tamin
319 1806 416 1870 arenis,
430 1806 689 1870 satbsrlluliaiutra
701 1822 798 1875 corpus
811 1822 897 1877 aqam,
911 1806 995 1873 majo·
1032 1803 1089 1860 lum
1102 1814 1130 1860 et
1147 1806 1333 1876 imposturam,
1347 1804 1395 1860 sed
1413 1805 1449 1860 ad
1464 1804 1687 1875 investigandam
1704 1813 1828 1860 naturam

206 1884 281 1940 ribus
293 1884 375 1956 paulo
388 1902 470 1956 quarn
484 1902 593 1948 auratae
613 1885 711 1940 deinde
729 1885 915 1954 incorporatur
932 1901 994 1939 cum
1033 1884 1211 1949 misturamm,
1224 1892 1255 1939 nt
1266 1900 1317 1939 suo
1329 1882 1409 1939 titulo
1421 1883 1571 1954 apparebit

206 1981 285 2035 aqna,
304 1973 331 2019 et
347 1973 486 2019 vertantur
507 1964 586 2018 simul
607 1964 635 2017 in
656 1963 787 2035 liquorem
808 1973 924 2026 tenuem,
945 1962 995 2017 sed
1071 1964 1173 2018 Notata
1187 1962 1269 2018 etiam
1287 1963 1398 2034 dignam
1415 1971 1466 2028 est,
1480 1962 1557 2030 (licet
1574 1977 1631 2017 non
1670 2005 1809 2049 m

206 2044 298 2098 album
315 2050 345 2096 et
357 2043 434 2112 quasi
453 2042 579 2097 lacteam.
620 2042 674 2096 Sed
693 2050 837 2116 postquam
856 2040 996 2113 paulisper
1032 2041 1068 2098 sit
1080 2043 1221 2113 prasentia
1234 2042 1443 2113 inquisitionis,)
1463 2042 1556 2096 omnia
1573 2057 1630 2096 me-

206 2121 335 2176 resederit
350 2120 439 2192 liquor
457 2129 485 2175 et
503 2121 646 2184 refrixerit,
665 2120 833 2190 ejaculantur
851 2120 921 2190 (siva
940 2120 994 2175 hoc
1033 2121 1105 2187 talla,
1119 2121 1184 2176 lieet
1196 2122 1252 2177 siat
1263 2122 1351 2192 aquis,
1365 2122 1395 2176 iu
1415 2120 1513 2193 quibas
1530 2118 1726 2184 amissurus,
1745 2119 1827 2190 insig-

207 2208 316 2254 emanet
326 2217 362 2255 cx
375 2199 493 2264 metallo,
506 2200 563 2254 sive
576 2217 613 2253 ex
634 2215 712 2271 aqua,
734 2200 790 2254 sire
811 2215 847 2254 ex
866 2199 993 2271 utroque)
1033 2201 1104 2255 niter
1126 2201 1257 2271 graviora,
1280 2201 1421 2255 tamenin
1444 2206 1507 2254 acta
1528 2200 1618 2269 primo
1640 2198 1826 2254 dimolationis

206 2278 343 2350 fragmina
363 2269 491 2349 glacialirl
512 2280 584 2333 intra
607 2295 704 2349 corpas
725 2296 816 2350 aqum:
850 2285 994 2350 postquam
1033 2280 1177 2334 ascendere
1191 2281 1222 2334 in
1239 2279 1358 2335 areualis
1376 2279 1420 2333 vel
1440 2277 1530 2334 bullis.
1572 2277 1665 2349 Atque
1686 2293 1723 2332 eo
1742 2279 1826 2349 magia

207 2366 296 2412 autem
311 2374 474 2427 permotam
487 2357 636 2428 longiorem
649 2359 756 2427 penitus
768 2357 906 2422 resederit,
917 2358 995 2412 clari·
1033 2358 1085 2413 hoc
1098 2360 1243 2414 nomadum
1258 2358 1390 2429 estquod
1401 2357 1449 2413 ubi
1462 2374 1517 2412 non
1531 2357 1694 2411 admovetur
1707 2357 1825 2429 iguisnt

207 2438 269 2492 licat
282 2454 311 2492 se
325 2437 421 2507 liquor,
435 2444 463 2489 et
476 2438 584 2491 devenit
600 2436 689 2492 claras
708 2444 738 2491 et
755 2436 933 2506 crystallinus,
947 2437 995 2493 de·
1032 2438 1061 2492 ia
1072 2446 1185 2509 argento
1197 2439 1266 2502 viva,
1279 2438 1353 2493 idem
1366 2436 1477 2492 iaciant

207 2515 558 2587 misssglacieiniundam.
593 2516 713 2570 Sustinet
723 2532 794 2586 aqua
802 2516 994 2582 onerationem,
1072 2517 1215 2573 Tumultus
1228 2519 1301 2571 intra
1313 2524 1405 2587 partes
1418 2514 1540 2586 corporis
1556 2514 1630 2569 inter
1655 2557 1825 2602 m

208 2594 315 2666 qualem
328 2594 357 2648 in
367 2611 440 2659 auro,
450 2604 479 2649 et
487 2597 519 2649 fit
528 2595 665 2650 dissolutio
674 2594 757 2649 simili
767 2595 824 2649 iere
835 2594 932 2662 calore,
942 2613 993 2650 nec
1033 2596 1239 2661 dissolvendam,
1260 2597 1339 2652 istam
1357 2595 1544 2650 asoensionem
1561 2610 1628 2647 can·

207 2673 312 2745 colligit
325 2672 441 2727 celocem
455 2691 505 2746 per
519 2683 623 2729 motum
636 2675 724 2745 magis
737 2691 818 2746 qaam
833 2690 935 2730 auram.
1033 2685 1082 2731 sat
1122 2677 1238 2731 Namin
1251 2674 1406 2730 vehementi
1419 2673 1542 2729 erasione
1555 2687 1674 2743 corpora
1686 2671 1826 2744 impellun-

248 2751 274 2807 6.
296 2752 395 2821 Accipe
409 2769 521 2825 caprum
534 2752 762 2808 inbractcolisad
776 2753 881 2824 pondus
894 2754 955 2808 den.
969 2754 994 2809 l.
1033 2760 1076 2809 tur
1092 2754 1217 2809 nonnihil
1235 2762 1311 2809 motu
1330 2753 1427 2820 locali3
1458 2760 1488 2808 at
1508 2752 1599 2806 videre
1622 2761 1668 2806 est
1687 2750 1718 2806 in
1739 2751 1825 2822 lapide

207 2847 285 2902 aqam
298 2832 374 2886 fortis
388 2832 422 2886 ad
442 2832 546 2903 pondus
565 2832 625 2886 dea.
647 2831 676 2886 6.
717 2832 797 2887 Mitte
819 2849 902 2903 super
921 2832 995 2887 ioca·
1033 2850 1117 2904 parvo
1130 2833 1262 2905 glareosa,
1277 2834 1324 2905 qai
1340 2833 1445 2904 positus
1462 2832 1492 2887 in
1510 2840 1586 2887 aceto
1605 2831 1670 2885 forti
1690 2832 1728 2887 ad
1744 2830 1825 2885 latere

206 2908 273 2967 lam.
323 2910 450 2982 insurget
474 2928 587 2984 caprum
612 2913 641 2966 in
663 2911 774 2967 ballulis
797 2911 854 2967 sivo
877 2912 995 2967 arenulis
1033 2912 1148 2985 patellas,
1164 2915 1207 2985 (ut
1220 2912 1327 2969 facilins
1339 2909 1466 2981 labatur.)
1474 2928 1523 2983 per
1531 2911 1606 2966 vices
1617 2909 1721 2982 gliscit,
1735 2910 1825 2983 atpis

206 2990 355 3059 majoribus
374 2991 463 3046 adbuc
482 3009 562 3063 quarn
582 3000 732 3062 argentum.
772 2991 858 3046 Paulo
875 2999 937 3063 post
955 2993 995 3046 in·
1033 2992 1143 3049 cicalae.
1183 2993 1233 3047 Est
1246 3001 1273 3048 et
1287 2990 1664 3064 genuslapidisaatsncsilis,
1685 2993 1760 3063 qaod
1776 2992 1824 3046 im·

206 3077 364 3141 corporatur
376 3087 439 3126 cum
452 3086 530 3142 aqua,
545 3080 573 3125 et
586 3087 683 3141 corpas
696 3071 871 3125 commixtam
882 3071 996 3127 vertitur
1033 3073 1145 3127 missam
1157 3072 1187 3127 ia
1200 3081 1306 3127 acetum
1324 3072 1469 3143 irrequiete
1487 3087 1517 3126 ae
1531 3070 1627 3143 agitm,
1641 3078 1672 3125 et
1692 3070 1749 3127 huc
1764 3069 1825 3127 illuc

206 3148 236 3203 in
249 3148 381 3222 liquorem
394 3150 548 3215 caeruleam,
561 3150 712 3214 turbidam,
732 3150 994 3221 sedpcstquamre·
1033 3153 1122 3207 currit.
1162 3151 1275 3223 Atquae
1284 3152 1343 3206 sine
1356 3152 1459 3222 impeta
1468 3149 1687 3204 istomimentur
1701 3147 1826 3224 (atarbi-

207 3229 315 3294 sedcrit,
329 3228 458 3282 clarificat
470 3246 499 3283 se
514 3229 621 3284 aetheris
634 3229 720 3283 instar
729 3228 759 3282 in
771 3229 925 3293 coeralcam,
936 3230 995 3301 pal·
1034 3225 1105 3304 teor)
1118 3231 1172 3286 nisi
1185 3236 1320 3303 qnmsata,
1332 3246 1387 3285 non
1397 3230 1561 3296 ascendunt;
1581 3227 1659 3284 relat
1668 3229 1824 3284 saccharum

206 3306 311 3371 chram,
325 3313 353 3360 et
371 3306 548 3377 splendidum,
566 3307 691 3362 demissis
709 3308 738 3361 in
757 3308 868 3363 tandum
883 3308 995 3365 ioecibas
1032 3308 1062 3364 in
1075 3309 1159 3365 iundo
1171 3326 1249 3382 aqam
1261 3327 1316 3364 non
1329 3309 1465 3365 dulcificat
1477 3308 1507 3363 in
1521 3323 1646 3375 summor
1667 3324 1722 3364 nec
1734 3322 1825 3365 cructet

206 3385 293 3441 instar
309 3385 436 3456 pulveris,
451 3403 511 3457 qaae
531 3395 621 3441 tamen
640 3387 708 3457 ipsm
722 3404 770 3461 per
788 3404 891 3443 moram
906 3388 994 3443 immi·
1034 3389 1143 3454 colorat,
1158 3390 1212 3443 nisi
1225 3396 1365 3444 moveatur
1377 3395 1406 3443 et
1417 3388 1544 3459 agitetur.

206 3474 332 3530 ceantur,
351 3473 379 3518 et
400 3466 554 3530 ascendunt,
578 3473 606 3519 et
622 3465 835 3536 incorporantur.
876 3466 914 3521 rit
932 3468 994 3522 dea.
1073 3469 1275 3524 Transeundum
1290 3469 1325 3523 ad
1344 3466 1417 3524 aliud
1430 3483 1517 3539 genas
1529 3465 1629 3521 dilata·

205 3544 247 3599 illi
261 3562 311 3600 aex
324 3560 403 3616 aqam
416 3543 492 3599 fortis
506 3544 612 3598 solvant
624 3544 685 3598 dea.
698 3551 781 3600 totum
796 3545 882 3617 capri,
895 3554 926 3600 ut
938 3563 995 3602 sas·
1034 3547 1146 3611 tionum,
1162 3548 1233 3618 qaod
1251 3548 1333 3603 etiam
1351 3546 1488 3602 communi
1500 3544 1634 3601 vocabalo

206 3624 292 3678 tinent
305 3641 334 3679 se
348 3624 538 3694 onerariasque
556 3623 639 3694 duplo
657 3623 813 3695 plusquam
833 3626 862 3678 in
881 3641 947 3680 caro
967 3635 996 3681 et
1033 3626 1235 3682 dissolutionum
1247 3625 1291 3701 (in
1301 3622 1452 3699 aliquibus)
1462 3630 1640 3695 nuncupabit.
1682 3622 1824 3678 Fitaaterc

206 3712 327 3775 argento.
367 3699 495 3773 Concipit
515 3712 605 3758 autem
625 3702 765 3759 dissolutio
784 3704 859 3774 cupri
877 3703 995 3762 calorem
1034 3707 1080 3761 ubi
1094 3723 1207 3779 corpora
1219 3723 1313 3762 versas
1327 3706 1382 3761 alia
1393 3721 1508 3776 corpora
1528 3704 1618 3758 amica
1629 3702 1756 3759 ruantia
1773 3719 1825 3756 em·

206 3784 379 3837 manifestum
386 3782 583 3852 pertumultam
590 3783 753 3847 interiorem,
761 3784 842 3837 etiam
850 3792 995 3856 antequam
1033 3786 1161 3856 plexamr
1182 3794 1218 3850 et,
1231 3787 1255 3840 si
1268 3786 1347 3841 datar
1360 3785 1446 3856 capia,
1460 3783 1586 3854 aperitmt
1598 3799 1629 3837 se
1639 3791 1673 3838 ut
1684 3781 1736 3836 illa
1747 3784 1825 3838 intro
1884 3786 1885 3791 ’

206 3861 379 3917 admoveatur
392 3861 426 3913 ad
439 3861 540 3930 ignem.
1033 3865 1144 3935 cipiunt
1183 3866 1282 3935 Neque
1297 3866 1327 3919 fit
1340 3865 1398 3919 hac
1407 3872 1535 3935 apertura
1542 3862 1710 3918 tumultuose
1720 3870 1767 3917 aut
1778 3877 1825 3932 per
1884 3898 1885 3917 ί

246 3939 275 4001 7.
296 3940 397 4012 Accipe
408 3948 533 3995 stannum
546 3940 575 3995 in
594 3939 737 3996 bracteolis
755 3942 789 3994 ad
809 3941 914 4011 pondus
933 3941 994 3997 den.
1033 3944 1247 4014 penetrationem
1261 3942 1574 4015 corporisingredientis,
1586 3939 1824 4015 (utinaqnistos
1884 3944 1885 4001 ἓ

210 4018 233 4074 l.
253 4036 330 4090 aquae
349 4020 424 4073 sortis
442 4019 476 4073 nd
498 4020 577 4090 pond.
599 4020 659 4074 den.
681 4020 708 4075 3.
730 4026 758 4073 et
777 4020 889 4075 vertitur
910 4028 994 4075 toturn
1033 4017 1129 4096 tibus)
1156 4024 1205 4078 sed
1225 4023 1339 4094 placide,
1362 4029 1392 4077 et
1409 4038 1459 4093 per
1481 4020 1683 4077 rdmdonem
1706 4021 1824 4093 carparis
1884 4008 1885 4031 ¹

205 4099 345 4153 metallum
357 4099 386 4152 ia
401 4114 498 4168 corpus
516 4099 604 4153 sinale
623 4098 684 4153 flori
702 4099 782 4152 lactis
799 4107 846 4153 aut
863 4100 993 4170 coagulo;
1033 4102 1198 4173 recipientis.

205 4193 256 4231 nec
267 4177 345 4231 facile
355 4193 384 4231 se
395 4176 543 4242 clarificats
564 4186 594 4234 et
602 4178 721 4249 concipit
734 4179 793 4234 siae
802 4178 865 4249 igne
876 4179 994 4234 calorem

205 4256 386 4310 manifestam.
1034 4241 1243 4282 nrasrarrottas
1263 4241 1320 4282 era
1339 4241 1499 4282 suranna
1520 4240 1554 4280 ιτ
1582 4239 1742 4282 acnuam
1763 4240 1823 4281 caa-

245 4334 272 4389 8.
294 4335 392 4402 Accipe
408 4334 471 4388 ierri
486 4335 514 4388 in
527 4335 635 4391 laminis
648 4337 727 4406 pond
739 4334 801 4391 den.
817 4336 841 4391 l.
852 4352 930 4406 aque
943 4337 996 4391 for·
1332 4321 1415 4362 '⁰⁸¹⁸
1435 4320 1529 4362 mm·
1883 4390 1884 4393 ,

206 4414 242 4467 tis
255 4414 337 4484 pond.
351 4415 412 4469 den.
427 4413 455 4469 9.
470 4420 497 4467 et
511 4414 569 4470 sine
584 4415 646 4485 igne
660 4416 746 4486 surgit
763 4416 865 4470 ferram
878 4417 905 4470 in
920 4432 996 4487 mag·
1076 4415 1100 4469 l.
1122 4414 1294 4471 Saccasena
1302 4421 1330 4469 et
1339 4415 1444 4487 gummi
1453 4412 1590 4479 nonnulla,
1598 4420 1631 4471 ut
1689 4456 1795 4502 mm

204 4491 247 4546 nis
262 4490 350 4557 bullis,
364 4510 418 4547 non
432 4501 533 4548 tantum
547 4495 619 4549 intra
632 4512 729 4566 corpas
742 4511 829 4566 aquae,
843 4494 890 4548 sed
904 4512 994 4564 supra,
1034 4495 1246 4565 tragacantham,
1258 4494 1288 4549 in
1301 4493 1451 4566 liquoribus
1464 4494 1562 4559 initian,
1576 4493 1629 4548 sol·

204 4572 273 4626 adeo
286 4578 315 4625 at
328 4570 440 4626 ebulliat
453 4580 530 4626 extra
544 4590 574 4627 os
587 4574 657 4638 vitri,
671 4583 752 4646 atque
765 4576 876 4643 insuper
889 4575 995 4630 emittat
1029 4583 1145 4649 paulae,
1175 4573 1270 4629 laxant
1287 4575 1359 4627 enim
1378 4573 1493 4628 libenter
1511 4568 1614 4648 (instar
1632 4564 1822 4643 spongiarum)

204 4652 342 4721 copiosam
365 4659 392 4704 et
413 4647 525 4705 densam
546 4648 650 4707 iamam
669 4670 810 4717 croceame
831 4654 912 4723 idque
933 4670 994 4709 curn
1034 4660 1123 4721 partes
1136 4669 1200 4707 suaa
1212 4653 1248 4709 ad
1261 4653 1445 4723 recipiendam
1458 4650 1599 4722 liquorem.

203 4730 325 4785 maximo
334 4729 450 4784 tumultu
459 4737 487 4782 et
496 4730 584 4786 calore
594 4731 838 4795 vehementissimo,
849 4740 876 4785 et
886 4733 994 4802 qualem
1072 4731 1100 4786 2.
1131 4731 1264 4803 Papyras,
1292 4741 1358 4797 seta,
1385 4731 1456 4796 lana,
1480 4740 1509 4786 et
1533 4729 1693 4800 hujusmodi
1718 4742 1822 4801 paron,

203 4825 299 4865 manas
311 4827 366 4866 nou
379 4809 518 4865 sustineat.
1020 4809 1182 4880 ,liquoribus
1194 4811 1330 4876 immersa,
1344 4819 1391 4866 sat
1405 4809 1473 4865 alias
1488 4811 1653 4873 humectata,
1666 4809 1708 4864 ita
1720 4824 1751 4863 se
1763 4822 1823 4877 ape·

437 4886 558 4943 Dubiam
580 4905 634 4943 non
658 4899 708 4955 est,
732 4890 798 4961 quin
821 4890 892 4945 vires
913 4890 995 4945 varin
1032 4888 1112 4953 rium,
1126 4895 1156 4944 at
1168 4888 1312 4944 deveniant
1321 4890 1409 4962 magis
1419 4888 1520 4955 mollia,
1529 4887 1695 4955 lacerabilis,
1710 4884 1821 4959 etqmci

397 4982 529 5036 aquaram
544 4967 653 5023 iortiam
672 4970 837 5024 diversorum
857 4985 994 5040 generum,
1033 4968 1132 5039 patria.

203 5054 233 5102 et
245 5048 319 5102 modi
332 5045 404 5118 ignis
419 5047 475 5099 sive
489 5045 594 5108 caloris,
609 5048 656 5118 qni
669 5048 820 5113 adhibetur,
835 5048 901 5103 istas
914 5065 995 5119 aper·
1073 5048 1102 5101 3.
1125 5046 1231 5102 Gaudia
1248 5047 1388 5111 cubitant
1408 5047 1444 5102 ab
1461 5047 1585 5103 nuntiam
1603 5046 1715 5110 bonam.
1728 5059 1819 5115 tapet-

204 5136 278 5182 taras
291 5126 374 5181 etiam
386 5124 491 5180 sanare
506 5125 616 5194 possint.
1034 5133 1090 5180 tum
1104 5126 1161 5194 ejus
1175 5127 1247 5196 qaod
1259 5126 1312 5181 tuit
1324 5126 1353 5179 in
1367 5126 1509 5190 desiderio,
1522 5132 1550 5180 et
1570 5125 1679 5191 similia,
1693 5124 1758 5179 licet
1768 5137 1820 5176 nnc

233 5248 346 5291 mm
434 5202 938 5265 Qualissitisaasssatiomeallomn
946 5222 997 5276 per
1033 5205 1404 5276 corpasampleetantar,sed
1417 5205 1590 5275 phantasiam
1600 5204 1728 5276 aliquam,
1740 5199 1820 5256 nibil·

1682 3510 1803 3555 comnia·

228 4935 347 4977 tinnitum.

396 5291 536 5353 aperturas
555 5282 715 5336 ridendam:
744 5294 833 5339 utram
854 5286 890 5339 sit
910 5286 997 5339 instar
1034 5284 1139 5339 ominus
1150 5285 1261 5356 spiritus
1271 5283 1429 5339 animalium
1437 5284 1581 5356 insigniter
1590 5284 1721 5348 dilamut3
1740 5281 1819 5350 idque

203 5358 366 5414 dilatationis
380 5362 438 5415 auri
450 5361 546 5427 foliati,
557 5379 618 5432 qum
628 5366 669 5415 est
678 5362 941 5431 pseudomreiactio,
953 5364 997 5434 (at
1033 5362 1168 5417 interdum
1181 5379 1243 5419 curn
1256 5362 1377 5432 periculo
1389 5364 1525 5435 repentini
1538 5362 1651 5435 deliquii
1664 5372 1711 5420 sat
1720 5359 1818 5417 matti&

204 5452 269 5490 mox
295 5437 437 5509 dicemua,)
461 5442 526 5510 qaia
551 5456 649 5510 corpus
674 5440 802 5495 dilatatur
825 5442 916 5511 potius
935 5443 997 5496 loco
1034 5440 1130 5497 Simile
1144 5442 1567 5514 iacitimagiuatioiavenereis.
