<?xml version="1.0" encoding="UTF-8"?>
<!DOCTYPE html PUBLIC "-//W3C//DTD XHTML 1.0 Transitional//EN"
    "http://www.w3.org/TR/xhtml1/DTD/xhtml1-transitional.dtd">
<html xmlns="http://www.w3.org/1999/xhtml" xml:lang="en" lang="en">
 <head>
  <title>
</title>
<meta http-equiv="Content-Type" content="text/html;charset=utf-8" />
  <meta name='ocr-system' content='tesseract 3.04.00' />
  <meta name='ocr-capabilities' content='ocr_page ocr_carea ocr_par ocr_line ocrx_word'/>
</head>
<body>
  <div class='ocr_page' id='page_1' title='image "./workslordbaconw00bacogoog_0593.png"; bbox 0 0 3800 5875; ppageno 0'>
   <div class='ocr_carea' id='block_1_1' title="bbox 590 313 1666 378">
    <p class='ocr_par' dir='ltr' id='par_1_1' title="bbox 590 313 1666 378">
     <span class='ocr_line' id='line_1_1' title="bbox 590 313 1666 378; baseline 0.004 -8"><span class='ocrx_word' id='word_1_1' title='bbox 590 313 772 370; x_wconf 79' lang='lat' dir='ltr'>HISTORIA</span> <span class='ocrx_word' id='word_1_2' title='bbox 794 314 893 369; x_wconf 78' lang='lat' dir='ltr'><strong>Vl&#39;l&#39;AE</strong></span> <span class='ocrx_word' id='word_1_3' title='bbox 913 315 962 370; x_wconf 84' lang='lat' dir='ltr'><strong>ET</strong></span> <span class='ocrx_word' id='word_1_4' title='bbox 983 315 1136 372; x_wconf 78' lang='lat' dir='ltr'><strong>MOR&#39;l&#39;lS.</strong></span> <span class='ocrx_word' id='word_1_5' title='bbox 1610 317 1666 378; x_wconf 85' lang='grc'><strong>567</strong></span> 
     </span>
    </p>
   </div>
   <div class='ocr_carea' id='block_1_2' title="bbox 64 470 1679 5305">
    <p class='ocr_par' dir='ltr' id='par_1_2' title="bbox 64 470 1669 608">
     <span class='ocr_line' id='line_1_2' title="bbox 64 470 1669 544; baseline 0.001 -17"><span class='ocrx_word' id='word_1_6' title='bbox 64 488 121 527; x_wconf 86' lang='lat' dir='ltr'><strong>num</strong></span> <span class='ocrx_word' id='word_1_7' title='bbox 132 471 255 542; x_wconf 83' lang='lat' dir='ltr'><strong>attingit:</strong></span> <span class='ocrx_word' id='word_1_8' title='bbox 274 470 439 527; x_wconf 86' lang='lat' dir='ltr'><strong>ordinarium</strong></span> <span class='ocrx_word' id='word_1_9' title='bbox 451 479 545 527; x_wconf 87' lang='lat' dir='ltr'><strong>autem</strong></span> <span class='ocrx_word' id='word_1_10' title='bbox 559 471 723 527; x_wconf 89' lang='lat' dir='ltr'><strong>curriculum</strong></span> <span class='ocrx_word' id='word_1_11' title='bbox 744 472 843 542; x_wconf 88' lang='lat' dir='ltr'><strong>viginti</strong></span> <span class='ocrx_word' id='word_1_12' title='bbox 879 489 934 526; x_wconf 91' lang='lat' dir='ltr'><strong>non</strong></span> <span class='ocrx_word' id='word_1_13' title='bbox 947 480 1065 544; x_wconf 86' lang='lat' dir='ltr'><strong>gestant,</strong></span> <span class='ocrx_word' id='word_1_14' title='bbox 1079 473 1127 528; x_wconf 90' lang='lat' dir='ltr'><strong>sed</strong></span> <span class='ocrx_word' id='word_1_15' title='bbox 1140 491 1192 528; x_wconf 92' lang='lat' dir='ltr'><strong>ova</strong></span> <span class='ocrx_word' id='word_1_16' title='bbox 1211 474 1358 529; x_wconf 86' lang='lat' dir='ltr'><strong>excludunt</strong></span> <span class='ocrx_word' id='word_1_17' title='bbox 1378 490 1426 543; x_wconf 87' lang='lat' dir='ltr'><strong>per</strong></span> <span class='ocrx_word' id='word_1_18' title='bbox 1446 472 1533 529; x_wconf 82' lang='lat' dir='ltr'><strong>vices:</strong></span> <span class='ocrx_word' id='word_1_19' title='bbox 1557 475 1624 528; x_wconf 91' lang='lat' dir='ltr'><strong>unde</strong></span> <span class='ocrx_word' id='word_1_20' title='bbox 1638 475 1669 529; x_wconf 90' lang='lat' dir='ltr'><strong>li-</strong></span> 
     </span>
     <span class='ocr_line' id='line_1_3' title="bbox 64 550 1382 608; baseline 0 -2"><span class='ocrx_word' id='word_1_21' title='bbox 64 567 184 606; x_wconf 84' lang='lat' dir='ltr'><strong>aunorum</strong></span> <span class='ocrx_word' id='word_1_22' title='bbox 196 558 254 604; x_wconf 85' lang='lat' dir='ltr'><strong>est:</strong></span> <span class='ocrx_word' id='word_1_23' title='bbox 274 551 321 604; x_wconf 87' lang='lat' dir='ltr'><strong>sed</strong></span> <span class='ocrx_word' id='word_1_24' title='bbox 334 551 405 604; x_wconf 89' lang='lat' dir='ltr'><strong>hanc</strong></span> <span class='ocrx_word' id='word_1_25' title='bbox 420 551 578 607; x_wconf 85' lang='lat' dir='ltr'><strong>brevitatem</strong></span> <span class='ocrx_word' id='word_1_26' title='bbox 593 552 655 606; x_wconf 82' lang='lat' dir='ltr'><strong>vitm</strong></span> <span class='ocrx_word' id='word_1_27' title='bbox 668 550 781 605; x_wconf 81' lang='lat' dir='ltr'><strong>fortasse</strong></span> <span class='ocrx_word' id='word_1_28' title='bbox 796 551 843 606; x_wconf 81' lang='lat' dir='ltr'><strong>lio-</strong></span> <span class='ocrx_word' id='word_1_29' title='bbox 879 551 998 607; x_wconf 87' lang='lat' dir='ltr'><strong>beralius</strong></span> <span class='ocrx_word' id='word_1_30' title='bbox 1012 554 1111 608; x_wconf 88' lang='lat' dir='ltr'><strong>sufficit</strong></span> <span class='ocrx_word' id='word_1_31' title='bbox 1125 552 1280 607; x_wconf 83' lang='lat' dir='ltr'><strong>alimentum</strong></span> <span class='ocrx_word' id='word_1_32' title='bbox 1296 552 1382 607; x_wconf 85' lang='lat' dir='ltr'><strong>ioetui.</strong></span> 
     </span>
    </p>

    <p class='ocr_par' dir='ltr' id='par_1_3' title="bbox 64 628 1671 1101">
     <span class='ocr_line' id='line_1_4' title="bbox 65 628 1671 703; baseline 0.003 -19"><span class='ocrx_word' id='word_1_33' title='bbox 65 629 123 685; x_wconf 86' lang='lat' dir='ltr'><strong>mini</strong></span> <span class='ocrx_word' id='word_1_34' title='bbox 139 629 230 693; x_wconf 84' lang='lat' dir='ltr'><strong>dabet;</strong></span> <span class='ocrx_word' id='word_1_35' title='bbox 250 628 345 683; x_wconf 88' lang='lat' dir='ltr'><strong>desunt</strong></span> <span class='ocrx_word' id='word_1_36' title='bbox 363 631 437 685; x_wconf 91' lang='lat' dir='ltr'><strong>enim</strong></span> <span class='ocrx_word' id='word_1_37' title='bbox 451 632 509 699; x_wconf 88' lang='lat' dir='ltr'><strong>jam</strong></span> <span class='ocrx_word' id='word_1_38' title='bbox 529 631 608 685; x_wconf 90' lang='lat' dir='ltr'><strong>uobis</strong></span> <span class='ocrx_word' id='word_1_39' title='bbox 623 630 687 701; x_wconf 88' lang='lat' dir='ltr'><strong>equi</strong></span> <span class='ocrx_word' id='word_1_40' title='bbox 708 630 781 694; x_wconf 85' lang='lat' dir='ltr'><strong>solis,</strong></span> <span class='ocrx_word' id='word_1_41' title='bbox 797 635 843 700; x_wconf 90' lang='lat' dir='ltr'><strong>qui</strong></span> <span class='ocrx_word' id='word_1_42' title='bbox 922 629 965 684; x_wconf 86' lang='lat'><strong>19.</strong></span> <span class='ocrx_word' id='word_1_43' title='bbox 987 632 1060 687; x_wconf 87' lang='lat' dir='ltr'><strong>Aves</strong></span> <span class='ocrx_word' id='word_1_44' title='bbox 1074 649 1171 703; x_wconf 89' lang='lat' dir='ltr'><strong>parum</strong></span> <span class='ocrx_word' id='word_1_45' title='bbox 1185 639 1232 686; x_wconf 90' lang='lat' dir='ltr'><strong>aut</strong></span> <span class='ocrx_word' id='word_1_46' title='bbox 1252 632 1323 686; x_wconf 86' lang='lat' dir='ltr'><strong>nihil</strong></span> <span class='ocrx_word' id='word_1_47' title='bbox 1345 632 1474 686; x_wconf 89' lang='lat' dir='ltr'><strong>alimenta</strong></span> <span class='ocrx_word' id='word_1_48' title='bbox 1490 634 1627 696; x_wconf 86' lang='lat' dir='ltr'><strong>mandunt,</strong></span> <span class='ocrx_word' id='word_1_49' title='bbox 1641 643 1671 689; x_wconf 90' lang='lat' dir='ltr'><strong>ut</strong></span> 
     </span>
     <span class='ocr_line' id='line_1_5' title="bbox 64 708 1669 782; baseline 0.001 -19"><span class='ocrx_word' id='word_1_50' title='bbox 64 708 294 779; x_wconf 83' lang='lat' dir='ltr'><strong>inpascuisliberi</strong></span> <span class='ocrx_word' id='word_1_51' title='bbox 309 709 405 764; x_wconf 81' lang='lat' dir='ltr'><strong>etlaeti</strong></span> <span class='ocrx_word' id='word_1_52' title='bbox 419 710 565 781; x_wconf 76' lang='lat' dir='ltr'><strong>degebant.</strong></span> <span class='ocrx_word' id='word_1_53' title='bbox 606 710 733 764; x_wconf 76' lang='lat' dir='ltr'><strong>Attamen</strong></span> <span class='ocrx_word' id='word_1_54' title='bbox 747 711 843 766; x_wconf 88' lang='lat' dir='ltr'><strong>crescit</strong></span> <span class='ocrx_word' id='word_1_55' title='bbox 879 710 1016 782; x_wconf 89' lang='lat' dir='ltr'><strong>integrum</strong></span> <span class='ocrx_word' id='word_1_56' title='bbox 1029 729 1102 782; x_wconf 82' lang='lat' dir='ltr'><strong>raepe</strong></span> <span class='ocrx_word' id='word_1_57' title='bbox 1115 712 1268 782; x_wconf 79' lang='lat' dir='ltr'><strong>reperiatur</strong></span> <span class='ocrx_word' id='word_1_58' title='bbox 1286 712 1316 765; x_wconf 92' lang='lat' dir='ltr'><strong>in</strong></span> <span class='ocrx_word' id='word_1_59' title='bbox 1334 710 1407 782; x_wconf 92' lang='lat' dir='ltr'><strong>gulis</strong></span> <span class='ocrx_word' id='word_1_60' title='bbox 1421 711 1551 781; x_wconf 84' lang='lat' dir='ltr'><strong>ipsarum.</strong></span> <span class='ocrx_word' id='word_1_61' title='bbox 1592 712 1669 766; x_wconf 87' lang='lat' dir='ltr'><strong>Atta·</strong></span> 
     </span>
     <span class='ocr_line' id='line_1_6' title="bbox 64 787 1668 861; baseline 0.001 -18"><span class='ocrx_word' id='word_1_62' title='bbox 64 804 138 859; x_wconf 84' lang='lat' dir='ltr'><strong>equas</strong></span> <span class='ocrx_word' id='word_1_63' title='bbox 149 805 233 859; x_wconf 79' lang='lat' dir='ltr'><strong>usque</strong></span> <span class='ocrx_word' id='word_1_64' title='bbox 248 787 283 842; x_wconf 93' lang='lat' dir='ltr'><strong>ad</strong></span> <span class='ocrx_word' id='word_1_65' title='bbox 296 795 404 843; x_wconf 82' lang='lat' dir='ltr'><strong>sextum</strong></span> <span class='ocrx_word' id='word_1_66' title='bbox 417 806 525 855; x_wconf 87' lang='lat' dir='ltr'><strong>annum,</strong></span> <span class='ocrx_word' id='word_1_67' title='bbox 540 797 567 845; x_wconf 88' lang='lat' dir='ltr'><strong>et</strong></span> <span class='ocrx_word' id='word_1_68' title='bbox 580 789 735 860; x_wconf 85' lang='lat' dir='ltr'><strong>generatio</strong></span> <span class='ocrx_word' id='word_1_69' title='bbox 748 806 841 843; x_wconf 90' lang='lat' dir='ltr'><strong>senec·</strong></span> <span class='ocrx_word' id='word_1_70' title='bbox 879 806 942 844; x_wconf 91' lang='lat' dir='ltr'><strong>men</strong></span> <span class='ocrx_word' id='word_1_71' title='bbox 954 790 1080 861; x_wconf 82' lang='lat' dir='ltr'><strong>frangunt</strong></span> <span class='ocrx_word' id='word_1_72' title='bbox 1094 791 1226 845; x_wconf 84' lang='lat' dir='ltr'><strong>fructuum</strong></span> <span class='ocrx_word' id='word_1_73' title='bbox 1236 806 1326 855; x_wconf 86' lang='lat' dir='ltr'><strong>nuces,</strong></span> <span class='ocrx_word' id='word_1_74' title='bbox 1338 798 1365 844; x_wconf 90' lang='lat' dir='ltr'><strong>et</strong></span> <span class='ocrx_word' id='word_1_75' title='bbox 1371 789 1498 845; x_wconf 89' lang='lat' dir='ltr'><strong>nucleum</strong></span> <span class='ocrx_word' id='word_1_76' title='bbox 1509 799 1668 861; x_wconf 88' lang='lat' dir='ltr'><strong>excerpunt.</strong></span> 
     </span>
     <span class='ocr_line' id='line_1_7' title="bbox 65 866 1669 940; baseline 0.001 -19"><span class='ocrx_word' id='word_1_77' title='bbox 65 876 121 921; x_wconf 82' lang='lat' dir='ltr'><strong>tute.</strong></span> <span class='ocrx_word' id='word_1_78' title='bbox 159 866 252 922; x_wconf 83' lang='lat' dir='ltr'><strong>Gestat</strong></span> <span class='ocrx_word' id='word_1_79' title='bbox 265 867 347 922; x_wconf 89' lang='lat' dir='ltr'><strong>etiam</strong></span> <span class='ocrx_word' id='word_1_80' title='bbox 360 868 389 922; x_wconf 92' lang='lat' dir='ltr'><strong>in</strong></span> <span class='ocrx_word' id='word_1_81' title='bbox 402 876 480 924; x_wconf 86' lang='lat' dir='ltr'><strong>utero</strong></span> <span class='ocrx_word' id='word_1_82' title='bbox 494 886 564 940; x_wconf 88' lang='lat' dir='ltr'><strong>equa</strong></span> <span class='ocrx_word' id='word_1_83' title='bbox 583 869 683 924; x_wconf 90' lang='lat' dir='ltr'><strong>diutius</strong></span> <span class='ocrx_word' id='word_1_84' title='bbox 697 884 778 938; x_wconf 88' lang='lat' dir='ltr'><strong>quam</strong></span> <span class='ocrx_word' id='word_1_85' title='bbox 791 870 842 924; x_wconf 81' lang='lat' dir='ltr'><strong>foe·</strong></span> <span class='ocrx_word' id='word_1_86' title='bbox 879 868 1076 924; x_wconf 84' lang='lat' dir='ltr'><strong>Existimantur</strong></span> <span class='ocrx_word' id='word_1_87' title='bbox 1084 879 1172 924; x_wconf 89' lang='lat' dir='ltr'><strong>autem</strong></span> <span class='ocrx_word' id='word_1_88' title='bbox 1183 887 1242 925; x_wconf 87' lang='lat' dir='ltr'><strong>esse</strong></span> <span class='ocrx_word' id='word_1_89' title='bbox 1251 870 1432 924; x_wconf 87' lang='lat' dir='ltr'><strong>concoctionis</strong></span> <span class='ocrx_word' id='word_1_90' title='bbox 1443 869 1520 924; x_wconf 83' lang='lat' dir='ltr'><strong>fortis</strong></span> <span class='ocrx_word' id='word_1_91' title='bbox 1529 876 1558 924; x_wconf 91' lang='lat' dir='ltr'><strong>ct</strong></span> <span class='ocrx_word' id='word_1_92' title='bbox 1567 869 1669 924; x_wconf 75' lang='lat' dir='ltr'><strong>calida.</strong></span> 
     </span>
     <span class='ocr_line' id='line_1_8' title="bbox 65 946 1671 1018; baseline 0.004 -19"><span class='ocrx_word' id='word_1_93' title='bbox 65 947 134 1010; x_wconf 78' lang='lat' dir='ltr'><strong>mma,</strong></span> <span class='ocrx_word' id='word_1_94' title='bbox 147 947 215 1000; x_wconf 85' lang='lat' dir='ltr'><strong>etin</strong></span> <span class='ocrx_word' id='word_1_95' title='bbox 228 946 354 1018; x_wconf 87' lang='lat' dir='ltr'><strong>gemellis</strong></span> <span class='ocrx_word' id='word_1_96' title='bbox 366 947 453 1003; x_wconf 89' lang='lat' dir='ltr'><strong>rarior</strong></span> <span class='ocrx_word' id='word_1_97' title='bbox 468 955 517 1003; x_wconf 81' lang='lat' dir='ltr'><strong>est</strong></span> <span class='ocrx_word' id='word_1_98' title='bbox 558 948 659 1004; x_wconf 88' lang='lat' dir='ltr'><strong>Asinus</strong></span> <span class='ocrx_word' id='word_1_99' title='bbox 673 947 771 1004; x_wconf 86' lang='lat' dir='ltr'><strong>similis</strong></span> <span class='ocrx_word' id='word_1_100' title='bbox 784 949 841 1003; x_wconf 82' lang='lat' dir='ltr'><strong>iere</strong></span> <span class='ocrx_word' id='word_1_101' title='bbox 919 947 967 1002; x_wconf 83' lang='lat'><strong>20.</strong></span> <span class='ocrx_word' id='word_1_102' title='bbox 989 948 1084 1003; x_wconf 87' lang='lat' dir='ltr'><strong>Motus</strong></span> <span class='ocrx_word' id='word_1_103' title='bbox 1098 947 1194 1013; x_wconf 89' lang='lat' dir='ltr'><strong>avium,</strong></span> <span class='ocrx_word' id='word_1_104' title='bbox 1210 949 1273 1003; x_wconf 92' lang='lat' dir='ltr'><strong>dum</strong></span> <span class='ocrx_word' id='word_1_105' title='bbox 1292 948 1391 1012; x_wconf 87' lang='lat' dir='ltr'><strong>volant,</strong></span> <span class='ocrx_word' id='word_1_106' title='bbox 1411 950 1513 1003; x_wconf 80' lang='lat' dir='ltr'><strong>mixtus</strong></span> <span class='ocrx_word' id='word_1_107' title='bbox 1534 957 1583 1013; x_wconf 90' lang='lat' dir='ltr'><strong>est,</strong></span> <span class='ocrx_word' id='word_1_108' title='bbox 1601 949 1671 1005; x_wconf 87' lang='lat' dir='ltr'><strong>inter</strong></span> 
     </span>
     <span class='ocr_line' id='line_1_9' title="bbox 65 1026 1671 1101; baseline 0.001 -21"><span class='ocrx_word' id='word_1_109' title='bbox 65 1026 107 1080; x_wconf 83' lang='lat' dir='ltr'><strong>ari</strong></span> <span class='ocrx_word' id='word_1_110' title='bbox 117 1031 145 1079; x_wconf 92' lang='lat' dir='ltr'><strong>ut</strong></span> <span class='ocrx_word' id='word_1_111' title='bbox 156 1041 260 1096; x_wconf 62' lang='lat' dir='ltr'><strong>equum</strong></span> <span class='ocrx_word' id='word_1_112' title='bbox 278 1026 368 1082; x_wconf 88' lang='lat' dir='ltr'><strong>mulus</strong></span> <span class='ocrx_word' id='word_1_113' title='bbox 382 1034 494 1099; x_wconf 86' lang='lat' dir='ltr'><strong>utroque</strong></span> <span class='ocrx_word' id='word_1_114' title='bbox 508 1028 638 1083; x_wconf 87' lang='lat' dir='ltr'><strong>vivacior.</strong></span> <span class='ocrx_word' id='word_1_115' title='bbox 879 1036 981 1081; x_wconf 90' lang='lat' dir='ltr'><strong>motum</strong></span> <span class='ocrx_word' id='word_1_116' title='bbox 994 1037 1102 1082; x_wconf 90' lang='lat' dir='ltr'><strong>artuum</strong></span> <span class='ocrx_word' id='word_1_117' title='bbox 1116 1035 1144 1083; x_wconf 86' lang='lat' dir='ltr'><strong>et</strong></span> <span class='ocrx_word' id='word_1_118' title='bbox 1157 1028 1354 1101; x_wconf 68' lang='lat' dir='ltr'><strong>gestationem</strong></span> <span class='ocrx_word' id='word_1_119' title='bbox 1376 1027 1583 1083; x_wconf 86' lang='lat' dir='ltr'><strong>saluberrimum</strong></span> <span class='ocrx_word' id='word_1_120' title='bbox 1593 1045 1671 1083; x_wconf 84' lang='lat' dir='ltr'><strong>exer·</strong></span> 
     </span>
    </p>

    <p class='ocr_par' dir='ltr' id='par_1_4' title="bbox 64 1103 1671 1733">
     <span class='ocr_line' id='line_1_10' title="bbox 96 1103 1120 1179; baseline 0.003 -21"><span class='ocrx_word' id='word_1_121' title='bbox 96 1105 122 1160; x_wconf 80' lang='lat'><strong>8.</strong></span> <span class='ocrx_word' id='word_1_122' title='bbox 141 1103 288 1159; x_wconf 74' lang='lat' dir='ltr'><strong>cervorum</strong></span> <span class='ocrx_word' id='word_1_123' title='bbox 301 1107 358 1160; x_wconf 91' lang='lat' dir='ltr'><strong>rita</strong></span> <span class='ocrx_word' id='word_1_124' title='bbox 377 1106 527 1162; x_wconf 85' lang='lat' dir='ltr'><strong>celebratur</strong></span> <span class='ocrx_word' id='word_1_125' title='bbox 545 1106 629 1179; x_wconf 90' lang='lat' dir='ltr'><strong>vulgo</strong></span> <span class='ocrx_word' id='word_1_126' title='bbox 647 1105 682 1160; x_wconf 91' lang='lat' dir='ltr'><strong>ob</strong></span> <span class='ocrx_word' id='word_1_127' title='bbox 695 1107 841 1178; x_wconf 86' lang='lat' dir='ltr'><strong>longitudi·</strong></span> <span class='ocrx_word' id='word_1_128' title='bbox 879 1106 1013 1160; x_wconf 79' lang='lat' dir='ltr'><strong>citationis</strong></span> <span class='ocrx_word' id='word_1_129' title='bbox 1027 1124 1120 1177; x_wconf 89' lang='lat' dir='ltr'><strong>genus.</strong></span> 
     </span>
     <span class='ocr_line' id='line_1_11' title="bbox 64 1185 1669 1258; baseline 0.002 -21"><span class='ocrx_word' id='word_1_130' title='bbox 64 1200 133 1249; x_wconf 83' lang='lat' dir='ltr'><strong>oem;</strong></span> <span class='ocrx_word' id='word_1_131' title='bbox 151 1199 238 1254; x_wconf 85' lang='lat' dir='ltr'><strong>nequa</strong></span> <span class='ocrx_word' id='word_1_132' title='bbox 253 1191 344 1240; x_wconf 89' lang='lat' dir='ltr'><strong>tamen</strong></span> <span class='ocrx_word' id='word_1_133' title='bbox 358 1188 514 1241; x_wconf 90' lang='lat' dir='ltr'><strong>narratione</strong></span> <span class='ocrx_word' id='word_1_134' title='bbox 533 1185 625 1257; x_wconf 90' lang='lat' dir='ltr'><strong>aliqua</strong></span> <span class='ocrx_word' id='word_1_135' title='bbox 640 1194 728 1240; x_wconf 82' lang='lat' dir='ltr'><strong>certa:</strong></span> <span class='ocrx_word' id='word_1_136' title='bbox 749 1188 841 1240; x_wconf 88' lang='lat' dir='ltr'><strong>nescio</strong></span> <span class='ocrx_word' id='word_1_137' title='bbox 918 1186 966 1241; x_wconf 89' lang='grc'><strong>21.</strong></span> <span class='ocrx_word' id='word_1_138' title='bbox 987 1187 1029 1240; x_wconf 89' lang='lat' dir='ltr'><strong>De</strong></span> <span class='ocrx_word' id='word_1_139' title='bbox 1043 1186 1133 1241; x_wconf 88' lang='lat' dir='ltr'><strong>avium</strong></span> <span class='ocrx_word' id='word_1_140' title='bbox 1147 1185 1321 1258; x_wconf 78' lang='lat' dir='ltr'><strong>generatione</strong></span> <span class='ocrx_word' id='word_1_141' title='bbox 1336 1185 1497 1241; x_wconf 88' lang='lat' dir='ltr'><strong>Aristoteles</strong></span> <span class='ocrx_word' id='word_1_142' title='bbox 1509 1187 1578 1241; x_wconf 86' lang='lat' dir='ltr'><strong>bene</strong></span> <span class='ocrx_word' id='word_1_143' title='bbox 1592 1193 1669 1241; x_wconf 90' lang='lat' dir='ltr'><strong>nota-</strong></span> 
     </span>
     <span class='ocr_line' id='line_1_12' title="bbox 65 1261 1670 1339; baseline 0.002 -23"><span class='ocrx_word' id='word_1_144' title='bbox 65 1263 119 1333; x_wconf 91' lang='lat' dir='ltr'><strong>quid</strong></span> <span class='ocrx_word' id='word_1_145' title='bbox 130 1263 161 1317; x_wconf 86' lang='lat' dir='ltr'><strong>de</strong></span> <span class='ocrx_word' id='word_1_146' title='bbox 174 1280 256 1318; x_wconf 86' lang='lat' dir='ltr'><strong>cervo</strong></span> <span class='ocrx_word' id='word_1_147' title='bbox 267 1272 397 1336; x_wconf 85' lang='lat' dir='ltr'><strong>torquato,</strong></span> <span class='ocrx_word' id='word_1_148' title='bbox 408 1274 534 1337; x_wconf 89' lang='lat' dir='ltr'><strong>cooperta</strong></span> <span class='ocrx_word' id='word_1_149' title='bbox 547 1273 641 1337; x_wconf 88' lang='lat' dir='ltr'><strong>torque</strong></span> <span class='ocrx_word' id='word_1_150' title='bbox 654 1267 715 1335; x_wconf 83' lang='lat' dir='ltr'><strong>ipsa</strong></span> <span class='ocrx_word' id='word_1_151' title='bbox 727 1266 840 1336; x_wconf 88' lang='lat' dir='ltr'><strong>pingue-</strong></span> <span class='ocrx_word' id='word_1_152' title='bbox 877 1263 925 1327; x_wconf 90' lang='lat' dir='ltr'><strong>vit,</strong></span> <span class='ocrx_word' id='word_1_153' title='bbox 939 1262 1003 1339; x_wconf 89' lang='lat' dir='ltr'><strong>(sed</strong></span> <span class='ocrx_word' id='word_1_154' title='bbox 1017 1264 1087 1319; x_wconf 90' lang='lat' dir='ltr'><strong>male</strong></span> <span class='ocrx_word' id='word_1_155' title='bbox 1102 1266 1202 1319; x_wconf 87' lang='lat' dir='ltr'><strong>adalia</strong></span> <span class='ocrx_word' id='word_1_156' title='bbox 1216 1265 1343 1319; x_wconf 89' lang='lat' dir='ltr'><strong>animalia</strong></span> <span class='ocrx_word' id='word_1_157' title='bbox 1355 1261 1501 1338; x_wconf 65' lang='lat' dir='ltr'><strong>traduxit)</strong></span> <span class='ocrx_word' id='word_1_158' title='bbox 1515 1266 1605 1321; x_wconf 90' lang='lat' dir='ltr'><strong>minus</strong></span> <span class='ocrx_word' id='word_1_159' title='bbox 1616 1266 1670 1320; x_wconf 91' lang='lat' dir='ltr'><strong>sci·</strong></span> 
     </span>
     <span class='ocr_line' id='line_1_13' title="bbox 65 1342 1669 1415; baseline 0.001 -20"><span class='ocrx_word' id='word_1_160' title='bbox 65 1342 117 1396; x_wconf 82' lang='lat' dir='ltr'><strong>dine</strong></span> <span class='ocrx_word' id='word_1_161' title='bbox 131 1342 225 1408; x_wconf 85' lang='lat' dir='ltr'><strong>carnis,</strong></span> <span class='ocrx_word' id='word_1_162' title='bbox 240 1343 441 1399; x_wconf 82' lang='lat' dir='ltr'><strong>circumierunt.</strong></span> <span class='ocrx_word' id='word_1_163' title='bbox 481 1346 524 1401; x_wconf 81' lang='lat' dir='ltr'><strong>Eo</strong></span> <span class='ocrx_word' id='word_1_164' title='bbox 541 1346 631 1400; x_wconf 90' lang='lat' dir='ltr'><strong>minus</strong></span> <span class='ocrx_word' id='word_1_165' title='bbox 650 1345 787 1400; x_wconf 87' lang='lat' dir='ltr'><strong>credibilis</strong></span> <span class='ocrx_word' id='word_1_166' title='bbox 800 1353 841 1400; x_wconf 91' lang='lat' dir='ltr'><strong>est</strong></span> <span class='ocrx_word' id='word_1_167' title='bbox 878 1343 942 1398; x_wconf 87' lang='lat' dir='ltr'><strong>licet</strong></span> <span class='ocrx_word' id='word_1_168' title='bbox 956 1344 1180 1401; x_wconf 79' lang='lat' dir='ltr'><strong>conferresemen</strong></span> <span class='ocrx_word' id='word_1_169' title='bbox 1194 1345 1277 1398; x_wconf 89' lang='lat' dir='ltr'><strong>maris</strong></span> <span class='ocrx_word' id='word_1_170' title='bbox 1286 1345 1321 1398; x_wconf 95' lang='lat' dir='ltr'><strong>ad</strong></span> <span class='ocrx_word' id='word_1_171' title='bbox 1331 1345 1548 1415; x_wconf 69' lang='lat' dir='ltr'><strong>generationem</strong></span> <span class='ocrx_word' id='word_1_172' title='bbox 1569 1345 1616 1398; x_wconf 89' lang='lat' dir='ltr'><strong>sed</strong></span> <span class='ocrx_word' id='word_1_173' title='bbox 1624 1362 1669 1398; x_wconf 90' lang='lat' dir='ltr'><strong>ac·</strong></span> 
     </span>
     <span class='ocr_line' id='line_1_14' title="bbox 64 1420 1670 1496; baseline 0.002 -22"><span class='ocrx_word' id='word_1_174' title='bbox 64 1420 207 1492; x_wconf 81' lang='lat' dir='ltr'><strong>longavitas</strong></span> <span class='ocrx_word' id='word_1_175' title='bbox 219 1423 249 1476; x_wconf 90' lang='lat' dir='ltr'><strong>in</strong></span> <span class='ocrx_word' id='word_1_176' title='bbox 262 1440 350 1488; x_wconf 89' lang='lat' dir='ltr'><strong>cervo,</strong></span> <span class='ocrx_word' id='word_1_177' title='bbox 361 1425 434 1495; x_wconf 92' lang='lat' dir='ltr'><strong>quod</strong></span> <span class='ocrx_word' id='word_1_178' title='bbox 447 1426 541 1496; x_wconf 85' lang='lat' dir='ltr'><strong>quinto</strong></span> <span class='ocrx_word' id='word_1_179' title='bbox 551 1441 623 1479; x_wconf 89' lang='lat' dir='ltr'><strong>anno</strong></span> <span class='ocrx_word' id='word_1_180' title='bbox 637 1425 788 1496; x_wconf 86' lang='lat' dir='ltr'><strong>perficitur;</strong></span> <span class='ocrx_word' id='word_1_181' title='bbox 802 1432 841 1479; x_wconf 90' lang='lat' dir='ltr'><strong>at·</strong></span> <span class='ocrx_word' id='word_1_182' title='bbox 879 1423 1013 1479; x_wconf 89' lang='lat' dir='ltr'><strong>tivitatem</strong></span> <span class='ocrx_word' id='word_1_183' title='bbox 1023 1424 1112 1493; x_wconf 89' lang='lat' dir='ltr'><strong>potius</strong></span> <span class='ocrx_word' id='word_1_184' title='bbox 1125 1424 1225 1489; x_wconf 84' lang='lat' dir='ltr'><strong>indere,</strong></span> <span class='ocrx_word' id='word_1_185' title='bbox 1236 1441 1316 1494; x_wconf 88' lang='lat' dir='ltr'><strong>quam</strong></span> <span class='ocrx_word' id='word_1_186' title='bbox 1326 1426 1483 1487; x_wconf 67' lang='lat' dir='ltr'><strong>materiamr</strong></span> <span class='ocrx_word' id='word_1_187' title='bbox 1503 1423 1574 1478; x_wconf 93' lang='lat' dir='ltr'><strong>unde</strong></span> <span class='ocrx_word' id='word_1_188' title='bbox 1588 1424 1670 1478; x_wconf 90' lang='lat' dir='ltr'><strong>etiam</strong></span> 
     </span>
     <span class='ocr_line' id='line_1_15' title="bbox 65 1501 1669 1578; baseline 0.002 -24"><span class='ocrx_word' id='word_1_189' title='bbox 65 1517 107 1572; x_wconf 85' lang='lat' dir='ltr'><strong>que</strong></span> <span class='ocrx_word' id='word_1_190' title='bbox 120 1516 169 1554; x_wconf 90' lang='lat' dir='ltr'><strong>uon</strong></span> <span class='ocrx_word' id='word_1_191' title='bbox 180 1501 266 1556; x_wconf 88' lang='lat' dir='ltr'><strong>multo</strong></span> <span class='ocrx_word' id='word_1_192' title='bbox 278 1511 341 1573; x_wconf 86' lang='lat' dir='ltr'><strong>post</strong></span> <span class='ocrx_word' id='word_1_193' title='bbox 353 1520 460 1570; x_wconf 89' lang='lat' dir='ltr'><strong>cornua,</strong></span> <span class='ocrx_word' id='word_1_194' title='bbox 476 1503 553 1578; x_wconf 77' lang='lat' dir='ltr'><strong>(qum</strong></span> <span class='ocrx_word' id='word_1_195' title='bbox 566 1504 706 1559; x_wconf 89' lang='lat' dir='ltr'><strong>annuatim</strong></span> <span class='ocrx_word' id='word_1_196' title='bbox 715 1503 841 1559; x_wconf 89' lang='lat' dir='ltr'><strong>decidunt</strong></span> <span class='ocrx_word' id='word_1_197' title='bbox 878 1519 929 1556; x_wconf 90' lang='lat' dir='ltr'><strong>ova</strong></span> <span class='ocrx_word' id='word_1_198' title='bbox 938 1503 1064 1558; x_wconf 84' lang='lat' dir='ltr'><strong>soecuuda</strong></span> <span class='ocrx_word' id='word_1_199' title='bbox 1077 1511 1105 1557; x_wconf 89' lang='lat' dir='ltr'><strong>et</strong></span> <span class='ocrx_word' id='word_1_200' title='bbox 1112 1503 1223 1567; x_wconf 86' lang='lat' dir='ltr'><strong>sterilia,</strong></span> <span class='ocrx_word' id='word_1_201' title='bbox 1233 1503 1262 1557; x_wconf 92' lang='lat' dir='ltr'><strong>in</strong></span> <span class='ocrx_word' id='word_1_202' title='bbox 1273 1502 1396 1573; x_wconf 84' lang='lat' dir='ltr'><strong>plurimis</strong></span> <span class='ocrx_word' id='word_1_203' title='bbox 1406 1521 1461 1558; x_wconf 91' lang='lat' dir='ltr'><strong>non</strong></span> <span class='ocrx_word' id='word_1_204' title='bbox 1471 1504 1669 1573; x_wconf 87' lang='lat' dir='ltr'><strong>dignoscuntur.</strong></span> 
     </span>
     <span class='ocr_line' id='line_1_16' title="bbox 64 1577 1671 1656; baseline 0.003 -24"><span class='ocrx_word' id='word_1_205' title='bbox 64 1577 273 1656; x_wconf 67' lang='lat' dir='ltr'><strong>circunventum)</strong></span> <span class='ocrx_word' id='word_1_206' title='bbox 288 1582 435 1638; x_wconf 86' lang='lat' dir='ltr'><strong>succedunt</strong></span> <span class='ocrx_word' id='word_1_207' title='bbox 455 1585 542 1655; x_wconf 91' lang='lat' dir='ltr'><strong>magis</strong></span> <span class='ocrx_word' id='word_1_208' title='bbox 555 1585 700 1653; x_wconf 86' lang='lat' dir='ltr'><strong>conjuncta</strong></span> <span class='ocrx_word' id='word_1_209' title='bbox 712 1583 800 1637; x_wconf 79' lang='lat' dir='ltr'><strong>fronte</strong></span> <span class='ocrx_word' id='word_1_210' title='bbox 813 1592 841 1638; x_wconf 92' lang='lat' dir='ltr'><strong>et</strong></span> <span class='ocrx_word' id='word_1_211' title='bbox 917 1582 964 1636; x_wconf 83' lang='lat'><strong>22.</strong></span> <span class='ocrx_word' id='word_1_212' title='bbox 986 1583 1057 1636; x_wconf 88' lang='lat' dir='ltr'><strong>Aves</strong></span> <span class='ocrx_word' id='word_1_213' title='bbox 1069 1584 1145 1653; x_wconf 89' lang='lat' dir='ltr'><strong>quasi</strong></span> <span class='ocrx_word' id='word_1_214' title='bbox 1156 1598 1250 1638; x_wconf 85' lang='lat' dir='ltr'><strong>omnes</strong></span> <span class='ocrx_word' id='word_1_215' title='bbox 1260 1583 1294 1636; x_wconf 92' lang='lat' dir='ltr'><strong>ad</strong></span> <span class='ocrx_word' id='word_1_216' title='bbox 1305 1583 1519 1654; x_wconf 84' lang='lat' dir='ltr'><strong>magnitudinem</strong></span> <span class='ocrx_word' id='word_1_217' title='bbox 1529 1599 1606 1637; x_wconf 89' lang='lat' dir='ltr'><strong>suam</strong></span> <span class='ocrx_word' id='word_1_218' title='bbox 1615 1582 1671 1650; x_wconf 87' lang='lat' dir='ltr'><strong>jus·</strong></span> 
     </span>
     <span class='ocr_line' id='line_1_17' title="bbox 65 1659 1671 1733; baseline 0.002 -20"><span class='ocrx_word' id='word_1_219' title='bbox 65 1659 140 1713; x_wconf 88' lang='lat' dir='ltr'><strong>ninus</strong></span> <span class='ocrx_word' id='word_1_220' title='bbox 152 1674 265 1715; x_wconf 80' lang='lat' dir='ltr'><strong>muscas.</strong></span> <span class='ocrx_word' id='word_1_221' title='bbox 877 1669 934 1715; x_wconf 90' lang='lat' dir='ltr'><strong>tam</strong></span> <span class='ocrx_word' id='word_1_222' title='bbox 947 1662 1110 1732; x_wconf 85' lang='lat' dir='ltr'><strong>perveniunt</strong></span> <span class='ocrx_word' id='word_1_223' title='bbox 1123 1664 1211 1733; x_wconf 88' lang='lat' dir='ltr'><strong>primo</strong></span> <span class='ocrx_word' id='word_1_224' title='bbox 1223 1678 1301 1727; x_wconf 90' lang='lat' dir='ltr'><strong>anno,</strong></span> <span class='ocrx_word' id='word_1_225' title='bbox 1315 1670 1362 1716; x_wconf 91' lang='lat' dir='ltr'><strong>aut</strong></span> <span class='ocrx_word' id='word_1_226' title='bbox 1381 1664 1463 1732; x_wconf 86' lang='lat' dir='ltr'><strong>paulo</strong></span> <span class='ocrx_word' id='word_1_227' title='bbox 1484 1670 1557 1732; x_wconf 87' lang='lat' dir='ltr'><strong>post:</strong></span> <span class='ocrx_word' id='word_1_228' title='bbox 1577 1679 1671 1716; x_wconf 87' lang='lat' dir='ltr'><strong>verum</strong></span> 
     </span>
    </p>

    <p class='ocr_par' dir='ltr' id='par_1_5' title="bbox 65 1735 1672 2209">
     <span class='ocr_line' id='line_1_18' title="bbox 97 1735 1671 1812; baseline 0.003 -22"><span class='ocrx_word' id='word_1_229' title='bbox 97 1735 120 1791; x_wconf 82' lang='grc'><strong>2.</strong></span> <span class='ocrx_word' id='word_1_230' title='bbox 139 1737 220 1793; x_wconf 85' lang='lat' dir='ltr'><strong>Oanis</strong></span> <span class='ocrx_word' id='word_1_231' title='bbox 242 1739 334 1794; x_wconf 89' lang='lat' dir='ltr'><strong>brevis</strong></span> <span class='ocrx_word' id='word_1_232' title='bbox 357 1748 400 1794; x_wconf 90' lang='lat' dir='ltr'><strong>est</strong></span> <span class='ocrx_word' id='word_1_233' title='bbox 425 1741 495 1806; x_wconf 67' lang='lat' dir='ltr'><strong>sevir</strong></span> <span class='ocrx_word' id='word_1_234' title='bbox 522 1757 578 1795; x_wconf 90' lang='lat' dir='ltr'><strong>non</strong></span> <span class='ocrx_word' id='word_1_235' title='bbox 599 1740 754 1797; x_wconf 87' lang='lat' dir='ltr'><strong>extenditur</strong></span> <span class='ocrx_word' id='word_1_236' title='bbox 773 1749 840 1797; x_wconf 79' lang='lat' dir='ltr'><strong>retas</strong></span> <span class='ocrx_word' id='word_1_237' title='bbox 878 1748 926 1806; x_wconf 89' lang='lat' dir='ltr'><strong>est,</strong></span> <span class='ocrx_word' id='word_1_238' title='bbox 944 1741 1033 1812; x_wconf 91' lang='lat' dir='ltr'><strong>quoad</strong></span> <span class='ocrx_word' id='word_1_239' title='bbox 1052 1741 1157 1811; x_wconf 88' lang='lat' dir='ltr'><strong>plumas</strong></span> <span class='ocrx_word' id='word_1_240' title='bbox 1177 1743 1207 1796; x_wconf 92' lang='lat' dir='ltr'><strong>in</strong></span> <span class='ocrx_word' id='word_1_241' title='bbox 1229 1741 1373 1805; x_wconf 89' lang='lat' dir='ltr'><strong>nonnullis,</strong></span> <span class='ocrx_word' id='word_1_242' title='bbox 1395 1741 1483 1812; x_wconf 85' lang='lat' dir='ltr'><strong>quoad</strong></span> <span class='ocrx_word' id='word_1_243' title='bbox 1504 1748 1621 1795; x_wconf 85' lang='lat' dir='ltr'><strong>rostnrm</strong></span> <span class='ocrx_word' id='word_1_244' title='bbox 1641 1742 1671 1794; x_wconf 90' lang='lat' dir='ltr'><strong>in</strong></span> 
     </span>
     <span class='ocr_line' id='line_1_19' title="bbox 65 1816 1670 1892; baseline 0.003 -23"><span class='ocrx_word' id='word_1_245' title='bbox 65 1816 124 1869; x_wconf 87' lang='lat' dir='ltr'><strong>ultra</strong></span> <span class='ocrx_word' id='word_1_246' title='bbox 134 1833 230 1873; x_wconf 88' lang='lat' dir='ltr'><strong>annum</strong></span> <span class='ocrx_word' id='word_1_247' title='bbox 242 1819 416 1885; x_wconf 75' lang='lat' dir='ltr'><strong>vicesimumr</strong></span> <span class='ocrx_word' id='word_1_248' title='bbox 436 1836 525 1891; x_wconf 88' lang='lat' dir='ltr'><strong>neque</strong></span> <span class='ocrx_word' id='word_1_249' title='bbox 539 1837 611 1891; x_wconf 83' lang='lat' dir='ltr'><strong>srepe</strong></span> <span class='ocrx_word' id='word_1_250' title='bbox 625 1821 736 1892; x_wconf 88' lang='lat' dir='ltr'><strong>attingit</strong></span> <span class='ocrx_word' id='word_1_251' title='bbox 747 1822 782 1876; x_wconf 92' lang='lat' dir='ltr'><strong>ad</strong></span> <span class='ocrx_word' id='word_1_252' title='bbox 791 1821 838 1876; x_wconf 91' lang='lat' dir='ltr'><strong>de·</strong></span> <span class='ocrx_word' id='word_1_253' title='bbox 878 1819 949 1885; x_wconf 88' lang='lat' dir='ltr'><strong>aliis,</strong></span> <span class='ocrx_word' id='word_1_254' title='bbox 963 1837 1049 1876; x_wconf 90' lang='lat' dir='ltr'><strong>annos</strong></span> <span class='ocrx_word' id='word_1_255' title='bbox 1062 1821 1217 1887; x_wconf 86' lang='lat' dir='ltr'><strong>numerari;</strong></span> <span class='ocrx_word' id='word_1_256' title='bbox 1238 1819 1273 1874; x_wconf 87' lang='lat' dir='ltr'><strong>ad</strong></span> <span class='ocrx_word' id='word_1_257' title='bbox 1282 1820 1496 1892; x_wconf 80' lang='lat' dir='ltr'><strong>magnitudinem</strong></span> <span class='ocrx_word' id='word_1_258' title='bbox 1510 1827 1601 1874; x_wconf 88' lang='lat' dir='ltr'><strong>autem</strong></span> <span class='ocrx_word' id='word_1_259' title='bbox 1612 1837 1670 1875; x_wconf 90' lang='lat' dir='ltr'><strong>cor·</strong></span> 
     </span>
     <span class='ocr_line' id='line_1_20' title="bbox 65 1896 1095 1972; baseline 0.008 -25"><span class='ocrx_word' id='word_1_260' title='bbox 65 1896 150 1951; x_wconf 86' lang='lat' dir='ltr'><strong>einum</strong></span> <span class='ocrx_word' id='word_1_261' title='bbox 163 1905 303 1968; x_wconf 68' lang='lat' dir='ltr'><strong>quartumr</strong></span> <span class='ocrx_word' id='word_1_262' title='bbox 324 1899 427 1953; x_wconf 89' lang='lat' dir='ltr'><strong>animal</strong></span> <span class='ocrx_word' id='word_1_263' title='bbox 446 1916 482 1954; x_wconf 87' lang='lat' dir='ltr'><strong>ex</strong></span> <span class='ocrx_word' id='word_1_264' title='bbox 501 1899 683 1964; x_wconf 86' lang='lat' dir='ltr'><strong>calidissimis,</strong></span> <span class='ocrx_word' id='word_1_265' title='bbox 697 1908 778 1972; x_wconf 90' lang='lat' dir='ltr'><strong>atque</strong></span> <span class='ocrx_word' id='word_1_266' title='bbox 797 1902 840 1956; x_wconf 89' lang='lat' dir='ltr'><strong>in·</strong></span> <span class='ocrx_word' id='word_1_267' title='bbox 878 1900 960 1970; x_wconf 85' lang='lat' dir='ltr'><strong>poris,</strong></span> <span class='ocrx_word' id='word_1_268' title='bbox 974 1901 1095 1955; x_wconf 91' lang='lat' dir='ltr'><strong>minime.</strong></span> 
     </span>
     <span class='ocr_line' id='line_1_21' title="bbox 66 1976 1671 2051; baseline 0.003 -23"><span class='ocrx_word' id='word_1_269' title='bbox 66 1976 189 2045; x_wconf 80' lang='lat' dir='ltr'><strong>equaliter</strong></span> <span class='ocrx_word' id='word_1_270' title='bbox 202 1976 311 2042; x_wconf 76' lang='lat' dir='ltr'><strong>vivens3</strong></span> <span class='ocrx_word' id='word_1_271' title='bbox 329 1995 399 2044; x_wconf 89' lang='lat' dir='ltr'><strong>cum,</strong></span> <span class='ocrx_word' id='word_1_272' title='bbox 417 1988 447 2033; x_wconf 89' lang='lat' dir='ltr'><strong>ut</strong></span> <span class='ocrx_word' id='word_1_273' title='bbox 460 1978 614 2049; x_wconf 87' lang='lat' dir='ltr'><strong>plurimum,</strong></span> <span class='ocrx_word' id='word_1_274' title='bbox 633 1987 680 2033; x_wconf 92' lang='lat' dir='ltr'><strong>aut</strong></span> <span class='ocrx_word' id='word_1_275' title='bbox 692 1981 839 2035; x_wconf 89' lang='lat' dir='ltr'><strong>vehemen·</strong></span> <span class='ocrx_word' id='word_1_276' title='bbox 917 1978 964 2033; x_wconf 84' lang='grc'><strong>23.</strong></span> <span class='ocrx_word' id='word_1_277' title='bbox 986 1979 1085 2051; x_wconf 89' lang='lat' dir='ltr'><strong>Aquila</strong></span> <span class='ocrx_word' id='word_1_278' title='bbox 1103 1995 1153 2050; x_wconf 91' lang='lat' dir='ltr'><strong>pro</strong></span> <span class='ocrx_word' id='word_1_279' title='bbox 1172 1978 1297 2049; x_wconf 77' lang='lat' dir='ltr'><strong>longaeva</strong></span> <span class='ocrx_word' id='word_1_280' title='bbox 1317 1979 1439 2044; x_wconf 85' lang='lat' dir='ltr'><strong>habetur,</strong></span> <span class='ocrx_word' id='word_1_281' title='bbox 1461 1978 1524 2032; x_wconf 88' lang='lat' dir='ltr'><strong>anui</strong></span> <span class='ocrx_word' id='word_1_282' title='bbox 1545 1993 1600 2032; x_wconf 89' lang='lat' dir='ltr'><strong>non</strong></span> <span class='ocrx_word' id='word_1_283' title='bbox 1619 1994 1671 2033; x_wconf 90' lang='lat' dir='ltr'><strong>nu·</strong></span> 
     </span>
     <span class='ocr_line' id='line_1_22' title="bbox 65 2054 1671 2129; baseline 0.004 -24"><span class='ocrx_word' id='word_1_284' title='bbox 65 2054 109 2108; x_wconf 86' lang='lat' dir='ltr'><strong>tius</strong></span> <span class='ocrx_word' id='word_1_285' title='bbox 120 2063 228 2120; x_wconf 86' lang='lat' dir='ltr'><strong>moveat,</strong></span> <span class='ocrx_word' id='word_1_286' title='bbox 244 2065 293 2111; x_wconf 89' lang='lat' dir='ltr'><strong>aut</strong></span> <span class='ocrx_word' id='word_1_287' title='bbox 313 2057 439 2113; x_wconf 86' lang='lat' dir='ltr'><strong>dormiat.</strong></span> <span class='ocrx_word' id='word_1_288' title='bbox 480 2058 572 2112; x_wconf 84' lang='lat' dir='ltr'><strong>Etiam</strong></span> <span class='ocrx_word' id='word_1_289' title='bbox 593 2057 769 2129; x_wconf 89' lang='lat' dir='ltr'><strong>multiparum</strong></span> <span class='ocrx_word' id='word_1_290' title='bbox 790 2070 839 2125; x_wconf 88' lang='lat' dir='ltr'><strong>est,</strong></span> <span class='ocrx_word' id='word_1_291' title='bbox 878 2065 1031 2114; x_wconf 85' lang='lat' dir='ltr'><strong>merantur:</strong></span> <span class='ocrx_word' id='word_1_292' title='bbox 1059 2059 1142 2113; x_wconf 89' lang='lat' dir='ltr'><strong>etiam</strong></span> <span class='ocrx_word' id='word_1_293' title='bbox 1163 2058 1323 2129; x_wconf 89' lang='lat' dir='ltr'><strong>insignum</strong></span> <span class='ocrx_word' id='word_1_294' title='bbox 1346 2057 1461 2113; x_wconf 86' lang='lat' dir='ltr'><strong>trabitur</strong></span> <span class='ocrx_word' id='word_1_295' title='bbox 1482 2057 1671 2128; x_wconf 69' lang='lat' dir='ltr'><strong>longaevitatis,</strong></span> 
     </span>
     <span class='ocr_line' id='line_1_23' title="bbox 66 2136 1672 2209; baseline 0.004 -24"><span class='ocrx_word' id='word_1_296' title='bbox 66 2142 88 2185; x_wconf 86' lang='lat' dir='ltr'><strong>et</strong></span> <span class='ocrx_word' id='word_1_297' title='bbox 97 2150 184 2188; x_wconf 84' lang='lat' dir='ltr'><strong>novem</strong></span> <span class='ocrx_word' id='word_1_298' title='bbox 198 2136 365 2206; x_wconf 85' lang='lat' dir='ltr'><strong>septimanas</strong></span> <span class='ocrx_word' id='word_1_299' title='bbox 379 2137 508 2209; x_wconf 83' lang='lat' dir='ltr'><strong>gestatio</strong></span> <span class='ocrx_word' id='word_1_300' title='bbox 521 2146 605 2192; x_wconf 85' lang='lat' dir='ltr'><strong>utero.</strong></span> <span class='ocrx_word' id='word_1_301' title='bbox 878 2137 950 2208; x_wconf 92' lang='lat' dir='ltr'><strong>quod</strong></span> <span class='ocrx_word' id='word_1_302' title='bbox 969 2146 1057 2192; x_wconf 87' lang='lat' dir='ltr'><strong>rostra</strong></span> <span class='ocrx_word' id='word_1_303' title='bbox 1075 2145 1192 2203; x_wconf 82' lang='lat' dir='ltr'><strong>renovet,</strong></span> <span class='ocrx_word' id='word_1_304' title='bbox 1208 2138 1278 2192; x_wconf 91' lang='lat' dir='ltr'><strong>unde</strong></span> <span class='ocrx_word' id='word_1_305' title='bbox 1294 2138 1465 2206; x_wconf 87' lang='lat' dir='ltr'><strong>juvenescat;</strong></span> <span class='ocrx_word' id='word_1_306' title='bbox 1487 2154 1522 2191; x_wconf 88' lang='lat' dir='ltr'><strong>ex</strong></span> <span class='ocrx_word' id='word_1_307' title='bbox 1537 2154 1591 2207; x_wconf 91' lang='lat' dir='ltr'><strong>quo</strong></span> <span class='ocrx_word' id='word_1_308' title='bbox 1604 2136 1672 2191; x_wconf 91' lang='lat' dir='ltr'><strong>illud</strong></span> 
     </span>
    </p>

    <p class='ocr_par' dir='ltr' id='par_1_6' title="bbox 65 2212 1674 2684">
     <span class='ocr_line' id='line_1_24' title="bbox 100 2212 1672 2288; baseline 0.003 -22"><span class='ocrx_word' id='word_1_309' title='bbox 100 2212 137 2266; x_wconf 90' lang='grc'><strong>10.</strong></span> <span class='ocrx_word' id='word_1_310' title='bbox 156 2214 209 2269; x_wconf 92' lang='lat' dir='ltr'><strong>Bos</strong></span> <span class='ocrx_word' id='word_1_311' title='bbox 230 2232 347 2286; x_wconf 86' lang='lat' dir='ltr'><strong>quoque,</strong></span> <span class='ocrx_word' id='word_1_312' title='bbox 360 2234 412 2287; x_wconf 91' lang='lat' dir='ltr'><strong>pro</strong></span> <span class='ocrx_word' id='word_1_313' title='bbox 430 2217 616 2288; x_wconf 86' lang='lat' dir='ltr'><strong>magnitudine</strong></span> <span class='ocrx_word' id='word_1_314' title='bbox 634 2224 662 2272; x_wconf 87' lang='lat' dir='ltr'><strong>et</strong></span> <span class='ocrx_word' id='word_1_315' title='bbox 674 2218 778 2283; x_wconf 86' lang='lat' dir='ltr'><strong>robore,</strong></span> <span class='ocrx_word' id='word_1_316' title='bbox 793 2217 841 2270; x_wconf 93' lang='lat' dir='ltr'><strong>ad·</strong></span> <span class='ocrx_word' id='word_1_317' title='bbox 880 2221 896 2246; x_wconf 91' lang='grc'>“</span> <span class='ocrx_word' id='word_1_318' title='bbox 913 2215 1020 2288; x_wconf 80' lang='lat' dir='ltr'><strong>Aquilae.</strong></span> <span class='ocrx_word' id='word_1_319' title='bbox 1041 2218 1192 2272; x_wconf 85' lang='lat' dir='ltr'><strong>senectus.’¹</strong></span> <span class='ocrx_word' id='word_1_320' title='bbox 1234 2216 1362 2271; x_wconf 82' lang='lat' dir='ltr'><strong>Attamen</strong></span> <span class='ocrx_word' id='word_1_321' title='bbox 1382 2233 1425 2271; x_wconf 88' lang='lat' dir='ltr'><strong>ree</strong></span> <span class='ocrx_word' id='word_1_322' title='bbox 1448 2216 1561 2270; x_wconf 81' lang='lat' dir='ltr'><strong>tortasse</strong></span> <span class='ocrx_word' id='word_1_323' title='bbox 1585 2217 1622 2270; x_wconf 89' lang='lat' dir='ltr'><strong>ita</strong></span> <span class='ocrx_word' id='word_1_324' title='bbox 1642 2233 1672 2271; x_wconf 88' lang='lat' dir='ltr'><strong>se</strong></span> 
     </span>
     <span class='ocr_line' id='line_1_25' title="bbox 65 2292 1671 2368; baseline 0.004 -24"><span class='ocrx_word' id='word_1_325' title='bbox 65 2292 157 2347; x_wconf 84' lang='lat' dir='ltr'><strong>modom</strong></span> <span class='ocrx_word' id='word_1_326' title='bbox 177 2293 267 2348; x_wconf 86' lang='lat' dir='ltr'><strong>brevia</strong></span> <span class='ocrx_word' id='word_1_327' title='bbox 289 2302 330 2349; x_wconf 90' lang='lat' dir='ltr'><strong>est</strong></span> <span class='ocrx_word' id='word_1_328' title='bbox 350 2296 408 2360; x_wconf 80' lang='lat' dir='ltr'><strong>arvi,</strong></span> <span class='ocrx_word' id='word_1_329' title='bbox 432 2296 510 2367; x_wconf 87' lang='lat' dir='ltr'><strong>quasi</strong></span> <span class='ocrx_word' id='word_1_330' title='bbox 534 2295 670 2351; x_wconf 85' lang='lat' dir='ltr'><strong>sexdecim</strong></span> <span class='ocrx_word' id='word_1_331' title='bbox 691 2313 839 2360; x_wconf 70' lang='lat' dir='ltr'><strong>annorumr</strong></span> <span class='ocrx_word' id='word_1_332' title='bbox 878 2294 976 2362; x_wconf 88' lang='lat' dir='ltr'><strong>habet;</strong></span> <span class='ocrx_word' id='word_1_333' title='bbox 997 2305 1029 2350; x_wconf 88' lang='lat' dir='ltr'><strong>ut</strong></span> <span class='ocrx_word' id='word_1_334' title='bbox 1038 2297 1197 2352; x_wconf 85' lang='lat' dir='ltr'><strong>instauratio</strong></span> <span class='ocrx_word' id='word_1_335' title='bbox 1210 2295 1309 2368; x_wconf 76' lang='lat' dir='ltr'><strong>aquila</strong></span> <span class='ocrx_word' id='word_1_336' title='bbox 1322 2313 1377 2350; x_wconf 88' lang='lat' dir='ltr'><strong>non</strong></span> <span class='ocrx_word' id='word_1_337' title='bbox 1388 2303 1474 2351; x_wconf 90' lang='lat' dir='ltr'><strong>mutet</strong></span> <span class='ocrx_word' id='word_1_338' title='bbox 1484 2304 1608 2362; x_wconf 88' lang='lat' dir='ltr'><strong>rostrum,</strong></span> <span class='ocrx_word' id='word_1_339' title='bbox 1622 2296 1671 2350; x_wconf 84' lang='lat' dir='ltr'><strong>aed</strong></span> 
     </span>
     <span class='ocr_line' id='line_1_26' title="bbox 66 2374 1672 2447; baseline 0.001 -21"><span class='ocrx_word' id='word_1_340' title='bbox 66 2386 189 2442; x_wconf 77' lang='lat' dir='ltr'><strong>naresque</strong></span> <span class='ocrx_word' id='word_1_341' title='bbox 199 2374 320 2429; x_wconf 77' lang='lat' dir='ltr'><strong>staminis</strong></span> <span class='ocrx_word' id='word_1_342' title='bbox 333 2374 459 2429; x_wconf 84' lang='lat' dir='ltr'><strong>nonnihil</strong></span> <span class='ocrx_word' id='word_1_343' title='bbox 472 2376 637 2431; x_wconf 83' lang='lat' dir='ltr'><strong>vivaciores:</strong></span> <span class='ocrx_word' id='word_1_344' title='bbox 652 2383 773 2431; x_wconf 87' lang='lat' dir='ltr'><strong>attamen</strong></span> <span class='ocrx_word' id='word_1_345' title='bbox 782 2378 841 2431; x_wconf 89' lang='lat' dir='ltr'><strong>uni·</strong></span> <span class='ocrx_word' id='word_1_346' title='bbox 878 2383 971 2429; x_wconf 87' lang='lat' dir='ltr'><strong>contra</strong></span> <span class='ocrx_word' id='word_1_347' title='bbox 984 2377 1097 2431; x_wconf 89' lang='lat' dir='ltr'><strong>mutatio</strong></span> <span class='ocrx_word' id='word_1_348' title='bbox 1117 2376 1198 2431; x_wconf 85' lang='lat' dir='ltr'><strong>rostri</strong></span> <span class='ocrx_word' id='word_1_349' title='bbox 1216 2376 1349 2431; x_wconf 77' lang='lat' dir='ltr'><strong>instauret</strong></span> <span class='ocrx_word' id='word_1_350' title='bbox 1367 2374 1509 2446; x_wconf 86' lang='lat' dir='ltr'><strong>aquilam:</strong></span> <span class='ocrx_word' id='word_1_351' title='bbox 1530 2383 1672 2447; x_wconf 88' lang='lat' dir='ltr'><strong>postquam</strong></span> 
     </span>
     <span class='ocr_line' id='line_1_27' title="bbox 66 2449 1673 2526; baseline 0.004 -23"><span class='ocrx_word' id='word_1_352' title='bbox 66 2466 115 2503; x_wconf 85' lang='lat' dir='ltr'><strong>euru</strong></span> <span class='ocrx_word' id='word_1_353' title='bbox 125 2449 280 2524; x_wconf 85' lang='lat' dir='ltr'><strong>plerumque</strong></span> <span class='ocrx_word' id='word_1_354' title='bbox 295 2454 352 2507; x_wconf 90' lang='lat' dir='ltr'><strong>edit</strong></span> <span class='ocrx_word' id='word_1_355' title='bbox 364 2463 479 2525; x_wconf 87' lang='lat' dir='ltr'><strong>partum,</strong></span> <span class='ocrx_word' id='word_1_356' title='bbox 490 2463 519 2510; x_wconf 89' lang='lat' dir='ltr'><strong>et</strong></span> <span class='ocrx_word' id='word_1_357' title='bbox 532 2463 623 2526; x_wconf 88' lang='lat' dir='ltr'><strong>gestat</strong></span> <span class='ocrx_word' id='word_1_358' title='bbox 635 2455 665 2509; x_wconf 89' lang='lat' dir='ltr'><strong>in</strong></span> <span class='ocrx_word' id='word_1_359' title='bbox 678 2464 755 2510; x_wconf 88' lang='lat' dir='ltr'><strong>utero</strong></span> <span class='ocrx_word' id='word_1_360' title='bbox 768 2456 841 2510; x_wconf 92' lang='lat' dir='ltr'><strong>circa</strong></span> <span class='ocrx_word' id='word_1_361' title='bbox 878 2455 951 2508; x_wconf 90' lang='lat' dir='ltr'><strong>enim</strong></span> <span class='ocrx_word' id='word_1_362' title='bbox 964 2463 1080 2510; x_wconf 87' lang='lat' dir='ltr'><strong>rostnun</strong></span> <span class='ocrx_word' id='word_1_363' title='bbox 1094 2455 1247 2510; x_wconf 85' lang='lat' dir='ltr'><strong>aduncitate</strong></span> <span class='ocrx_word' id='word_1_364' title='bbox 1261 2472 1310 2510; x_wconf 89' lang='lat' dir='ltr'><strong>sua</strong></span> <span class='ocrx_word' id='word_1_365' title='bbox 1322 2454 1437 2509; x_wconf 90' lang='lat' dir='ltr'><strong>nimium</strong></span> <span class='ocrx_word' id='word_1_366' title='bbox 1446 2454 1597 2521; x_wconf 85' lang='lat' dir='ltr'><strong>increverit,</strong></span> <span class='ocrx_word' id='word_1_367' title='bbox 1612 2470 1673 2525; x_wconf 89' lang='lat' dir='ltr'><strong>pas·</strong></span> 
     </span>
     <span class='ocr_line' id='line_1_28' title="bbox 65 2532 1277 2605; baseline 0.005 -23"><span class='ocrx_word' id='word_1_368' title='bbox 65 2544 106 2583; x_wconf 85' lang='lat' dir='ltr'><strong>sex</strong></span> <span class='ocrx_word' id='word_1_369' title='bbox 117 2547 225 2587; x_wconf 86' lang='lat' dir='ltr'><strong>menses.</strong></span> <span class='ocrx_word' id='word_1_370' title='bbox 267 2532 379 2586; x_wconf 86' lang='lat' dir='ltr'><strong>Animal</strong></span> <span class='ocrx_word' id='word_1_371' title='bbox 392 2534 508 2604; x_wconf 88' lang='lat' dir='ltr'><strong>pigrum,</strong></span> <span class='ocrx_word' id='word_1_372' title='bbox 519 2543 546 2589; x_wconf 88' lang='lat' dir='ltr'><strong>et</strong></span> <span class='ocrx_word' id='word_1_373' title='bbox 555 2551 705 2601; x_wconf 87' lang='lat' dir='ltr'><strong>carnosum,</strong></span> <span class='ocrx_word' id='word_1_374' title='bbox 720 2543 747 2589; x_wconf 90' lang='lat' dir='ltr'><strong>et</strong></span> <span class='ocrx_word' id='word_1_375' title='bbox 761 2534 841 2589; x_wconf 80' lang='lat' dir='ltr'><strong>facile</strong></span> <span class='ocrx_word' id='word_1_376' title='bbox 878 2534 915 2588; x_wconf 87' lang='lat' dir='ltr'><strong>cit</strong></span> <span class='ocrx_word' id='word_1_377' title='bbox 929 2535 1021 2605; x_wconf 91' lang='lat' dir='ltr'><strong>aquila</strong></span> <span class='ocrx_word' id='word_1_378' title='bbox 1034 2552 1096 2589; x_wconf 91' lang='lat' dir='ltr'><strong>cum</strong></span> <span class='ocrx_word' id='word_1_379' title='bbox 1110 2535 1277 2590; x_wconf 85' lang='lat' dir='ltr'><strong>difficultate.</strong></span> 
     </span>
     <span class='ocr_line' id='line_1_29' title="bbox 66 2608 1674 2684; baseline 0.001 -20"><span class='ocrx_word' id='word_1_380' title='bbox 66 2608 235 2678; x_wconf 79' lang='lat' dir='ltr'><strong>pinguescens,</strong></span> <span class='ocrx_word' id='word_1_381' title='bbox 249 2619 278 2666; x_wconf 89' lang='lat' dir='ltr'><strong>et</strong></span> <span class='ocrx_word' id='word_1_382' title='bbox 291 2611 384 2667; x_wconf 87' lang='lat' dir='ltr'><strong>herbis</strong></span> <span class='ocrx_word' id='word_1_383' title='bbox 397 2613 463 2668; x_wconf 89' lang='lat' dir='ltr'><strong>solis</strong></span> <span class='ocrx_word' id='word_1_384' title='bbox 476 2621 592 2684; x_wconf 87' lang='lat' dir='ltr'><strong>pastum.</strong></span> <span class='ocrx_word' id='word_1_385' title='bbox 919 2613 967 2667; x_wconf 87' lang='grc'><strong>24.</strong></span> <span class='ocrx_word' id='word_1_386' title='bbox 990 2613 1118 2669; x_wconf 81' lang='lat' dir='ltr'><strong>Vultures</strong></span> <span class='ocrx_word' id='word_1_387' title='bbox 1132 2614 1215 2668; x_wconf 90' lang='lat' dir='ltr'><strong>etiam</strong></span> <span class='ocrx_word' id='word_1_388' title='bbox 1227 2613 1344 2684; x_wconf 70' lang='lat' dir='ltr'><strong>longavi</strong></span> <span class='ocrx_word' id='word_1_389' title='bbox 1358 2611 1545 2682; x_wconf 90' lang='lat' dir='ltr'><strong>perhibentur,</strong></span> <span class='ocrx_word' id='word_1_390' title='bbox 1560 2613 1628 2666; x_wconf 87' lang='lat' dir='ltr'><strong>adeo</strong></span> <span class='ocrx_word' id='word_1_391' title='bbox 1645 2619 1674 2666; x_wconf 93' lang='lat' dir='ltr'><strong>ut</strong></span> 
     </span>
    </p>

    <p class='ocr_par' dir='ltr' id='par_1_7' title="bbox 66 2686 1676 3479">
     <span class='ocr_line' id='line_1_30' title="bbox 98 2686 1673 2761; baseline 0.004 -21"><span class='ocrx_word' id='word_1_392' title='bbox 98 2686 138 2742; x_wconf 93' lang='grc'><strong>11.</strong></span> <span class='ocrx_word' id='word_1_393' title='bbox 158 2689 193 2745; x_wconf 85' lang='lat' dir='ltr'><strong>At</strong></span> <span class='ocrx_word' id='word_1_394' title='bbox 205 2690 363 2746; x_wconf 86' lang='lat' dir='ltr'><strong>decennalis</strong></span> <span class='ocrx_word' id='word_1_395' title='bbox 376 2702 442 2747; x_wconf 81' lang='lat' dir='ltr'><strong>ratas</strong></span> <span class='ocrx_word' id='word_1_396' title='bbox 456 2693 485 2746; x_wconf 92' lang='lat' dir='ltr'><strong>in</strong></span> <span class='ocrx_word' id='word_1_397' title='bbox 498 2694 594 2747; x_wconf 89' lang='lat' dir='ltr'><strong>ovibus</strong></span> <span class='ocrx_word' id='word_1_398' title='bbox 609 2693 690 2747; x_wconf 89' lang='lat' dir='ltr'><strong>etiam</strong></span> <span class='ocrx_word' id='word_1_399' title='bbox 710 2710 772 2747; x_wconf 89' lang='lat' dir='ltr'><strong>rara</strong></span> <span class='ocrx_word' id='word_1_400' title='bbox 786 2701 840 2758; x_wconf 73' lang='lat' dir='ltr'><strong>estr</strong></span> <span class='ocrx_word' id='word_1_401' title='bbox 878 2692 963 2747; x_wconf 91' lang='lat' dir='ltr'><strong>vitam</strong></span> <span class='ocrx_word' id='word_1_402' title='bbox 976 2692 1031 2748; x_wconf 82' lang='lat' dir='ltr'><strong>t&#39;ere</strong></span> <span class='ocrx_word' id='word_1_403' title='bbox 1045 2693 1080 2747; x_wconf 91' lang='lat' dir='ltr'><strong>ad</strong></span> <span class='ocrx_word' id='word_1_404' title='bbox 1100 2693 1279 2748; x_wconf 89' lang='lat' dir='ltr'><strong>centesimum</strong></span> <span class='ocrx_word' id='word_1_405' title='bbox 1294 2708 1395 2747; x_wconf 91' lang='lat' dir='ltr'><strong>annum</strong></span> <span class='ocrx_word' id='word_1_406' title='bbox 1415 2691 1576 2761; x_wconf 85' lang='lat' dir='ltr'><strong>producant:</strong></span> <span class='ocrx_word' id='word_1_407' title='bbox 1597 2691 1673 2746; x_wconf 93' lang='lat' dir='ltr'><strong>milvi</strong></span> 
     </span>
     <span class='ocr_line' id='line_1_31' title="bbox 66 2764 1673 2844; baseline 0.004 -26"><span class='ocrx_word' id='word_1_408' title='bbox 66 2764 119 2820; x_wconf 86' lang='lat' dir='ltr'><strong>licet</strong></span> <span class='ocrx_word' id='word_1_409' title='bbox 134 2768 167 2823; x_wconf 84' lang='lat' dir='ltr'><strong>eit</strong></span> <span class='ocrx_word' id='word_1_410' title='bbox 186 2769 291 2826; x_wconf 82' lang='lat' dir='ltr'><strong>aoimtd</strong></span> <span class='ocrx_word' id='word_1_411' title='bbox 312 2771 454 2826; x_wconf 88' lang='lat' dir='ltr'><strong>mediocris</strong></span> <span class='ocrx_word' id='word_1_412' title='bbox 472 2772 673 2843; x_wconf 85' lang='lat' dir='ltr'><strong>magnitudinis,</strong></span> <span class='ocrx_word' id='word_1_413' title='bbox 692 2780 720 2826; x_wconf 89' lang='lat' dir='ltr'><strong>et</strong></span> <span class='ocrx_word' id='word_1_414' title='bbox 740 2774 840 2844; x_wconf 88' lang='lat' dir='ltr'><strong>optime</strong></span> <span class='ocrx_word' id='word_1_415' title='bbox 879 2788 994 2844; x_wconf 87' lang='lat' dir='ltr'><strong>quoque,</strong></span> <span class='ocrx_word' id='word_1_416' title='bbox 1009 2780 1090 2844; x_wconf 89' lang='lat' dir='ltr'><strong>atque</strong></span> <span class='ocrx_word' id='word_1_417' title='bbox 1104 2772 1172 2827; x_wconf 94' lang='lat' dir='ltr'><strong>adeo</strong></span> <span class='ocrx_word' id='word_1_418' title='bbox 1185 2788 1281 2827; x_wconf 89' lang='lat' dir='ltr'><strong>omnes</strong></span> <span class='ocrx_word' id='word_1_419' title='bbox 1294 2771 1416 2826; x_wconf 89' lang='lat' dir='ltr'><strong>volucres</strong></span> <span class='ocrx_word' id='word_1_420' title='bbox 1429 2771 1575 2825; x_wconf 81' lang='lat' dir='ltr'><strong>camivorae</strong></span> <span class='ocrx_word' id='word_1_421' title='bbox 1590 2779 1617 2825; x_wconf 92' lang='lat' dir='ltr'><strong>et</strong></span> <span class='ocrx_word' id='word_1_422' title='bbox 1629 2788 1673 2825; x_wconf 89' lang='lat' dir='ltr'><strong>ra·</strong></span> 
     </span>
     <span class='ocr_line' id='line_1_32' title="bbox 68 2848 1672 2925; baseline 0.001 -24"><span class='ocrx_word' id='word_1_423' title='bbox 68 2851 167 2912; x_wconf 69' lang='lat' dir='ltr'><strong>tectum</strong></span> <span class='ocrx_word' id='word_1_424' title='bbox 187 2858 278 2921; x_wconf 83' lang='lat' dir='ltr'><strong>atque,</strong></span> <span class='ocrx_word' id='word_1_425' title='bbox 294 2851 367 2920; x_wconf 89' lang='lat' dir='ltr'><strong>quod</strong></span> <span class='ocrx_word' id='word_1_426' title='bbox 378 2851 560 2925; x_wconf 76' lang='lat' dir='ltr'><strong>mirumcum</strong></span> <span class='ocrx_word' id='word_1_427' title='bbox 574 2852 715 2915; x_wconf 87' lang='lat' dir='ltr'><strong>minimum</strong></span> <span class='ocrx_word' id='word_1_428' title='bbox 735 2854 764 2907; x_wconf 92' lang='lat' dir='ltr'><strong>in</strong></span> <span class='ocrx_word' id='word_1_429' title='bbox 785 2852 841 2906; x_wconf 90' lang='lat' dir='ltr'><strong>iliis</strong></span> <span class='ocrx_word' id='word_1_430' title='bbox 879 2866 970 2920; x_wconf 85' lang='lat' dir='ltr'><strong>paces,</strong></span> <span class='ocrx_word' id='word_1_431' title='bbox 987 2851 1161 2907; x_wconf 88' lang='lat' dir='ltr'><strong>diuturnioris</strong></span> <span class='ocrx_word' id='word_1_432' title='bbox 1180 2859 1243 2906; x_wconf 87' lang='lat' dir='ltr'><strong>sunt</strong></span> <span class='ocrx_word' id='word_1_433' title='bbox 1262 2851 1321 2904; x_wconf 86' lang='lat' dir='ltr'><strong>aevi.</strong></span> <span class='ocrx_word' id='word_1_434' title='bbox 1361 2849 1404 2904; x_wconf 88' lang='lat' dir='ltr'><strong>Do</strong></span> <span class='ocrx_word' id='word_1_435' title='bbox 1424 2848 1552 2920; x_wconf 88' lang='lat' dir='ltr'><strong>accipitre</strong></span> <span class='ocrx_word' id='word_1_436' title='bbox 1572 2857 1672 2915; x_wconf 85' lang='lat' dir='ltr'><strong>autem,</strong></span> 
     </span>
     <span class='ocr_line' id='line_1_33' title="bbox 67 2924 1674 3004; baseline 0.003 -25"><span class='ocrx_word' id='word_1_437' title='bbox 67 2927 197 2994; x_wconf 69' lang='lat' dir='ltr'><strong>uperiatur</strong></span> <span class='ocrx_word' id='word_1_438' title='bbox 216 2929 291 2996; x_wconf 85' lang='lat' dir='ltr'><strong>bilis,</strong></span> <span class='ocrx_word' id='word_1_439' title='bbox 312 2929 472 3001; x_wconf 88' lang='lat' dir='ltr'><strong>capillitium</strong></span> <span class='ocrx_word' id='word_1_440' title='bbox 485 2924 588 2986; x_wconf 63' lang='lat' dir='ltr'><strong>habent</strong></span> <span class='ocrx_word' id='word_1_441' title='bbox 600 2930 721 2986; x_wconf 88' lang='lat' dir='ltr'><strong>omnium</strong></span> <span class='ocrx_word' id='word_1_442' title='bbox 734 2931 842 3003; x_wconf 88' lang='lat' dir='ltr'><strong>crispis·</strong></span> <span class='ocrx_word' id='word_1_443' title='bbox 880 2930 945 3004; x_wconf 91' lang='lat' dir='ltr'><strong>quia</strong></span> <span class='ocrx_word' id='word_1_444' title='bbox 957 2930 1041 2987; x_wconf 87' lang='lat' dir='ltr'><strong>vitam</strong></span> <span class='ocrx_word' id='word_1_445' title='bbox 1056 2932 1131 3004; x_wconf 90' lang='lat' dir='ltr'><strong>degit</strong></span> <span class='ocrx_word' id='word_1_446' title='bbox 1149 2930 1311 3002; x_wconf 87' lang='lat' dir='ltr'><strong>degenerem</strong></span> <span class='ocrx_word' id='word_1_447' title='bbox 1324 2938 1352 2985; x_wconf 91' lang='lat' dir='ltr'><strong>et</strong></span> <span class='ocrx_word' id='word_1_448' title='bbox 1365 2927 1499 2995; x_wconf 87' lang='lat' dir='ltr'><strong>servilem,</strong></span> <span class='ocrx_word' id='word_1_449' title='bbox 1513 2946 1549 2983; x_wconf 90' lang='lat' dir='ltr'><strong>ex</strong></span> <span class='ocrx_word' id='word_1_450' title='bbox 1561 2947 1612 2985; x_wconf 87' lang='lat' dir='ltr'><strong>usu</strong></span> <span class='ocrx_word' id='word_1_451' title='bbox 1625 2928 1674 2984; x_wconf 85' lang='lat' dir='ltr'><strong>lru·</strong></span> 
     </span>
     <span class='ocr_line' id='line_1_34' title="bbox 68 3005 1676 3083; baseline 0 -20"><span class='ocrx_word' id='word_1_452' title='bbox 68 3005 163 3072; x_wconf 68' lang='lat' dir='ltr'><strong>timum</strong></span> <span class='ocrx_word' id='word_1_453' title='bbox 182 3009 356 3080; x_wconf 89' lang='lat' dir='ltr'><strong>nequeenim</strong></span> <span class='ocrx_word' id='word_1_454' title='bbox 369 3009 442 3081; x_wconf 92' lang='lat' dir='ltr'><strong>pilos</strong></span> <span class='ocrx_word' id='word_1_455' title='bbox 454 3010 570 3083; x_wconf 75' lang='lat' dir='ltr'><strong>aliauJus</strong></span> <span class='ocrx_word' id='word_1_456' title='bbox 580 3011 707 3066; x_wconf 88' lang='lat' dir='ltr'><strong>animalis</strong></span> <span class='ocrx_word' id='word_1_457' title='bbox 721 3018 777 3068; x_wconf 89' lang='lat' dir='ltr'><strong>tam</strong></span> <span class='ocrx_word' id='word_1_458' title='bbox 790 3021 842 3066; x_wconf 91' lang='lat' dir='ltr'><strong>tor·</strong></span> <span class='ocrx_word' id='word_1_459' title='bbox 879 3028 968 3075; x_wconf 89' lang='lat' dir='ltr'><strong>mano,</strong></span> <span class='ocrx_word' id='word_1_460' title='bbox 982 3013 1072 3066; x_wconf 89' lang='lat' dir='ltr'><strong>minus</strong></span> <span class='ocrx_word' id='word_1_461' title='bbox 1086 3018 1188 3066; x_wconf 90' lang='lat' dir='ltr'><strong>certum</strong></span> <span class='ocrx_word' id='word_1_462' title='bbox 1198 3011 1257 3065; x_wconf 85' lang='lat' dir='ltr'><strong>fieri</strong></span> <span class='ocrx_word' id='word_1_463' title='bbox 1269 3011 1355 3081; x_wconf 88' lang='lat' dir='ltr'><strong>possit</strong></span> <span class='ocrx_word' id='word_1_464' title='bbox 1364 3009 1496 3078; x_wconf 89' lang='lat' dir='ltr'><strong>judicium</strong></span> <span class='ocrx_word' id='word_1_465' title='bbox 1506 3009 1578 3062; x_wconf 87' lang='lat' dir='ltr'><strong>circa</strong></span> <span class='ocrx_word' id='word_1_466' title='bbox 1588 3010 1676 3079; x_wconf 90' lang='lat' dir='ltr'><strong>perio·</strong></span> 
     </span>
     <span class='ocr_line' id='line_1_35' title="bbox 68 3088 1672 3160; baseline 0.003 -22"><span class='ocrx_word' id='word_1_467' title='bbox 68 3089 244 3158; x_wconf 79' lang='lat' dir='ltr'><strong>torretquam</strong></span> <span class='ocrx_word' id='word_1_468' title='bbox 255 3088 331 3144; x_wconf 88' lang='lat' dir='ltr'><strong>lana.</strong></span> <span class='ocrx_word' id='word_1_469' title='bbox 359 3089 540 3160; x_wconf 80' lang='lat' dir='ltr'><strong>Arietesante</strong></span> <span class='ocrx_word' id='word_1_470' title='bbox 554 3091 773 3146; x_wconf 89' lang='lat' dir='ltr'><strong>tertiumannum</strong></span> <span class='ocrx_word' id='word_1_471' title='bbox 786 3107 841 3145; x_wconf 89' lang='lat' dir='ltr'><strong>non</strong></span> <span class='ocrx_word' id='word_1_472' title='bbox 879 3090 944 3145; x_wconf 91' lang='lat' dir='ltr'><strong>dum</strong></span> <span class='ocrx_word' id='word_1_473' title='bbox 957 3091 1092 3158; x_wconf 83' lang='lat' dir='ltr'><strong>ejusvitae</strong></span> <span class='ocrx_word' id='word_1_474' title='bbox 1105 3090 1265 3146; x_wconf 86' lang='lat' dir='ltr'><strong>naturalem.</strong></span> <span class='ocrx_word' id='word_1_475' title='bbox 1306 3088 1436 3143; x_wconf 79' lang='lat' dir='ltr'><strong>Attamen</strong></span> <span class='ocrx_word' id='word_1_476' title='bbox 1453 3105 1489 3142; x_wconf 87' lang='lat' dir='ltr'><strong>ex</strong></span> <span class='ocrx_word' id='word_1_477' title='bbox 1510 3088 1672 3154; x_wconf 84' lang='lat' dir='ltr'><strong>domesticis,</strong></span> 
     </span>
     <span class='ocr_line' id='line_1_36' title="bbox 68 3167 1674 3246; baseline 0.001 -25"><span class='ocrx_word' id='word_1_478' title='bbox 68 3174 188 3232; x_wconf 70' lang='lat' dir='ltr'><strong>merant,</strong></span> <span class='ocrx_word' id='word_1_479' title='bbox 197 3175 280 3239; x_wconf 87' lang='lat' dir='ltr'><strong>atque</strong></span> <span class='ocrx_word' id='word_1_480' title='bbox 290 3167 398 3246; x_wconf 77' lang='lat' dir='ltr'><strong>habiles</strong></span> <span class='ocrx_word' id='word_1_481' title='bbox 408 3177 470 3224; x_wconf 90' lang='lat' dir='ltr'><strong>sunt</strong></span> <span class='ocrx_word' id='word_1_482' title='bbox 478 3169 513 3223; x_wconf 89' lang='lat' dir='ltr'><strong>ad</strong></span> <span class='ocrx_word' id='word_1_483' title='bbox 520 3170 703 3242; x_wconf 89' lang='lat' dir='ltr'><strong>generandum</strong></span> <span class='ocrx_word' id='word_1_484' title='bbox 713 3170 842 3242; x_wconf 87' lang='lat' dir='ltr'><strong>usquead</strong></span> <span class='ocrx_word' id='word_1_485' title='bbox 880 3168 1066 3239; x_wconf 88' lang='lat' dir='ltr'><strong>deprehensus</strong></span> <span class='ocrx_word' id='word_1_486' title='bbox 1087 3179 1127 3226; x_wconf 89' lang='lat' dir='ltr'><strong>est</strong></span> <span class='ocrx_word' id='word_1_487' title='bbox 1149 3170 1277 3241; x_wconf 88' lang='lat' dir='ltr'><strong>accipiter</strong></span> <span class='ocrx_word' id='word_1_488' title='bbox 1298 3167 1443 3240; x_wconf 85' lang='lat' dir='ltr'><strong>aliquando</strong></span> <span class='ocrx_word' id='word_1_489' title='bbox 1462 3168 1497 3221; x_wconf 90' lang='lat' dir='ltr'><strong>ad</strong></span> <span class='ocrx_word' id='word_1_490' title='bbox 1518 3183 1603 3222; x_wconf 84' lang='lat' dir='ltr'><strong>annos</strong></span> <span class='ocrx_word' id='word_1_491' title='bbox 1625 3169 1674 3223; x_wconf 86' lang='lat' dir='ltr'><strong>tri·</strong></span> 
     </span>
     <span class='ocr_line' id='line_1_37' title="bbox 68 3246 1596 3320; baseline 0.001 -20"><span class='ocrx_word' id='word_1_492' title='bbox 68 3249 189 3311; x_wconf 71' lang='lat' dir='ltr'><strong>ottavomr</strong></span> <span class='ocrx_word' id='word_1_493' title='bbox 210 3246 340 3302; x_wconf 69' lang='lat' dir='ltr'><strong>roemello</strong></span> <span class='ocrx_word' id='word_1_494' title='bbox 359 3248 468 3319; x_wconf 86' lang='lat' dir='ltr'><strong>pariunt</strong></span> <span class='ocrx_word' id='word_1_495' title='bbox 481 3249 724 3320; x_wconf 88' lang='lat' dir='ltr'><strong>quamdiuvivunt.</strong></span> <span class='ocrx_word' id='word_1_496' title='bbox 765 3249 841 3305; x_wconf 85' lang='lat' dir='ltr'><strong>Mor·</strong></span> <span class='ocrx_word' id='word_1_497' title='bbox 880 3249 958 3320; x_wconf 89' lang='lat' dir='ltr'><strong>ginta</strong></span> <span class='ocrx_word' id='word_1_498' title='bbox 970 3250 1088 3315; x_wconf 70' lang='lat' dir='ltr'><strong>vixisse,</strong></span> <span class='ocrx_word' id='word_1_499' title='bbox 1110 3267 1147 3305; x_wconf 86' lang='lat' dir='ltr'><strong>ex</strong></span> <span class='ocrx_word' id='word_1_500' title='bbox 1161 3248 1345 3319; x_wconf 83' lang='lat' dir='ltr'><strong>sylvestribus,</strong></span> <span class='ocrx_word' id='word_1_501' title='bbox 1360 3247 1394 3301; x_wconf 91' lang='lat' dir='ltr'><strong>ad</strong></span> <span class='ocrx_word' id='word_1_502' title='bbox 1408 3247 1596 3319; x_wconf 84' lang='lat' dir='ltr'><strong>quadraginta.</strong></span> 
     </span>
     <span class='ocr_line' id='line_1_38' title="bbox 67 3320 1674 3397; baseline 0.001 -20"><span class='ocrx_word' id='word_1_503' title='bbox 67 3320 148 3377; x_wconf 78' lang='lat' dir='ltr'><strong>bosam</strong></span> <span class='ocrx_word' id='word_1_504' title='bbox 166 3326 225 3382; x_wconf 89' lang='lat' dir='ltr'><strong>ovis</strong></span> <span class='ocrx_word' id='word_1_505' title='bbox 245 3326 357 3394; x_wconf 85' lang='lat' dir='ltr'><strong>animal,</strong></span> <span class='ocrx_word' id='word_1_506' title='bbox 371 3344 421 3383; x_wconf 88' lang='lat' dir='ltr'><strong>nec</strong></span> <span class='ocrx_word' id='word_1_507' title='bbox 434 3330 522 3384; x_wconf 75' lang='lat' dir='ltr'><strong>aemtis</strong></span> <span class='ocrx_word' id='word_1_508' title='bbox 541 3345 597 3384; x_wconf 83' lang='lat' dir='ltr'><strong>sura</strong></span> <span class='ocrx_word' id='word_1_509' title='bbox 610 3328 772 3384; x_wconf 88' lang='lat' dir='ltr'><strong>curriculum</strong></span> <span class='ocrx_word' id='word_1_510' title='bbox 785 3330 841 3384; x_wconf 81' lang='lat' dir='ltr'><strong>iere</strong></span> <span class='ocrx_word' id='word_1_511' title='bbox 920 3328 969 3384; x_wconf 85' lang='grc'><strong>25.</strong></span> <span class='ocrx_word' id='word_1_512' title='bbox 991 3329 1095 3384; x_wconf 80' lang='lat' dir='ltr'><strong>Corvus</strong></span> <span class='ocrx_word' id='word_1_513' title='bbox 1109 3329 1223 3384; x_wconf 89' lang='lat' dir='ltr'><strong>traditur</strong></span> <span class='ocrx_word' id='word_1_514' title='bbox 1240 3346 1300 3384; x_wconf 88' lang='lat' dir='ltr'><strong>esse</strong></span> <span class='ocrx_word' id='word_1_515' title='bbox 1321 3326 1445 3382; x_wconf 85' lang='lat' dir='ltr'><strong>similiter</strong></span> <span class='ocrx_word' id='word_1_516' title='bbox 1463 3325 1610 3397; x_wconf 80' lang='lat' dir='ltr'><strong>longaevus,</strong></span> <span class='ocrx_word' id='word_1_517' title='bbox 1624 3325 1674 3379; x_wconf 89' lang='lat' dir='ltr'><strong>ali-</strong></span> 
     </span>
     <span class='ocr_line' id='line_1_39' title="bbox 67 3398 1674 3479; baseline -0.008 -9"><span class='ocrx_word' id='word_1_518' title='bbox 67 3398 156 3470; x_wconf 59' lang='grc'><strong>1111111·</strong></span> <span class='ocrx_word' id='word_1_519' title='bbox 881 3408 988 3479; x_wconf 87' lang='lat' dir='ltr'><strong>quando</strong></span> <span class='ocrx_word' id='word_1_520' title='bbox 1005 3410 1194 3472; x_wconf 67' lang='lat' dir='ltr'><strong>centenariusr</strong></span> <span class='ocrx_word' id='word_1_521' title='bbox 1222 3408 1364 3462; x_wconf 89' lang='lat' dir='ltr'><strong>carnivora</strong></span> <span class='ocrx_word' id='word_1_522' title='bbox 1385 3406 1452 3471; x_wconf 90' lang='lat' dir='ltr'><strong>avis,</strong></span> <span class='ocrx_word' id='word_1_523' title='bbox 1473 3422 1561 3477; x_wconf 87' lang='lat' dir='ltr'><strong>neque</strong></span> <span class='ocrx_word' id='word_1_524' title='bbox 1582 3405 1674 3458; x_wconf 88' lang='lat' dir='ltr'><strong>admo-</strong></span> 
     </span>
    </p>

    <p class='ocr_par' dir='ltr' id='par_1_8' title="bbox 67 3481 1676 3796">
     <span class='ocr_line' id='line_1_40' title="bbox 101 3481 1676 3559; baseline -0.001 -20"><span class='ocrx_word' id='word_1_525' title='bbox 101 3481 139 3535; x_wconf 82' lang='lat'><strong>12.</strong></span> <span class='ocrx_word' id='word_1_526' title='bbox 158 3483 245 3556; x_wconf 88' lang='lat' dir='ltr'><strong>Caper</strong></span> <span class='ocrx_word' id='word_1_527' title='bbox 258 3486 454 3541; x_wconf 88' lang='lat' dir='ltr'><strong>etiamsimilis</strong></span> <span class='ocrx_word' id='word_1_528' title='bbox 468 3487 569 3544; x_wconf 87' lang='lat' dir='ltr'><strong>estrevi</strong></span> <span class='ocrx_word' id='word_1_529' title='bbox 582 3505 645 3543; x_wconf 92' lang='lat' dir='ltr'><strong>cum</strong></span> <span class='ocrx_word' id='word_1_530' title='bbox 655 3504 775 3553; x_wconf 88' lang='lat' dir='ltr'><strong>ove,nec</strong></span> <span class='ocrx_word' id='word_1_531' title='bbox 789 3489 843 3543; x_wconf 90' lang='lat' dir='ltr'><strong>dis·</strong></span> <span class='ocrx_word' id='word_1_532' title='bbox 880 3487 944 3542; x_wconf 90' lang='lat' dir='ltr'><strong>dum</strong></span> <span class='ocrx_word' id='word_1_533' title='bbox 964 3488 1092 3559; x_wconf 84' lang='lat' dir='ltr'><strong>frequens</strong></span> <span class='ocrx_word' id='word_1_534' title='bbox 1112 3489 1142 3543; x_wconf 91' lang='lat' dir='ltr'><strong>in</strong></span> <span class='ocrx_word' id='word_1_535' title='bbox 1163 3487 1270 3552; x_wconf 83' lang='lat' dir='ltr'><strong>volatu;</strong></span> <span class='ocrx_word' id='word_1_536' title='bbox 1294 3487 1342 3541; x_wconf 91' lang='lat' dir='ltr'><strong>sed</strong></span> <span class='ocrx_word' id='word_1_537' title='bbox 1362 3485 1451 3556; x_wconf 87' lang='lat' dir='ltr'><strong>magis</strong></span> <span class='ocrx_word' id='word_1_538' title='bbox 1472 3485 1632 3548; x_wconf 87' lang='lat' dir='ltr'><strong>sedentaria,</strong></span> <span class='ocrx_word' id='word_1_539' title='bbox 1648 3493 1676 3538; x_wconf 91' lang='lat' dir='ltr'><strong>et</strong></span> 
     </span>
     <span class='ocr_line' id='line_1_41' title="bbox 67 3562 1676 3639; baseline 0.002 -25"><span class='ocrx_word' id='word_1_540' title='bbox 67 3572 107 3626; x_wconf 79' lang='lat' dir='ltr'><strong>par</strong></span> <span class='ocrx_word' id='word_1_541' title='bbox 118 3562 225 3620; x_wconf 86' lang='lat' dir='ltr'><strong>maltum</strong></span> <span class='ocrx_word' id='word_1_542' title='bbox 236 3566 265 3619; x_wconf 88' lang='lat' dir='ltr'><strong>in</strong></span> <span class='ocrx_word' id='word_1_543' title='bbox 279 3566 404 3630; x_wconf 68' lang='lat' dir='ltr'><strong>craterisr</strong></span> <span class='ocrx_word' id='word_1_544' title='bbox 418 3565 483 3621; x_wconf 89' lang='lat' dir='ltr'><strong>licet</strong></span> <span class='ocrx_word' id='word_1_545' title='bbox 496 3567 534 3621; x_wconf 90' lang='lat' dir='ltr'><strong>sit</strong></span> <span class='ocrx_word' id='word_1_546' title='bbox 546 3567 649 3623; x_wconf 88' lang='lat' dir='ltr'><strong>animal</strong></span> <span class='ocrx_word' id='word_1_547' title='bbox 661 3569 750 3639; x_wconf 88' lang='lat' dir='ltr'><strong>magis</strong></span> <span class='ocrx_word' id='word_1_548' title='bbox 760 3567 841 3639; x_wconf 86' lang='lat' dir='ltr'><strong>agile,</strong></span> <span class='ocrx_word' id='word_1_549' title='bbox 880 3567 1006 3622; x_wconf 88' lang='lat' dir='ltr'><strong>carnibus</strong></span> <span class='ocrx_word' id='word_1_550' title='bbox 1019 3568 1165 3623; x_wconf 85' lang='lat' dir='ltr'><strong>admodum</strong></span> <span class='ocrx_word' id='word_1_551' title='bbox 1175 3568 1248 3622; x_wconf 75' lang='lat' dir='ltr'><strong>atria</strong></span> <span class='ocrx_word' id='word_1_552' title='bbox 1283 3567 1320 3621; x_wconf 78' lang='lat' dir='ltr'><strong>lt</strong></span> <span class='ocrx_word' id='word_1_553' title='bbox 1332 3566 1434 3628; x_wconf 86' lang='lat' dir='ltr'><strong>cornix,</strong></span> <span class='ocrx_word' id='word_1_554' title='bbox 1445 3573 1544 3619; x_wconf 76' lang='lat' dir='ltr'><strong>catera</strong></span> <span class='ocrx_word' id='word_1_555' title='bbox 1554 3567 1676 3636; x_wconf 74' lang='lat' dir='ltr'><strong>(prseter-</strong></span> 
     </span>
     <span class='ocr_line' id='line_1_42' title="bbox 68 3642 1676 3718; baseline 0.001 -21"><span class='ocrx_word' id='word_1_556' title='bbox 68 3644 259 3714; x_wconf 69' lang='lat' dir='ltr'><strong>ettamepaulo</strong></span> <span class='ocrx_word' id='word_1_557' title='bbox 269 3645 396 3710; x_wconf 86' lang='lat' dir='ltr'><strong>firmiore,</strong></span> <span class='ocrx_word' id='word_1_558' title='bbox 407 3662 494 3717; x_wconf 90' lang='lat' dir='ltr'><strong>eoque</strong></span> <span class='ocrx_word' id='word_1_559' title='bbox 504 3646 628 3701; x_wconf 90' lang='lat' dir='ltr'><strong>debuerit</strong></span> <span class='ocrx_word' id='word_1_560' title='bbox 636 3663 697 3702; x_wconf 86' lang='lat' dir='ltr'><strong>esse</strong></span> <span class='ocrx_word' id='word_1_561' title='bbox 707 3648 841 3713; x_wconf 68' lang='lat' dir='ltr'><strong>vivacium</strong></span> <span class='ocrx_word' id='word_1_562' title='bbox 881 3663 963 3718; x_wconf 87' lang='lat' dir='ltr'><strong>quarn</strong></span> <span class='ocrx_word' id='word_1_563' title='bbox 984 3648 1177 3718; x_wconf 87' lang='lat' dir='ltr'><strong>magnitudine,</strong></span> <span class='ocrx_word' id='word_1_564' title='bbox 1200 3655 1228 3701; x_wconf 90' lang='lat' dir='ltr'><strong>et</strong></span> <span class='ocrx_word' id='word_1_565' title='bbox 1251 3646 1330 3716; x_wconf 90' lang='lat' dir='ltr'><strong>voce)</strong></span> <span class='ocrx_word' id='word_1_566' title='bbox 1352 3644 1457 3709; x_wconf 90' lang='lat' dir='ltr'><strong>similis,</strong></span> <span class='ocrx_word' id='word_1_567' title='bbox 1478 3642 1561 3714; x_wconf 87' lang='lat' dir='ltr'><strong>paulo</strong></span> <span class='ocrx_word' id='word_1_568' title='bbox 1586 3643 1676 3698; x_wconf 89' lang='lat' dir='ltr'><strong>minus</strong></span> 
     </span>
     <span class='ocr_line' id='line_1_43' title="bbox 68 3723 1522 3796; baseline 0.002 -21"><span class='ocrx_word' id='word_1_569' title='bbox 68 3726 168 3776; x_wconf 70' lang='lat' dir='ltr'><strong>ttamen</strong></span> <span class='ocrx_word' id='word_1_570' title='bbox 180 3724 301 3779; x_wconf 74' lang='lat' dir='ltr'><strong>solacius</strong></span> <span class='ocrx_word' id='word_1_571' title='bbox 312 3733 354 3779; x_wconf 81' lang='lat' dir='ltr'><strong>eat</strong></span> <span class='ocrx_word' id='word_1_572' title='bbox 367 3724 459 3791; x_wconf 90' lang='lat' dir='ltr'><strong>multo,</strong></span> <span class='ocrx_word' id='word_1_573' title='bbox 473 3742 558 3796; x_wconf 90' lang='lat' dir='ltr'><strong>eoque</strong></span> <span class='ocrx_word' id='word_1_574' title='bbox 572 3726 704 3781; x_wconf 88' lang='lat' dir='ltr'><strong>brevioris</strong></span> <span class='ocrx_word' id='word_1_575' title='bbox 718 3728 777 3783; x_wconf 79' lang='lat' dir='ltr'><strong>ravi.</strong></span> <span class='ocrx_word' id='word_1_576' title='bbox 880 3726 926 3780; x_wconf 92' lang='lat' dir='ltr'><strong>diu</strong></span> <span class='ocrx_word' id='word_1_577' title='bbox 940 3725 1017 3792; x_wconf 86' lang='lat' dir='ltr'><strong>vivit,</strong></span> <span class='ocrx_word' id='word_1_578' title='bbox 1032 3727 1080 3781; x_wconf 89' lang='lat' dir='ltr'><strong>sed</strong></span> <span class='ocrx_word' id='word_1_579' title='bbox 1094 3735 1184 3782; x_wconf 88' lang='lat' dir='ltr'><strong>tamen</strong></span> <span class='ocrx_word' id='word_1_580' title='bbox 1197 3726 1311 3781; x_wconf 90' lang='lat' dir='ltr'><strong>habetur</strong></span> <span class='ocrx_word' id='word_1_581' title='bbox 1325 3742 1361 3779; x_wconf 82' lang='lat' dir='ltr'><strong>ex</strong></span> <span class='ocrx_word' id='word_1_582' title='bbox 1374 3723 1522 3778; x_wconf 87' lang='lat' dir='ltr'><strong>vivacibus.</strong></span> 
     </span>
    </p>

    <p class='ocr_par' dir='ltr' id='par_1_9' title="bbox 68 3796 1677 4116">
     <span class='ocr_line' id='line_1_44' title="bbox 101 3796 1677 3877; baseline 0 -23"><span class='ocrx_word' id='word_1_583' title='bbox 101 3796 141 3854; x_wconf 85' lang='grc'><strong>13.</strong></span> <span class='ocrx_word' id='word_1_584' title='bbox 159 3801 226 3858; x_wconf 82' lang='lat' dir='ltr'><strong>Sues</strong></span> <span class='ocrx_word' id='word_1_585' title='bbox 239 3803 275 3858; x_wconf 89' lang='lat' dir='ltr'><strong>ad</strong></span> <span class='ocrx_word' id='word_1_586' title='bbox 291 3803 444 3874; x_wconf 89' lang='lat' dir='ltr'><strong>quindecim</strong></span> <span class='ocrx_word' id='word_1_587' title='bbox 464 3822 549 3859; x_wconf 89' lang='lat' dir='ltr'><strong>annos</strong></span> <span class='ocrx_word' id='word_1_588' title='bbox 567 3805 728 3877; x_wconf 90' lang='lat' dir='ltr'><strong>quandoque</strong></span> <span class='ocrx_word' id='word_1_589' title='bbox 741 3807 842 3872; x_wconf 90' lang='lat' dir='ltr'><strong>vivunt,</strong></span> <span class='ocrx_word' id='word_1_590' title='bbox 921 3805 968 3861; x_wconf 85' lang='grc'><strong>26.</strong></span> <span class='ocrx_word' id='word_1_591' title='bbox 990 3806 1111 3877; x_wconf 81' lang='lat' dir='ltr'><strong>Cygnus,</strong></span> <span class='ocrx_word' id='word_1_592' title='bbox 1125 3822 1176 3876; x_wconf 90' lang='lat' dir='ltr'><strong>pro</strong></span> <span class='ocrx_word' id='word_1_593' title='bbox 1194 3812 1276 3871; x_wconf 87' lang='lat' dir='ltr'><strong>certo,</strong></span> <span class='ocrx_word' id='word_1_594' title='bbox 1290 3803 1434 3859; x_wconf 89' lang='lat' dir='ltr'><strong>admodum</strong></span> <span class='ocrx_word' id='word_1_595' title='bbox 1448 3802 1588 3874; x_wconf 79' lang='lat' dir='ltr'><strong>longaevus</strong></span> <span class='ocrx_word' id='word_1_596' title='bbox 1602 3802 1677 3855; x_wconf 86' lang='lat' dir='ltr'><strong>inve-</strong></span> 
     </span>
     <span class='ocr_line' id='line_1_45' title="bbox 68 3874 1675 3954; baseline 0.002 -22"><span class='ocrx_word' id='word_1_597' title='bbox 68 3874 136 3932; x_wconf 74' lang='lat' dir='ltr'><strong>ctisru</strong></span> <span class='ocrx_word' id='word_1_598' title='bbox 150 3880 308 3954; x_wconf 82' lang='lat' dir='ltr'><strong>adriginti;</strong></span> <span class='ocrx_word' id='word_1_599' title='bbox 329 3900 445 3954; x_wconf 89' lang='lat' dir='ltr'><strong>cumque</strong></span> <span class='ocrx_word' id='word_1_600' title='bbox 459 3885 615 3949; x_wconf 86' lang='lat' dir='ltr'><strong>sintcame,</strong></span> <span class='ocrx_word' id='word_1_601' title='bbox 629 3886 701 3940; x_wconf 90' lang='lat' dir='ltr'><strong>inter</strong></span> <span class='ocrx_word' id='word_1_602' title='bbox 714 3885 844 3940; x_wconf 84' lang='lat' dir='ltr'><strong>animalia</strong></span> <span class='ocrx_word' id='word_1_603' title='bbox 882 3885 965 3950; x_wconf 89' lang='lat' dir='ltr'><strong>nitur,</strong></span> <span class='ocrx_word' id='word_1_604' title='bbox 989 3894 1018 3941; x_wconf 89' lang='lat' dir='ltr'><strong>et</strong></span> <span class='ocrx_word' id='word_1_605' title='bbox 1040 3887 1217 3940; x_wconf 87' lang='lat' dir='ltr'><strong>centesimum</strong></span> <span class='ocrx_word' id='word_1_606' title='bbox 1240 3901 1340 3939; x_wconf 89' lang='lat' dir='ltr'><strong>annum</strong></span> <span class='ocrx_word' id='word_1_607' title='bbox 1362 3882 1438 3937; x_wconf 92' lang='lat' dir='ltr'><strong>haud</strong></span> <span class='ocrx_word' id='word_1_608' title='bbox 1461 3898 1524 3937; x_wconf 92' lang='lat' dir='ltr'><strong>raro</strong></span> <span class='ocrx_word' id='word_1_609' title='bbox 1548 3889 1675 3953; x_wconf 66' lang='lat' dir='ltr'><strong>superate</strong></span> 
     </span>
     <span class='ocr_line' id='line_1_46' title="bbox 68 3957 1674 4035; baseline 0.001 -22"><span class='ocrx_word' id='word_1_610' title='bbox 68 3957 151 4022; x_wconf 71' lang='lat' dir='ltr'><strong>mia,</strong></span> <span class='ocrx_word' id='word_1_611' title='bbox 163 3959 360 4027; x_wconf 85' lang='lat' dir='ltr'><strong>humidissima,</strong></span> <span class='ocrx_word' id='word_1_612' title='bbox 381 3971 472 4018; x_wconf 89' lang='lat' dir='ltr'><strong>tamen</strong></span> <span class='ocrx_word' id='word_1_613' title='bbox 485 3963 557 4018; x_wconf 88' lang='lat' dir='ltr'><strong>nihil</strong></span> <span class='ocrx_word' id='word_1_614' title='bbox 574 3964 680 4019; x_wconf 90' lang='lat' dir='ltr'><strong>videtur</strong></span> <span class='ocrx_word' id='word_1_615' title='bbox 695 3965 747 4020; x_wconf 89' lang='lat' dir='ltr'><strong>hoc</strong></span> <span class='ocrx_word' id='word_1_616' title='bbox 761 3966 843 4035; x_wconf 87' lang='lat' dir='ltr'><strong>proti·</strong></span> <span class='ocrx_word' id='word_1_617' title='bbox 881 3965 940 4019; x_wconf 87' lang='lat' dir='ltr'><strong>avis</strong></span> <span class='ocrx_word' id='word_1_618' title='bbox 954 3966 1055 4035; x_wconf 90' lang='lat' dir='ltr'><strong>optime</strong></span> <span class='ocrx_word' id='word_1_619' title='bbox 1076 3964 1205 4035; x_wconf 91' lang='lat' dir='ltr'><strong>plumata,</strong></span> <span class='ocrx_word' id='word_1_620' title='bbox 1218 3963 1432 4034; x_wconf 86' lang='lat' dir='ltr'><strong>ichthyophaga,</strong></span> <span class='ocrx_word' id='word_1_621' title='bbox 1446 3969 1475 4016; x_wconf 89' lang='lat' dir='ltr'><strong>et</strong></span> <span class='ocrx_word' id='word_1_622' title='bbox 1494 3970 1629 4032; x_wconf 89' lang='lat' dir='ltr'><strong>perpetuo</strong></span> <span class='ocrx_word' id='word_1_623' title='bbox 1644 3961 1674 4015; x_wconf 91' lang='lat' dir='ltr'><strong>in</strong></span> 
     </span>
     <span class='ocr_line' id='line_1_47' title="bbox 69 4038 1460 4116; baseline 0.004 -28"><span class='ocrx_word' id='word_1_624' title='bbox 69 4048 119 4088; x_wconf 76' lang='lat' dir='ltr'><strong>cere</strong></span> <span class='ocrx_word' id='word_1_625' title='bbox 130 4038 162 4092; x_wconf 89' lang='lat' dir='ltr'><strong>ad</strong></span> <span class='ocrx_word' id='word_1_626' title='bbox 174 4038 374 4113; x_wconf 87' lang='lat' dir='ltr'><strong>longitudinem</strong></span> <span class='ocrx_word' id='word_1_627' title='bbox 386 4043 462 4108; x_wconf 70' lang='lat' dir='ltr'><strong>vitaer</strong></span> <span class='ocrx_word' id='word_1_628' title='bbox 483 4044 517 4097; x_wconf 91' lang='lat' dir='ltr'><strong>de</strong></span> <span class='ocrx_word' id='word_1_629' title='bbox 531 4059 598 4114; x_wconf 87' lang='lat' dir='ltr'><strong>apro</strong></span> <span class='ocrx_word' id='word_1_630' title='bbox 616 4051 664 4098; x_wconf 89' lang='lat' dir='ltr'><strong>sut</strong></span> <span class='ocrx_word' id='word_1_631' title='bbox 677 4061 725 4100; x_wconf 86' lang='lat' dir='ltr'><strong>soe</strong></span> <span class='ocrx_word' id='word_1_632' title='bbox 739 4045 842 4116; x_wconf 83' lang='lat' dir='ltr'><strong>sylves·</strong></span> <span class='ocrx_word' id='word_1_633' title='bbox 882 4045 1041 4115; x_wconf 89' lang='lat' dir='ltr'><strong>gestatione,</strong></span> <span class='ocrx_word' id='word_1_634' title='bbox 1055 4044 1137 4116; x_wconf 90' lang='lat' dir='ltr'><strong>idque</strong></span> <span class='ocrx_word' id='word_1_635' title='bbox 1147 4045 1176 4098; x_wconf 89' lang='lat' dir='ltr'><strong>in</strong></span> <span class='ocrx_word' id='word_1_636' title='bbox 1191 4044 1269 4116; x_wconf 89' lang='lat' dir='ltr'><strong>aquis</strong></span> <span class='ocrx_word' id='word_1_637' title='bbox 1283 4040 1460 4097; x_wconf 85' lang='lat' dir='ltr'><strong>currentibus.</strong></span> 
     </span>
    </p>

    <p class='ocr_par' dir='ltr' id='par_1_10' title="bbox 69 4112 1678 4196">
     <span class='ocr_line' id='line_1_48' title="bbox 69 4112 1678 4196; baseline -0.002 -19"><span class='ocrx_word' id='word_1_638' title='bbox 69 4112 102 4177; x_wconf 65' lang='lat' dir='ltr'><strong>“A</strong></span> <span class='ocrx_word' id='word_1_639' title='bbox 114 4116 150 4170; x_wconf 79' lang='lat' dir='ltr'><strong>nil</strong></span> <span class='ocrx_word' id='word_1_640' title='bbox 162 4122 226 4175; x_wconf 84' lang='lat' dir='ltr'><strong>certi</strong></span> <span class='ocrx_word' id='word_1_641' title='bbox 239 4121 366 4176; x_wconf 87' lang='lat' dir='ltr'><strong>habetur.</strong></span> <span class='ocrx_word' id='word_1_642' title='bbox 921 4121 969 4184; x_wconf 80' lang='lat'><strong>27.</strong></span> <span class='ocrx_word' id='word_1_643' title='bbox 990 4123 1079 4179; x_wconf 88' lang='lat' dir='ltr'><strong>Anser</strong></span> <span class='ocrx_word' id='word_1_644' title='bbox 1093 4140 1200 4196; x_wconf 92' lang='lat' dir='ltr'><strong>quoque</strong></span> <span class='ocrx_word' id='word_1_645' title='bbox 1217 4141 1253 4177; x_wconf 84' lang='lat' dir='ltr'><strong>ex</strong></span> <span class='ocrx_word' id='word_1_646' title='bbox 1265 4120 1412 4192; x_wconf 79' lang='lat' dir='ltr'><strong>lougaevis3</strong></span> <span class='ocrx_word' id='word_1_647' title='bbox 1433 4119 1497 4175; x_wconf 91' lang='lat' dir='ltr'><strong>licet</strong></span> <span class='ocrx_word' id='word_1_648' title='bbox 1510 4118 1595 4173; x_wconf 89' lang='lat' dir='ltr'><strong>herba</strong></span> <span class='ocrx_word' id='word_1_649' title='bbox 1608 4127 1636 4174; x_wconf 92' lang='lat' dir='ltr'><strong>et</strong></span> <span class='ocrx_word' id='word_1_650' title='bbox 1648 4119 1678 4174; x_wconf 90' lang='lat' dir='ltr'><strong>id</strong></span> 
     </span>
    </p>

    <p class='ocr_par' dir='ltr' id='par_1_11' title="bbox 69 4192 1679 4671">
     <span class='ocr_line' id='line_1_49' title="bbox 103 4192 1676 4274; baseline 0.001 -23"><span class='ocrx_word' id='word_1_651' title='bbox 103 4192 141 4249; x_wconf 64' lang='lat' dir='ltr'><strong>ld</strong></span> <span class='ocrx_word' id='word_1_652' title='bbox 160 4197 232 4255; x_wconf 76' lang='lat' dir='ltr'><strong>Folia</strong></span> <span class='ocrx_word' id='word_1_653' title='bbox 245 4207 313 4257; x_wconf 85' lang='lat' dir='ltr'><strong>ratas</strong></span> <span class='ocrx_word' id='word_1_654' title='bbox 332 4207 375 4256; x_wconf 87' lang='lat' dir='ltr'><strong>est</strong></span> <span class='ocrx_word' id='word_1_655' title='bbox 394 4201 464 4257; x_wconf 93' lang='lat' dir='ltr'><strong>inter</strong></span> <span class='ocrx_word' id='word_1_656' title='bbox 482 4208 589 4257; x_wconf 83' lang='lat' dir='ltr'><strong>sextum</strong></span> <span class='ocrx_word' id='word_1_657' title='bbox 606 4219 711 4258; x_wconf 91' lang='lat' dir='ltr'><strong>annum</strong></span> <span class='ocrx_word' id='word_1_658' title='bbox 723 4209 752 4257; x_wconf 88' lang='lat' dir='ltr'><strong>et</strong></span> <span class='ocrx_word' id='word_1_659' title='bbox 770 4202 844 4258; x_wconf 91' lang='lat' dir='ltr'><strong>deci·</strong></span> <span class='ocrx_word' id='word_1_660' title='bbox 882 4217 971 4273; x_wconf 87' lang='lat' dir='ltr'><strong>genus</strong></span> <span class='ocrx_word' id='word_1_661' title='bbox 984 4202 1085 4274; x_wconf 89' lang='lat' dir='ltr'><strong>pabulo</strong></span> <span class='ocrx_word' id='word_1_662' title='bbox 1097 4204 1249 4267; x_wconf 71' lang='lat' dir='ltr'><strong>nutriatur3</strong></span> <span class='ocrx_word' id='word_1_663' title='bbox 1270 4202 1388 4256; x_wconf 87' lang='lat' dir='ltr'><strong>maxime</strong></span> <span class='ocrx_word' id='word_1_664' title='bbox 1409 4206 1501 4253; x_wconf 92' lang='lat' dir='ltr'><strong>autem</strong></span> <span class='ocrx_word' id='word_1_665' title='bbox 1518 4198 1676 4268; x_wconf 84' lang='lat' dir='ltr'><strong>sylvestris;</strong></span> 
     </span>
     <span class='ocr_line' id='line_1_50' title="bbox 69 4277 1678 4355; baseline -0.001 -22"><span class='ocrx_word' id='word_1_666' title='bbox 69 4285 144 4340; x_wconf 68' lang='lat' dir='ltr'><strong>mum,</strong></span> <span class='ocrx_word' id='word_1_667' title='bbox 162 4280 232 4349; x_wconf 87' lang='lat' dir='ltr'><strong>agile</strong></span> <span class='ocrx_word' id='word_1_668' title='bbox 245 4279 356 4345; x_wconf 88' lang='lat' dir='ltr'><strong>animal,</strong></span> <span class='ocrx_word' id='word_1_669' title='bbox 373 4290 400 4335; x_wconf 91' lang='lat' dir='ltr'><strong>et</strong></span> <span class='ocrx_word' id='word_1_670' title='bbox 413 4281 510 4352; x_wconf 87' lang='lat' dir='ltr'><strong>spiritu</strong></span> <span class='ocrx_word' id='word_1_671' title='bbox 524 4282 588 4347; x_wconf 86' lang='lat' dir='ltr'><strong>acri,</strong></span> <span class='ocrx_word' id='word_1_672' title='bbox 603 4283 679 4351; x_wconf 88' lang='lat' dir='ltr'><strong>cujus</strong></span> <span class='ocrx_word' id='word_1_673' title='bbox 693 4299 786 4337; x_wconf 88' lang='lat' dir='ltr'><strong>semen</strong></span> <span class='ocrx_word' id='word_1_674' title='bbox 800 4285 844 4355; x_wconf 90' lang='lat' dir='ltr'><strong>(ut</strong></span> <span class='ocrx_word' id='word_1_675' title='bbox 883 4281 953 4336; x_wconf 91' lang='lat' dir='ltr'><strong>adeo</strong></span> <span class='ocrx_word' id='word_1_676' title='bbox 973 4289 1002 4337; x_wconf 92' lang='lat' dir='ltr'><strong>ut</strong></span> <span class='ocrx_word' id='word_1_677' title='bbox 1015 4283 1044 4337; x_wconf 91' lang='lat' dir='ltr'><strong>in</strong></span> <span class='ocrx_word' id='word_1_678' title='bbox 1058 4283 1228 4353; x_wconf 89' lang='lat' dir='ltr'><strong>proverbium</strong></span> <span class='ocrx_word' id='word_1_679' title='bbox 1246 4282 1319 4352; x_wconf 89' lang='lat' dir='ltr'><strong>apud</strong></span> <span class='ocrx_word' id='word_1_680' title='bbox 1338 4278 1488 4334; x_wconf 84' lang='lat' dir='ltr'><strong>Germanos</strong></span> <span class='ocrx_word' id='word_1_681' title='bbox 1501 4277 1543 4343; x_wconf 87' lang='lat' dir='ltr'><strong>sit,</strong></span> <span class='ocrx_word' id='word_1_682' title='bbox 1559 4278 1678 4351; x_wconf 85' lang='lat' dir='ltr'><strong>“Magis</strong></span> 
     </span>
     <span class='ocr_line' id='line_1_51' title="bbox 70 4351 1299 4433; baseline 0.01 -30"><span class='ocrx_word' id='word_1_683' title='bbox 70 4351 139 4407; x_wconf 83' lang='lat' dir='ltr'><strong>rstert</strong></span> <span class='ocrx_word' id='word_1_684' title='bbox 158 4357 294 4429; x_wconf 81' lang='lat' dir='ltr'><strong>AEliarrus)</strong></span> <span class='ocrx_word' id='word_1_685' title='bbox 316 4360 464 4416; x_wconf 69' lang='lat' dir='ltr'><strong>famellam</strong></span> <span class='ocrx_word' id='word_1_686' title='bbox 486 4360 575 4416; x_wconf 88' lang='lat' dir='ltr'><strong>adurit</strong></span> <span class='ocrx_word' id='word_1_687' title='bbox 582 4382 590 4427; x_wconf 67' lang='grc' dir='ltr'><strong>ς</strong></span> <span class='ocrx_word' id='word_1_688' title='bbox 619 4361 690 4416; x_wconf 89' lang='lat' dir='ltr'><strong>unde</strong></span> <span class='ocrx_word' id='word_1_689' title='bbox 710 4362 845 4416; x_wconf 84' lang='lat' dir='ltr'><strong>increbuit</strong></span> <span class='ocrx_word' id='word_1_690' title='bbox 885 4377 972 4416; x_wconf 82' lang='lat' dir='ltr'><strong>senex</strong></span> <span class='ocrx_word' id='word_1_691' title='bbox 986 4379 1067 4433; x_wconf 91' lang='lat' dir='ltr'><strong>quam</strong></span> <span class='ocrx_word' id='word_1_692' title='bbox 1081 4360 1299 4417; x_wconf 84' lang='lat' dir='ltr'><strong>ansernivalis.’&#39;</strong></span> 
     </span>
     <span class='ocr_line' id='line_1_52' title="bbox 70 4429 1678 4512; baseline -0.004 -14"><span class='ocrx_word' id='word_1_693' title='bbox 70 4429 161 4500; x_wconf 70' lang='grc' dir='ltr'><strong>11111ος</strong></span> <span class='ocrx_word' id='word_1_694' title='bbox 181 4438 252 4508; x_wconf 88' lang='lat' dir='ltr'><strong>quod</strong></span> <span class='ocrx_word' id='word_1_695' title='bbox 265 4439 329 4495; x_wconf 83' lang='lat' dir='ltr'><strong>telis</strong></span> <span class='ocrx_word' id='word_1_696' title='bbox 341 4440 460 4511; x_wconf 89' lang='lat' dir='ltr'><strong>concipit</strong></span> <span class='ocrx_word' id='word_1_697' title='bbox 477 4441 507 4494; x_wconf 92' lang='lat' dir='ltr'><strong>in</strong></span> <span class='ocrx_word' id='word_1_698' title='bbox 525 4440 625 4506; x_wconf 90' lang='lat' dir='ltr'><strong>dolore,</strong></span> <span class='ocrx_word' id='word_1_699' title='bbox 641 4447 669 4495; x_wconf 92' lang='lat' dir='ltr'><strong>et</strong></span> <span class='ocrx_word' id='word_1_700' title='bbox 689 4442 761 4512; x_wconf 88' lang='lat' dir='ltr'><strong>parit</strong></span> <span class='ocrx_word' id='word_1_701' title='bbox 783 4458 843 4496; x_wconf 89' lang='lat' dir='ltr'><strong>cum</strong></span> <span class='ocrx_word' id='word_1_702' title='bbox 922 4441 969 4496; x_wconf 86' lang='grc'><strong>28.</strong></span> <span class='ocrx_word' id='word_1_703' title='bbox 991 4441 1111 4497; x_wconf 75' lang='lat' dir='ltr'><strong>(liconiae</strong></span> <span class='ocrx_word' id='word_1_704' title='bbox 1123 4441 1253 4512; x_wconf 76' lang='lat' dir='ltr'><strong>longaevas</strong></span> <span class='ocrx_word' id='word_1_705' title='bbox 1268 4440 1411 4495; x_wconf 88' lang='lat' dir='ltr'><strong>admodum</strong></span> <span class='ocrx_word' id='word_1_706' title='bbox 1425 4454 1484 4492; x_wconf 84' lang='lat' dir='ltr'><strong>esse</strong></span> <span class='ocrx_word' id='word_1_707' title='bbox 1504 4437 1640 4502; x_wconf 89' lang='lat' dir='ltr'><strong>deberent,</strong></span> <span class='ocrx_word' id='word_1_708' title='bbox 1654 4438 1678 4492; x_wconf 86' lang='lat' dir='ltr'><strong>si</strong></span> 
     </span>
     <span class='ocr_line' id='line_1_53' title="bbox 71 4506 1678 4594; baseline 0.008 -36"><span class='ocrx_word' id='word_1_709' title='bbox 71 4506 200 4570; x_wconf 76' lang='lat' dir='ltr'><strong>facilitate:</strong></span> <span class='ocrx_word' id='word_1_710' title='bbox 220 4534 306 4572; x_wconf 88' lang='lat' dir='ltr'><strong>vorax</strong></span> <span class='ocrx_word' id='word_1_711' title='bbox 323 4519 407 4574; x_wconf 87' lang='lat' dir='ltr'><strong>estin</strong></span> <span class='ocrx_word' id='word_1_712' title='bbox 425 4520 502 4585; x_wconf 87' lang='lat' dir='ltr'><strong>cibis,</strong></span> <span class='ocrx_word' id='word_1_713' title='bbox 517 4535 587 4592; x_wconf 87' lang='lat' dir='ltr'><strong>quos</strong></span> <span class='ocrx_word' id='word_1_714' title='bbox 608 4521 699 4591; x_wconf 85' lang='lat' dir='ltr'><strong>potius</strong></span> <span class='ocrx_word' id='word_1_715' title='bbox 720 4520 843 4594; x_wconf 88' lang='lat' dir='ltr'><strong>deglutit,</strong></span> <span class='ocrx_word' id='word_1_716' title='bbox 882 4537 977 4577; x_wconf 90' lang='lat' dir='ltr'><strong>verum</strong></span> <span class='ocrx_word' id='word_1_717' title='bbox 990 4530 1071 4586; x_wconf 88' lang='lat' dir='ltr'><strong>esset,</strong></span> <span class='ocrx_word' id='word_1_718' title='bbox 1086 4522 1158 4593; x_wconf 90' lang='lat' dir='ltr'><strong>quod</strong></span> <span class='ocrx_word' id='word_1_719' title='bbox 1171 4519 1319 4590; x_wconf 87' lang='lat' dir='ltr'><strong>antiquitus</strong></span> <span class='ocrx_word' id='word_1_720' title='bbox 1337 4527 1459 4573; x_wconf 90' lang='lat' dir='ltr'><strong>notatum</strong></span> <span class='ocrx_word' id='word_1_721' title='bbox 1472 4517 1531 4582; x_wconf 82' lang='lat' dir='ltr'><strong>fuit,</strong></span> <span class='ocrx_word' id='word_1_722' title='bbox 1545 4533 1592 4572; x_wconf 87' lang='lat' dir='ltr'><strong>eas</strong></span> <span class='ocrx_word' id='word_1_723' title='bbox 1605 4516 1678 4571; x_wconf 83' lang='lat' dir='ltr'><strong>&#39;lhe-</strong></span> 
     </span>
     <span class='ocr_line' id='line_1_54' title="bbox 71 4596 1679 4671; baseline -0.004 -17"><span class='ocrx_word' id='word_1_724' title='bbox 71 4602 138 4654; x_wconf 66' lang='grc'><strong>111111</strong></span> <span class='ocrx_word' id='word_1_725' title='bbox 149 4596 257 4651; x_wconf 84' lang='lat' dir='ltr'><strong>mandit.</strong></span> <span class='ocrx_word' id='word_1_726' title='bbox 882 4600 933 4654; x_wconf 91' lang='lat' dir='ltr'><strong>bas</strong></span> <span class='ocrx_word' id='word_1_727' title='bbox 946 4617 1087 4671; x_wconf 90' lang='lat' dir='ltr'><strong>nunquam</strong></span> <span class='ocrx_word' id='word_1_728' title='bbox 1101 4599 1255 4665; x_wconf 86' lang='lat' dir='ltr'><strong>accessisse,</strong></span> <span class='ocrx_word' id='word_1_729' title='bbox 1270 4599 1336 4670; x_wconf 87' lang='lat' dir='ltr'><strong>quia</strong></span> <span class='ocrx_word' id='word_1_730' title='bbox 1348 4599 1412 4654; x_wconf 88' lang='lat' dir='ltr'><strong>urbs</strong></span> <span class='ocrx_word' id='word_1_731' title='bbox 1426 4596 1474 4651; x_wconf 89' lang='lat' dir='ltr'><strong>ilia</strong></span> <span class='ocrx_word' id='word_1_732' title='bbox 1488 4598 1587 4667; x_wconf 72' lang='lat' dir='ltr'><strong>sapius</strong></span> <span class='ocrx_word' id='word_1_733' title='bbox 1599 4603 1679 4666; x_wconf 86' lang='lat' dir='ltr'><strong>capta</strong></span> 
     </span>
    </p>

    <p class='ocr_par' dir='ltr' id='par_1_12' title="bbox 71 4664 1679 4988">
     <span class='ocr_line' id='line_1_55' title="bbox 106 4664 1678 4758; baseline 0.001 -30"><span class='ocrx_word' id='word_1_734' title='bbox 106 4664 144 4758; x_wconf 78' lang='grc'><strong>15.</strong></span> <span class='ocrx_word' id='word_1_735' title='bbox 164 4671 292 4745; x_wconf 73' lang='lat' dir='ltr'><strong>lepores,</strong></span> <span class='ocrx_word' id='word_1_736' title='bbox 300 4683 328 4730; x_wconf 92' lang='lat' dir='ltr'><strong>et</strong></span> <span class='ocrx_word' id='word_1_737' title='bbox 334 4677 452 4732; x_wconf 87' lang='lat' dir='ltr'><strong>cuniculi</strong></span> <span class='ocrx_word' id='word_1_738' title='bbox 461 4678 510 4734; x_wconf 88' lang='lat' dir='ltr'><strong>vix</strong></span> <span class='ocrx_word' id='word_1_739' title='bbox 522 4679 557 4733; x_wconf 91' lang='lat' dir='ltr'><strong>ad</strong></span> <span class='ocrx_word' id='word_1_740' title='bbox 571 4686 677 4750; x_wconf 86' lang='lat' dir='ltr'><strong>septem</strong></span> <span class='ocrx_word' id='word_1_741' title='bbox 690 4695 774 4734; x_wconf 87' lang='lat' dir='ltr'><strong>annos</strong></span> <span class='ocrx_word' id='word_1_742' title='bbox 784 4697 844 4751; x_wconf 88' lang='lat' dir='ltr'><strong>per·</strong></span> <span class='ocrx_word' id='word_1_743' title='bbox 883 4687 969 4736; x_wconf 82' lang='lat' dir='ltr'><strong>esset:</strong></span> <span class='ocrx_word' id='word_1_744' title='bbox 998 4680 1027 4733; x_wconf 90' lang='lat' dir='ltr'><strong>id</strong></span> <span class='ocrx_word' id='word_1_745' title='bbox 1048 4680 1072 4733; x_wconf 88' lang='lat' dir='ltr'><strong>si</strong></span> <span class='ocrx_word' id='word_1_746' title='bbox 1089 4680 1234 4743; x_wconf 85' lang='lat' dir='ltr'><strong>cavissent,</strong></span> <span class='ocrx_word' id='word_1_747' title='bbox 1256 4685 1303 4732; x_wconf 90' lang='lat' dir='ltr'><strong>aut</strong></span> <span class='ocrx_word' id='word_1_748' title='bbox 1323 4677 1468 4749; x_wconf 89' lang='lat' dir='ltr'><strong>plusquam</strong></span> <span class='ocrx_word' id='word_1_749' title='bbox 1487 4678 1568 4732; x_wconf 90' lang='lat' dir='ltr'><strong>unius</strong></span> <span class='ocrx_word' id='word_1_750' title='bbox 1593 4675 1678 4730; x_wconf 90' lang='lat' dir='ltr'><strong>seculi</strong></span> 
     </span>
     <span class='ocr_line' id='line_1_56' title="bbox 71 4753 1678 4832; baseline 0.006 -33"><span class='ocrx_word' id='word_1_751' title='bbox 71 4756 178 4832; x_wconf 66' lang='lat' dir='ltr'><strong>vestrate</strong></span> <span class='ocrx_word' id='word_1_752' title='bbox 198 4753 329 4809; x_wconf 85' lang='lat' dir='ltr'><strong>animalia</strong></span> <span class='ocrx_word' id='word_1_753' title='bbox 347 4757 510 4826; x_wconf 82' lang='lat' dir='ltr'><strong>generativa,</strong></span> <span class='ocrx_word' id='word_1_754' title='bbox 525 4759 607 4813; x_wconf 84' lang='lat' dir='ltr'><strong>etiam</strong></span> <span class='ocrx_word' id='word_1_755' title='bbox 622 4759 828 4829; x_wconf 85' lang='lat' dir='ltr'><strong>superioetantia</strong></span> <span class='ocrx_word' id='word_1_756' title='bbox 836 4781 843 4824; x_wconf 66' lang='grc' dir='ltr'><strong>ς</strong></span> <span class='ocrx_word' id='word_1_757' title='bbox 883 4760 1043 4814; x_wconf 86' lang='lat' dir='ltr'><strong>memoriam</strong></span> <span class='ocrx_word' id='word_1_758' title='bbox 1057 4759 1201 4823; x_wconf 84' lang='lat' dir='ltr'><strong>habebant,</strong></span> <span class='ocrx_word' id='word_1_759' title='bbox 1216 4765 1264 4812; x_wconf 92' lang='lat' dir='ltr'><strong>aut</strong></span> <span class='ocrx_word' id='word_1_760' title='bbox 1277 4764 1404 4828; x_wconf 84' lang='lat' dir='ltr'><strong>parentes</strong></span> <span class='ocrx_word' id='word_1_761' title='bbox 1416 4754 1506 4827; x_wconf 88' lang='lat' dir='ltr'><strong>pullos</strong></span> <span class='ocrx_word' id='word_1_762' title='bbox 1517 4772 1579 4810; x_wconf 87' lang='lat' dir='ltr'><strong>suos</strong></span> <span class='ocrx_word' id='word_1_763' title='bbox 1591 4754 1678 4808; x_wconf 88' lang='lat' dir='ltr'><strong>histo·</strong></span> 
     </span>
     <span class='ocr_line' id='line_1_57' title="bbox 71 4824 1572 4911; baseline 0.007 -34"><span class='ocrx_word' id='word_1_764' title='bbox 71 4837 95 4911; x_wconf 65' lang='lat' dir='ltr'><strong>in</strong></span> <span class='ocrx_word' id='word_1_765' title='bbox 106 4824 151 4880; x_wconf 87' lang='lat' dir='ltr'><strong>boc</strong></span> <span class='ocrx_word' id='word_1_766' title='bbox 164 4831 289 4903; x_wconf 85' lang='lat' dir='ltr'><strong>disparia,</strong></span> <span class='ocrx_word' id='word_1_767' title='bbox 301 4835 373 4905; x_wconf 91' lang='lat' dir='ltr'><strong>quod</strong></span> <span class='ocrx_word' id='word_1_768' title='bbox 386 4836 526 4892; x_wconf 79' lang='lat' dir='ltr'><strong>criniculus</strong></span> <span class='ocrx_word' id='word_1_769' title='bbox 539 4839 671 4892; x_wconf 89' lang='lat' dir='ltr'><strong>subterra</strong></span> <span class='ocrx_word' id='word_1_770' title='bbox 681 4838 755 4903; x_wconf 90' lang='lat' dir='ltr'><strong>vivit,</strong></span> <span class='ocrx_word' id='word_1_771' title='bbox 766 4837 845 4908; x_wconf 89' lang='lat' dir='ltr'><strong>lepus</strong></span> <span class='ocrx_word' id='word_1_772' title='bbox 883 4838 951 4892; x_wconf 89' lang='lat' dir='ltr'><strong>riam</strong></span> <span class='ocrx_word' id='word_1_773' title='bbox 967 4838 1128 4893; x_wconf 89' lang='lat' dir='ltr'><strong>edocebant:</strong></span> <span class='ocrx_word' id='word_1_774' title='bbox 1148 4854 1242 4892; x_wconf 87' lang='lat' dir='ltr'><strong>verum</strong></span> <span class='ocrx_word' id='word_1_775' title='bbox 1256 4837 1348 4892; x_wconf 91' lang='lat' dir='ltr'><strong>omnia</strong></span> <span class='ocrx_word' id='word_1_776' title='bbox 1361 4834 1468 4891; x_wconf 84' lang='lat' dir='ltr'><strong>tabellis</strong></span> <span class='ocrx_word' id='word_1_777' title='bbox 1483 4834 1572 4905; x_wconf 81' lang='lat' dir='ltr'><strong>plena</strong></span> 
     </span>
     <span class='ocr_line' id='line_1_58' title="bbox 71 4912 1679 4988; baseline -0.006 -13"><span class='ocrx_word' id='word_1_778' title='bbox 71 4917 95 4954; x_wconf 84' lang='lat'><strong>¹¹¹</strong></span> <span class='ocrx_word' id='word_1_779' title='bbox 105 4917 204 4976; x_wconf 63' lang='grc' dir='ltr'><strong>Ψῐῖος</strong></span> <span class='ocrx_word' id='word_1_780' title='bbox 225 4913 352 4984; x_wconf 88' lang='lat' dir='ltr'><strong>qnodque</strong></span> <span class='ocrx_word' id='word_1_781' title='bbox 367 4914 468 4985; x_wconf 88' lang='lat' dir='ltr'><strong>leporis</strong></span> <span class='ocrx_word' id='word_1_782' title='bbox 482 4933 576 4972; x_wconf 88' lang='lat' dir='ltr'><strong>carnes</strong></span> <span class='ocrx_word' id='word_1_783' title='bbox 590 4918 702 4972; x_wconf 88' lang='lat' dir='ltr'><strong>atriores</strong></span> <span class='ocrx_word' id='word_1_784' title='bbox 715 4917 778 4973; x_wconf 86' lang='lat' dir='ltr'><strong>sint.</strong></span> <span class='ocrx_word' id='word_1_785' title='bbox 923 4915 970 4972; x_wconf 88' lang='grc'><strong>29.</strong></span> <span class='ocrx_word' id='word_1_786' title='bbox 991 4918 1066 4972; x_wconf 90' lang='lat' dir='ltr'><strong>Nam</strong></span> <span class='ocrx_word' id='word_1_787' title='bbox 1080 4917 1113 4972; x_wconf 94' lang='lat' dir='ltr'><strong>de</strong></span> <span class='ocrx_word' id='word_1_788' title='bbox 1127 4917 1254 4988; x_wconf 75' lang='lat' dir='ltr'><strong>phenice</strong></span> <span class='ocrx_word' id='word_1_789' title='bbox 1274 4924 1377 4971; x_wconf 91' lang='lat' dir='ltr'><strong>tantum</strong></span> <span class='ocrx_word' id='word_1_790' title='bbox 1398 4915 1514 4970; x_wconf 87' lang='lat' dir='ltr'><strong>accrevit</strong></span> <span class='ocrx_word' id='word_1_791' title='bbox 1531 4912 1636 4977; x_wconf 85' lang='lat' dir='ltr'><strong>iabulae,</strong></span> <span class='ocrx_word' id='word_1_792' title='bbox 1651 4919 1679 4967; x_wconf 94' lang='lat' dir='ltr'><strong>ut</strong></span> 
     </span>
    </p>

    <p class='ocr_par' dir='ltr' id='par_1_13' title="bbox 71 4982 1679 5227">
     <span class='ocr_line' id='line_1_59' title="bbox 96 4982 1678 5072; baseline -0.001 -27"><span class='ocrx_word' id='word_1_793' title='bbox 96 4982 144 5072; x_wconf 75' lang='grc'><strong>111.</strong></span> <span class='ocrx_word' id='word_1_794' title='bbox 163 4988 232 5045; x_wconf 83' lang='lat' dir='ltr'><strong>Aves</strong></span> <span class='ocrx_word' id='word_1_795' title='bbox 244 4992 316 5047; x_wconf 86' lang='lat' dir='ltr'><strong>mole</strong></span> <span class='ocrx_word' id='word_1_796' title='bbox 329 4994 450 5064; x_wconf 82' lang='lat' dir='ltr'><strong>corporis</strong></span> <span class='ocrx_word' id='word_1_797' title='bbox 463 4996 680 5067; x_wconf 87' lang='lat' dir='ltr'><strong>quadrupedibus</strong></span> <span class='ocrx_word' id='word_1_798' title='bbox 689 4996 772 5068; x_wconf 88' lang='lat' dir='ltr'><strong>longa</strong></span> <span class='ocrx_word' id='word_1_799' title='bbox 784 5004 846 5051; x_wconf 91' lang='lat' dir='ltr'><strong>sunt</strong></span> <span class='ocrx_word' id='word_1_800' title='bbox 883 4997 1020 5061; x_wconf 88' lang='lat' dir='ltr'><strong>obruatur,</strong></span> <span class='ocrx_word' id='word_1_801' title='bbox 1034 4997 1057 5051; x_wconf 93' lang='lat' dir='ltr'><strong>si</strong></span> <span class='ocrx_word' id='word_1_802' title='bbox 1072 4997 1168 5068; x_wconf 90' lang='lat' dir='ltr'><strong>quain</strong></span> <span class='ocrx_word' id='word_1_803' title='bbox 1182 5012 1258 5051; x_wconf 83' lang='lat' dir='ltr'><strong>care</strong></span> <span class='ocrx_word' id='word_1_804' title='bbox 1277 4995 1449 5050; x_wconf 78' lang='lat' dir='ltr'><strong>tuitveritas.</strong></span> <span class='ocrx_word' id='word_1_805' title='bbox 1492 4992 1564 5047; x_wconf 89' lang='lat' dir='ltr'><strong>lllud</strong></span> <span class='ocrx_word' id='word_1_806' title='bbox 1578 4999 1678 5055; x_wconf 90' lang='lat' dir='ltr'><strong>autem,</strong></span> 
     </span>
     <span class='ocr_line' id='line_1_60' title="bbox 71 5070 1679 5148; baseline 0.002 -27"><span class='ocrx_word' id='word_1_807' title='bbox 71 5074 188 5122; x_wconf 71' lang='lat' dir='ltr'><strong>mutter:</strong></span> <span class='ocrx_word' id='word_1_808' title='bbox 208 5070 308 5140; x_wconf 87' lang='lat' dir='ltr'><strong>pusilla</strong></span> <span class='ocrx_word' id='word_1_809' title='bbox 330 5073 402 5128; x_wconf 87' lang='lat' dir='ltr'><strong>enim</strong></span> <span class='ocrx_word' id='word_1_810' title='bbox 422 5091 467 5129; x_wconf 88' lang='lat' dir='ltr'><strong>res</strong></span> <span class='ocrx_word' id='word_1_811' title='bbox 486 5084 528 5130; x_wconf 89' lang='lat' dir='ltr'><strong>est</strong></span> <span class='ocrx_word' id='word_1_812' title='bbox 551 5076 642 5148; x_wconf 90' lang='lat' dir='ltr'><strong>aquila</strong></span> <span class='ocrx_word' id='word_1_813' title='bbox 662 5083 709 5131; x_wconf 91' lang='lat' dir='ltr'><strong>aut</strong></span> <span class='ocrx_word' id='word_1_814' title='bbox 732 5093 844 5147; x_wconf 85' lang='lat' dir='ltr'><strong>cygnus,</strong></span> <span class='ocrx_word' id='word_1_815' title='bbox 884 5077 956 5148; x_wconf 87' lang='lat' dir='ltr'><strong>quod</strong></span> <span class='ocrx_word' id='word_1_816' title='bbox 974 5076 1145 5131; x_wconf 88' lang='lat' dir='ltr'><strong>admirationi</strong></span> <span class='ocrx_word' id='word_1_817' title='bbox 1168 5082 1237 5141; x_wconf 89' lang='lat' dir='ltr'><strong>erat,</strong></span> <span class='ocrx_word' id='word_1_818' title='bbox 1252 5092 1315 5130; x_wconf 91' lang='lat' dir='ltr'><strong>eum</strong></span> <span class='ocrx_word' id='word_1_819' title='bbox 1335 5090 1437 5146; x_wconf 88' lang='lat' dir='ltr'><strong>magno</strong></span> <span class='ocrx_word' id='word_1_820' title='bbox 1454 5072 1569 5127; x_wconf 88' lang='lat' dir='ltr'><strong>aliarum</strong></span> <span class='ocrx_word' id='word_1_821' title='bbox 1588 5071 1679 5125; x_wconf 71' lang='lat' dir='ltr'><strong>amum</strong></span> 
     </span>
     <span class='ocr_line' id='line_1_61' title="bbox 72 5142 1679 5227; baseline -0.001 -22"><span class='ocrx_word' id='word_1_822' title='bbox 72 5151 120 5205; x_wconf 66' lang='lat'><strong>1²¹2</strong></span> <span class='ocrx_word' id='word_1_823' title='bbox 130 5142 193 5200; x_wconf 85' lang='lat' dir='ltr'><strong>bove</strong></span> <span class='ocrx_word' id='word_1_824' title='bbox 206 5157 252 5204; x_wconf 90' lang='lat' dir='ltr'><strong>aut</strong></span> <span class='ocrx_word' id='word_1_825' title='bbox 264 5167 348 5222; x_wconf 71' lang='lat' dir='ltr'><strong>equor</strong></span> <span class='ocrx_word' id='word_1_826' title='bbox 369 5153 435 5207; x_wconf 91' lang='lat' dir='ltr'><strong>item</strong></span> <span class='ocrx_word' id='word_1_827' title='bbox 449 5154 566 5210; x_wconf 88' lang='lat' dir='ltr'><strong>stmthio</strong></span> <span class='ocrx_word' id='word_1_828' title='bbox 578 5173 635 5227; x_wconf 77' lang='lat' dir='ltr'><strong>pras</strong></span> <span class='ocrx_word' id='word_1_829' title='bbox 649 5154 804 5226; x_wconf 88' lang='lat' dir='ltr'><strong>elephanto.</strong></span> <span class='ocrx_word' id='word_1_830' title='bbox 883 5157 1012 5210; x_wconf 89' lang='lat' dir='ltr'><strong>comitatu</strong></span> <span class='ocrx_word' id='word_1_831' title='bbox 1022 5155 1159 5210; x_wconf 90' lang='lat' dir='ltr'><strong>volantem</strong></span> <span class='ocrx_word' id='word_1_832' title='bbox 1168 5171 1277 5225; x_wconf 88' lang='lat' dir='ltr'><strong>semper</strong></span> <span class='ocrx_word' id='word_1_833' title='bbox 1286 5155 1382 5217; x_wconf 83' lang='lat' dir='ltr'><strong>visum,</strong></span> <span class='ocrx_word' id='word_1_834' title='bbox 1391 5153 1480 5208; x_wconf 86' lang='lat' dir='ltr'><strong>minus</strong></span> <span class='ocrx_word' id='word_1_835' title='bbox 1489 5151 1601 5215; x_wconf 86' lang='lat' dir='ltr'><strong>mirum;</strong></span> <span class='ocrx_word' id='word_1_836' title='bbox 1616 5166 1679 5204; x_wconf 91' lang='lat' dir='ltr'><strong>cum</strong></span> 
     </span>
    </p>

    <p class='ocr_par' dir='ltr' id='par_1_14' title="bbox 106 5220 1678 5305">
     <span class='ocr_line' id='line_1_62' title="bbox 106 5220 1678 5305; baseline 0.001 -24"><span class='ocrx_word' id='word_1_837' title='bbox 106 5220 147 5281; x_wconf 83' lang='lat'><strong>17.</strong></span> <span class='ocrx_word' id='word_1_838' title='bbox 165 5224 234 5283; x_wconf 83' lang='lat' dir='ltr'><strong>Aves</strong></span> <span class='ocrx_word' id='word_1_839' title='bbox 247 5231 347 5300; x_wconf 88' lang='lat' dir='ltr'><strong>optime</strong></span> <span class='ocrx_word' id='word_1_840' title='bbox 361 5239 440 5287; x_wconf 80' lang='lat' dir='ltr'><strong>tectae</strong></span> <span class='ocrx_word' id='word_1_841' title='bbox 450 5240 529 5288; x_wconf 85' lang='lat' dir='ltr'><strong>sunt:</strong></span> <span class='ocrx_word' id='word_1_842' title='bbox 549 5234 644 5305; x_wconf 85' lang='lat' dir='ltr'><strong>pluma</strong></span> <span class='ocrx_word' id='word_1_843' title='bbox 657 5236 730 5290; x_wconf 91' lang='lat' dir='ltr'><strong>enirn</strong></span> <span class='ocrx_word' id='word_1_844' title='bbox 742 5242 845 5305; x_wconf 89' lang='lat' dir='ltr'><strong>tepore,</strong></span> <span class='ocrx_word' id='word_1_845' title='bbox 883 5234 936 5289; x_wconf 89' lang='lat' dir='ltr'><strong>hoc</strong></span> <span class='ocrx_word' id='word_1_846' title='bbox 953 5236 1036 5290; x_wconf 88' lang='lat' dir='ltr'><strong>etiam</strong></span> <span class='ocrx_word' id='word_1_847' title='bbox 1056 5236 1086 5288; x_wconf 91' lang='lat' dir='ltr'><strong>in</strong></span> <span class='ocrx_word' id='word_1_848' title='bbox 1106 5234 1181 5290; x_wconf 89' lang='lat' dir='ltr'><strong>ulula</strong></span> <span class='ocrx_word' id='word_1_849' title='bbox 1200 5233 1317 5289; x_wconf 89' lang='lat' dir='ltr'><strong>interdiu</strong></span> <span class='ocrx_word' id='word_1_850' title='bbox 1333 5232 1449 5296; x_wconf 85' lang='lat' dir='ltr'><strong>volante,</strong></span> <span class='ocrx_word' id='word_1_851' title='bbox 1463 5238 1511 5285; x_wconf 90' lang='lat' dir='ltr'><strong>aut</strong></span> <span class='ocrx_word' id='word_1_852' title='bbox 1531 5229 1678 5300; x_wconf 84' lang='lat' dir='ltr'><strong>psittacoe</strong></span> 
     </span>
    </p>
   </div>
   <div class='ocr_carea' id='block_1_3' title="bbox 72 5298 1679 5547">
    <p class='ocr_par' dir='ltr' id='par_1_15' title="bbox 72 5298 1679 5547">
     <span class='ocr_line' id='line_1_63' title="bbox 72 5298 1429 5385; baseline 0.008 -32"><span class='ocrx_word' id='word_1_853' title='bbox 72 5303 94 5348; x_wconf 78' lang='lat' dir='ltr'><strong>et</strong></span> <span class='ocrx_word' id='word_1_854' title='bbox 104 5298 218 5360; x_wconf 77' lang='lat' dir='ltr'><strong>inaulita</strong></span> <span class='ocrx_word' id='word_1_855' title='bbox 230 5323 322 5378; x_wconf 80' lang='lat' dir='ltr'><strong>presso</strong></span> <span class='ocrx_word' id='word_1_856' title='bbox 334 5312 371 5366; x_wconf 91' lang='lat' dir='ltr'><strong>ad</strong></span> <span class='ocrx_word' id='word_1_857' title='bbox 389 5329 496 5384; x_wconf 88' lang='lat' dir='ltr'><strong>corpus,</strong></span> <span class='ocrx_word' id='word_1_858' title='bbox 510 5319 539 5368; x_wconf 92' lang='lat' dir='ltr'><strong>et</strong></span> <span class='ocrx_word' id='word_1_859' title='bbox 551 5313 650 5380; x_wconf 89' lang='lat' dir='ltr'><strong>lanam,</strong></span> <span class='ocrx_word' id='word_1_860' title='bbox 666 5322 695 5369; x_wconf 88' lang='lat' dir='ltr'><strong>et</strong></span> <span class='ocrx_word' id='word_1_861' title='bbox 713 5313 846 5385; x_wconf 89' lang='lat' dir='ltr'><strong>capillitia</strong></span> <span class='ocrx_word' id='word_1_862' title='bbox 884 5330 968 5368; x_wconf 90' lang='lat' dir='ltr'><strong>cavea</strong></span> <span class='ocrx_word' id='word_1_863' title='bbox 980 5314 1090 5379; x_wconf 89' lang='lat' dir='ltr'><strong>emisso,</strong></span> <span class='ocrx_word' id='word_1_864' title='bbox 1105 5315 1205 5384; x_wconf 91' lang='lat' dir='ltr'><strong>ubique</strong></span> <span class='ocrx_word' id='word_1_865' title='bbox 1220 5329 1329 5368; x_wconf 88' lang='lat' dir='ltr'><strong>cernere</strong></span> <span class='ocrx_word' id='word_1_866' title='bbox 1343 5313 1429 5366; x_wconf 85' lang='lat' dir='ltr'><strong>detur.</strong></span> 
     </span>
     <span class='ocr_line' id='line_1_64' title="bbox 73 5379 1679 5463; baseline 0.001 -23"><span class='ocrx_word' id='word_1_867' title='bbox 73 5379 174 5438; x_wconf 61' lang='lat' dir='ltr'><strong>medii.</strong></span> <span class='ocrx_word' id='word_1_868' title='bbox 923 5394 971 5447; x_wconf 81' lang='lat'><strong>30.</strong></span> <span class='ocrx_word' id='word_1_869' title='bbox 992 5393 1136 5458; x_wconf 91' lang='lat' dir='ltr'><strong>Psittacus,</strong></span> <span class='ocrx_word' id='word_1_870' title='bbox 1146 5409 1197 5463; x_wconf 92' lang='lat' dir='ltr'><strong>pro</strong></span> <span class='ocrx_word' id='word_1_871' title='bbox 1205 5401 1286 5455; x_wconf 88' lang='lat' dir='ltr'><strong>certo,</strong></span> <span class='ocrx_word' id='word_1_872' title='bbox 1299 5407 1383 5461; x_wconf 90' lang='lat' dir='ltr'><strong>usque</strong></span> <span class='ocrx_word' id='word_1_873' title='bbox 1392 5388 1428 5443; x_wconf 91' lang='lat' dir='ltr'><strong>ad</strong></span> <span class='ocrx_word' id='word_1_874' title='bbox 1440 5388 1585 5460; x_wconf 82' lang='lat' dir='ltr'><strong>sexaginta</strong></span> <span class='ocrx_word' id='word_1_875' title='bbox 1593 5401 1679 5441; x_wconf 88' lang='lat' dir='ltr'><strong>annos</strong></span> 
     </span>
     <span class='ocr_line' id='line_1_65' title="bbox 108 5455 1679 5547; baseline 0.003 -29"><span class='ocrx_word' id='word_1_876' title='bbox 108 5455 147 5516; x_wconf 80' lang='lat'><strong>18·</strong></span> <span class='ocrx_word' id='word_1_877' title='bbox 165 5461 244 5532; x_wconf 86' lang='lat' dir='ltr'><strong>Aves,</strong></span> <span class='ocrx_word' id='word_1_878' title='bbox 257 5482 317 5525; x_wconf 83' lang='lat' dir='ltr'><strong>cum</strong></span> <span class='ocrx_word' id='word_1_879' title='bbox 337 5468 429 5541; x_wconf 84' lang='lat' dir='ltr'><strong>plures</strong></span> <span class='ocrx_word' id='word_1_880' title='bbox 446 5471 561 5542; x_wconf 83' lang='lat' dir='ltr'><strong>pariant,</strong></span> <span class='ocrx_word' id='word_1_881' title='bbox 581 5487 628 5529; x_wconf 88' lang='lat' dir='ltr'><strong>eoa</strong></span> <span class='ocrx_word' id='word_1_882' title='bbox 641 5472 723 5529; x_wconf 89' lang='lat' dir='ltr'><strong>simul</strong></span> <span class='ocrx_word' id='word_1_883' title='bbox 736 5473 765 5529; x_wconf 87' lang='lat' dir='ltr'><strong>in</strong></span> <span class='ocrx_word' id='word_1_884' title='bbox 786 5473 848 5529; x_wconf 91' lang='lat' dir='ltr'><strong>alvo</strong></span> <span class='ocrx_word' id='word_1_885' title='bbox 884 5473 1009 5547; x_wconf 83' lang='lat' dir='ltr'><strong>cognitus</strong></span> <span class='ocrx_word' id='word_1_886' title='bbox 1020 5481 1062 5531; x_wconf 90' lang='lat' dir='ltr'><strong>est</strong></span> <span class='ocrx_word' id='word_1_887' title='bbox 1074 5474 1164 5531; x_wconf 89' lang='lat' dir='ltr'><strong>vivere</strong></span> <span class='ocrx_word' id='word_1_888' title='bbox 1178 5471 1251 5543; x_wconf 88' lang='lat' dir='ltr'><strong>apud</strong></span> <span class='ocrx_word' id='word_1_889' title='bbox 1258 5486 1318 5536; x_wconf 88' lang='lat' dir='ltr'><strong>nos,</strong></span> <span class='ocrx_word' id='word_1_890' title='bbox 1330 5474 1462 5540; x_wconf 90' lang='lat' dir='ltr'><strong>quotquot</strong></span> <span class='ocrx_word' id='word_1_891' title='bbox 1473 5484 1557 5540; x_wconf 86' lang='lat' dir='ltr'><strong>supra</strong></span> <span class='ocrx_word' id='word_1_892' title='bbox 1569 5466 1679 5524; x_wconf 80' lang='lat' dir='ltr'><strong>habuis</strong></span> 
     </span>
    </p>
   </div>
   <div class='ocr_carea' id='block_1_4' title="bbox 0 0 1913 5875">
    <p class='ocr_par' dir='ltr' id='par_1_16' title="bbox 0 0 1913 5875">
     <span class='ocr_line' id='line_1_66' title="bbox 0 0 1913 5875; baseline 0 0"><span class='ocrx_word' id='word_1_893' title='bbox 0 0 1913 5875; x_wconf 95' lang='lat' dir='ltr'><strong> </strong></span> 
     </span>
    </p>
   </div>
  </div>
 </body>
</html>
