3800 5875
221 259 279 317 290
745 254 798 311 DE
817 251 1045 309 AUGMENTIS
1065 245 1343 308 selanitarum.
1746 243 1805 300 Ina.
1819 246 1839 300 1.

219 420 306 476 multo
320 424 384 489 post
397 416 568 472 decocturos.
610 415 680 485 Ejus
696 414 781 486 igitur
800 412 1015 477 translationem,
1050 412 1184 482 reperiret
1198 416 1304 480 partem
1317 423 1380 462 eam
1400 405 1435 460 de
1452 404 1649 460 Partitionibus
1672 402 1841 459 scientiarum

218 503 254 555 ab
267 497 465 570 insignioribus
479 496 643 566 quibusdam
656 491 1017 565 eloquentiavinselsbora·
1047 494 1106 560 jam
1129 490 1236 561 pridem
1258 488 1426 543 elaboratam
1452 485 1531 554 (licet
1550 484 1641 538 minus
1661 483 1749 537 solide
1767 501 1842 554 quam

218 590 282 644 tam,
308 577 419 649 propria
442 593 551 647 quoqne
575 575 735 631 recensione
760 574 931 644 castigatam,
956 572 1016 641 jam
1050 571 1205 642 argumenti
1216 570 1336 640 dignitas
1349 565 1512 637 postularet)
1524 565 1657 634 optimum
1667 564 1726 619 fore
1737 566 1841 634 putarit,

218 659 326 714 emittit.
367 657 408 711 Ac
421 655 491 710 liber
509 656 612 725 primns
626 662 706 718 certe,
721 653 800 724 quasi
814 669 891 707 mera
903 652 1016 706 transla-
1050 652 1296 712 siretractaretur,
1318 655 1348 703 et
1368 646 1539 718 redigeretur
1557 644 1586 697 in
1607 661 1676 715 opus
1697 644 1801 712 justum
1820 654 1843 698 et

218 741 258 794 tio
271 746 321 802 est,
333 737 363 791 in
377 737 473 807 paucis
483 736 628 790 admodum
638 741 775 789 mutatus:
796 739 826 787 at
835 731 935 802 reliqui
945 739 1015 796 octo,
1050 731 1226 801 completum.
1270 729 1360 798 Atque
1373 726 1427 780 hoc
1447 732 1536 796 pacto,
1550 724 1632 778 fidem
1647 741 1726 778 suam
1740 723 1843 778 liberari

219 819 265 890 qui
280 817 441 889 partitiones
452 816 628 871 scientiarum
639 814 755 878 tradunt,
766 821 847 884 atque
858 811 942 866 unico
951 818 1015 865 aute
1049 810 1187 881 intelligit,
1198 809 1231 865 de
1241 808 1332 880 prima
1341 814 1418 877 parte
1429 811 1446 838 ⁴‘
1459 804 1684 859 Instaurationis”
1691 803 1843 874 praestitam.

217 898 289 953 libro
299 896 517 961 continebantur,
530 902 561 949 nt
572 911 672 949 novum
684 910 760 963 opus,
773 899 801 948 et
811 908 883 947 nune
897 892 1016 962 primum
1050 889 1187 952 Quantum
1201 889 1237 943 ad
1249 904 1319 958 opus
1332 888 1430 957 ipsum,
1444 901 1500 939 non
1515 892 1557 939 est
1570 884 1711 937 tenuitatis
1726 901 1801 948 mea,
1813 885 1842 939 de

218 978 329 1040 editum,
344 975 441 1045 prodit.
482 974 574 1030 Causa
587 981 678 1028 autem
691 973 837 1044 praecipua,
855 989 916 1041 qum
930 971 1017 1025 domi·
1050 986 1083 1023 eo
1096 969 1202 1039 aliquid
1212 967 1331 1039 praefari
1362 965 1532 1020 Prmconium
1546 964 1581 1028 ei,
1593 963 1665 1034 quod
1677 963 1843 1034 optimcoon·

216 1058 355 1112 nationem
369 1072 445 1110 suam
460 1056 553 1119 morit,
567 1062 597 1109 ut
610 1071 678 1125 opus
693 1052 745 1106 hoc
764 1058 930 1116 retractaret,
944 1057 973 1105 et
986 1051 1015 1104 in
1050 1051 1150 1113 veniat,
1172 1048 1300 1103 existimo
1320 1047 1439 1100 futurum
1460 1044 1537 1108 illud,
1560 1044 1631 1113 quod
1649 1043 1843 1098 Demosthenes

217 1137 343 1207 plurimis
363 1135 549 1205 amplificaret,
571 1150 605 1189 ea
624 1134 692 1198 fuitr
715 1132 788 1203 quod
801 1132 831 1186 in
846 1136 861 1163 “
877 1131 1015 1185 Instaura-
1049 1128 1284 1184 interdumdicere
1294 1125 1401 1182 solebat
1409 1125 1442 1179 de
1454 1125 1536 1178 rebus
1545 1123 1632 1194 gestis
1643 1122 1843 1178 Atheniensium

217 1216 290 1272 none
305 1216 428 1286 Magns't
449 1217 545 1285 (quam
559 1213 607 1268 diu
624 1220 721 1284 postea
738 1209 835 1280 edidit)
849 1210 1016 1265 Partitiones
1050 1218 1185 1271 veterumr
1208 1206 1414 1262 “Laudatorem
1428 1204 1463 1258 iis
1477 1204 1591 1274 dignum
1605 1219 1667 1256 esse
1681 1201 1844 1257 solummodo

217 1296 400 1360 scientiarum,
409 1312 459 1365 pro
469 1291 819 1365 prima“1nstaurationis”
830 1297 907 1363 parte
916 1291 1015 1344 consti-
1050 1287 1184 1359 tempus.”
1225 1288 1316 1342 Deum
1334 1284 1398 1356 Opt.
1413 1284 1491 1339 Mam
1505 1283 1607 1339 obnixe
1625 1298 1733 1352 precor,
1749 1293 1786 1347 ut,
1800 1300 1843 1354 pro

216 1376 287 1440 tuiti
309 1391 391 1446 quam
405 1381 565 1446 sequeretur
582 1377 599 1404 “
614 1374 725 1427 Novum
739 1370 928 1443 Organumr’?
950 1370 1014 1424 dein
1049 1368 1182 1439 dignitate
1196 1367 1296 1438 operis,
1316 1365 1420 1419 fructus
1441 1364 1539 1419 uberes
1557 1362 1737 1434 diuturnique
1751 1373 1778 1418 et
1790 1380 1843 1417 auc·

218 1454 367 1510 “Historia
378 1453 523 1510 Naturalis
533 1453 566 1519 ;”
587 1459 614 1507 et
626 1452 666 1508 sic
679 1450 818 1523 deinceps
847 1450 918 1506 Cum
932 1449 1016 1521 igitur
1050 1448 1102 1502 tori
1116 1456 1143 1502 et
1157 1446 1253 1502 lectori
1266 1444 1436 1516 contingant.

843 1911 1215 1986 FRANCISCI

474 2117 642 2208 BARONlS
664 2152 715 2208 DE
735 2151 974 2218 vsRULAMIO,
995 2150 1256 2207 vicecomitis
1279 2149 1418 2207 SANCTI
1440 2146 1593 2214 ALBANI,

1017 2330 1049 2362 D!

358 2467 701 2552 DIGNITATE
740 2469 816 2551 ET
852 2467 1224 2552 AUGMENTIS
1260 2466 1716 2550 SCIENTIARUM.

924 2714 1011 2756 aman
1024 2715 1139 2757 PRIMUS

860 2869 912 2926 AD
933 2868 1068 2925 REGEM
1090 2870 1207 2925 SUUM.

261 3032 319 3086 Sua
334 3030 421 3087 veteri
440 3031 511 3104 lege,
525 3049 574 3087 rex
589 3031 701 3101 optime,
715 3039 792 3086 eraut
812 3039 839 3087 et
858 3038 1016 3103 spontaneae
1049 3045 1140 3084 massa
1156 3028 1333 3099 praegrandis,
1354 3034 1447 3100 partes
1467 3034 1558 3083 tamea
1580 3029 1791 3095 minutissimaer
1810 3030 1846 3085 sic

220 3112 379 3176 oblationes,
394 3118 421 3166 et
440 3112 597 3181 quotidiana
617 3111 766 3175 sacrificia,
787 3110 848 3167 haec
867 3128 903 3165 ex
924 3109 1016 3165 rituali
1049 3109 1149 3164 mentis
1173 3109 1271 3164 indidit
1294 3109 1372 3163 Deus
1398 3109 1534 3177 majestati
1561 3117 1616 3164 tum
1641 3112 1747 3165 erasini
1770 3111 1845 3182 plane

220 3191 303 3254 cultu,
317 3190 373 3245 illm
383 3207 419 3246 ex
432 3191 479 3261 pia
488 3191 630 3245 alacritate
641 3190 779 3261 profectus.
808 3191 931 3245 Arbitror
941 3191 1016 3261 equi·
1049 3187 1210 3252 mirabilem,
1225 3206 1286 3260 quae
1299 3206 1363 3243 cum
1376 3190 1497 3243 maxima
1514 3206 1630 3261 quasque
1645 3191 1846 3262 complectatur,

221 3270 284 3327 dem
297 3270 389 3325 deberi
403 3270 457 3325 tale
472 3270 611 3342 quidpiam
629 3270 741 3341 regibus
755 3287 773 3322 a
786 3271 871 3324 servis
889 3270 964 3334 suis3
987 3276 1017 3323 ut
1050 3269 1163 3323 minima
1174 3277 1266 3323 tamen
1276 3269 1434 3340 prehendat,
1445 3285 1496 3322 nec
1506 3269 1627 3339 patiatur
1637 3270 1769 3326 effluere:
1789 3288 1846 3325 cum

221 3351 326 3405 seilicet
340 3350 454 3421 quisque
468 3366 523 3405 non
543 3349 631 3404 solum
650 3349 769 3403 muneris
789 3350 832 3404 sui
845 3349 953 3415 tributa,
968 3349 1016 3403 sed
1050 3347 1208 3419 perdifficile
1220 3348 1350 3413 rideatur,
1361 3349 1406 3403 vel
1420 3347 1510 3418 potius
1520 3348 1691 3419 impossibile
1704 3351 1736 3405 in
1746 3359 1846 3413 natura,

220 3438 249 3486 et
263 3430 364 3484 amoris
376 3430 492 3500 pignora
505 3430 618 3483 deferat.
660 3428 750 3500 Atque
769 3429 798 3482 in
811 3429 946 3499 prioribus
959 3427 1016 3482 illis
1050 3438 1080 3482 ut
1102 3429 1174 3482 idem
1187 3429 1395 3483 instrumentum
1415 3436 1443 3482 et
1463 3428 1577 3499 gandia
1596 3445 1689 3498 opera,
1705 3441 1736 3485 et
1753 3430 1847 3502 pusilla

221 3525 302 3580 spero
320 3526 365 3563 me
385 3510 497 3563 minime
518 3508 691 3573 defuturum
712 3509 742 3562 in
762 3509 907 3578 posteriori
925 3517 1017 3563 autem
1050 3517 1115 3578 apte
1129 3507 1264 3576 disponat.
1306 3508 1444 3569 Quantum
1458 3509 1493 3562 sd
1509 3508 1691 3564 elocutionem
1708 3519 1794 3577 tuam,
1808 3528 1847 3564 oc·

221 3605 322 3661 genere
336 3588 463 3653 dubitavi,
478 3588 544 3660 quid
564 3588 735 3658 potissimum
757 3604 909 3642 sumerem:
930 3588 1017 3643 satim
1049 3589 1134 3642 currit
1157 3586 1226 3641 illud
1247 3587 1368 3642 Cornelii
1393 3587 1482 3642 Taciti
1506 3588 1539 3642 de
1565 3588 1691 3659 Augusto
1723 3591 1846 3655 Caesarer

221 3676 313 3723 atatem
327 3670 415 3723 visum
436 3678 484 3735 est,
500 3666 655 3745 hujusmodi
675 3666 780 3739 aliquid
802 3666 930 3738 deligere,
945 3668 1016 3739 quod
1052 3673 1068 3698 “
1082 3667 1230 3739 Augusto,”
1255 3669 1350 3738 inquit,
1372 3673 1388 3699 ‘⁶
1401 3667 1547 3738 profluens,
1563 3677 1593 3722 et
1612 3687 1674 3740 quse
1695 3672 1847 3741 principem

221 3749 312 3819 potius
326 3748 361 3801 ad
374 3765 498 3819 personae
512 3755 565 3802 tum
579 3748 778 3812 excellentiam,
793 3764 875 3818 quam
889 3747 924 3801 ad
934 3765 1017 3820 nego
1051 3747 1138 3802 virum
1152 3747 1266 3811 deceret,
1281 3746 1436 3818 eloquentia
1451 3747 1527 3802 fuit.''
1571 3749 1642 3802 Sane
1662 3750 1687 3803 si
1703 3759 1779 3805 recte
1794 3767 1848 3805 rem

221 3829 261 3881 tia
274 3844 380 3881 coronae
395 3835 539 3898 spectaret.
1051 3826 1258 3897 perpendamus,
1272 3829 1360 3881 omnis
1375 3828 1461 3881 oratio
1474 3835 1522 3881 aut
1542 3828 1686 3891 laboriosa,
1703 3841 1756 3885 aut
1773 3832 1849 3884 affec·

262 3907 324 3977 Ego
337 3908 488 3978 saepissime
505 3907 539 3962 de
557 3907 699 3975 majestate
716 3913 770 3971 tua,
784 3912 815 3961 ut
831 3906 926 3971 debeo,
940 3907 1016 3977 cogi·
1052 3913 1114 3971 tata,
1130 3913 1177 3960 aut
1196 3906 1336 3970 imitatrix,
1351 3906 1475 3977 quamvis
1494 3907 1617 3978 alioquin
1636 3910 1786 3974 excellens,
1805 3927 1849 3964 ne-

223 3993 284 4040 tans
299 3986 404 4055 (missis
418 3986 480 4041 aliis
501 3987 557 4041 sive
572 3988 686 4052 virtutis,
700 3985 757 4040 sive
776 3985 890 4040 fortunae
905 3993 960 4040 ture
973 3986 1018 4040 do
1051 3987 1109 4040 scio
1120 3986 1186 4057 quid
1195 3986 1294 4041 servile
1305 3985 1367 4051 olet,
1378 4003 1428 4040 nec
1442 3986 1484 4041 sui
1495 3988 1565 4055 juris
1575 3995 1626 4041 est.
1654 3988 1748 4044 Tuum
1760 3999 1848 4044 autem

223 4065 309 4132 tibus)
337 4082 437 4136 magna
464 4083 574 4136 prorsus
605 4067 709 4121 afficior
740 4065 927 4129 admiratione,
956 4083 1016 4119 curn
1051 4065 1157 4120 dicendi
1172 4082 1257 4135 genus
1271 4083 1334 4120 vere
1348 4068 1455 4137 regium
1470 4074 1519 4131 eat,
1535 4067 1670 4136 profluens
1686 4076 1850 4141 tauquama

223 4146 330 4199 intueor
343 4144 533 4200 excellentiam
552 4163 646 4201 earum
667 4147 695 4200 in
714 4152 740 4199 te
754 4145 891 4209 virtutum,
906 4144 1018 4199 faculta·
1052 4146 1132 4208 fonte,
1154 4153 1183 4198 et
1205 4145 1390 4208 nihilominus,
1413 4147 1485 4201 sicut
1507 4154 1608 4200 natura
1626 4148 1692 4201 ordo
1720 4149 1849 4219 postulat,

223 4230 343 4295 tumque,
358 4242 426 4295 quas
444 4224 601 4296 philosophi
622 4224 822 4280 intellectuales
840 4233 954 4280 vocante
975 4242 1018 4278 ca·
1051 4225 1118 4279 rivis
1131 4225 1269 4279 diductum
1283 4227 1348 4289 suis,
1364 4225 1474 4296 plenum
1490 4226 1631 4280 facilitatis
1644 4226 1849 4300 felicitatisque,

223 4304 373 4373 pacitatem
387 4305 491 4375 ingenii
512 4312 552 4359 tot
572 4312 600 4358 et
620 4312 695 4360 tanta
710 4304 890 4374 complexam,
905 4305 1018 4359 firmitu·
1051 4306 1161 4358 imitans
1174 4306 1321 4370 neminem,
1337 4305 1439 4359 nemini
1454 4305 1594 4359 imitabile.
1627 4307 1723 4377 Atque
1737 4309 1851 4363 sicania

223 4382 316 4437 dinem
337 4384 486 4448 memoria,
506 4384 697 4455 prehensionis
720 4385 900 4447 velocitatem,
920 4385 1018 4452 jndicii
1051 4384 1132 4438 rebus
1154 4384 1216 4447 tuis,
1236 4402 1297 4455 qum
1317 4392 1373 4439 tam
1394 4385 1428 4439 ad
1448 4402 1563 4456 regnum
1578 4402 1659 4456 quam
1679 4387 1718 4441 ad
1740 4389 1850 4444 domum

223 4464 445 4533 penetrationem,
460 4462 672 4535 elocutionisque
684 4464 805 4519 ordinem
816 4462 897 4518 simul
911 4472 938 4517 et
954 4465 1018 4518 faci·
1052 4473 1126 4518 tuam
1141 4472 1272 4534 spectant,
1286 4464 1372 4519 virtus
1385 4465 1490 4519 videtur
1510 4482 1572 4519 curn
1595 4466 1706 4520 fortuna
1728 4478 1848 4532 certare,

223 4541 338 4596 litatem.
380 4542 460 4597 Subit
472 4545 594 4614 profecto
608 4544 728 4598 animum
742 4544 904 4615 quandoque
918 4544 1018 4615 dogma
1052 4561 1140 4598 mores
1154 4543 1256 4597 scilicet
1270 4544 1367 4613 optimi
1381 4561 1443 4599 cum
1457 4545 1531 4598 felici
1543 4544 1693 4616 regimine;
1718 4555 1851 4618 spesina

225 4620 293 4676 illud
314 4621 493 4688 Platonicum,
510 4641 564 4694 quo
588 4624 725 4689 asseritur,
748 4629 764 4654 ‘⁴
776 4623 925 4678 Scientiam
947 4624 1019 4677 nihil
1052 4623 1118 4677 olim
1130 4623 1264 4694 patienter
1276 4632 1305 4677 et
1317 4624 1363 4693 pie
1377 4624 1511 4689 cohibitae,
1526 4642 1587 4678 cum
1605 4623 1696 4679 fausta
1711 4635 1741 4680 et
1755 4644 1851 4698 oppor-

224 4700 298 4757 aliud
312 4719 380 4766 esse,
395 4719 476 4772 quarn
486 4703 733 4767 reminiscentiam,
755 4703 929 4773 animumque
942 4713 1018 4758 natu·
1051 4711 1117 4757 tuna
1130 4711 1299 4773 speratorum
1313 4704 1473 4774 adeptione3
1496 4705 1567 4758 tbori
1582 4702 1741 4779 conjugalis
1755 4716 1850 4762 sauma

224 4782 318 4837 raliter
332 4782 424 4837 omnia
441 4799 614 4854 cognoscere,
628 4784 727 4837 natium
744 4782 808 4845 luci,
824 4800 904 4854 quam
919 4800 1017 4853 specus
1052 4783 1127 4847 fides,
1141 4799 1204 4838 cum
1218 4783 1304 4838 fructu
1326 4783 1447 4853 conjugii
1464 4784 1553 4848 beato,
1568 4784 1597 4836 in
1613 4784 1708 4839 sobole
1724 4787 1851 4857 pulcher·

223 4862 345 4933 corporis
367 4862 581 4925 obumbraverat,
596 4862 710 4917 subinde
731 4862 894 4917 redditum.”
935 4862 1018 4917 Certe
1052 4863 1136 4926 rima,
1159 4863 1212 4933 pis,
1229 4870 1257 4916 et
1268 4863 1391 4933 principe
1404 4863 1561 4918 Christiano
1574 4863 1742 4935 dignissima
1756 4867 1792 4920 ad
1806 4884 1850 4937 pa-

224 4940 306 5011 hujus
327 4942 367 4997 rei
383 4941 420 5011 (si
436 4942 534 5012 inquo
554 4940 621 5008 alio)
644 4942 745 4996 relucet
764 4942 793 4995 in
814 4943 956 5010 majestate
971 4951 1019 4997 tua
1052 4959 1112 4995 cem
1134 4942 1288 5012 propensio,
1317 4960 1377 4997 cum
1405 4943 1487 4997 simili
1511 4943 1664 4998 vicinorum
1692 4946 1850 5017 principum

224 5020 379 5092 exemplum
400 5021 523 5091 insigne,
545 5020 588 5075 cui
607 5020 675 5075 adeo
695 5030 820 5090 prompta
838 5030 881 5076 est
893 5039 971 5076 mens
984 5023 1018 5077 ad
1052 5021 1234 5085 inclinatione,
1248 5022 1278 5075 in
1292 5022 1363 5076 idem
1378 5033 1470 5076 votum
1488 5022 1604 5078 feliciter
1617 5025 1849 5094 conspirantium:

224 5101 432 5172 corrcipiendam
444 5101 591 5162 flammam,
605 5100 652 5153 ubi
672 5100 715 5154 vel
734 5100 874 5156 levissima
891 5118 952 5156 eam
972 5119 1018 5157 ex·
1052 5101 1134 5155 sicet
1149 5100 1178 5153 in
1192 5101 1344 5156 intellectus
1354 5103 1393 5156 tui
1404 5103 1510 5156 dotibus
1519 5119 1574 5156 non
1586 5102 1672 5157 levior
1681 5107 1807 5160 exoritur
1816 5105 1851 5159 lis

224 5180 349 5236 citaverit
362 5180 468 5248 objecta
488 5180 602 5245 occasio,
616 5179 660 5232 rel
680 5180 794 5233 minima
812 5180 909 5234 alieuae
928 5182 1019 5253 cogni-
1052 5187 1080 5233 et
1086 5178 1230 5244 aemulatio,
1240 5182 1264 5235 si
1276 5198 1330 5245 eas,
1342 5200 1402 5252 qum
1413 5184 1602 5252 anaturaipsa
1612 5184 1737 5253 praebitas
1747 5194 1811 5240 sunt
1823 5193 1851 5238 et

224 5260 306 5315 tionis
317 5258 434 5313 scintilla
447 5257 590 5312 affulserit.
632 5258 970 5331 Quemadmodumjgitur,
985 5261 1018 5315 de
1051 5259 1156 5324 infusae,
1180 5277 1240 5313 cum
1262 5262 1469 5316 instructissima
1491 5279 1559 5334 gaza
1577 5262 1740 5333 multiplicis
1763 5265 1851 5319 erudi-

225 5356 320 5409 regum
330 5338 537 5408 sapientissimo,
548 5354 625 5392 sacra
637 5339 761 5409 perhibet
773 5339 921 5409 Scriptura,
937 5348 953 5372 ‘⁴
963 5341 1019 5394 Cor
1052 5340 1142 5403 tionis,
1157 5349 1184 5392 et
1197 5339 1375 5408 plurimarum
1393 5342 1489 5396 artium
1509 5342 1623 5396 scientia
1637 5344 1850 5399 committamus

226 5417 267 5471 illi
279 5418 370 5483 fuisse,
381 5426 508 5488 tanquam
519 5434 630 5475 arenam
642 5419 761 5474 maris:”
776 5420 853 5489 cujus
863 5436 1018 5494 quanquam
1052 5419 1150 5491 Neque
1166 5437 1230 5475 vero
1244 5420 1323 5476 facile
1339 5421 1426 5488 fuerit,
1438 5439 1530 5495 regem
1545 5423 1663 5493 aliquem
1678 5432 1743 5494 post
1757 5423 1851 5480 Chrit-
