3800 5875
536 296 720 355 HISTORIA
741 297 881 353 sauvis
902 296 951 351 ΕΤ
971 294 1092 363 Levia,
1112 292 1195 349 E'l'c.
1623 288 1681 347 559

53 461 128 518 cidis
147 459 306 531 crystallina
325 459 354 513 in
373 457 519 529 speluncis
562 455 669 512 Calculi
685 457 715 510 in
734 456 851 521 renibus,
925 453 1068 509 Emollitio
1099 453 1172 507 teni.
1231 447 1373 505 Emollitic
1403 463 1482 503 ceras.
1561 492 1625 535 m

53 551 82 597 et
95 541 194 605 vesica,
207 547 236 595 et
248 544 325 609 cyste
338 538 420 594 tellis.
462 537 591 609 Squama
605 536 736 590 dentium.
887 533 988 588 Omnia
1007 532 1197 604 amalgamata.
1240 529 1362 584 Pertinet
1382 527 1419 581 ad
1438 527 1483 581 in·

93 622 122 676 4.
146 619 229 673 Varii
242 636 308 672 unes
322 627 407 672 maur
420 615 565 671 dictantis
579 625 605 668 ct
618 615 801 669 contrahentis
821 616 851 667 irs
886 612 1082 668 mutationem
1106 608 1273 679 juventutisc
1307 624 1372 662 nam
1394 606 1481 660 omnis
1505 603 1680 669 humectatio,

53 704 115 754 circ
125 717 179 771 per
192 700 313 752 colorem
885 702 985 762 praeter
998 708 1058 744 eam
1074 708 1134 761 quoe
1147 690 1179 744 fit
1192 706 1228 743 ex
1241 687 1340 757 spiritu
1352 685 1445 754 nabeo
1452 685 1567 749 detento,
1577 684 1682 739 videtur

292 775 400 829 Vitrnm
413 772 566 828 calendare.
607 772 701 827 ditare
721 770 849 826 Heronio.
886 788 946 825 csse
961 768 1247 840 pseudo-intencione
1260 773 1288 822 et
1300 781 1397 837 parum
1413 765 1505 833 jusst;
1527 772 1556 818 ut
1573 763 1603 817 in
1620 779 1681 834 pro-

254 854 393 924 Organurn
406 854 540 907 musicum
550 851 754 923 splendentibus
769 851 851 905 radiis
886 850 946 919 prio
958 849 1038 903 titulo
1050 848 1210 903 ridebimus.

54 933 129 987 solis.
173 932 327 1004 Impostnra
344 933 379 987 de
398 932 553 986 imitatione
572 932 663 986 fluxus
685 939 714 984 et
732 930 851 985 refluxus
924 928 1011 982 Parce
1025 928 1199 998 proponimus
1213 925 1329 980 subiato
1343 922 1421 977 titulo
1435 938 1482 992 op-
1510 965 1626 1007 nocitum.

53 1012 136 1067 maris
150 1018 177 1065 et
191 1013 321 1067 amnium.
885 1008 969 1061 tatius
977 1014 1004 1061 et
1011 1006 1196 1060 vellicationes
1204 1005 1237 1059 de
1243 1003 1336 1073 praxi:
1348 1002 1481 1072 quiscum

92 1092 119 1145 5.
149 1088 319 1145 intereram
348 1089 517 1144 membrorum
549 1090 580 1141 in
606 1089 768 1143 animalibus
797 1105 851 1160 per
885 1087 990 1140 sittam
1005 1086 1139 1156 generalis
1153 1084 1358 1155 etlatepstens,
1368 1078 1631 1151 magisidoneusest
1644 1076 1679 1130 ad

53 1172 163 1224 coloreas
171 1172 406 1243 proportionatum
419 1177 446 1222 ct
458 1168 587 1240 spiritam
601 1167 743 1222 detentum.
884 1165 1085 1220 informandum
1096 1164 1229 1234 judicium
1243 1177 1325 1234 qnam
1334 1161 1370 1215 sd
1378 1158 1563 1214 instruendam
1572 1156 1678 1227 praxin.

106 820 174 863 ΡΜ.

495 1625 742 1699 HISTORIA
768 1623 955 1697 GRAVIS
983 1621 1050 1696 ET
1077 1621 1238 1695 LEVIS.

778 1943 954 2011 ADITUS.

83 2113 852 2192 Morutsgravitatisetlevitstisveteresmotusnaturalis
885 2114 994 2185 gentius
1004 2113 1138 2184 quispiam
1152 2129 1187 2168 ex
1195 2110 1251 2167 illis
1262 2111 1392 2184 quaesivit
1431 2112 1530 2186 Neque
1540 2129 1576 2168 ex
1586 2128 1678 2167 recen·

53 2201 163 2256 nonnius
171 2200 382 2270 insignivemnt.
421 2195 532 2251 Scilicet
539 2195 642 2251 nullum
649 2194 852 2265 conspiciebant
886 2193 999 2248 tioribus
1014 2194 1158 2265 quisquam
1167 2208 1257 2263 operae
1269 2193 1389 2262 pretium
1403 2191 1475 2246 circa
1485 2193 1537 2248 boo
1548 2193 1621 2258 iecit,
1632 2191 1678 2245 sd·

53 2280 176 2335 efficiens
190 2286 349 2342 externum
371 2275 473 2331 nullsru
484 2276 568 2330 ctiam
578 2275 759 2330 resistentiam
770 2290 852 2344 appa·
886 2272 974 2327 dendo
1004 2271 1174 2327 solummodo
1201 2287 1290 2342 pauca
1316 2270 1484 2336 mechanica,
1511 2289 1596 2344 eaque
1628 2287 1679 2343 per

53 2369 166 2415 rentem.
197 2354 586 2419 Quinimocitatiorvidebatur
595 2353 853 2422 motusisteinpro·
886 2352 1126 2407 demonstrationes
1140 2367 1202 2405 snas
1213 2349 1323 2405 detorta.
1364 2348 1473 2415 Verum,
1483 2352 1574 2407 missis
1585 2351 1679 2407 verbu·

53 2455 217 2511 goessusw.
250 2437 323 2490 Huic
331 2434 560 2503 contemplationi,
570 2434 615 2488 vel
625 2434 743 2488 sermoni
753 2432 851 2503 potius,
886 2430 928 2496 lis,
942 2430 1124 2486 certissimum
1137 2437 1187 2494 est,
1201 2445 1298 2499 corpus
1311 2444 1367 2484 non
1380 2430 1433 2484 nisi
1447 2446 1465 2483 s
1477 2448 1588 2502 corpore
1604 2431 1677 2501 pati;

53 2513 545 2589 phantasiamillamrnathematicam
555 2513 587 2567 de
599 2512 720 2567 haesione
727 2511 851 2583 marium
886 2527 936 2564 nec
951 2507 1036 2564 ullum
1055 2509 1114 2563 fieri
1134 2515 1236 2562 motum
1256 2507 1378 2573 localem,
1393 2509 1440 2581 qui
1456 2527 1510 2564 non
1523 2510 1678 2574 solicitetur‚

53 2597 226 2652 cicestrum
241 2603 327 2660 terra,
343 2594 437 2663 (etiam
455 2593 478 2647 si
497 2591 632 2663 perforate
646 2593 715 2647 foret
727 2591 789 2661 ipsa
802 2598 852 2645 ter·
887 2594 933 2643 aut
945 2606 963 2642 a
981 2589 1103 2658 partibus
1121 2586 1242 2657 corporis
1259 2587 1348 2659 ipsius
1368 2589 1439 2660 quod
1459 2597 1588 2653 movetur,
1602 2597 1649 2644 aut
1662 2607 1680 2643 a

54 2678 105 2745 ra.)
118 2691 228 2730 necnon
242 2680 424 2729 commentum
437 2671 504 2726 illud
517 2669 716 2735 scholasticum,
730 2670 763 2724 de
777 2677 853 2723 motu
886 2667 1044 2738 corporibus
1058 2666 1251 2735 ediscentibus,
1262 2666 1306 2720 sel
1318 2666 1347 2722 in
1357 2667 1493 2739 rosigno,
1501 2667 1544 2722 vel
1557 2668 1586 2722 in
1600 2685 1679 2739 prox-

54 2772 199 2826 corpornm
224 2752 260 2808 ad
282 2752 342 2808 loca
369 2769 426 2816 sua,
449 2750 533 2807 veluti
556 2751 649 2815 salem,
672 2756 850 2820 asperserunt
886 2747 949 2810 imo,
964 2746 1007 2801 ael
1021 2745 1117 2800 saltem
1129 2746 1200 2800 intra
1213 2745 1307 2800 orbem
1320 2746 1464 2803 sctiritatis
1477 2763 1540 2802 sure
1583 2747 1679 2818 Itaque

55 2835 108 2890 His
132 2833 243 2906 positis,
266 2832 422 2904 perfunctos
447 2846 477 2884 se
501 2829 647 2893 credentes,
671 2827 712 2882 nil
734 2827 852 2897 amplius
886 2826 1191 2894 viresmagncticasnon
1199 2825 1294 2880 inscite
1303 2825 1453 2880 introduxit
1464 2825 1615 2891 Gilbertus3
1630 2826 1679 2881 sed

55 2915 221 2986 qumbant,
235 2912 289 2969 nisi
304 2911 374 2985 quod
388 2910 421 2965 de
435 2917 527 2965 centro
541 2909 681 2982 gravitatis
694 2908 723 2961 in
739 2907 852 2961 diversis
887 2914 914 2960 et
930 2905 990 2976 ipse
1010 2905 1096 2960 iactus
1114 2921 1245 2976 magnes:
1265 2904 1351 2959 nimio
1368 2903 1472 2961 scilicet
1490 2903 1576 2975 plura,
1596 2920 1678 2976 quarn

56 2995 157 3067 figuris,
172 3001 202 3049 et
216 2992 251 3048 de
265 2993 308 3058 iis,
320 3009 380 3062 quse
389 3007 439 3061 per
448 2988 695 3061 aquamvehuntur,
705 2985 853 3057 paulodili-
887 2992 1000 3055 oportet,
1008 2985 1042 3039 ad
1050 2985 1112 3040 illas
1120 2985 1377 3049 traheus‚etnavem
1384 2986 1519 3040 aedificans
1527 3002 1562 3040 ex
1568 2984 1678 3040 scalmo.

244 3464 487 3539 HISTORIA
513 3464 822 3540 SYMPATHIAE
850 3465 914 3539 ET
939 3465 1275 3541 ANTIPATHIAE
1303 3462 1497 3538 RERUM.

776 3787 953 3854 ADITUS.

88 3953 852 4021 Lrsetamicitiainnatursetimulisuntmotuumetcla·
887 3958 979 4022 instar,
994 3956 1115 4011 insinuat
1128 3961 1156 4009 et
1175 3953 1287 4026 spargit.
1327 3953 1444 4025 Spernat
1459 3951 1541 4007 etiam
1554 3946 1679 4005 homines

51 4050 97 4089 res
111 4053 237 4107 operum.
279 4033 352 4087 Hinc
366 4049 509 4103 corporum
519 4034 585 4089 unio
594 4042 623 4088 et
636 4034 708 4106 fuga,
718 4035 783 4089 hinc
793 4051 853 4106 par·
887 4038 949 4090 vani
969 4043 1094 4089 naturam
1114 4050 1150 4089 ex
1169 4033 1257 4088 fronte
1278 4041 1305 4087 ct
1324 4048 1440 4104 persons
1460 4047 1631 4103 cognomen,
1651 4038 1679 4084 et

51 4114 118 4169 tiurn
132 4115 228 4170 mistio
243 4119 270 4166 et
284 4112 429 4182 separatio,
440 4112 505 4167 binc
518 4113 580 4167 sltae
594 4121 675 4185 atque
689 4115 791 4168 intime
804 4115 853 4168 ins·
887 4131 937 4185 per
960 4114 1150 4170 similitudines
1174 4113 1341 4167 extrinsecas
1364 4111 1540 4181 proprietates
1559 4109 1679 4164 intensas

53 4195 209 4262 pressiones
217 4193 356 4255 virtutum,
364 4199 399 4256 et,
406 4191 587 4262 quodvocant,
595 4193 853 4263 conjungereactiva
887 4194 1022 4265 detegere.
1062 4192 1186 4248 Practica
1206 4207 1313 4264 quoquc
1333 4189 1515 4261 inquisitionis
1530 4187 1677 4244 simillima.

53 4272 258 4343 compassirisr
272 4269 652 4342 deniquemagnalianaturm
684 4272 853 4342 Sedimpura
887 4272 1027 4343 Praecepta
1040 4274 1112 4326 enim
1125 4271 1224 4342 magice
1237 4269 1366 4325 naturalis
1376 4268 1440 4323 talia
1454 4276 1522 4333 sunt,
1533 4284 1565 4323 sc
1579 4267 1603 4321 si
1617 4283 1679 4321 con·

52 4359 94 4404 est
104 4350 254 4406 admodum
268 4348 328 4403 hsce
343 4366 405 4419 pars
420 4350 602 4421 philosophiae
612 4350 645 4405 de
656 4350 853 4421 sympathiaet
887 4351 1002 4406 fiderent
1019 4352 1143 4406 homines
1163 4358 1262 4404 terram
1283 4349 1417 4420 subigere,
1437 4356 1465 4402 et
1482 4364 1579 4419 panem
1600 4363 1679 4401 suum

53 4430 219 4502 Antipathis
233 4445 333 4493 rerum,
348 4445 430 4498 quam
447 4429 532 4483 etiam
549 4427 711 4484 Naturalem
728 4430 852 4500 Magiam
887 4431 1026 4485 comedere
1036 4430 1137 4502 absque
1147 4427 1356 4492 sudorerultus3
1377 4427 1570 4499 etperotiosas
1580 4425 1679 4480 etfaci-

52 4509 201 4578 appellant,
212 4516 295 4579 atque
306 4507 390 4577 (quod
401 4524 509 4578 semper
522 4508 579 4563 lere
593 4508 635 4578 dt)
649 4509 696 4562 ubi
711 4508 853 4579 diligentia
887 4510 927 4565 les
934 4526 1077 4580 corporum
1085 4508 1282 4580 applicationes
1291 4523 1381 4562 rerum
1391 4514 1515 4576 potentes
1523 4505 1595 4560 fleri:
1610 4521 1679 4559 sem·

52 4586 148 4653 detuit,
161 4606 227 4660 spes
241 4587 384 4656 superfuit.
418 4583 551 4658 Operatio
560 4595 650 4642 autem
660 4588 755 4655 cjusin
766 4587 852 4642 homi·
886 4606 936 4660 per
949 4596 1040 4643 autern
1058 4590 1087 4642 in
1101 4605 1147 4642 ore
1160 4587 1269 4651 babent,
1283 4595 1311 4641 et
1328 4593 1455 4657 tanquam
1474 4600 1617 4655 sponsores
1633 4600 1679 4652 sp

51 4666 133 4722 nibus
144 4684 255 4738 prorsus
263 4665 361 4720 similis
372 4672 413 4720 est
423 4666 581 4735 soporiferis
589 4665 728 4721 nonnullis
737 4666 852 4720 medioa-
887 4667 991 4738 pellant
1008 4675 1173 4738 magnetem,
1193 4674 1221 4720 et
1238 4682 1398 4720 consensum
1417 4665 1475 4719 auri
1491 4681 1552 4718 cum
1566 4669 1679 4734 argento

51 4746 233 4818 mentisque
244 4762 368 4799 somnum
379 4746 530 4808 conciliant,
539 4752 619 4816 atque
629 4747 742 4815 insuper
754 4744 815 4799 laeta
825 4756 853 4800 et
886 4747 958 4812 sivo,
967 4753 994 4801 et
1008 4763 1096 4817 pauca
1107 4746 1189 4813 hujus
1202 4745 1317 4815 generis,
1327 4744 1361 4798 ad
1370 4744 1450 4798 iidem
1459 4743 1573 4797 aliarum
1579 4757 1678 4804 rerum,

52 4822 190 4892 placentia
203 4825 310 4879 somnis
324 4823 456 4878 emittunt
498 4824 591 4878 Primo
601 4825 675 4878 enim
685 4824 851 4879 intellectum
887 4843 948 4896 qum
962 4827 1119 4896 neutiquam
1133 4824 1214 4879 simili
1228 4831 1366 4878 contractu
1380 4823 1542 4894 obligantur.
1575 4818 1679 4874 Verum

51 4901 204 4958 humanum
218 4905 247 4958 in
261 4918 387 4972 soporem
398 4903 516 4971 conjicit,
525 4903 691 4957 decantando
701 4905 851 4975 proprieta-
887 4907 991 4975 optima
1004 4921 1117 4975 quaeque
1130 4903 1276 4967 laboribus,
1290 4912 1348 4957 turn
1367 4902 1519 4973 inquirendi
1539 4907 1596 4954 tum
1615 4914 1679 4967 ope·

51 4988 94 5035 tes
104 4983 248 5053 specificas
258 4992 286 5036 et
296 4981 410 5036 virtutes
419 4981 694 5047 occultas,etcoelitus
704 4983 851 5049 demissas;
887 4985 972 5049 randi,
986 4983 1126 5055 proposuit
1137 4982 1221 5038 Deus.
1261 4983 1321 5036 Nos
1334 4982 1363 5035 in
1377 4983 1438 5050 jure
1451 4988 1556 5035 nutare
1569 4975 1678 5031 enucle-

53 5060 126 5116 unde
140 5061 268 5117 homines
279 5061 314 5114 sd
324 5077 403 5115 veras
416 5078 512 5115 cauma
522 5062 654 5116 eruendas
667 5079 721 5117 non
735 5062 853 5133 amplius
887 5063 965 5127 ando,
979 5073 1110 5118 eteorum
1126 5061 1270 5116 ioederibus
1289 5060 1503 5131 interpretandis,
1522 5056 1603 5128 paulo
1619 5054 1679 5109 dili-

52 5141 215 5207 excitantur,
236 5157 287 5195 nec
307 5139 456 5211 evigilant3
490 5140 538 5194 sed
559 5142 587 5194 in
613 5140 767 5209 hujusmodi
788 5142 852 5196 otiis
886 5142 1022 5213 gentiores
1035 5143 1153 5205 erimus;
1174 5158 1225 5195 uec
1235 5139 1372 5194 miraculis
1387 5140 1512 5200 faventes,
1523 5152 1573 5190 neo
1587 5141 1679 5190 tamen

51 5221 244 5291 acquiescunt:
259 5219 357 5275 deinde
367 5220 509 5275 innumera
518 5230 679 5286 commenta,
688 5220 851 5276 somniorum
887 5222 1089 5292 inquisitionem
1103 5221 1276 5277 instituentes
1288 5219 1420 5275 humilem
1434 5224 1482 5271 aut
1496 5220 1648 5286 angustam.
