3800 5875
54 310 117 365 lun
134 311 157 364 l.
678 315 817 371 Novum
838 314 1039 373 ORGANUM.
1618 317 1675 380 447

54 486 115 540 qua
128 469 158 523 iu
172 467 235 523 aliis
248 468 355 526 videtin
366 470 455 527 lateru
467 478 496 527 et
513 472 626 537 occulta,
641 473 669 526 in
687 472 749 527 aliis
762 474 847 528 mani·
884 474 983 543 peritia
1006 474 1108 529 aditum
1129 474 1213 529 alicui
1231 473 1422 546 philosophia,
1442 474 1565 546 quamvis
1587 493 1678 531 emen·

54 550 125 602 festa
138 548 182 613 sit,
197 546 313 618 etquasi
327 550 489 621 palpabilis3
510 559 593 624 atque
613 551 712 605 inillis
728 553 846 607 admira·
884 554 962 618 dntae,
977 568 1046 622 pene
1059 553 1233 608 interclusum
1247 569 1315 607 esse.
1356 554 1413 608 Alii
1427 554 1676 626 siquidemsimpli·

53 628 164 691 tionem,
178 627 209 682 in
223 627 268 682 his
281 644 315 682 ne
328 630 504 685 attentionem
523 632 632 703 quidem
651 639 767 686 moveat.
810 632 847 685 Ut
884 633 941 686 eins
961 632 1143 695 subverentur,
1158 648 1192 686 ue
1211 633 1280 685 forte
1301 633 1381 687 altior
1398 633 1426 686 in
1446 640 1569 687 naturam
1587 634 1676 705 inqui-

54 706 86 759 fir
105 707 135 761 in
155 714 256 760 natura
274 708 538 780 consistendaeque
557 713 585 764 in
605 710 679 781 liguo
699 709 743 763 vel
756 710 845 780 lapide
884 709 1027 764 sitioultra
1039 727 1196 766 concessum
1211 711 1363 765 sobrietatis
1377 712 1522 765 terminum
1536 720 1673 782 penetret3

55 802 108 839 non
131 794 247 851 notatur,
272 787 320 841 sed
343 786 423 842 solidi
447 788 626 859 appellatione
650 790 845 853 transmittitur,
885 789 1053 842 traducentes
1067 797 1094 843 et
1108 806 1248 859 perperam
1270 797 1423 859 torquentes
1441 807 1481 854 ea,
1496 808 1565 861 quoe,
1579 791 1613 844 de
1633 791 1675 845 di·

54 881 141 935 neqne
162 863 280 934 amplius
300 865 333 919 de
355 866 421 937 fuga
441 868 620 937 separationis
640 875 687 921 aut
707 867 846 922 solutionis
884 868 954 922 vinis
967 868 1102 936 mysteriis
1110 868 1139 921 in
1151 868 1297 938 Scripturis
1307 869 1398 934 sacris,
1410 869 1537 923 adversus
1545 871 1674 924 rimantes

55 945 241 998 continuitatis
255 943 419 1015 inquiritur:
440 957 468 1000 at
477 947 506 999 in
516 963 644 1018 aquarum
658 946 741 1001 bullis
752 946 845 1001 eadem
884 954 986 1000 secreta
996 946 1090 1000 diviua
1100 947 1231 1012 dicamur,
1241 947 1275 1000 ad
1286 947 1392 1001 occulta
1404 955 1514 1012 naturas,
1526 965 1587 1019 quoe
1600 948 1675 1003 nullo

56 1039 97 1076 res
110 1022 217 1077 videtur
230 1023 337 1077 subtilis
351 1032 378 1079 et
395 1025 554 1096 ingenium
576 1044 636 1097 qnae
650 1024 731 1080 bula
745 1042 847 1079 secon·
884 1025 1027 1079 interdicto
1047 1025 1231 1095 prohibentur.
1271 1024 1328 1080 Alii
1341 1025 1464 1080 callidius
1485 1027 1633 1093 conjiciunt
1646 1037 1676 1082 et

53 1101 337 1171 jiciuutinpelliculas
347 1104 523 1174 quasdamin
533 1104 720 1174 hemisphaerii
730 1105 844 1158 formam
884 1104 976 1158 animo
994 1112 1109 1168 versant,
1123 1105 1146 1158 si
1165 1105 1255 1159 media
1267 1105 1433 1176 ignorentur,
1451 1106 1559 1176 singula
1572 1105 1606 1159 sd
1619 1123 1675 1161 ma-

55 1180 159 1234 cariose
172 1181 285 1245 effictas,
304 1182 386 1236 atad
403 1192 569 1238 momentum
585 1184 713 1253 temporis
732 1184 846 1238 evitensr
883 1198 948 1236 uum
961 1189 990 1236 et
1002 1182 1134 1254 virgulam
1147 1183 1265 1237 divinam
1278 1184 1362 1255 (quod
1375 1183 1523 1255 religionis,
1532 1194 1561 1238 ut
1570 1193 1673 1254 putant,

55 1257 152 1314 solutio
166 1260 358 1316 continuitatis.
884 1262 1003 1315 maxime
1022 1260 1142 1330 intersit)
1164 1262 1271 1317 facilius
1291 1279 1371 1332 posse
1389 1264 1497 1326 referrir
1519 1264 1590 1333 quod
1603 1263 1674 1317 nihil

93 1339 185 1410 Atque
199 1355 308 1409 prorsus
322 1339 370 1394 ills
383 1340 451 1411 ipsa,
466 1359 527 1412 quae
543 1339 678 1394 habentur
696 1357 746 1411 pro
759 1356 846 1394 secre-
883 1340 958 1395 aliud
971 1348 1019 1404 est,
1034 1358 1116 1411 quarn
1137 1346 1153 1373 “
1166 1341 1227 1395 Deo
1244 1357 1295 1412 per
1313 1341 1482 1396 mendacium
1504 1342 1672 1412 gratificari''

55 1416 98 1481 tis,
112 1418 142 1471 in
155 1418 220 1471 aliis
234 1417 336 1472 habent
352 1428 477 1474 naturam
496 1419 669 1473 manifestam
682 1429 711 1472 et
729 1436 847 1473 commu·
883 1419 962 1474 velle.
1003 1417 1060 1474 Alii
1079 1420 1114 1474 ab
1135 1419 1261 1490 exemplo
1281 1426 1412 1484 metuunt,
1425 1437 1460 1475 ne
1474 1430 1563 1475 motus
1576 1428 1604 1474 et
1617 1437 1674 1476 mu·

54 1512 131 1560 nem;
147 1513 210 1567 quea.
219 1513 357 1568 nunquam
367 1515 397 1552 se
408 1497 717 1568 dabitconspiciendem,
726 1499 749 1551 si
758 1498 846 1552 homi-
876 1499 999 1552 ¹tationes
1012 1499 1085 1552 circa
1101 1499 1305 1570 philosophiam
1317 1500 1347 1554 in
1360 1499 1521 1571 religionem
1534 1499 1674 1555 incurrant

54 1591 119 1629 num
137 1577 326 1644 experimenta
337 1585 383 1632 sut
396 1576 637 1648 contemplationes
655 1576 684 1630 in
702 1577 758 1631 illis
779 1578 846 1647 ipsis
883 1594 915 1631 ac
935 1576 1068 1632 desinant
1108 1577 1164 1631 Alii
1185 1578 1302 1649 denique
1322 1577 1422 1633 soliciti
1442 1579 1575 1645 videntur,
1589 1594 1624 1632 ue
1644 1579 1674 1633 iu

56 1663 161 1708 tantum
175 1663 323 1709 versentur.
364 1655 533 1710 Generaliter
552 1664 643 1710 autem
663 1664 692 1709 et
709 1655 798 1725 vulgo,
817 1656 846 1709 in
883 1665 987 1711 natura
999 1656 1172 1727 inquisitione
1186 1656 1288 1727 aliquid
1302 1657 1419 1712 inveniri
1436 1658 1529 1728 possit,
1544 1657 1617 1729 quod
1630 1674 1673 1712 re·

55 1734 182 1802 operibus
194 1733 363 1788 mechanicis
375 1734 509 1789 habentur
521 1751 571 1805 pro
586 1734 665 1789 novis
684 1733 808 1797 inventis,
822 1736 845 1788 si
882 1734 1012 1806 ligionem
1034 1736 1196 1806 (prasertim
1218 1736 1290 1806 apud
1310 1736 1445 1804 indoctos)
1465 1736 1609 1800 subvertat,
1627 1742 1675 1791 sut

55 1813 115 1882 quis
123 1812 289 1882 jampridem
298 1813 408 1867 inventa
418 1814 544 1868 subtilius
554 1812 646 1886 poliat,
656 1813 783 1868 relnrnet
793 1813 846 1868 ele·
883 1815 980 1868 saltem
1002 1812 1154 1870 labefactet.
1195 1813 1234 1868 At
1255 1815 1301 1868 isti
1323 1815 1377 1869 duo
1400 1815 1561 1885 posteriores
1584 1822 1673 1870 metus

54 1891 171 1960 gentius,
185 1892 229 1945 vel
242 1892 325 1947 mmul
338 1893 415 1947 uniat
433 1900 462 1947 et
474 1900 624 1965 componat,
647 1892 692 1947 vel
713 1909 775 1947 cum
793 1909 844 1946 usu
883 1893 1093 1948 nobisvidentur
1107 1894 1217 1947 omnino
1229 1894 1390 1964 sapientiam
1404 1894 1548 1948 animalem
1560 1910 1672 1964 sapere,

54 1970 222 2025 commodius
242 1971 360 2042 copulet,
385 1981 433 2026 sut
459 1988 527 2042 opus
552 1973 663 2041 majore,
690 1979 738 2026 aut
762 1971 845 2025 etiam
883 1989 915 2024 ac
929 1972 953 2026 si
966 1971 1091 2027 homines
1103 1973 1132 2026 in
1151 1974 1249 2027 ruentis
1269 1989 1326 2028 sura
1345 1973 1495 2027 recessibus
1516 1980 1543 2026 et
1562 1974 1674 2028 secretis

55 2050 166 2112 minore,
190 2066 273 2119 quam
297 2051 356 2104 fieri
377 2052 523 2116 cousuevit,
545 2052 618 2107 mole
641 2050 687 2106 rel
708 2050 845 2106 volumine
883 2050 1098 2121 cogitationibus,
1116 2051 1150 2105 de
1172 2051 1335 2106 firmitudine
1356 2051 1503 2122 religionis,
1518 2058 1547 2106 et
1564 2053 1628 2107 fidei
1644 2054 1675 2109 iu

55 2127 191 2192 exhibeat,
207 2136 236 2183 et
249 2129 358 2184 similis.
883 2147 993 2184 sensum
1005 2131 1127 2200 imperio,
1140 2130 1291 2184 diffiderent
1310 2146 1342 2184 sc
1362 2130 1531 2196 dubitarent,
1552 2138 1579 2185 et
1592 2147 1674 2202 prop·

94 2206 191 2278 ltaque
210 2208 323 2262 minime
343 2209 442 2263 mirum
460 2217 509 2273 est,
528 2208 552 2263 si
572 2206 675 2262 nobilia
697 2215 726 2262 ct
747 2224 845 2278 genere
883 2217 957 2263 teres
970 2210 1005 2263 ab
1018 2209 1192 2280 inquisitione
1206 2209 1327 2263 veritatis
1346 2210 1374 2263 in
1386 2204 1554 2265 naturalibus
1568 2210 1675 2280 pericu·

55 2285 175 2339 hnmano
188 2286 273 2358 digna
290 2288 440 2342 inventain
457 2287 547 2342 lucem
566 2294 689 2341 extracta
706 2303 761 2341 non
783 2288 845 2352 sint,
883 2286 940 2342 lum
958 2287 1014 2342 illis
1030 2289 1186 2358 impendere
1199 2295 1357 2344 metuerent.
1397 2287 1435 2343 At
1447 2306 1510 2343 vere
1523 2306 1581 2343 reni
1594 2306 1675 2359 repu-

54 2381 115 2419 cum
135 2365 263 2420 homines
284 2366 438 2435 hujusmodi
458 2367 565 2437 exiguis
584 2365 676 2436 pensis
694 2376 722 2421 et
735 2366 845 2437 puerili·
884 2368 961 2432 tenti,
982 2367 1157 2438 philosophia
1176 2367 1316 2433 naturalis,
1331 2374 1393 2439 post
1411 2369 1523 2422 verbum
1543 2368 1604 2433 Dei,
1619 2385 1676 2422 cer-

54 2444 104 2497 bus
117 2446 238 2499 contenti
252 2454 281 2500 et
293 2446 418 2501 delectati
438 2446 554 2509 inerint3
576 2445 726 2516 quinetiam
746 2446 775 2500 in
795 2446 844 2500 iis·
883 2446 988 2500 ussima
999 2446 1197 2515 superstitionis
1207 2446 1341 2501 medicina
1351 2454 1403 2509 est;
1418 2448 1566 2518 eademque
1577 2447 1676 2517 probs·

54 2523 116 2577 dem
146 2540 176 2577 se
204 2542 335 2596 maguum
361 2524 470 2596 aliquod
496 2530 602 2580 secutos
629 2532 676 2579 aut
708 2532 846 2580 assecutos
884 2525 1017 2580 tissimum
1031 2525 1093 2579 fidei
1107 2525 1273 2579 alimentum.
1315 2526 1410 2596 ltaque
1431 2527 1528 2581 merito
1548 2526 1676 2597 religioni

55 2603 215 2671 putaverint
884 2603 999 2658 donatur
1029 2613 1159 2675 tanquam
1188 2605 1319 2660 fidissima
1351 2604 1465 2660 ancilla:
1498 2621 1561 2660 cum
1590 2607 1676 2660 alters

884 2682 1048 2738 voluntatem
1061 2684 1123 2746 Dei,
1137 2682 1222 2738 altera
1235 2690 1405 2754 potestatem,
1420 2683 1581 2740 manifestet.
1615 2686 1675 2739 Ne-

885 2780 936 2833 que
950 2762 1024 2817 enim
1034 2763 1133 2817 erravit
1145 2762 1199 2827 ille,
1211 2763 1258 2833 qui
1273 2762 1357 2825 discite
1374 2769 1390 2794 ‘⁴
1400 2763 1513 2827 Erratis,
1523 2764 1677 2817 nescientes

92 2835 191 2905 Neque
204 2833 275 2889 illud
294 2835 551 2905 pretermittendum
565 2841 614 2899 est,
628 2834 700 2905 quod
717 2842 796 2889 nacta
809 2836 847 2890 sit
885 2842 1045 2912 Scripturas,
1070 2848 1097 2895 et
1117 2848 1277 2911 potestatem
1296 2841 1349 2896 Dei
1359 2843 1384 2896 :”
1405 2842 1623 2896 informationem
1641 2842 1677 2896 ds

55 2913 231 2985 philosophia
243 2914 375 2969 naturalis
388 2931 437 2985 per
450 2930 544 2969 omnes
557 2921 650 2969 estates
664 2914 846 2970 adversarium
885 2919 1028 2985 voluntate,
1042 2927 1071 2975 et
1087 2919 1287 2975 meditationem
1307 2921 1340 2976 de
1362 2928 1502 2993 potestate,
1515 2937 1587 2976 nexu
1607 2921 1677 2976 indi·

54 2994 197 3048 molestum
211 3001 240 3047 et
253 2994 409 3058 difficilem,
431 2994 648 3063 superstitionem
667 2993 804 3058 nimirum,
818 3002 846 3049 et
885 2999 965 3054 viduo
978 2999 1155 3054 commiscens
1168 3007 1196 3054 et
1211 3000 1349 3070 copulans.
1392 3001 1502 3056 iuterim
1522 3000 1612 3054 minus
1626 3001 1677 3054 mi·

54 3072 140 3127 selum
154 3072 297 3143 religionis
315 3089 417 3126 cacum
437 3081 463 3127 et
483 3073 697 3127 immoderatum.
737 3073 846 3128 Etenim
884 3095 943 3133 nim
957 3086 997 3133 est
1009 3079 1033 3132 si
1047 3077 1177 3133 naturalis
1184 3079 1367 3150 philosophias
1378 3081 1545 3135 incrementa
1555 3079 1677 3134 cohibita

55 3152 143 3205 videre
167 3160 211 3206 ttt
230 3152 303 3220 apud
329 3152 445 3215 Graewt,
467 3167 519 3215 ε08.
543 3152 590 3223 qui
613 3152 731 3223 primtun
751 3169 846 3207 causas
884 3158 952 3221 sinte
973 3174 1035 3212 cum
1047 3157 1152 3229 religio,
1165 3176 1227 3230 ques
1236 3158 1384 3229 plurimum
1395 3159 1467 3230 apud
1478 3157 1677 3213 enimoshomi·

54 3229 191 3284 naturales
215 3229 337 3285 fulminis
361 3240 388 3284 et
408 3237 598 3299 tempestatum
621 3232 735 3285 insuetis
758 3231 846 3285 adhuc
884 3235 1677 3309 numpollet,perquorundamimperitiametzelumincau-

54 3309 197 3364 bominum
218 3310 329 3364 auribus
350 3318 553 3380 proposuerunt,
567 3309 713 3379 impietatis
733 3311 762 3363 in
782 3309 846 3364 deos
883 3316 980 3370 turniu
989 3323 1094 3387 purtem
1102 3318 1264 3373 annuariam
1274 3319 1418 3383 transierit,
1429 3318 1577 3387 etabrepta
1586 3316 1676 3372 fuerit.

54 3405 87 3442 eo
100 3388 211 3443 nomine
225 3388 382 3443 mmnatos:
401 3405 452 3443 nec
465 3388 550 3443 multo
562 3389 660 3443 melius
674 3406 691 3442 a
710 3388 847 3444 nonnullis

54 3469 227 3538 antiquorum
247 3476 356 3538 patrum
374 3467 515 3536 religionis
536 3467 699 3523 Christiana
719 3477 847 3538 exceptos

54 3547 137 3601 fnisse
148 3563 205 3608 eos,
218 3547 264 3616 qui
275 3564 311 3601 ex
320 3547 480 3601 certissimis
489 3546 763 3602 demonstrationibus
774 3547 845 3618 (qui-
924 3545 1029 3601 Rursus
1041 3546 1070 3600 in
1084 3546 1203 3602 moribus
1217 3555 1245 3603 et
1257 3547 1386 3603 institutis
1406 3545 1568 3610 scholarum,
1583 3546 1677 3600 acade-

53 3625 194 3679 bnsnemo
204 3625 285 3679 hodie
294 3642 376 3680 sanos
385 3625 589 3696 contradixerit)
597 3633 697 3680 terram
706 3627 847 3682 rotundam
885 3624 1009 3689 mierum,
1026 3625 1212 3696 collegiorum,
1226 3634 1254 3682 et
1270 3626 1401 3682 similium
1413 3636 1599 3690 conventuum,
1615 3642 1678 3693 quaa

55 3721 113 3758 esse
126 3713 284 3773 pomerum,
298 3713 378 3776 atque
392 3722 429 3759 ex
441 3705 617 3775 consequenti
630 3705 771 3776 antipodas
784 3721 844 3759 esse
885 3705 1023 3758 doctorum
1044 3704 1185 3759 hominum
1206 3706 1315 3760 sedibus
1337 3714 1364 3760 et
1384 3705 1544 3761 eruditionis
1565 3704 1678 3759 cultures

54 3794 237 3838 asseruerunt.
884 3782 1020 3837 destinata
1032 3790 1101 3848 suut,
1111 3784 1202 3838 omnis
1212 3784 1365 3856 progressui
1377 3784 1550 3840 scientiarum
1564 3783 1677 3838 adversa

92 3862 256 3925 Qiuetiam,
271 3870 302 3916 ut
321 3876 393 3915 nune
412 3869 475 3916 sunt
494 3879 545 3928 res,
560 3862 680 3917 conditio
693 3877 846 3917 sermonum
884 3863 1066 3917 inveniuntur.
1107 3861 1250 3917 Lectiones
1270 3863 1343 3919 enim
1361 3870 1390 3917 et
1407 3861 1538 3918 exercitia
1556 3862 1595 3916 ita
1612 3870 1678 3918 sunt

55 3939 85 3994 de
107 3950 205 3996 natura
224 3942 296 3995 facta
315 3949 358 3994 cst
376 3940 467 3995 durior
486 3950 514 3995 et
532 3942 621 4013 magis
634 3958 696 3996 cum
716 3940 843 4010 periculo,
884 3942 1023 4012 disposita,
1037 3948 1068 3995 ut
1080 3939 1154 3994 aliud
1174 3958 1191 3994 a
1208 3942 1344 3997 consuetis
1363 3942 1438 3996 haud
1457 3940 1536 3995 facile
1550 3941 1678 4012 cuiquam

55 4029 163 4090 propter
175 4019 366 4091 theologorum
379 4018 599 4075 scholasticorum
611 4038 731 4076 summas
751 4028 779 4073 ct
793 4038 847 4075 me-
884 4020 913 4073 in
925 4028 1043 4075 mentem
1058 4020 1149 4074 veniat
1159 4021 1278 4091 cogitare
1291 4029 1339 4074 aut
1352 4019 1539 4090 contemplari.
1567 4020 1598 4075 Si
1612 4037 1679 4074 vero

55 4099 166 4163 rhodon
187 4100 311 4171 quicum
324 4098 489 4169 theologiam
503 4100 582 4167 (satis
596 4116 645 4169 pro
654 4100 801 4170 potestate)
816 4101 844 4153 in
883 4097 1080 4154 uuusautalter
1090 4098 1203 4153 fortasse
1214 4100 1311 4168 judicii
1324 4099 1447 4155 libertate
1461 4099 1501 4153 uti
1511 4099 1676 4164 sustinuerit,

56 4178 175 4232 ordinem
195 4178 358 4249 redegerint,
372 4186 400 4232 et
417 4178 446 4231 in
463 4178 530 4232 artis
549 4179 663 4233 formum
683 4178 845 4243 effinxerint,
884 4178 908 4232 is
921 4178 973 4232 sibi
989 4176 1040 4232 soli
1054 4176 1125 4231 hanc
1139 4193 1250 4247 operam
1270 4179 1409 4249 imponere
1429 4177 1535 4249 possit;
1557 4178 1592 4233 ab
1608 4177 1678 4232 alio·

56 4255 105 4310 hoe
125 4259 240 4326 insuper
258 4258 412 4320 effecerunt,
426 4265 456 4311 nt
469 4274 582 4327 pugnax
602 4267 629 4311 et
643 4260 754 4327 spinosa
771 4256 846 4311 Aris·
884 4273 943 4310 rum
958 4264 1048 4311 sutem
1062 4257 1196 4310 consortio
1213 4257 1284 4312 nihil
1305 4258 1394 4327 capiet
1412 4257 1545 4313 utilitatis.
1587 4256 1636 4312 Sin
1650 4263 1679 4311 et

55 4336 142 4390 totelis
157 4335 333 4405 philosophia
346 4337 451 4405 corpori
464 4335 611 4407 religionis,
626 4335 687 4406 plus
701 4353 782 4407 quam
796 4354 846 4406 par
883 4335 935 4390 hoc
950 4334 1113 4400 toleraverit,
1126 4342 1217 4391 tamen
1237 4336 1267 4390 in
1286 4336 1452 4406 capessenda
1465 4336 1573 4390 fortuna
1587 4336 1678 4390 indus·

55 4428 118 4479 erat,
133 4416 341 4470 immisceretur.
884 4415 964 4469 triam
976 4414 1047 4469 hanc
1061 4423 1088 4470 et
1101 4414 1351 4486 magnanimitatem
1366 4415 1417 4469 sibi
1431 4432 1485 4469 non
1497 4414 1551 4469 levi
1566 4415 1679 4485 impedi·

91 4494 196 4549 Eodem
210 4494 292 4548 etism
305 4498 426 4562 spectant
437 4491 513 4562 (licet
526 4493 634 4547 diverso
645 4494 738 4561 modo)
753 4510 845 4547 eorum
883 4501 975 4548 mento
993 4494 1049 4548 fore
1069 4494 1233 4564 experietur.
1275 4494 1373 4549 Studia
1394 4494 1467 4548 enim
1485 4493 1628 4549 hominum
1649 4494 1679 4548 in

54 4574 301 4636 commentationes,
316 4572 363 4643 qui
379 4572 519 4626 veritatem
533 4571 696 4627 Christianae
704 4572 845 4643 religionis
883 4570 1017 4647 ejusmodi
1033 4572 1101 4626 locis
1120 4574 1149 4627 in
1167 4573 1334 4644 quorundam
1353 4580 1492 4629 auctorum
1511 4573 1621 4643 scripta,
1634 4589 1679 4626 ve·

54 4668 87 4706 ex
100 4652 244 4723 principiis
258 4661 286 4705 et
300 4651 504 4706 auctoritatibus
518 4651 742 4721 philosophorum
761 4651 845 4706 dedu·
883 4650 934 4706 luti
947 4652 977 4706 in
990 4667 1120 4716 carceres,
1133 4651 1260 4706 conclusa
1274 4659 1351 4716 sunte
1372 4669 1389 4706 a
1403 4652 1502 4724 quibus
1515 4652 1539 4707 si
1553 4652 1615 4723 quis
1626 4651 1680 4705 dis·

54 4747 112 4784 cere
125 4740 154 4786 et
167 4730 328 4785 confirmare
343 4729 417 4783 baud
430 4731 508 4784 veriti
522 4739 598 4793 sunt,
619 4730 683 4784 tidei
703 4739 732 4784 et
750 4746 845 4786 seusus
884 4731 1166 4796 sentiatcontinuout
1175 4731 1259 4785 homo
1269 4731 1400 4797 turbidus,
1412 4739 1440 4786 et
1450 4746 1679 4788 remmnovsrum

54 4811 210 4881 eonjugium
224 4818 356 4880 tauquam
375 4808 528 4878 legitimum
541 4808 626 4863 multa
638 4826 740 4880 pompa
753 4817 782 4863 et
801 4826 846 4863 so-
883 4809 1004 4878 cupidus,
1027 4809 1178 4879 corripitur.
1219 4810 1258 4864 At
1280 4827 1411 4881 magnum
1434 4817 1509 4866 certe
1532 4809 1680 4866 discrimen

54 4886 181 4943 lennitate
202 4889 379 4950 celebrantes,
393 4894 422 4941 et
441 4897 520 4959 grata
536 4905 626 4942 rernm
646 4889 775 4942 varietate
789 4888 846 4941 aui-
883 4889 955 4942 inter
968 4906 1011 4943 res
1024 4887 1118 4942 civiles
1132 4895 1161 4941 et
1173 4896 1262 4944 artesz
1283 4906 1337 4944 non
1352 4890 1424 4945 enim
1439 4891 1513 4945 idem
1529 4888 1680 4960 periculum

54 4983 110 5022 roos
137 4968 280 5023 bominum
302 4965 515 5037 permulcentese
549 4969 598 5021 sed
621 4967 729 5040 integim
752 4968 846 5021 divina
883 4984 984 5021 auovo
997 4974 1078 5032 motu,
1093 4973 1233 5022 etanovs
1246 4968 1315 5024 lnce.
1343 4969 1486 5024 Verumin
1500 4969 1581 5023 rebus
1595 4967 1680 5022 cirili·

54 5043 179 5101 humanis
202 5048 302 5116 impari
326 5046 481 5101 condhionc
505 5046 706 5117 permiscentes.
755 5046 792 5100 At
816 5047 846 5100 in
883 5046 934 5100 bus
947 5046 1062 5101 mutatio
1075 5047 1158 5100 etism
1171 5046 1200 5100 in
1214 5048 1311 5102 melius
1326 5058 1452 5118 suspecta
1470 5057 1512 5102 est
1525 5047 1560 5100 oh
1573 5054 1680 5117 pertur-

54 5123 205 5193 hujusmodi
227 5126 350 5180 misturis
371 5124 516 5196 theologia
535 5142 598 5179 cum
617 5124 799 5195 philosophia,
813 5142 845 5180 ea
883 5124 1035 5190 bstinuem;
1056 5142 1118 5180 cum
1138 5125 1229 5181 civilia
1251 5129 1418 5192 auctoritate,
1441 5142 1581 5190 consensu,
1606 5126 1681 5180 husa

54 5212 161 5268 ustum,
176 5223 238 5276 quae
252 5205 365 5259 nuncin
378 5203 555 5274 pbilosophis
567 5213 757 5273 receptarunt,
772 5221 845 5258 com·
884 5211 912 5257 et
926 5205 1062 5275 opinione,
1076 5220 1131 5258 uon
1144 5203 1380 5270 demonstratione,
1394 5207 1522 5261 nitantur.
1566 5204 1599 5259 ln
1617 5204 1681 5258 arti·

54 5283 270 5350 prehenduntur5
285 5284 335 5338 sed
349 5299 427 5346 nova,
437 5283 502 5337 licet
514 5284 543 5336 in
556 5283 774 5349 meliusmutats,
786 5291 845 5337 tan·
884 5281 934 5336 bus
948 5291 1039 5338 autem
1053 5292 1081 5337 et
1100 5284 1231 5350 scientiis,
1245 5293 1373 5356 tauquam
1394 5286 1423 5339 in
1444 5282 1550 5338 metalli
1571 5283 1680 5349 fodinis,

55 5369 110 5415 tuns
123 5380 176 5417 non
190 5370 397 5418 summoventur
410 5369 438 5417 et
450 5363 669 5417 exterminantur.
884 5363 976 5416 omnia
998 5362 1076 5417 novis
1096 5363 1222 5433 operibns
1243 5372 1271 5419 et
1292 5363 1466 5420 ulterioribus
1490 5362 1682 5435 progressibus

93 5440 216 5515 Denique
227 5443 354 5497 invenias
369 5443 581 5513 exquorundam
596 5440 782 5513 theologorum
797 5441 846 5496 im·
884 5441 1104 5513 circumstrepere
1128 5443 1236 5499 debent.
1290 5445 1379 5512 Atque
1404 5443 1551 5499 secundum
1578 5449 1681 5499 rectam

393 2743 519 2782 LXXXIX·

1261 3457 1309 3496 XC·
