3800 5875
72 316 142 374 cnr.
156 318 210 375 Ill.
588 321 640 376 llll
659 320 888 381 AUGMENTIS
910 323 1188 383 SOIENTIARUM.
1639 329 1697 393 ³79

224 493 298 534 1²80·
605 496 747 537 CONTRA·
1053 499 1124 539 PRO.
1435 500 1579 543 CONTRA.

108 574 213 644 Corpus
226 589 334 639 nuum,
343 571 446 644 hospes
485 574 672 646 polychreotar
712 575 747 630 sd
780 593 863 647 quam
902 582 972 632 tutes
992 582 1020 631 et
1033 577 1101 631 vitiu
1114 578 1275 648 conspicue,
1316 581 1358 632 ert
1383 575 1464 643 nolle,
1491 581 1618 650 proximu
1642 597 1697 638 uon

69 654 166 710 enimn
184 660 242 718 ectr
270 668 384 724 agrum,
403 670 446 709 er·
486 656 570 712 etiarn
583 656 643 711 seni
656 654 838 727 confugimus.
901 654 993 728 itaque
1026 656 1089 711 illes
1123 664 1276 729 provocent,
1315 672 1405 727 posce.

69 733 239 806 gsrtnlnmus
523 735 617 791 Nimis
650 744 725 790 nrcto
762 735 862 790 ioedere
901 733 962 790 lucc
976 735 1128 793 reirssnunt
1358 738 1503 793 Honorum
1516 756 1644 795 ascensus
1657 756 1698 797 sr-

106 813 155 870 Nil
166 821 223 868 tnm
231 828 354 867 summm
364 812 447 867 notio
485 831 584 886 corpus
596 815 696 872 animm
712 815 862 886 jungitur-
941 817 1006 871 Non
1034 818 1109 871 novit
1132 816 1277 888 quispiam,
1318 815 1394 882 duur,
1417 818 1497 873 statio
1516 818 1630 885 lubrice,
1651 836 1695 875 rc·

68 911 130 950 num
171 899 323 965 promovet,
362 908 445 963 quum
484 894 565 949 nitus.
902 895 1076 964 quantumin
1090 897 1197 952 virtutis
1217 914 1278 952 cur·
1318 913 1429 968 gressus
1446 914 1578 971 praeceps

69 991 196 1044 prospero
229 971 372 1030 vuetuuoc
416 977 447 1026 nt
524 972 561 1029 Et
574 972 863 1044 lectusmcgnaimpe-
902 975 1105 1045 cuproleceritr
1127 976 1277 1031 nisihono·
1357 976 1410 1036 Qui
1436 978 1465 1031 in
1488 977 1593 1034 honore
1623 985 1693 1043 sunt,

68 1060 166 1120 contre,
194 1054 306 1109 infirmo
335 1052 447 1107 feriatur
484 1053 527 1108 rie
540 1053 747 1118 administravit,
762 1061 789 1107 et
805 1053 862 1108 lec·
901 1071 945 1109 res
959 1054 986 1109 ei
999 1071 1126 1125 campum
1139 1055 1279 1127 praebennt
1316 1054 1392 1127 vulgi
1405 1056 1560 1127 opinionem
1570 1064 1695 1113 mutuen-

67 1135 154 1189 nimir.
486 1133 542 1188 tice
555 1150 670 1206 magnos
683 1132 826 1189 exercitus.
901 1143 1036 1204 apertum.
1317 1142 1361 1189 tur
1393 1142 1505 1205 oportet,
1532 1144 1564 1193 ut
1589 1138 1695 1210 scipsos

941 1213 1064 1278 Virtutis,
1077 1220 1110 1269 ut
1121 1231 1212 1270 rerum
1226 1214 1277 1268 nli·
1317 1214 1412 1271 beatos
1426 1223 1529 1287 putent.

451 1306 480 1345 r.
901 1309 987 1358 mum,
1008 1293 1119 1363 rupidus
1133 1301 1224 1349 motus
1238 1301 1280 1349 est

321 1414 408 1456 um
431 1414 471 1456 ET
493 1415 616 1456 mm
901 1372 935 1426 nd
949 1371 1048 1439 locum,
1060 1372 1183 1442 placidus
1199 1373 1228 1428 in
1242 1372 1281 1427 lo-

900 1468 950 1507 co:
985 1459 1027 1506 est
1056 1460 1147 1506 autem
1173 1452 1281 1511 virtutis

222 1524 296 1566 PR0·
602 1525 745 1566 ⁰⁰NTRA·
900 1530 1088 1587 locushonos.

103 1601 235 1657 Charites
284 1600 442 1672 reipublice
522 1600 575 1663 Qui
595 1619 709 1658 uxorem
728 1603 813 1668 duxit,
832 1610 861 1658 et

65 1682 163 1753 incipit
176 1699 195 1735 c
208 1680 324 1736 familis.
481 1680 583 1736 liberos
605 1683 731 1754 suscepit,
752 1683 860 1739 obsides
1261 1703 1335 1745 vm.

102 1761 182 1816 Uxor
205 1767 234 1815 et
256 1761 337 1816 hheri
364 1761 443 1817 disci·
482 1762 598 1817 tortunae
611 1762 694 1818 dedit.

64 1841 140 1912 plina
153 1841 280 1913 quaednm
289 1840 443 1896 humanite-
523 1841 668 1908 Genernre,
678 1849 708 1896 et
715 1842 801 1908 liberi,
810 1842 859 1897 hu·

63 1922 114 1985 tior
134 1928 164 1974 nt
178 1919 292 1975 coelibes
310 1922 399 1976 tetrici
414 1928 443 1977 et
481 1936 564 1975 mnus
589 1930 670 1987 sunt3
701 1938 802 1988 creare,
831 1928 860 1976 et
1049 1921 1122 1962 ¹²⁸⁰·
1432 1920 1574 1962 ΟΟΝΤΜ·

63 1999 158 2054 reveri
482 2016 574 2071 opero,
587 2000 687 2056 divim
937 2000 1081 2056 Felicitate
1106 2000 1168 2067 imi,
1192 2017 1273 2073 meg·
1352 1999 1691 2066 Qurmmserumnuberc

101 2078 255 2135 Coelibntus
281 2085 310 2134 et
339 2078 443 2134 orbitus
521 2080 667 2136 Brutorum
720 2080 859 2136 {eternitas
896 2095 963 2135 num
990 2080 1092 2136 bonum
1125 2087 1183 2146 est,
1225 2079 1275 2136 sed
1311 2078 1352 2133 nil
1375 2079 1441 2147 iere,
1467 2081 1539 2151 quod
1560 2090 1690 2152 oppetes,

62 2159 96 2215 nd
123 2159 164 2213 nil
191 2158 267 2213 eliud
294 2159 442 2226 conferunt,
481 2158 604 2225 sobolesr
637 2160 755 2215 virorum
777 2161 858 2225 tumn,
897 2176 959 2213 eam
989 2165 1018 2214 et
1048 2159 1111 2214 nliir
1139 2160 1275 2231 impertiri
1313 2159 1427 2225 infinito,
1443 2177 1504 2231 qum
1516 2162 1642 2216 mctucsl

63 2255 145 2310 quern
158 2237 312 2309 aufugam.
481 2241 585 2305 merita,
600 2246 629 2294 ct
644 2240 778 2295 instituto„
837 2302 840 2309 ,
897 2255 987 2310 posse,
1002 2239 1090 2295 sdhuc
1104 2240 1200 2309 majus.
1353 2239 1406 2301 Qui
1423 2238 1454 2294 in
1475 2238 1599 2311 imperiis
1621 2248 1691 2308 sunt,

99 2318 187 2373 Morti
221 2318 364 2383 mancat,
392 2317 441 2390 qui
520 2318 706 2374 OEcouomicoe
741 2319 858 2374 rationes
938 2320 1030 2390 Reges
1057 2335 1113 2373 non
1132 2319 1275 2375 hominum
1313 2318 1417 2375 similes
1441 2325 1505 2375 sunt
1533 2319 1692 2389 corporibus

61 2399 162 2453 liberos
172 2413 229 2452 uon
243 2405 374 2467 procreet.
480 2397 603 2470 publicus
615 2398 765 2471 plerunque
785 2416 859 2455 ever·
896 2397 990 2463 instar,
998 2398 1046 2453 sed
1054 2406 1187 2454 notrorum
1195 2405 1273 2455 sunt:
1312 2397 1552 2469 coelestibusque
1562 2416 1691 2471 magnum

99 2477 210 2532 Cretcrs
234 2476 336 2540 felices,
359 2476 389 2531 in
408 2476 441 2531 li·
479 2484 550 2533 tunt.
896 2494 960 2532 nrm
974 2479 1043 2533 etin
1058 2478 1189 2549 singulos,
1203 2477 1275 2533 etin
1312 2477 1514 2534 venerationem
1527 2477 1691 2545 hnheutre·

61 2556 134 2611 beria
180 2556 238 2611 fere
284 2556 440 2611 infortunati
519 2555 858 2628 AliquibusiortunnPris·
897 2564 1021 2628 tempore
1047 2558 1116 2629 ipss,
1144 2574 1273 2630 magnum
1313 2558 1406 2631 quiem
1418 2557 1533 2613 nullom.

62 2644 136 2700 mnt;
181 2651 216 2689 ne
244 2634 345 2690 divium
374 2636 441 2689 sorti
480 2635 518 2690 mi
537 2636 647 2706 placuit,
662 2638 709 2708 qui
727 2638 785 2694 suis
802 2653 858 2693 orn·
897 2636 1154 2692 habentinfluxum.
1351 2638 1444 2693 Nemo
1463 2636 1590 2693 humente
1610 2639 1691 2695 sortis

61 2715 175 2769 nimium
221 2714 443 2786 appropinquent
480 2715 560 2771 nibus
573 2724 710 2788 superstes
723 2717 784 2773 tuit.
935 2715 989 2777 Qui
1008 2716 1062 2770 Dei
1075 2717 1147 2772 rices
1167 2724 1272 2788 gerunt,
1312 2717 1347 2771 sd
1367 2717 1478 2772 deorum
1500 2716 1625 2773 convivio
1642 2719 1690 2774 rd-

61 2792 196 2850 homines
895 2795 932 2849 iis
950 2795 1081 2862 resistere,
1095 2811 1151 2850 non
1169 2802 1274 2851 tantum
1292 2822 1296 2829 ·
1312 2796 1437 2862 mittitur,
1470 2797 1524 2851 nisi
1552 2795 1587 2850 cd
1619 2796 1689 2853 ludi·

895 2875 969 2929 loesae
995 2876 1144 2946 mejestatis
1170 2876 1274 2931 crimen
1311 2875 1409 2931 briunr.

439 2968 485 3008 vs.
896 2955 1275 3028 estsedtheomschinquoe·

386 3075 535 3119 nrvrrrm.
896 3036 967 3090 ‘¹⁸⁰¹‘

217 3184 290 3225 rno.
600 3184 742 3227 corinun.
1272 3205 1316 3247 Ιχ,

98 3261 219 3317 Divitias
251 3268 440 3329 contemnunt,
519 3260 685 3319 Diuitiarum
697 3280 857 3336 magnarum

62 3341 107 3413 qni
122 3341 277 3412 desperant.
479 3340 524 3398 rel
536 3343 660 3399 custodio
679 3351 729 3409 est,
744 3345 789 3399 vel
801 3345 857 3401 dis·

100 3420 209 3475 Invidia
217 3420 381 3488 diritimum,
389 3420 443 3477 rir-
480 3423 606 3493 pensatio
645 3424 778 3495 quaedrm,
812 3426 858 3481 vel
1050 3425 1123 3466 ¹³⁸⁰·
1429 3424 1571 3466 ⁰⁰Nffl·

62 3508 144 3555 tutem
158 3500 354 3557 effecitdeam.
480 3500 569 3566 inmun
591 3502 809 3560 utnullususns.
935 3502 1051 3558 Virtutis
1078 3503 1148 3559 rodii
1175 3504 1273 3561 reflexi
1351 3503 1438 3558 sama
1458 3503 1576 3559 deterior
1593 3503 1689 3575 judex,

99 3580 175 3635 Dnm
190 3578 348 3651 philosophi
362 3578 441 3634 dubi·
520 3580 620 3636 Annon
643 3583 720 3638 vider
745 3582 857 3655 lapillis,
895 3582 999 3638 londes
1312 3600 1394 3655 quom
1408 3584 1516 3641 nuncin.

62 3665 126 3724 tunt,
145 3668 238 3715 utrum
258 3659 294 3713 sd
313 3659 441 3714 virtutem
480 3660 550 3715 etid
564 3661 774 3732 genusdeliciir,
789 3665 855 3735 tingi
936 3660 1011 3719 Laus
1029 3662 1119 3718 honor
1135 3663 1160 3719 is
1175 3669 1222 3727 est,
1237 3661 1273 3718 od
1352 3662 1422 3724 erid
1448 3663 1508 3718 viro
1529 3664 1602 3721 bono
1624 3681 1689 3719 cum

62 3737 442 3810 nnroluptntemomninsint
480 3740 576 3810 pretia,
590 3748 621 3796 ut
635 3742 721 3811 possit
734 3759 794 3798 esse
808 3743 858 3798 nli·
897 3758 978 3811 quom
1008 3742 1103 3797 liberis
1134 3743 1273 3815 suffrsgiis
1310 3740 1397 3798 soliva
1415 3741 1510 3814 vulgi?

62 3818 211 3883 rdermdu
225 3817 325 3889 collige
338 3819 440 3873 instru-
481 3820 542 3890 quis
565 3837 727 3891 magnorum
749 3822 857 3877 dintin-
895 3822 1087 3891 pervenitur„
1349 3822 1690 3888 ansvelutifluriusle·

64 3906 154 3951 menta
168 3898 317 3969 utriunque.
479 3900 642 3954 numurus?
936 3901 1063 3957 Honores
1102 3918 1120 3956 n
1159 3899 1273 3955 diversis
1311 3901 1688 3975 visnttollitsolidcmergit.

100 3976 195 4032 Vintur
204 3993 254 4047 per
264 3976 374 4032 divitias
382 3994 441 4032 ver·
520 3978 611 4044 Multi,
651 3979 714 4034 dum
754 3980 857 4037 divitiis
895 3980 1001 4050 politiis
1020 3980 1202 4045 conferuntur,
1225 3979 1274 4035 sed
1352 3981 1510 4036 Infimnrum
1558 3983 1688 4038 virtutum

64 4055 126 4112 h'tn
139 4057 322 4112 incommune
330 4056 440 4112 bonum.
480 4058 536 4113 suin
558 4058 650 4112 omnin
670 4058 777 4114 venelia
799 4060 857 4116 fore
895 4059 989 4115 laudes
1002 4061 1103 4134 ubique
1117 4058 1273 4116 mutliber·
1311 4061 1384 4130 spud
1415 4060 1514 4132 vulgus
1547 4061 1608 4118 lons
1638 4069 1688 4128 est,

101 4135 442 4206 Cetenboncproriucis·
479 4137 657 4202 crediderunt,
674 4138 728 4209 ipsi
748 4139 778 4194 in
798 4140 856 4212 pri-
896 4140 970 4194 tntis.
1311 4140 1462 4195 mediorum
1475 4140 1627 4207 admiratio,
1641 4158 1688 4198 su·

63 4212 441 4271 lemhnbentudministrstio·
480 4217 532 4272 mis
546 4218 695 4273 venierunt.
936 4220 998 4274 Vox
1011 4218 1106 4290 populi
1119 4218 1204 4273 habet
1222 4217 1272 4273 nli·
1311 4235 1466 4290 premsrum
1479 4221 1687 4278 sensusnullus.

64 4309 133 4358 nun,
146 4294 251 4352 uiritim
269 4294 336 4351 eolre
354 4312 440 4368 gene·
520 4296 858 4354 Nonuliuddivitissdix-
896 4298 962 4372 quid
976 4298 1112 4354 divinum:
1133 4313 1274 4370 namquo·
1351 4298 1426 4355 Lnus
1440 4300 1528 4371 magis
1547 4317 1583 4356 ex
1598 4308 1688 4357 osten-

64 4373 157 4429 nlem.
480 4374 648 4447 erim,qusm
662 4377 857 4448 impedimento
895 4378 976 4434 modo
989 4377 1070 4433 sliter
1082 4385 1122 4433 tot
1140 4378 1272 4449 cepitsin
1311 4377 1512 4450 tutione,qunm
1527 4396 1563 4435 ex
1576 4380 1687 4447 meritor

479 4455 605 4511 virtutis:
629 4472 693 4511 narn
715 4457 808 4512 virtuti
830 4466 858 4514 et
895 4475 980 4513 unum
1018 4458 1174 4529 conspicere
1209 4473 1274 4528 pos·
1312 4463 1340 4512 et
1362 4458 1482 4514 ventosis
1499 4460 1589 4531 magis
1610 4477 1688 4516 ncce-

479 4534 708 4590 necessarioesunt
716 4541 857 4607 etgraves.
895 4537 970 4592 sintl
1312 4537 1359 4605 dit,
1373 4554 1455 4611 quum
1465 4539 1595 4598 realibus.

518 4613 630 4669 Diritiae
652 4615 724 4669 bone
747 4616 856 4685 ancillo,
936 4618 982 4670 Ne
1001 4616 1115 4683 mireris,
1133 4617 1157 4670 si
1174 4615 1275 4686 vulgus

479 4693 729 4764 pessimsclomins.
895 4696 987 4751 verius
1022 4694 1156 4768 loquutur,
1192 4712 1274 4767 quum

896 4775 1099 4840 honoratiorem
1118 4776 1183 4848 quis
1192 4774 1275 4830 etium

430 4865 490 4906 vri.
896 4856 981 4911 tutius
995 4852 1125 4926 loquitur.

382 4974 541 5017 BONORBS·
552 5015 564 5026 ‚

1223 1811 1374 1854 Inurum.

1123 3314 1218 3370 nnus,
1240 3315 1467 3356 snsrrnnrro.

1277 5028 1307 5068 X·

1221 5137 1368 5179 NATURA.

218 5085 290 5126 PRO·
597 5087 740 5128 CONTRA·

104 5160 230 5217 Honores
242 5180 298 5218 nou
309 5169 439 5234 tyranno-
518 5164 592 5221 Dum
612 5165 730 5222 honores
748 5166 857 5237 oppeti-

66 5256 124 5294 rnm
149 5243 191 5309 (ut
211 5241 370 5314 loquuntur)
393 5242 441 5299 sed
479 5261 547 5309 mus,
556 5245 711 5301 libertatem
721 5246 855 5301 exuimus.
1047 5247 1119 5288 PRO·
1429 5244 1570 5288 CONTRA·

66 5319 244 5388 providentior
264 5322 364 5377 (livium
387 5323 441 5377 cnl-
520 5325 647 5380 Honores
661 5325 726 5379 dent
739 5325 796 5380 fere
809 5341 856 5395 po
932 5325 1272 5397 Consuetudinisprogres-
1352 5324 1511 5395 Cogitemus
1538 5323 1687 5382 amotum

67 5398 119 5452 ruli
132 5406 204 5453 sunt.
480 5410 605 5460 testatem
637 5421 731 5461 eurum
757 5422 855 5468 rerum,
894 5421 941 5460 sus
955 5413 997 5460 est
1012 5403 1208 5473 arithmeticus,
1222 5422 1272 5461 nn·
1310 5410 1448 5469 usturam,
1484 5401 1621 5475 loquimur
1646 5422 1687 5461 se·

105 5477 443 5537 Honorrrfcciuntetvir-
482 5500 551 5554 ques
590 5484 695 5555 optimu
737 5484 857 5540 conditio
894 5491 963 5541 tunc
976 5484 1164 5557 geometricus
1310 5482 1427 5537 cundum
1453 5490 1605 5557 preceptor
1639 5486 1688 5544 nd
