3800 5875
65 308 121 362 bra.
135 306 172 361 ΙΙ.
688 304 829 360 NOVUM
851 305 1055 362 ORGANUM.
1630 305 1688 361 503

63 465 266 521 tioesalitarioe:
290 464 432 518 instantia
452 464 623 535 migrantes.-
651 466 795 521 instantias
816 484 853 520 os·
890 466 1047 540 corssormes,
1072 466 1225 532 monadica,
1249 465 1396 529 deviantes,
1422 466 1575 530 limitanea,
1596 475 1689 536 potes·

62 547 182 601 tmsiaoe:
218 545 363 600 instantias
390 543 589 600 clandestine:
622 545 763 599 instantia
791 562 852 598 can-
890 548 966 611 tatis,
976 549 1083 616 januoe,
1098 548 1248 610 innuentes,
1258 546 1447 618 polycbrestoe,
1461 547 1585 615 magica.
1619 546 1688 601 Hoec

62 627 202 680 stitutiroe:
231 625 372 678 instantiae
393 629 566 698 conformes.-
595 624 737 679 instantioe
765 643 852 678 monc-
890 626 964 681 enim
977 634 1025 681 aut
1038 625 1205 681 auxiliantur
1218 633 1246 680 et
1263 626 1405 681 medentur
1423 623 1574 678 intellectui
1587 631 1616 677 et
1627 643 1689 680 sen·

62 706 141 760 iica:
171 706 317 759 instantia
337 704 496 757 deviantes:
524 705 667 759 instantia
686 705 851 761 limitanea.-
890 706 946 771 sni5
967 713 1015 761 aut
1027 706 1163 761 instruunt
1176 706 1281 777 prexia,
1296 705 1325 760 in
1339 721 1448 777 genere.
1490 703 1616 775 Reliquae
1629 713 1688 760 tum

62 784 187 839 instantia
197 785 367 855 potestatis.-
382 785 524 838 instantia
532 785 674 837 comitatus
682 794 707 836 et
720 783 849 841 hostiles.-
890 786 999 840 demum
1020 785 1210 856 conquirendae
1230 793 1301 851 nint,
1315 802 1379 840 cum
1395 785 1569 839 conficiemus
1582 785 1688 841 tabulas

64 867 192 919 instantiae
204 864 412 934 subjunctive:
434 864 723 938 instantioesoeden's:
748 865 851 918 instcn·
890 867 1080 940 comparantia·
1101 864 1137 919 ed
1156 882 1225 936 opus
1242 865 1398 937 interpretis
1411 865 1484 918 circa
1500 863 1620 935 aliquam
1638 882 1687 919 na·

63 946 102 998 tis
109 944 211 997 meis:
227 945 371 999 instantiae
382 944 497 997 divortii
504 965 514 996 .-
529 944 795 1012 instantioejanuoe:
810 946 852 997 in·
889 951 977 998 turam
986 943 1187 1015 particularem.
1217 944 1289 1000 Sunt
1295 945 1518 1000 eniminstantioe
1522 948 1689 1016 proerogati·

62 1017 159 1079 slantioe
171 1025 310 1078 citantes:
332 1024 476 1077 instantias
489 1024 564 1078 via:
587 1024 728 1077 instantia
743 1026 852 1095 suppte-
889 1026 932 1078 uis
946 1025 1008 1079 istis
1022 1024 1161 1095 insignita
1176 1031 1204 1078 et
1217 1026 1332 1090 donate,
1343 1025 1442 1079 nnimae
1452 1023 1538 1077 instar
1549 1024 1622 1078 inter
1632 1025 1689 1080 sul·

63 1106 146 1156 nenti:
176 1105 322 1159 instantiae
342 1112 537 1175 perseccntes:
571 1103 713 1157 instantia
742 1104 849 1175 virga:
889 1120 970 1174 gates
990 1105 1133 1159 instantias
1147 1105 1355 1175 comparentiae3
1377 1111 1411 1168 et,
1425 1111 1456 1159 ut
1469 1104 1504 1157 ab
1517 1104 1596 1157 initio
1614 1105 1687 1160 dixi·

63 1185 188 1238 imtantioe
198 1185 337 1237 curriculi
343 1205 353 1236 .·
367 1184 444 1238 dores
454 1192 578 1237 nature.-
594 1181 850 1239 instantioetuctoe:
888 1199 957 1250 mus,
971 1201 1066 1255 pauca
1080 1183 1190 1238 illarum
1204 1193 1267 1239 sunt
1280 1185 1339 1239 vice
1360 1183 1514 1239 multarum.
1554 1183 1688 1245 Quocirca

63 1265 187 1318 i'ustantioe
214 1266 381 1319 innuentes:
412 1263 552 1318 instantise
574 1261 772 1334 polycirestae:
807 1264 850 1316 in·
888 1280 950 1318 cum
965 1265 1072 1319 tubulos
1086 1264 1251 1328 conficimus,
1265 1263 1506 1318 illoeomnistudio
1519 1271 1583 1318 sunt
1596 1264 1686 1319 inres-

61 1345 157 1398 stantiar
170 1346 295 1415 magica.
338 1344 411 1398 Usus
425 1349 516 1398 eutem
530 1341 629 1397 harum
646 1343 848 1410 instantiarum,
889 1342 1017 1414 riganda,
1028 1351 1056 1398 et
1068 1344 1099 1397 in
1112 1344 1218 1398 tabutas
1227 1343 1384 1399 referendae.
1418 1343 1481 1397 Erit
1494 1342 1577 1397 etiam
1592 1360 1685 1398 earum

62 1422 86 1475 in
98 1440 146 1494 quo
160 1423 306 1478 instantias
320 1424 447 1494 vulgares
461 1420 605 1487 excellunt,
620 1429 744 1477 versatur
756 1422 786 1477 in
801 1440 849 1494 ge·
888 1425 992 1478 mentio
1001 1424 1157 1478 necessaria
1169 1424 1199 1478 in
1212 1423 1248 1479 iis
1263 1441 1323 1494 qum
1334 1431 1490 1496 sequantur.
1522 1422 1686 1493 Praeponen-

62 1503 255 1567 aereamcirca
266 1511 374 1573 partem
387 1502 599 1567 informatiram,
609 1508 656 1557 aut
668 1501 742 1556 circa
756 1519 850 1574 opera·
887 1502 938 1558 das
953 1504 1045 1575 itaque
1059 1510 1117 1556 erat
1126 1519 1219 1558 earum
1232 1510 1369 1559 tractatus.

63 1582 141 1647 risam,
154 1590 201 1636 aut
214 1584 291 1637 circa
309 1590 459 1653 utramque.
501 1584 592 1653 Atque
611 1581 701 1653 quoad
719 1581 849 1637 informa·

63 1661 140 1727 risam,
150 1663 248 1730 jurant
259 1662 317 1717 illae
332 1669 378 1717 aut
391 1679 500 1717 sensum
515 1670 561 1715 aut
575 1661 761 1717 intellectum:
783 1662 849 1717 Sen·
927 1665 1009 1718 Nunc
1023 1681 1087 1718 vero
1101 1663 1136 1717 ad
1146 1664 1311 1717 adminicula
1325 1669 1354 1717 et
1366 1664 1572 1732 certificationis
1586 1663 1683 1717 induc·

62 1750 160 1805 sumat
181 1743 303 1818 quinque
324 1743 466 1798 instantia
483 1742 636 1813 lampadis.-
661 1741 847 1798 Intellectum:
887 1745 978 1809 timis,
993 1752 1020 1799 et
1033 1744 1161 1814 deinceps
1175 1743 1210 1797 ad
1223 1753 1353 1808 concreta,
1369 1749 1396 1797 et
1410 1743 1522 1796 latentes
1531 1759 1684 1814 processus,

63 1829 102 1875 rut
114 1821 286 1876 accelerando
296 1821 465 1877 exclusivum
475 1821 577 1884 forma,
586 1829 617 1875 ut
625 1822 760 1879 sctitan'oe
768 1844 782 1888 ‚·
802 1831 849 1878 aut
886 1829 914 1878 et
934 1825 1048 1878 latentes
1067 1824 1269 1888 schematismos,
1284 1821 1436 1893 etreliqua,
1454 1839 1515 1892 quae
1534 1822 1685 1894 aphorismo

63 1902 214 1972 mgastando
223 1910 251 1957 et
261 1903 376 1975 propius
386 1901 531 1957 indicando
541 1901 730 1955 affirmativam
745 1900 847 1969 iormae,
888 1920 946 1958 xxi.
968 1904 1062 1958 ordine
1085 1903 1283 1974 proposuimus,
1306 1902 1490 1973 pergendum
1524 1909 1556 1955 ut
1574 1902 1683 1957 tandem

63 1989 87 2034 ut
101 1983 247 2054 mgrantes,
272 1983 425 2047 ostensive,
440 1982 590 2044 comitatus,
611 1998 675 2036 cum
694 1983 848 2051 subjuncti·
888 1986 1031 2055 (tanquam
1045 1991 1182 2039 curatores
1192 1984 1271 2054 probi
1284 1989 1313 2037 et
1325 1980 1432 2051 fideles)
1447 1981 1584 2036 tradams
1596 1981 1683 2036 homi-

64 2063 112 2114 n's:
129 2069 172 2116 aut
187 2063 325 2134 erigendo
338 2060 505 2116 intellectum
519 2067 547 2115 et
559 2061 681 2115 ducendo
694 2061 729 2115 ad
747 2078 849 2133 genera
886 2063 967 2118 nibus
989 2064 1112 2119 fortunas
1131 2080 1202 2128 suas,
1217 2063 1388 2133 emancipato
1401 2061 1550 2125 intellectu,
1565 2068 1592 2114 et
1611 2062 1683 2117 iacto

65 2148 196 2196 straturae
209 2158 388 2197 communes:
403 2141 485 2212 idque
499 2149 546 2195 aut
559 2141 724 2205 immediate,
734 2148 766 2194 ιιι
776 2143 848 2195 clam
886 2150 1017 2214 tanquam
1038 2145 1160 2213 majore3
1182 2143 1252 2198 unde
1270 2158 1382 2197 necesse
1399 2147 1441 2195 est
1461 2141 1539 2213 sequi
1559 2142 1684 2196 emenda·

65 2220 169 2286 destina,
182 2223 340 2286 monadica,
348 2220 485 2296 faederis:
507 2229 554 2275 aut
567 2221 654 2293 gradu
668 2221 802 2291 proximo,
816 2229 848 2276 ut
886 2222 989 2277 tionem
1012 2222 1244 2286 stainahamma,
1266 2231 1294 2277 et
1314 2220 1519 2293 ampliationem
1542 2222 1683 2290 potestatis

64 2303 245 2358 constitutine:
268 2310 319 2357 aut
336 2301 423 2373 gradu
443 2301 546 2366 intimo,
560 2308 589 2355 ut
602 2306 771 2376 conformes.-
800 2309 848 2357 aut
886 2302 945 2370 ejus
959 2311 1185 2373 supernaturam.
1228 2303 1320 2357 Homo
1334 2302 1407 2355 enim
1421 2300 1589 2372 perlapsum
1607 2300 1683 2357 etde

64 2382 215 2436 medicando
237 2381 411 2436 intellectum
432 2398 449 2434 a
469 2380 614 2446 musaeus,
640 2388 670 2435 ut
689 2380 847 2435 deviantes.-
886 2390 959 2437 statu
976 2382 1140 2438 innocentiae
1161 2382 1268 2447 decidit,
1284 2391 1312 2436 et
1334 2382 1367 2435 de
1386 2397 1472 2451 regno
1488 2382 1517 2435 in
1538 2388 1682 2437 creaturas.

65 2461 226 2516 subducendo
239 2463 275 2516 ad
291 2462 409 2517 formam
422 2476 558 2532 magnam,
573 2460 630 2516 sive
646 2460 778 2515 fabricam
789 2461 848 2515 uni·
886 2461 1010 2534 Utraque
1033 2471 1124 2517 antem
1141 2479 1184 2516 res
1199 2463 1281 2516 etiam
1303 2462 1332 2515 in
1352 2460 1405 2515 hac
1426 2461 1484 2514 vita
1503 2460 1633 2515 nonnulla
1647 2479 1683 2517 ex

65 2540 170 2606 neseiat
183 2543 352 2596 limitaneoe:
368 2547 415 2596 aut
428 2541 550 2595 cavendo
562 2539 596 2594 de
610 2541 744 2595 formicet
757 2541 847 2596 causis
885 2549 963 2611 parte
977 2542 1097 2612 reparari
1111 2549 1215 2612 potest3
1230 2542 1305 2612 prior
1319 2558 1368 2612 per
1380 2539 1540 2611 religionem
1552 2548 1580 2595 et
1592 2541 1682 2606 fidem,

66 2617 133 2685 unis
146 2625 278 2677 utcrueis
294 2629 324 2676 et
344 2622 466 2675 diuortii.
507 2620 585 2682 Quod
600 2637 665 2675 vero
679 2621 714 2675 ed
728 2622 847 2691 operati·
886 2622 1021 2691 posterior
1039 2639 1089 2692 per
1106 2629 1177 2676 artes
1197 2628 1225 2677 et
1244 2622 1382 2676 amentias.
1423 2620 1523 2692 Neque
1545 2621 1620 2676 enirn
1633 2638 1684 2691 per

66 2714 114 2752 ren
125 2701 228 2767 ιιιίιιεις
250 2701 310 2756 illae
325 2701 473 2772 practicam
486 2707 534 2754 aut
546 2700 696 2771 designant,
711 2709 758 2754 aut
770 2717 846 2755 men·
885 2701 1104 2756 maledictionem
1125 2701 1199 2755 iactu
1221 2709 1263 2756 set
1282 2709 1407 2756 creatura
1420 2716 1531 2770 prorsus
1545 2707 1572 2754 et
1585 2701 1620 2755 ed
1633 2718 1682 2757 ex·

66 2787 147 2845 armat,
159 2791 203 2836 aut
215 2782 373 2836 sublevant
414 2780 569 2852 Designant
589 2788 636 2834 aut
649 2779 846 2835 ostendendos
885 2787 1003 2835 tremum
1024 2780 1150 2836 rebellis:
1172 2781 1227 2835 Sed
1250 2782 1279 2835 in
1299 2781 1399 2835 virtute
1420 2780 1495 2834 illius
1517 2779 1682 2849 diplomatis,

67 2858 146 2926 quibus
156 2860 353 2932 incipiendum,
367 2877 402 2914 ne
415 2869 505 2915 actum
520 2876 641 2932 agamus,
656 2868 685 2915 ιιι
703 2862 847 2916 instantiae
886 2865 902 2891 “
918 2861 950 2914 ln
971 2861 1068 2915 sudore
1084 2861 1173 2915 vultus
1194 2861 1318 2916 comedes
1339 2876 1438 2931 panem
1460 2860 1562 2926 tuum,”
1577 2877 1627 2930 per
1640 2859 1681 2913 la-

65 2943 202 3007 puestatis:
216 2951 263 2998 aut
278 2943 316 2996 ad
327 2941 394 3013 quid
404 2940 586 3011 aspirandum,
598 2941 622 2995 si
633 2941 711 2995 detur
721 2940 845 3010 incultas,
884 2940 964 2996 bores
983 2941 1073 2996 varios
1094 2944 1162 3014 (non
1182 2958 1233 3013 per
1250 2942 1446 3012 disputationes
1468 2950 1549 3005 certe,
1564 2948 1611 2995 aut
1634 2958 1683 3011 per

67 3026 90 3069 ut
107 3021 245 3077 innuentes.
289 3021 455 3076 Mensurant
476 3029 591 3092 quatuor
610 3020 667 3075 illie
680 3021 846 3074 matbemati·
885 3022 988 3075 otiosas
1006 3023 1173 3076 ceremonias
1193 3022 1329 3094 magicas)
1352 3022 1462 3076 tandem
1483 3028 1511 3074 et
1531 3020 1624 3092 aliqua
1646 3037 1683 3075 err

68 3112 112 3150 cn:
124 3100 257 3155 sublevant
268 3101 451 3174 polycbrestoe
467 3109 494 3155 et
509 3102 631 3173 magica.
885 3109 963 3171 parte
977 3100 1011 3155 ad
1028 3118 1127 3171 panem
1146 3102 1250 3156 homini
1270 3101 1453 3174 praebendum,
1466 3099 1554 3166 idest,
1569 3100 1604 3155 ad
1617 3116 1682 3155 usrrs

98 3177 188 3235 Rursus
201 3198 236 3236 ex
249 3182 314 3236 istis
323 3181 466 3236 instantiis
475 3181 572 3252 viginti
584 3186 696 3249 septem,
706 3180 846 3234 nonnulla·
885 3181 949 3236 ritae
963 3180 1091 3236 humanm
1106 3182 1247 3254 subigitur.

69 3272 114 3309 mm
126 3261 163 3327 (ut
175 3263 301 3331 superius
316 3261 437 3315 diximus
450 3260 484 3315 de
499 3260 649 3331 aliquibus)
666 3260 791 3314 iacienda
805 3267 847 3315 est

69 3335 169 3393 eclectio
179 3342 236 3411 jam
254 3343 292 3395 ab
312 3341 400 3406 initio,
415 3356 465 3394 nec
487 3339 658 3411 expectanda
675 3338 846 3409 particularis
1011 3356 1085 3396 rrsrs
1107 3351 1184 3396 ursnr
1206 3356 1328 3398 sacuam
1351 3357 1419 3396 novi
1441 3355 1556 3395 onnam.

69 3414 184 3486 inquisitio
197 3430 368 3477 naturarum.
410 3419 494 3491 Cujus
506 3420 615 3493 generis
629 3428 692 3474 sunt
703 3421 847 3477 instantia
