3800 5875
68 345 124 398 Car.
138 342 215 397 lllll.
552 341 603 395 DE
625 341 852 397 AUGMENTIS
874 343 1150 398 SClENTIARUM.
1611 346 1669 400 323

98 502 165 556 Alter
182 510 222 554 est
240 516 303 554 usus
323 503 438 571 poiseus
459 500 630 571 parabolicus,
651 499 737 570 priori
759 502 837 572 quusi
872 503 956 572 pedes
967 502 1113 557 desinente.
1136 502 1268 555 Gestabat
1280 509 1373 557 autem
1382 501 1668 572 insigniapotestatim

65 583 202 644 contradus,
222 581 267 652 qui
289 581 357 635 t'acit
378 581 421 650 (ut
442 580 575 650 diximus)
595 581 630 634 ad
650 581 836 646 involucrum
873 581 984 636 sinistra
997 581 1115 635 fistulam
1129 598 1164 635 ex
1175 589 1280 651 septem
1291 581 1404 636 calamis
1414 589 1590 651 compactam,
1602 582 1669 638 dex-

63 679 141 717 earum
154 677 247 730 nempe
260 677 360 725 rerum,
369 678 483 731 quarum
498 660 619 731 dignitas
633 667 761 730 tanquam
776 661 838 715 velo
874 669 915 714 tra
923 661 1024 731 pedum
1033 661 1089 714 sive
1097 661 1232 725 baculum,
1241 661 1365 732 superius
1373 677 1485 715 curvum
1493 667 1521 715 et
1529 660 1667 718 inflexum.

63 741 162 813 quodam
175 741 290 794 discreta
310 757 370 794 esse
390 747 552 794 mereatur:
574 739 627 793 boc
649 749 698 802 est,
713 757 775 794 cum
794 758 837 795 oc·
874 740 1041 795 Induebatur
1053 739 1197 809 chlamyde
1211 757 1248 795 ex
1263 741 1335 810 pelle
1350 739 1477 811 pardalis.
1519 739 1669 796 Potestutes

63 822 121 874 culta
132 830 157 873 et
168 820 296 889 mysteria
305 819 454 890 religionis,
465 820 592 890 politicae,
602 827 629 873 et
642 817 836 890 philosophiae,
873 820 899 873 ei
913 828 942 874 et
954 837 1067 874 munera
1077 819 1209 888 ejusmodi
1218 821 1404 884 attribuuntur,
1415 828 1445 874 ut
1458 820 1493 873 sit
1507 819 1573 874 deus
1586 837 1669 874 vena·

63 900 144 955 tabulis
157 905 184 954 et
195 899 335 969 parabolis
348 900 508 953 vestiuntur.
548 898 648 953 Utrum
658 915 723 951 vero
736 899 837 954 sabulis
873 906 969 965 torum,
979 900 1063 953 etiam
1076 907 1223 970 pastorum,
1231 909 1259 953 et
1272 901 1301 953 in
1311 900 1465 954 universum
1475 899 1668 964 ruricolarum

62 981 175 1034 veteribus
189 982 334 1049 poetaram
354 979 441 1033 subsit
461 979 562 1050 aliquis
581 994 678 1033 sennis
696 978 835 1048 mysticus,
873 996 975 1048 presses
1001 980 1067 1033 item
1091 979 1231 1034 montium
1282 978 1351 1034 Erat
1377 979 1458 1033 etiam
1485 980 1626 1047 proximus
1653 997 1671 1033 a

61 1059 232 1113 dubitationem
260 1056 420 1113 nonnullam
447 1058 546 1123 habet;
575 1065 656 1129 atque
682 1057 737 1127 ipsi
761 1066 835 1113 certe
873 1058 1012 1113 Mercurio
1023 1059 1138 1112 nuncius
1147 1058 1267 1112 deorum.
1309 1058 1627 1112 Habebaturetiamdux
1642 1069 1670 1112 et

62 1141 157 1194 latemur
169 1155 219 1192 nos
238 1138 269 1191 in
284 1155 346 1192 eam
360 1138 522 1192 sententiam
543 1137 721 1208 propendere,
735 1144 767 1191 ut
781 1154 836 1192 non
873 1139 1020 1209 imperator
1046 1138 1247 1208 Nympharum,
1268 1156 1328 1209 quae
1351 1137 1425 1191 circa
1449 1154 1511 1191 eum
1538 1147 1669 1207 perpetuo

60 1220 136 1287 paucis
148 1218 321 1289 antiquorum
341 1220 483 1289 poetarum
497 1217 598 1272 tabulis
616 1217 775 1287 mysterium
795 1218 836 1271 in·
873 1216 989 1272 choreas
999 1219 1103 1282 ducere,
1115 1226 1144 1271 et
1155 1217 1304 1288 tripudiare
1315 1217 1455 1282 solebant3
1470 1217 1669 1272 comitabantur

60 1299 132 1353 iusum
144 1298 224 1352 nore
239 1307 375 1367 putemus.
417 1297 516 1368 Neque
528 1313 579 1351 nos
588 1305 687 1361 movet,
696 1297 768 1368 quod
781 1297 837 1351 ista
873 1303 903 1351 et
916 1297 1014 1367 Satyri,
1027 1305 1056 1351 et
1074 1297 1119 1350 his
1140 1298 1260 1352 seniores
1275 1296 1368 1350 Sileni.
1410 1296 1538 1350 Habebat
1558 1296 1669 1367 insuper

59 1378 134 1445 pueris
146 1378 199 1431 sere
214 1384 242 1431 et
251 1376 440 1448 grammaticis
449 1377 644 1448 relinquantur,
654 1385 682 1430 et
692 1376 834 1440 vilescant,
873 1383 1033 1447 potestatem
1052 1385 1167 1430 terrores
1187 1376 1356 1441 immittendi,
1371 1376 1521 1446 praesertim
1531 1375 1626 1430 inanes
1640 1383 1669 1430 et

58 1466 82 1510 ut
100 1458 129 1511 de
148 1456 202 1511 illis
223 1457 406 1527 contemptim
426 1457 589 1511 seutentiam
611 1456 748 1510 ieramus:
770 1456 835 1528 quin
873 1457 1083 1527 superstitiosos,
1099 1456 1146 1528 qui
1159 1455 1294 1510 etPanici
1307 1456 1396 1510 vocati
1409 1462 1480 1509 sunt
1512 1455 1569 1509 Res
1583 1463 1668 1526 gestae

57 1546 143 1600 sonna,
159 1554 220 1591 curu
242 1536 327 1607 plane
341 1544 444 1590 constet
462 1536 564 1606 scripta
582 1533 639 1599 illa,
655 1553 716 1606 quer
729 1535 835 1590 fabulas
873 1545 965 1591 autem
973 1537 1034 1605 ejus
1042 1552 1098 1590 non
1106 1535 1198 1590 multae
1206 1543 1402 1591 memorantur:
1417 1535 1484 1588 illud
1493 1535 1667 1605 praecipuum,

57 1617 279 1680 istasrecitantex
291 1615 834 1686 scriptishominum,postliterassscras,
873 1616 945 1687 quod
968 1615 1132 1687 Cupidinem
1145 1615 1301 1685 provocavit
1315 1615 1350 1668 ad
1363 1615 1471 1678 luctam,
1485 1630 1502 1667 a
1516 1631 1570 1685 quo
1584 1615 1668 1669 etiam

57 1712 105 1749 ese
122 1696 319 1766 antiquissima,
334 1704 361 1750 et
382 1696 463 1765 longe
483 1695 528 1749 bis
547 1695 715 1765 antiquiores
729 1695 835 1749 fabulas
872 1695 902 1749 in
916 1696 1065 1750 certamine
1077 1695 1164 1749 rictum
1178 1703 1225 1749 est
1246 1695 1339 1749 Etiam
1349 1693 1511 1763 Typhonem
1526 1694 1668 1764 gigantem

57 1775 117 1843 ipsas
126 1776 235 1844 (etenim
247 1784 380 1846 tanquam
393 1775 469 1845 prius
482 1774 591 1829 creditae
605 1781 633 1827 et
645 1783 769 1844 receptae,
781 1791 835 1828 non
872 1775 977 1830 retibus
984 1775 1136 1845 implicavit
1144 1781 1172 1828 et
1181 1774 1320 1829 cohibuit:
1336 1781 1416 1845 atque
1426 1780 1538 1827 narrant
1546 1774 1667 1843 insuper,

57 1863 165 1925 tanquam
178 1855 344 1927 excogitatae
358 1854 460 1908 abillis
474 1852 650 1924 scriptoribus
668 1854 834 1924 referuntur)
873 1873 935 1910 cum
948 1854 1034 1910 Ceres
1047 1862 1153 1919 munstar,
1167 1862 1194 1908 et
1208 1855 1359 1924 obreptum
1373 1852 1564 1923 Proserpinam
1577 1852 1668 1923 indig-

57 1934 160 1989 rideutur
185 1952 245 1989 esse
276 1935 364 1988 instar
389 1934 477 1988 tenuis
502 1933 642 2011 cujusdam
670 1950 751 1998 auum,
773 1952 835 2005 quae
872 1933 1202 1999 nataseabscoudisset,
1224 1933 1468 2004 atquediiomues
1490 1931 1604 1985 adeam
1624 1933 1667 1985 in-

57 2029 85 2067 ex
106 2014 292 2069 traditionibus
318 2014 458 2068 nanonum
486 2014 576 2083 magis
603 2012 778 2083 antiquarum
805 2014 834 2067 in
871 2014 1059 2085 vestigandam
1069 2030 1233 2084 magnopere
1244 2012 1436 2075 incubuissent,
1444 2019 1471 2065 et
1481 2029 1511 2066 se
1519 2029 1568 2081 per
1577 2012 1668 2066 varias

58 2093 191 2149 Grecomm
204 2095 314 2149 fistulas
324 2093 485 2148 inciderunt.
527 2093 598 2147 Cum
607 2108 681 2156 vero,
692 2092 834 2164 quuecirca
872 2095 931 2150 vias
944 2094 1078 2164 dispertiti
1092 2101 1201 2157 essent;
1223 2093 1293 2146 Pani
1307 2091 1476 2146 solummodo
1489 2108 1525 2144 ex
1539 2089 1668 2146 felicitate

58 2170 135 2226 bunum
151 2174 346 2245 parabolarum
364 2171 614 2243 interpretationem
629 2171 717 2226 adhuc
731 2179 835 2226 tentata
873 2175 990 2245 quadam
1000 2173 1155 2243 contigisse,
1165 2180 1196 2226 ut
1208 2172 1280 2226 inter
1292 2171 1445 2226 venandum
1460 2187 1521 2224 enm
1535 2171 1668 2225 inueniret

58 2251 106 2314 sint,
118 2270 163 2322 per
180 2253 313 2308 homines
327 2252 430 2307 scilicet
450 2252 598 2322 imperitos,
613 2250 747 2305 neoultra
760 2250 834 2306 locos
872 2262 901 2308 et
923 2253 1063 2308 indicaret
1105 2251 1195 2306 Ausus
1213 2259 1255 2306 est
1278 2268 1385 2323 quoque
1405 2266 1468 2305 cum
1486 2249 1614 2319 Apolline
1634 2250 1669 2303 de

57 2347 190 2387 communes
210 2334 318 2397 doctos,
343 2333 422 2387 nobis
446 2332 521 2387 nullo
541 2332 622 2386 modo
642 2331 830 2396 sabataciant3
871 2334 987 2388 victoria
999 2333 1117 2387 musices
1131 2331 1276 2397 decertare,
1292 2337 1372 2402 atque
1386 2329 1470 2384 etiam
1482 2328 1562 2382 Mida
1577 2330 1669 2398 judice

57 2408 238 2482 philosophiam
267 2412 420 2467 secundum
445 2411 589 2481 parabolas
612 2411 739 2481 antiquas
762 2410 835 2465 inter
872 2414 1004 2484 praelatus
1029 2419 1089 2477 est3
1120 2411 1156 2464 ob
1179 2412 1252 2481 qnod
1275 2411 1409 2479 judicium
1432 2409 1525 2463 Midas
1549 2409 1669 2462 asininas

58 2488 186 2545 bubata
203 2493 311 2547 reterre
329 2493 418 2546 risum
439 2499 489 2546 est.
542 2490 611 2559 Ejus
632 2499 723 2544 autem
743 2491 834 2561 operis
872 2510 951 2548 aures
962 2492 1032 2556 tulit,
1044 2492 1093 2546 sed
1101 2489 1173 2544 clam
1183 2498 1211 2544 et
1223 2500 1336 2544 secreto.
1376 2488 1493 2545 Amores
1504 2487 1589 2542 Panis
1601 2487 1670 2542 nulli

58 2571 189 2641 exemplum
205 2590 298 2627 unum
321 2584 368 2625 aut
388 2571 503 2626 alterum
524 2570 727 2641 subjungemus.
769 2572 833 2625 Non
871 2574 1034 2637 referuntur,
1049 2578 1097 2625 aut
1109 2569 1207 2625 saltem
1221 2570 1366 2623 admodum
1380 2568 1453 2632 τεῆς
1475 2568 1548 2639 quod
1561 2568 1669 2631 mimm,

58 2650 113 2716 quod
121 2668 160 2706 res
172 2653 207 2705 sit
222 2652 343 2706 fortasse
358 2652 433 2714 tanti,
443 2651 491 2705 sed
504 2657 536 2705 ut
544 2650 697 2703 institutum
711 2657 834 2703 nostmm
870 2652 943 2707 inter
953 2652 1060 2706 turbam
1070 2651 1182 2704 deorum
1192 2665 1302 2718 prorsus
1314 2655 1370 2701 tam
1380 2646 1490 2718 profuse
1500 2647 1668 2711 amatorium,

58 2741 179 2785 tenemus
221 2731 254 2784 ld
278 2727 435 2803 hujusmodi
456 2737 506 2794 est,
520 2737 550 2784 ut
568 2729 603 2783 de
624 2729 751 2799 operibus
769 2728 833 2794 illis,
872 2732 958 2786 videri
971 2731 1065 2801 possit.
1096 2728 1167 2784 lllud
1181 2728 1349 2782 solummodo
1363 2727 1388 2780 ei
1402 2726 1489 2790 datur,
1505 2726 1577 2796 quod
1590 2726 1670 2780 Echo

58 2810 187 2874 quainter
208 2810 369 2864 desiderata
393 2810 520 2879 ponimus
541 2809 578 2880 (si
605 2808 670 2879 quid
694 2809 729 2863 sit
751 2808 834 2878 paulo
872 2813 1021 2877 adamaret,
1036 2827 1096 2880 quae
1119 2808 1201 2862 etiam
1222 2824 1292 2862 uxor
1312 2807 1371 2875 ejus
1393 2814 1436 2859 est
1454 2805 1567 2869 habita;
1589 2813 1670 2876 atque

58 2887 185 2960 munus)
211 2898 353 2962 perpetuo
378 2898 424 2944 aut
447 2895 585 2960 praecepta
611 2888 647 2942 ad
675 2904 744 2959 opus
765 2889 834 2944 illud
871 2908 954 2946 unam
977 2896 1110 2960 praterea
1133 2886 1292 2959 nympham,
1314 2885 1460 2957 Syringam
1481 2885 1608 2947 nomine,
1638 2884 1668 2938 in

57 2964 226 3034 instruendum,
251 2978 306 3025 aut
332 2969 460 3039 exempla
485 2983 690 3040 proponamus:
714 2984 750 3023 ue
772 2971 834 3040 quis
872 2988 954 3042 quam
964 2976 1076 3041 propter
1089 2968 1158 3022 iram
1171 2976 1199 3022 et
1209 2967 1356 3021 vindictam
1370 2964 1514 3035 Cupidinis
1529 2966 1623 3035 (quem
1637 2965 1671 3018 ad

57 3044 111 3101 torte
127 3051 261 3105 existimet
283 3050 374 3103 lesem
394 3048 515 3120 aliquam
528 3056 635 3103 tantum
648 3047 787 3102 notionem
800 3048 834 3102 de
871 3049 973 3105 luctam
987 3065 1133 3120 provocare
1155 3063 1210 3100 non
1231 3047 1362 3100 reveritus
1377 3045 1460 3112 esset)
1476 3044 1603 3098 incensus
1617 3051 1668 3098 est.

56 3122 357 3184 illismentemnostram
371 3128 573 3199 perstrinxisse,
582 3143 686 3198 nosque
696 3127 831 3199 regiones,
871 3129 964 3184 Etiam
985 3129 1093 3183 Lunam
1116 3126 1253 3198 qnondam
1274 3127 1303 3180 in
1325 3125 1395 3179 altas
1417 3123 1509 3194 sylvas
1530 3140 1670 3178 revocasse

56 3204 110 3260 sicat
120 3224 238 3280 augures,
250 3209 350 3263 animo
362 3217 466 3263 tantum
474 3208 574 3272 metiri,
585 3224 674 3278 neque
689 3223 736 3261 eas
745 3208 835 3279 ingre·
872 3210 979 3264 dicitur.
1020 3208 1119 3278 Neque
1131 3206 1216 3259 etiam
1229 3207 1334 3275 prolem
1348 3203 1432 3259 ullam
1440 3203 1569 3273 suscepit,
1585 3203 1672 3273 (quod

56 3283 306 3343 dirodinasnosse.
346 3286 439 3342 Aliam
452 3287 574 3360 aliquam
594 3294 700 3356 partem
714 3287 743 3340 in
756 3287 833 3357 poesi
873 3288 1000 3344 similiter
1023 3288 1123 3341 mirum
1146 3292 1195 3349 est,
1217 3302 1280 3339 cnm
1304 3285 1350 3347 dii,
1372 3282 1524 3354 praesertim
1547 3281 1670 3346 masculi,

57 3360 181 3422 turena
193 3386 248 3423 non
270 3367 444 3433 invenimus;
467 3369 533 3439 quin
553 3368 645 3436 potius
662 3383 725 3420 cum
738 3365 833 3435 planta
873 3368 989 3439 prolifici
1008 3366 1152 3421 admodum
1173 3362 1286 3433 essent)
1300 3364 1354 3419 nisi
1369 3363 1442 3434 quod
1463 3362 1489 3416 ei
1513 3362 1672 3415 attribuatur

56 3444 82 3495 tit
100 3449 192 3514 po'e'sis,
215 3467 280 3521 quae
304 3447 390 3502 veluti
413 3464 430 3500 a
454 3456 526 3501 terra
544 3445 708 3510 luxuriante,
733 3446 835 3517 absque
873 3456 1003 3519 tanquam
1026 3446 1091 3510 lilia,
1111 3443 1271 3499 muliercula
1293 3443 1418 3516 quoedam
1443 3440 1551 3504 ancilla,
1577 3441 1671 3495 lambe

55 3528 233 3591 masmine,
248 3526 458 3599 germinaverit,
472 3533 684 3596 supracoeteras
698 3525 835 3580 doctrinas
872 3528 1001 3589 nomine;
1023 3543 1084 3596 quae
1095 3522 1218 3579 ridiculis
1232 3521 1443 3578 narratiunculis
1457 3521 1592 3575 oblectare
1607 3520 1671 3574 bos·
1772 3526 1781 3545 ·

55 3606 162 3670 noent,
181 3615 208 3662 et
226 3607 334 3661 diffusa
348 3613 398 3661 est.
443 3606 546 3660 Vemm
558 3606 618 3673 jam
631 3604 762 3675 exempla
774 3622 835 3676 pro
874 3607 946 3678 pites
957 3604 1069 3667 solebat,
1079 3605 1190 3675 ejusque
1204 3602 1296 3673 proles
1311 3619 1346 3657 ex
1359 3603 1476 3671 conjuge
1489 3600 1568 3654 Echo
1581 3616 1640 3653 esse
1655 3616 1673 3652 a

56 3694 172 3749 memus
186 3686 239 3741 tria
261 3692 374 3740 tantum
391 3701 511 3749 numero,
525 3701 641 3739 unume
657 3684 835 3750 naturalibus,
874 3685 1013 3741 nonnullis
1024 3683 1238 3739 existimabatur.
1259 3681 1395 3737 Parabola
1409 3681 1472 3733 talis
1486 3696 1546 3734 esse
1558 3678 1671 3734 videtur.

56 3762 182 3831 epotatis
195 3782 295 3829 unum,
310 3774 392 3836 atque
405 3782 491 3820 unum
505 3765 622 3836 denique
635 3781 651 3818 e
666 3763 821 3819 moralibus.

915 3843 977 3897 Pau
993 3844 1035 3913 (ut
1048 3851 1075 3896 et
1088 3857 1187 3895 nomen
1199 3840 1291 3910 ipsum
1305 3839 1389 3892 etiam
1413 3838 1503 3905 sonat)
1517 3837 1672 3892 universum

875 3923 933 3977 sive
957 3922 1160 3976 universitatem
1182 3935 1273 3972 rerum
1292 3925 1469 3988 repraesentat
1490 3926 1518 3971 et
1537 3918 1672 3987 proponit.

59 4010 192 4057 manus
213 4018 338 4059 urrunsa
360 4017 565 4067 retrusorum,
578 4016 734 4056 secuuntur
755 4017 838 4055 raas·
875 4001 918 4056 De
934 4002 1018 4069 hujus
1032 4000 1138 4070 origiue
1148 3998 1249 4068 duplex
1262 3997 1373 4052 omniuo
1387 3997 1522 4051 sententia
1533 4004 1581 4060 est,
1592 4005 1673 4066 atque

173 4099 260 4138 sonas
276 4097 430 4146 sarronae,
446 4098 476 4135 uu
491 4097 697 4137 uarnssarsus.
876 4081 944 4135 adeo
958 4097 1018 4135 esse
1033 4087 1130 4151 potest.
1171 4076 1227 4132 Aut
1245 4077 1318 4130 enim
1338 4093 1356 4130 a
1375 4076 1515 4130 Mercurio
1528 4082 1577 4141 est,
1591 4076 1675 4130 verbo

876 4160 980 4214 scilicet
994 4160 1086 4214 divino
1103 4157 1189 4230 (quod
1210 4164 1238 4210 et
1259 4172 1344 4210 sacres
1365 4156 1453 4209 literm
1474 4164 1553 4210 extra
1565 4164 1673 4209 conho-

137 4237 178 4292 De
191 4242 330 4304 uniuerso,
345 4240 488 4294 secundum
497 4239 624 4312 subulam
638 4238 737 4293 Panis.
875 4240 992 4294 versiam
1005 4246 1123 4309 ponunt;
1145 4244 1173 4290 et
1186 4234 1344 4306 philosophi
1359 4235 1421 4305 ipsi,
1434 4236 1480 4304 qni
1490 4235 1579 4305 magis
1590 4234 1674 4288 divini

876 4313 1673 4383 habitisuntvidenmt)autexcondusisrernmseminibus.

88 4391 188 4465 Antiqui
201 4399 412 4469 generationem
427 4396 512 4452 Pania
525 4398 555 4452 in
569 4398 652 4452 dubio
664 4397 836 4468 relinquuut3
876 4398 986 4452 Etenim
1008 4398 1118 4469 quidam
1132 4413 1148 4450 e
1162 4393 1336 4466 pbilosophis
1358 4394 1464 4448 semina
1485 4410 1574 4447 rerum
1590 4393 1674 4447 etiam

57 4467 94 4521 ilii
112 4477 177 4530 euim
190 4496 254 4533 eum
270 4477 438 4532 ablercurio
448 4478 586 4547 genitum:
601 4477 648 4532 alii
662 4477 743 4547 longe
754 4476 838 4531 alium
877 4477 1031 4532 substantia
1048 4477 1156 4530 infinita
1171 4480 1338 4537 statuerunt3
1360 4473 1430 4527 unde
1451 4474 1544 4544 opinio
1565 4472 1598 4526 de
1621 4472 1673 4526 ho·

55 4555 348 4615 tormentuosum
362 4557 388 4611 ei
402 4557 532 4611 tribuunt
561 4557 646 4611 Aiunt
658 4555 733 4611 enim
742 4572 839 4627 procos
877 4557 1044 4611 moiomeriis
1071 4556 1158 4620 fluxit,
1184 4570 1265 4625 quam
1290 4553 1468 4624 Anaxagoras
1490 4560 1537 4607 aut
1563 4552 1674 4614 invenit,

56 4629 255 4692 triumuirum
269 4635 411 4706 Penelope
425 4654 483 4691 rem
503 4636 641 4701 habuisse,
655 4653 692 4691 ex
707 4652 761 4706 quo
778 4652 839 4706 pro·
878 4644 926 4691 aut
953 4634 1109 4691 celebravit.
1164 4632 1299 4687 Nonnulli
1325 4649 1390 4687 vero
1422 4632 1512 4703 magis
1543 4640 1621 4686 acute
1649 4640 1677 4684 et

55 4706 144 4766 miscuo
154 4717 303 4771 concubitu
310 4716 388 4771 Paua
395 4732 567 4770 communem
575 4714 662 4770 filium
672 4723 762 4770 ortum
771 4732 838 4770 esse.
878 4715 968 4770 sobrie
984 4715 1131 4770 censebant
1149 4713 1184 4767 ad
1198 4711 1358 4766 varietatem
1374 4729 1463 4766 rerum
1478 4711 1677 4781 expediendam

55 4784 139 4859 Neque
161 4795 395 4864 pretermittenda
417 4802 460 4849 est
481 4794 562 4848 tertia
582 4793 632 4849 illa
652 4794 839 4865 generationis
878 4796 1010 4859 sufficere,
1025 4796 1050 4849 si
1072 4794 1185 4856 semina,
1200 4791 1353 4846 substantia
1365 4791 1469 4856 eadem,
1481 4791 1577 4861 liguris
1590 4789 1674 4852 varia,

55 4868 201 4936 e¹plioatio:
221 4874 337 4945 quidam
356 4874 430 4928 enim
450 4874 631 4943 prodidemnt,
646 4890 709 4928 eum
722 4872 800 4928 lovis
812 4880 841 4928 et
878 4875 927 4929 sed
940 4874 1021 4929 certis
1033 4881 1062 4927 et
1074 4872 1201 4935 delinitis,
1216 4878 1323 4936 essent3
1345 4869 1493 4941 etreliqua
1506 4871 1534 4923 in
1555 4869 1677 4940 positura

57 4942 167 5014 [libicos
181 4954 282 5025 (idest,
294 4951 477 5021 contumeliae)
487 4953 574 5008 tilium
582 4953 674 5008 fuisse.
695 4953 840 5025 Utcunque
878 4962 905 5008 et
918 4953 1064 5024 complexu
1078 4952 1212 5007 seminum
1222 4950 1257 5004 ad
1271 4950 1388 5004 invicem
1396 4951 1551 5020 ponebant:
1572 4964 1609 5002 ex
1623 4962 1676 5017 quo

55 5034 111 5089 ϋηο,
123 5028 214 5088 Parcae
232 5033 277 5087 illi
301 5050 407 5087 sorores
421 5033 504 5087 fidere
518 5032 715 5104 perhibentur:
736 5050 797 5104 quae
810 5034 840 5086 in
879 5033 954 5087 fonte
969 5031 1109 5102 opiniode
1129 5030 1229 5083 atomis
1252 5030 1406 5091 emanavit;
1428 5029 1560 5099 adquam
1573 5025 1675 5079 Demo·

56 5110 498 5172 mmmbtenaneouabitabaut:
512 5111 674 5166 Panautem
684 5113 841 5167 morabatur
879 5114 962 5166 oritus
986 5127 1016 5165 se
1040 5110 1197 5181 applicavit,
1219 5127 1282 5163 cum
1308 5108 1465 5179 Leucippus
1493 5105 1554 5181 ejus
1582 5110 1678 5159 auctor

55 5184 153 5242 subdio.
192 5190 309 5262 Effigies
322 5191 407 5246 Panis
421 5190 483 5245 talis
503 5191 538 5245 ab
556 5191 718 5263 antiquitate
738 5191 839 5247 descri-
878 5190 982 5246 fuisset
1024 5190 1062 5244 Aa
1075 5188 1206 5251 scililicet
1220 5205 1304 5242 unum
1317 5205 1408 5243 rerum
1421 5185 1587 5255 principium
1601 5199 1676 5238 asse·

56 5258 129 5328 bitum
149 5278 286 5335 cornutus,
301 5271 427 5325 cornibus
440 5271 470 5325 in
488 5277 598 5325 acutum
618 5271 798 5342 surgentibus,
813 5278 841 5326 et
878 5278 970 5324 rerent
985 5271 1097 5340 (aquam
1119 5267 1229 5331 Thales,
1252 5267 1345 5322 aerem
1367 5265 1560 5326 Anaximenes,
1584 5263 1677 5334 ignem

57 5356 128 5412 mque
141 5346 176 5401 aa
187 5348 290 5404 colum
300 5349 461 5421 fastigiatis3
481 5366 594 5419 corpore
604 5357 661 5405 toto
674 5350 800 5420 hispidus
813 5358 842 5405 et
880 5347 1052 5417 Heraclitus)
1067 5355 1159 5402 tamen
1172 5347 1241 5401 illud
1255 5349 1344 5416 ipsum
1359 5342 1522 5414 principium
1540 5350 1601 5396 actu
1615 5342 1677 5396 uni·

57 5420 171 5488 ”bosun
190 5427 280 5482 barba
293 5429 428 5499 imprimis
437 5430 588 5499 promissas
609 5431 698 5501 figura
705 5429 838 5495 biformis,
879 5447 948 5493 cum,
963 5428 1086 5499 potentia
1099 5427 1204 5483 varimn
1225 5434 1253 5480 et
1274 5421 1457 5494 dispensabile
1476 5429 1634 5491 posuemnt,
1648 5429 1679 5475 ut

56 5495 161 5559 bumana
174 5507 266 5577 quoad
280 5509 428 5578 superiora,
439 5508 488 5563 sed
504 5509 632 5564 semiiera
651 5517 681 5564 et
702 5511 840 5578 incapte
879 5509 908 5563 in
922 5525 977 5581 quo
990 5523 1081 5563 rerum
1102 5506 1225 5561 omnium
1245 5504 1353 5561 semina
1374 5502 1497 5556 laterent
1539 5502 1592 5563 Qui
1614 5518 1679 5556 vero

420 5587 470 5641 r2
