3800 5875
222 310 280 366 654
672 302 899 361 DESCRIPTIO
919 301 1034 359 duom
1054 298 1387 359 immoturus.

220 467 325 539 liquosr
346 465 415 519 adeo
434 470 465 518 ut
483 463 564 533 plum
584 463 706 517 rideatur
725 463 766 517 sol
784 462 869 516 centri
888 468 1012 515 nentrum
1048 462 1201 517 unirermm
1215 461 1307 516 omnis
1319 466 1593 530 putentur,tsuqnam
1614 457 1725 512 vinculo
1744 473 1842 512 conns

221 546 354 601 sustinere
378 559 466 614 posse,
487 550 516 597 et
536 544 610 596 vices
629 558 723 613 gerere
744 542 774 595 in
798 541 950 611 aliquibusr
979 557 1013 595 eo
1048 542 1193 595 dualitatis
1214 540 1346 604 devincta,
1367 540 1468 609 pariter
1487 547 1584 603 sumre,
1598 537 1643 592 rel
1665 536 1763 591 saltem
1781 554 1843 592 em

221 625 334 697 propius
347 624 431 685 abest,
445 634 476 676 ut
494 623 612 676 universi
632 630 755 676 centrum
767 620 894 674 constitui
907 619 1012 689 possit;
1047 620 1230 688 discrepantia
1243 620 1300 682 tali,
1314 636 1375 690 quse
1389 618 1423 671 ud
1442 624 1581 688 aspectum
1594 624 1717 671 nostmm
1732 625 1842 686 propter

221 722 283 776 quta
296 702 440 774 Cuperuici
454 702 566 756 assertio
579 701 638 755 tuit
678 701 861 755 Veruntamen
880 700 909 752 in
928 708 1013 768 syste-
1048 699 1204 754 distantiam
1217 698 1317 754 deterri
1329 715 1384 752 non
1398 699 1491 767 punit.
1533 696 1611 757 Quod
1624 696 1648 750 si
1661 704 1736 750 tem
1752 712 1843 749 more-

221 791 294 838 mate
308 781 452 852 (lopernici
466 779 551 835 multa
564 788 591 834 et
603 796 703 850 magna
722 778 893 833 inveniuntur
911 777 1012 831 incoru-
1049 786 1118 845 stur,
1142 777 1229 834 stelle
1255 777 1299 832 vel
1328 786 1399 831 stare
1431 784 1564 847 poterunt,
1589 775 1663 847 quod
1692 774 1843 844 Copemieo

220 862 320 926 moder
341 878 403 914 nem
424 868 452 914 et
472 859 544 931 quod
556 858 657 929 triplici
669 865 743 912 motu
763 867 862 913 terram
882 858 1011 921 oneravit,
1049 857 1157 928 placuit,
1178 866 1232 922 aut,
1253 857 1324 928 quod
1343 855 1424 926 louge
1444 856 1533 926 magis
1554 853 1704 909 verisimile
1718 862 1810 916 estet
1825 871 1843 907 s

221 941 420 996 incommodum
434 955 570 1008 magnum,
584 946 612 992 et
625 939 696 1009 quod
709 936 793 991 solem
807 944 908 990 scoetu
921 935 1013 1006 pisue-
1050 937 1175 992 (lilberto
1191 937 1378 999 introductum,
1398 935 1453 989 illae
1471 942 1596 1006 poterunt
1614 933 1733 1004 singulte
1755 944 1841 988 rotare

222 1027 312 1075 tarum
325 1018 442 1082 divulsit,
453 1035 514 1074 cum
525 1018 623 1090 quibus
636 1026 675 1071 tot
687 1016 773 1072 hebet
785 1014 925 1086 passiones
938 1033 1012 1069 eom·
1050 1034 1131 1088 super
1144 1026 1263 1071 eentnrm
1274 1032 1351 1070 suum
1362 1015 1391 1068 in
1403 1014 1463 1068 loco
1472 1030 1531 1079 suo,
1542 1014 1646 1085 absque
1660 1012 1756 1082 aliquo
1769 1023 1842 1066 mota

221 1114 324 1163 munes,
339 1096 464 1153 similiter
483 1096 595 1162 durume
616 1105 644 1151 et
657 1096 728 1168 quod
742 1102 845 1151 tantum
864 1093 1012 1148 immobilis
1049 1095 1133 1151 centri
1147 1097 1197 1160 sui,
1211 1094 1436 1167 quemadmodum
1452 1101 1480 1148 et
1497 1093 1559 1163 ipsa
1573 1100 1654 1155 terra.
1669 1093 1694 1146 si
1717 1092 1798 1145 modo
1809 1092 1842 1146 il·

220 1178 372 1233 introduxit
384 1178 414 1231 in
426 1184 557 1241 naturam,
572 1177 698 1246 ponendo
716 1174 801 1230 solem
815 1185 844 1228 et
856 1173 949 1228 stellas
961 1175 1012 1229 im·
1049 1174 1106 1229 lum
1119 1184 1222 1230 motum
1235 1175 1361 1229 diurnum
1373 1181 1451 1228 terroe
1465 1173 1500 1227 sb
1510 1173 1655 1227 adscititiis
1670 1170 1728 1225 illis
1742 1171 1842 1225 duobus

221 1256 336 1312 mobiles
349 1256 498 1327 presertim
517 1272 630 1326 corpora
650 1254 768 1309 maxime
782 1253 903 1308 omnium
923 1253 1013 1308 lucids
1049 1255 1177 1319 modbns,
1201 1271 1270 1325 quoa
1292 1253 1458 1323 Coperuieus
1482 1251 1678 1322 superaddidit,
1704 1251 1839 1321 sejungas

221 1344 251 1390 et
263 1336 410 1400 redituum
425 1343 454 1389 et
466 1335 538 1407 quod
548 1335 640 1390 lunam
652 1342 730 1388 terre
741 1340 867 1404 tanquam
880 1332 910 1385 in
923 1334 1012 1402 epicy·
1051 1333 1189 1388 Utrumsis
1206 1341 1296 1387 autem
1317 1332 1413 1387 horum
1427 1333 1451 1386 si
1465 1333 1520 1396 liat,
1534 1330 1606 1385 nihil
1624 1330 1765 1401 probibet.
1779 1332 1841 1400 quin

221 1413 265 1469 elo
277 1415 416 1470 adhaerere
426 1413 526 1479 rolnit;
547 1423 574 1469 et
584 1414 640 1468 alis
646 1413 783 1476 nonnulla,
794 1429 855 1482 quse
863 1411 910 1465 ille
920 1413 1011 1475 sumit,
1049 1412 1135 1468 stellra
1147 1412 1209 1468 alise
1222 1429 1306 1483 supra
1314 1410 1382 1465 alias
1401 1411 1456 1464 aiut
1468 1410 1552 1465 donec
1565 1420 1710 1481 aspectum
1725 1420 1841 1464 usurum

221 1494 282 1563 ejus
295 1501 358 1549 nint
370 1491 1012 1566 siri,quiquidvisinusturafiugere,modocal·
1050 1492 1189 1562 effugiant.
1228 1491 1331 1552 Quarta
1343 1491 1502 1562 proponitur
1515 1490 1632 1561 quaestio
1644 1489 1680 1543 de
1695 1506 1770 1544 nexu
1786 1491 1840 1543 sire

221 1573 276 1628 culi
290 1575 359 1628 bene
372 1572 477 1636 cedant,
491 1572 572 1627 nihili
586 1581 671 1643 putet.
712 1570 910 1632 Quodsidetur
922 1579 1012 1625 motus
1049 1570 1391 1641 connexionesystematia
1431 1568 1519 1640 Atque
1530 1570 1564 1623 de
1574 1578 1674 1624 natura
1687 1578 1715 1623 et
1726 1570 1840 1622 essentis

222 1659 309 1717 terrra,
336 1653 425 1723 magis
456 1661 667 1707 consentaneum
692 1651 820 1714 rideatur,
846 1656 877 1703 ut
902 1647 1012 1705 tollatur
1049 1650 1170 1721 eorporis
1183 1648 1227 1704 vel
1240 1650 1288 1713 rei.
1302 1667 1364 1721 quse
1376 1648 1463 1703 aether
1475 1665 1558 1718 purus
1571 1656 1708 1711 censetur,
1724 1655 1752 1700 et
1765 1650 1839 1702 astris

221 1732 333 1786 omniuo
346 1740 473 1802 systema,
487 1742 515 1786 et
532 1739 693 1803 spargantur
706 1729 780 1801 globi
797 1728 943 1783 seeundum
956 1746 1011 1794 sos,
1049 1729 1199 1798 interimet,
1213 1740 1307 1800 postes
1316 1728 1491 1799 inquiremus.
1531 1728 1614 1783 Nunc
1628 1735 1738 1782 tantum
1752 1727 1785 1781 de
1797 1744 1839 1782 eo·

221 1828 289 1881 quos
308 1812 367 1879 jam
387 1811 597 1873 nominavimus,
612 1827 692 1881 quem
714 1817 744 1863 ut
764 1808 941 1862 constituntur
958 1808 1012 1863 tale
1049 1808 1180 1864 haerentis
1194 1809 1348 1878 systematis
1361 1808 1490 1862 dicemus.
1529 1806 1597 1876 Ejus
1609 1807 1651 1862 rei
1663 1807 1839 1861 mtioemtri·

222 1897 351 1960 systema,
375 1890 453 1958 eujus
477 1890 514 1944 sit
533 1898 653 1944 centrum
676 1887 730 1942 sol:
760 1887 841 1958 idque
865 1903 1012 1943 conoeusus
1049 1888 1124 1958 plex.
1162 1889 1217 1943 Aut
1230 1889 1303 1943 enim
1315 1888 1393 1942 datur
1411 1903 1534 1950 vacuum,
1548 1895 1596 1941 sut
1613 1887 1784 1957 confignon,
1797 1896 1840 1940 sut

222 1969 373 2024 seculorum
387 1978 415 2023 et
428 1968 596 2039 antiquitatis
609 1967 698 2038 potius
711 1966 824 2036 arripuit
837 1973 865 2020 et
878 1968 1011 2036 approba·
1048 1968 1220 2032 continuume
1250 1968 1341 2038 itaque
1361 1966 1598 2036 primoqmaritur,
1614 1983 1651 2021 sn
1673 1967 1710 2019 sit
1729 1984 1839 2020 raecum

222 2049 269 2102 rit.
309 2049 383 2103 Nam
403 2046 497 2118 opinio
516 2048 550 2102 de
564 2055 638 2102 motu
651 2055 728 2102 uren
744 2061 814 2100 nors
827 2061 881 2099 nou
900 2054 949 2110 est,
964 2047 1021 2100 sed
1048 2055 1234 2101 coacervatum
1256 2046 1286 2100 in
1307 2046 1403 2117 spatiis
1424 2044 1676 2101 interstellaribus?
1719 2046 1751 2099 ld
1772 2046 1838 2118 quod

222 2128 257 2181 ab
270 2127 389 2198 antiquis
399 2127 519 2196 repetita,
529 2126 755 2197 quemadmodum
768 2124 900 2189 diximusr
921 2134 950 2178 at
963 2125 1012 2180 illa
1050 2124 1188 2181 Gilbertus
1211 2125 1323 2181 disserte
1345 2125 1539 2197 poenitetque
1561 2126 1648 2180 etism
1672 2127 1837 2196 antiquorum

221 2206 256 2261 de
270 2206 334 2271 sole,
347 2216 379 2261 ut
392 2207 429 2261 sit
446 2214 568 2261 centrum
581 2205 723 2270 mendici
740 2203 887 2267 immobile,
902 2220 1011 2274 prorsus
1048 2204 1172 2260 nonnulli
1193 2222 1228 2260 ex
1252 2205 1295 2269 iis,
1317 2206 1365 2277 qui
1385 2204 1482 2276 globos
1501 2205 1594 2276 spargi
1613 2205 1676 2260 siue
1698 2215 1837 2274 systemate

221 2302 291 2340 nors
305 2294 353 2348 est,
367 2282 497 2360 (excepto
515 2302 570 2341 uuo
586 2285 718 2340 versiculo
731 2283 802 2339 male
824 2280 968 2357 traducto,)
983 2292 1012 2339 et
1049 2284 1154 2355 opinati
1175 2294 1245 2350 sunt,
1269 2285 1380 2340 innuere
1402 2284 1540 2351 videntum
1571 2286 1726 2355 praesertim
1746 2285 1774 2349 ii,
1796 2286 1837 2356 qui

221 2364 664 2435 primoaCupernieointroducta
703 2362 830 2434 Sequitur
839 2362 918 2417 tertis
926 2380 1012 2435 qnoes-
1049 2373 1180 2419 astrorum
1194 2381 1309 2436 corpora
1320 2372 1461 2434 compacta
1474 2380 1624 2420 asseruere.
1667 2363 1770 2435 Opinio
1782 2364 1838 2417 talis

222 2444 262 2498 tio
275 2444 309 2498 de
331 2444 512 2514 probrnditate
527 2444 696 2514 systematier
723 2459 779 2497 non
794 2449 823 2496 ut
842 2441 934 2512 aliqua
951 2444 1010 2512 ejus
1048 2452 1097 2507 est,
1118 2444 1216 2514 globos
1237 2445 1385 2509 universos,
1399 2452 1455 2498 tem
1474 2452 1555 2508 astra,
1570 2461 1654 2515 quam
1677 2452 1785 2510 terram,
1805 2462 1836 2498 es

222 2539 348 2578 mensura
360 2523 483 2594 capiatur
499 2524 626 2595 perfecta,
640 2522 688 2578 sed
701 2531 732 2577 ut
747 2522 777 2576 in
790 2527 864 2575 certo
877 2530 1009 2591 ponatur;
1049 2524 1161 2578 materis
1181 2522 1267 2579 solida
1281 2532 1308 2578 et
1329 2524 1416 2578 densa
1437 2530 1570 2578 constare.
1613 2522 1684 2578 illos
1706 2533 1793 2578 autem
1811 2524 1836 2577 in

221 2618 258 2657 sn
279 2602 377 2657 ooelum
394 2601 532 2658 stellatum
545 2604 581 2658 sit
599 2604 684 2658 instar
696 2601 777 2656 unius
796 2600 925 2671 regionis,
944 2603 1009 2667 sive,
1049 2602 1175 2673 proximo
1188 2603 1349 2658 circumdari
1363 2619 1462 2674 genere
1476 2604 1594 2676 quodam
1613 2620 1768 2675 corporum,
1781 2621 1835 2674 que

222 2691 252 2736 ut
264 2681 346 2754 vulgo
361 2682 514 2753 loquuntur,
530 2683 620 2745 orbim
641 2698 677 2736 au
689 2698 754 2736 vero
767 2678 853 2735 stelloe
866 2680 929 2737 fixas
943 2699 1011 2753 quas
1048 2681 1103 2737 sint
1122 2681 1177 2753 ipsi
1190 2681 1272 2754 globo
1286 2683 1457 2753 aliquatenus
1471 2682 1669 2746 connaturalia,
1685 2683 1734 2738 sed
1755 2692 1837 2737 tamen

222 2771 326 2826 vocant,
340 2762 395 2816 siut
408 2761 470 2817 alite
490 2761 552 2817 aliia
564 2761 735 2818 sublimiores
748 2760 881 2814 immensu
893 2762 1010 2832 quadem
1048 2761 1136 2834 magis
1150 2762 1315 2834 imperfecta.
1327 2761 1463 2832 languida,
1478 2770 1506 2817 et
1516 2772 1664 2826 attenuata,
1676 2780 1790 2835 queque
1803 2762 1837 2816 nil

221 2841 426 2911 profunditate?
466 2841 564 2912 Neque
581 2843 653 2897 enim
666 2841 724 2896 ullo
741 2839 821 2894 modo
835 2841 892 2895 tieri
913 2850 1009 2912 potest,
1048 2841 1191 2908 aliudsint,
1199 2858 1279 2913 quam
1289 2841 1430 2913 globorum
1439 2842 1561 2913 ipsorum
1574 2842 1688 2898 effluria
1700 2851 1728 2897 et
1739 2858 1837 2898 emam·

221 2927 252 2976 ut
263 2919 318 2976 illae
328 2920 382 2975 siut
394 2920 469 2992 paris
482 2921 637 2986 altitudinis,
648 2922 672 2977 si
685 2919 737 2976 hoc
751 2918 919 2991 intelligatur
931 2939 1011 2978 exeo·
1048 2922 1150 2988 tionem
1166 2921 1257 2995 qualia
1266 2931 1330 2977 sunt
1340 2939 1456 2993 vapores
1466 2928 1494 2977 et
1503 2920 1615 2988 halitus,
1626 2929 1712 2994 atque
1723 2923 1789 2978 adeo
1797 2921 1838 2977 s'e'r

221 3007 264 3066 tes
285 3000 370 3055 stellae
390 3002 463 3055 enim
476 3000 654 3072 proculdubio
666 3018 721 3055 uon
734 3007 797 3055 sunt
810 3000 869 3055 sitae
882 3011 1011 3074 tanquam
1048 3003 1115 3074 ipse,
1125 3005 1150 3058 si
1159 3003 1331 3058 conferuntur
1340 3011 1434 3058 terrae:
1454 3002 1514 3057 brec
1523 3002 1634 3058 effluvia
1645 3004 1682 3057 sd
1693 3003 1838 3058 memma

220 3078 251 3134 iu
262 3080 351 3150 pinno,
360 3097 423 3152 quse
432 3080 551 3135 babeant
560 3081 754 3136 dimensionem
763 3080 896 3152 quendam
907 3089 1011 3138 tuntum
1048 3085 1121 3138 circa
1129 3100 1344 3155 unumquemque
1355 3082 1468 3154 globum
1477 3099 1531 3136 non
1541 3095 1673 3153 magnam
1684 3083 1837 3154 pertingere,

221 3157 251 3212 in
264 3160 413 3229 superficie,
427 3161 513 3214 instar
532 3160 697 3215 macularum
716 3168 764 3215 aut
782 3157 932 3226 bullarum
963 3163 1011 3218 sed
1049 3161 1184 3235 reliquum
1197 3162 1367 3218 intervallum
1382 3162 1466 3233 (quod
1480 3162 1562 3233 longe
1576 3161 1781 3232 amplissimum
1792 3161 1838 3226 est)

221 3245 285 3292 sunt
298 3237 353 3292 illas
366 3238 441 3309 globi
455 3240 562 3310 integri,
577 3240 670 3310 magni
683 3250 766 3311 atque
780 3240 912 3310 profundi.
956 3242 1011 3296 lta·
1049 3243 1208 3297 innneesse.
1250 3241 1302 3297 cci
1313 3242 1435 3312 opinioni
1449 3239 1517 3296 illud
1525 3241 1606 3296 fidem
1618 3250 1744 3298 astruere
1755 3243 1837 3313 possit,

221 3331 275 3388 que
289 3333 351 3371 cum
363 3325 418 3373 tam
431 3317 548 3389 disparis
559 3320 726 3389 reperientur
737 3334 795 3373 esse
809 3321 1010 3391 magnitudinis,
1050 3322 1120 3393 quod
1134 3339 1170 3377 ex
1193 3329 1251 3376 tam
1269 3322 1403 3376 immensa
1422 3321 1552 3375 distantia
1573 3338 1692 3393 corpora
1715 3332 1836 3377 astrorum

221 3396 333 3451 omniuo
345 3413 457 3452 neeesse
471 3405 519 3462 est,
534 3406 564 3452 ut
577 3398 639 3455 alise
658 3398 741 3452 exiis
756 3399 844 3470 magis
858 3400 1011 3471 quamalioe
1049 3401 1257 3471 conspiciuntur.
1307 3401 1338 3456 si
1359 3402 1433 3455 enim
1455 3401 1612 3456 universum
1637 3401 1709 3457 illud
1729 3403 1835 3473 spatium

221 3475 397 3545 promineant,
412 3476 455 3531 rel
477 3494 585 3533 sursum
606 3495 707 3542 sersus,
728 3477 772 3531 vel
792 3479 934 3544 deorsum
960 3497 1010 3535 nec
1049 3480 1158 3551 plenum
1172 3489 1251 3545 esset,
1263 3481 1410 3552 presertim
1424 3496 1575 3549 corporum,
1590 3499 1654 3554 qure
1669 3481 1838 3551 proculdubio

221 3554 280 3608 lieri
294 3563 382 3624 potest
395 3564 425 3610 ut
442 3566 489 3612 aut
510 3575 560 3627 per
580 3557 720 3627 superiora
739 3565 786 3612 aut
806 3558 935 3613 inferiora
956 3577 1012 3614 una
1048 3561 1158 3615 raritate
1172 3568 1200 3614 et
1210 3560 1342 3615 densitate
1352 3560 1431 3614 valde
1444 3560 1592 3632 inaequalia
1606 3571 1679 3626 sunt,
1692 3569 1769 3616 tants
1777 3562 1838 3616 tere

221 3634 420 3704 conjungentur
431 3637 583 3706 superficie.
625 3636 686 3691 Hoc
699 3653 764 3692 vero
781 3638 804 3692 si
825 3638 872 3691 fiat
885 3639 913 3692 in
927 3641 1011 3710 parti·
1049 3640 1184 3695 radiorum
1198 3639 1333 3706 redactio,
1348 3646 1378 3694 ut
1391 3640 1426 3694 ed
1439 3640 1528 3693 risum
1545 3650 1675 3695 nostrum
1690 3643 1838 3713 pertingere

221 3713 272 3768 bus
281 3712 426 3780 stellarum,
438 3716 609 3772 temerarium
622 3715 702 3787 plane
714 3727 786 3771 esset
798 3733 918 3772 asserere
929 3721 1011 3774 etiam
1049 3736 1103 3774 non
1117 3721 1236 3791 possintr
1258 3736 1320 3773 cum
1340 3719 1457 3791 silouge
1468 3720 1590 3773 maxims
1607 3720 1670 3789 ejus
1686 3722 1769 3791 spatii
1782 3736 1838 3791 pars

221 3792 250 3846 in
263 3809 374 3864 corpore
383 3794 490 3866 integro
499 3795 592 3851 stellas
600 3812 656 3850 non
664 3812 724 3851 esse
734 3796 802 3851 alias
812 3796 874 3851 aliis
884 3796 1009 3865 altiorem
1049 3816 1136 3853 naeus
1149 3799 1191 3863 sit,
1213 3798 1320 3854 facilius
1338 3815 1403 3852 sane
1426 3799 1539 3869 perferri
1559 3806 1775 3854 consentaneum
1791 3807 1837 3853 est.

220 3871 270 3925 sed
283 3880 312 3926 ut
327 3872 379 3927 hoe
399 3876 536 3942 teremit,
550 3882 641 3931 tamen
662 3877 745 3931 ssseri
766 3884 856 3947 potest
875 3879 1011 3934 ermsities
1050 3878 1139 3950 Atque
1153 3895 1247 3934 revera
1260 3878 1320 3933 hec
1334 3879 1448 3950 questio
1461 3894 1559 3949 magna
1573 3896 1611 3933 ex
1624 3889 1707 3950 perte
1718 3879 1839 3950 pendebit

221 3951 344 4022 quedam
364 3953 477 4008 definita
490 3952 572 4028 (lieet
589 3950 720 4029 insignis)
734 3956 793 4024 ejus
810 3955 937 4027 regionis,
950 3976 1011 4028 quse
1049 3976 1085 4014 ex
1098 3958 1253 4029 questione.
1268 3975 1350 4029 quam
1360 3959 1452 4013 statim
1466 3957 1633 4013 adducemus
1647 3959 1683 4013 de
1696 3959 1839 4014 substantia

220 4038 330 4086 vocatur
340 4032 448 4101 spboers
457 4034 514 4088 sire
524 4032 622 4098 uelum
633 4034 847 4106 stellarumque
856 4036 1010 4105 hujusmodi
1049 4037 1197 4102 stellarum,
1217 4038 1262 4091 An
1285 4038 1323 4092 sit
1344 4037 1434 4102 denas,
1456 4037 1500 4091 rel
1522 4038 1611 4093 tenuis
1637 4045 1666 4092 et
1687 4039 1838 4109 explicaret

220 4110 416 4179 prominentias
430 4120 457 4167 et
468 4113 619 4169 altitudinis
633 4115 733 4185 gradus
747 4114 943 4186 quodammodo
957 4127 1010 4173 ter·
1049 4118 1123 4173 Nam
1133 4118 1156 4173 si
1171 4118 1322 4173 substantia
1334 4133 1426 4172 earum
1439 4116 1476 4172 sit
1488 4116 1582 4181 solida,
1596 4117 1739 4173 ridebitur
1751 4119 1838 4188 utique

220 4187 322 4253 minetr
347 4190 469 4246 ridemus
483 4194 606 4247 enimet
626 4194 746 4264 apogreis
760 4202 788 4248 et
805 4196 931 4266 perigenis
952 4196 1010 4267 pls·
1049 4207 1147 4252 natura
1160 4198 1232 4251 circa
1249 4196 1344 4267 globos
1358 4213 1505 4269 eorumque
1518 4196 1637 4250 confinia
1657 4197 1837 4252 tantummodo

220 4274 350 4330 netarum,
364 4269 479 4340 singulis
493 4288 585 4327 eorum
599 4272 676 4327 coelis
689 4280 841 4343 competere
860 4276 1010 4330 crassitiem
1050 4277 1106 4331 iere
1120 4285 1253 4347 occupata
1265 4292 1325 4330 esse
1347 4284 1377 4330 et
1396 4275 1518 4330 solicita:
1539 4276 1630 4346 spotia
1653 4293 1721 4331 νενο
1734 4277 1838 4344 interis·

220 4344 374 4411 notabilem,
393 4365 442 4419 per
464 4368 524 4422 quae
543 4352 692 4407 asceudant
708 4360 737 4407 et
758 4352 932 4409 descendunt.
975 4354 1012 4409 Ae
1049 4357 1141 4410 centia
1159 4356 1291 4420 deserere,
1307 4363 1335 4410 et
1347 4362 1476 4426 tauquam
1490 4356 1705 4425 pretermittere.
1748 4357 1837 4429 ltaque

220 4427 336 4495 qutestio
350 4426 404 4481 ists
427 4436 531 4484 tanturn
550 4448 584 4486 eo
605 4438 714 4501 spectat,
730 4439 819 4487 utrum
840 4433 927 4488 stellae
948 4434 1010 4490 alite
1049 4452 1102 4490 nou
1117 4434 1240 4492 absimile
1254 4451 1319 4489 varo
1336 4434 1426 4498 fuerit,
1442 4434 1536 4504 globos
1549 4435 1623 4489 eirca
1639 4445 1763 4491 centrum
1776 4437 1837 4507 spis

220 4504 274 4559 sint
286 4520 367 4575 super
379 4507 456 4572 alins,
467 4516 595 4581 tanquam
609 4510 719 4582 planeta
731 4528 813 4582 super
826 4511 971 4583 planetam,
983 4523 1011 4568 et
1049 4515 1141 4580 siores,
1162 4515 1235 4569 circs
1248 4514 1418 4584 superficiem
1432 4514 1556 4578 laxiores,
1570 4514 1601 4569 in
1614 4515 1797 4570 ambieutrbm
1812 4525 1837 4568 et

221 4584 298 4653 qussi
312 4584 341 4638 in
363 4585 477 4642 diversis
491 4589 610 4644 orbibus.
651 4589 741 4661 Atque
761 4591 820 4647 brec
841 4593 957 4664 quaestio
969 4593 1010 4648 illi
1049 4595 1164 4650 effluviis
1177 4594 1254 4666 quasi
1268 4594 1430 4658 deficientes,
1440 4593 1470 4648 in
1480 4595 1687 4649 racuotaudem
1694 4596 1836 4650 terminari

220 4661 297 4716 alteri
318 4667 461 4735 quaestioni
483 4668 516 4723 de
537 4676 613 4723 motu
630 4677 677 4724 aut
698 4677 770 4725 statu
790 4680 869 4726 terras
886 4669 1011 4729 similiter
1050 4673 1159 4739 Contra,
1174 4674 1198 4728 si
1219 4681 1316 4728 nutura
1333 4681 1466 4728 astrorum
1484 4673 1521 4728 sit
1541 4673 1632 4727 tenuis
1656 4681 1686 4727 et
1708 4674 1836 4738 flammea,

220 4742 309 4797 adluis
323 4751 372 4798 est
423 4746 497 4801 Nem
510 4749 533 4802 si
547 4747 632 4804 stellae
651 4758 810 4806 moveantur
822 4758 897 4806 motu
915 4752 1011 4807 diuruo
1049 4753 1192 4824 apparebit
1205 4761 1329 4807 naturam
1343 4753 1432 4808 tenuis
1444 4769 1500 4808 non
1513 4768 1572 4807 esse
1583 4751 1757 4808 solummodo
1766 4755 1837 4808 densi

220 4821 293 4878 cites
312 4829 419 4886 terram,
434 4828 650 4900 quandoquidem
666 4847 707 4883 ete
725 4830 857 4886 universes
870 4831 929 4901 pari
943 4831 1011 4887 inci·
1049 4833 1255 4897 decrementum,
1280 4832 1329 4886 sed
1349 4850 1400 4903 per
1417 4849 1447 4888 se
1469 4839 1607 4903 potentem
1628 4840 1657 4887 et
1675 4833 1835 4903 primariam.

220 4901 329 4966 tatione,
348 4910 376 4957 et
399 4921 454 4959 uno
476 4907 560 4963 veluti
580 4908 678 4979 spiritu
696 4918 817 4980 agantur,
830 4912 958 4982 (eumque
982 4912 1010 4965 in
1049 4929 1102 4965 non
1117 4913 1205 4966 minus
1218 4928 1301 4983 quam
1313 4920 1437 4966 namrsm
1448 4910 1535 4976 solidi.
1546 4927 1662 4983 eamque
1677 4913 1747 4967 etin
1757 4912 1837 4968 stellis

218 4979 336 5050 planetis
359 4982 440 5054 plane
454 4994 559 5040 constet
580 4996 662 5057 prout
672 4990 790 5044 venatur
801 4991 832 5045 iu
844 4989 1010 5046 sublimitate
1048 4991 1124 5062 ipsis,
1139 4999 1167 5045 et
1186 4992 1214 5044 in
1230 4989 1341 5058 aethere,
1356 4998 1385 5045 et
1396 4992 1426 5045 iri
1447 4989 1511 5046 ae‘re
1523 4991 1625 5062 vigere,
1639 5001 1673 5046 ut
1689 5007 1776 5048 saeuo
1792 4992 1837 5046 illo

219 5058 414 5118 etbumilitate
428 5065 503 5130 situs,
518 5066 556 5120 its
574 5067 657 5120 etiam
674 5068 772 5122 variari
785 5068 815 5122 in
827 5068 965 5123 celeritate
983 5077 1011 5124 et
1048 5078 1205 5125 coacervato
1226 5086 1281 5124 non
1306 5070 1342 5125 sit
1368 5087 1446 5142 opus.
1495 5070 1630 5125 Pendebit
1654 5088 1763 5144 quoque
1788 5072 1837 5125 ists

219 5138 343 5194 tarditate
356 5144 465 5212 motus.)
479 5144 619 5214 probabile
631 5153 673 5199 est
685 5146 785 5211 stellas.
796 5148 938 5203 velocitate
952 5167 1010 5204 cur·
1049 5151 1161 5222 questio
1174 5150 1208 5203 de
1220 5166 1308 5204 vacuo
1318 5149 1346 5204 iu
1361 5150 1457 5221 spatiis
1469 5148 1698 5205 interstellsribua
1711 5168 1747 5206 ex
1756 5169 1837 5223 qua

218 5233 265 5272 sua
278 5234 366 5290 pares,
380 5221 463 5276 etism
476 5224 506 5277 in
518 5240 574 5277 una
587 5224 818 5293 regioneaetberis
831 5227 1010 5298 locaricujua
1049 5230 1121 5284 tione
1145 5229 1201 5293 ills,
1224 5247 1285 5300 quea
1307 5229 1425 5299 pertinet
1446 5228 1482 5283 ad
1504 5228 1640 5299 principia
1665 5238 1776 5294 ustnrm,
1795 5232 1835 5285 An

217 5294 283 5350 licet
295 5299 433 5355 crassities
447 5302 505 5356 sire
518 5302 686 5373 profunditas
699 5313 815 5374 ponruur
828 5324 888 5363 esse
902 5324 1009 5380 magns,
1047 5308 1269 5363 deterrumum
1309 5307 1409 5380 Neque
1428 5315 1519 5362 tamen
1538 5308 1591 5362 hoc
1612 5309 1704 5380 ipsum
1724 5310 1776 5365 uisi
1791 5310 1835 5364 sd·

219 5382 310 5464 temen
319 5393 375 5431 non
385 5379 421 5433 sit
430 5388 505 5434 tanta
513 5390 545 5435 ut
554 5381 635 5435 faeiat
646 5382 681 5436 ad
691 5383 835 5439 discrimen
844 5386 1011 5442 incitationis
1047 5388 1135 5443 hibita
1154 5387 1335 5443 distinetione.
1376 5386 1459 5442 Aliud
1480 5388 1554 5443 euim
1570 5393 1615 5443 est
1635 5404 1738 5458 negare
1758 5405 1835 5443 rseu·

218 5468 275 5508 νινε
289 5454 435 5512 celeritatis
448 5460 476 5513 iu
493 5466 583 5525 motu;
605 5460 652 5516 sed
667 5470 697 5516 ut
717 5480 766 5533 per
786 5480 847 5519 eum
869 5466 1010 5538 regionem
1047 5483 1092 5523 um
1106 5467 1272 5540 simpliciter,
1286 5465 1363 5523 aliud
1384 5483 1485 5539 negare
1501 5483 1618 5524 menum
1641 5477 1822 5524 commatum
