3800 5875
201 291 259 356 714
762 289 814 347 Dii
834 288 1038 347 sarianum
1058 288 1254 345 varum

200 453 296 508 orbem
310 447 523 516 conversioaut,
537 467 627 506 rerum
642 450 840 505 mancationes
853 457 998 521 etexpan·
1034 448 1196 504 obstrictam
1219 448 1356 514 liberaret,
1380 447 1453 504 nihil
1475 448 1592 520 nmini
1611 450 1678 519 ima
1701 452 1836 519 mentua,

200 534 292 589 aiones
304 533 339 587 ad
359 533 412 588 hoc
432 531 599 603 principium
618 532 719 595 reduci,
734 538 781 584 aut
800 529 997 584 accommodari
1034 545 1097 583 cum
1111 528 1138 582 ei
1149 528 1195 596 jus
1209 526 1351 599 religionis
1363 527 1500 584 mdemtur
1512 530 1663 601 antiquius,
1678 530 1836 589 Dimum

200 611 428 684 posseridentur.
470 612 583 682 Epicuri
597 618 688 666 annm
707 610 801 680 opinio
820 608 856 663 de
876 608 997 664 declina·
1034 609 1125 663 subito
1146 609 1302 673 obnuneatr
1324 615 1428 663 statuas
1447 609 1610 664 othmares
1630 607 1837 684 ajnsprcaterni

200 694 275 749 tione
289 693 372 747 atomi
385 702 413 747 et
426 691 575 763 agitatione
589 690 853 761 iortuita,adnagas
866 706 960 744 rursus
970 695 999 743 et
1034 696 1064 742 et
1077 687 1181 742 aboleri
1198 688 1287 756 jubet.
1327 687 1427 758 Neque
1446 688 1603 757 hujusmodi
1617 706 1736 760 gravem
1749 707 1837 747 ceam

200 772 398 843 ignorationem
424 772 465 826 rei
493 769 572 841 lapsa
601 776 653 824 eat.
703 770 799 841 Itaque
823 769 909 823 nimio
935 769 997 838 plus
1034 767 1080 822 rel
1096 767 1220 823 miserari
1244 773 1334 822 tratum
1357 775 1433 831 erate
1453 768 1504 822 ssd
1520 776 1549 823 et
1569 769 1756 838 ipmoomites
1771 773 1835 840 ejus,

200 869 283 922 quam
309 859 470 922 optaremus,
493 849 562 904 illud
585 856 706 919 apparet,
728 850 812 903 istum
833 849 997 919 Cupidinem
1034 864 1098 902 cum
1112 857 1227 902 mortem
1240 846 1318 901 ducis
1331 846 1375 901 sui
1397 846 1532 919 lugerent,
1545 855 1574 902 et
1588 848 1737 920 queantur
1749 852 1836 906 omma

199 941 278 985 nocte
291 931 400 985 involvi.
443 932 539 1000 ltaque
552 928 585 982 dc
601 928 736 983 attributio
748 929 899 982 videamus.
934 928 997 983 Els-
1034 926 1189 998 implerent,
1201 927 1231 981 in
1240 941 1306 981 aves
1318 927 1450 998 quasdam
1459 943 1497 982 ex
1506 944 1608 999 genere
1619 927 1731 983 olorum
1744 932 1834 985 mmati

199 1011 358 1082 gantismms
385 1009 545 1064 describitur
572 1007 680 1079 Cupido
702 1008 800 1072 inians,
828 1008 944 1077 pusillus
969 1014 997 1062 et
1034 1015 1105 1072 aunt,
1118 1008 1165 1078 qui
1179 1014 1207 1061 et
1219 1006 1273 1077 ἱρά
1289 1007 1341 1061 sub
1354 1015 1471 1062 mortem
1484 1023 1563 1063 anam
1573 1007 1708 1079 quiddam
1721 1009 1796 1065 dulce
1807 1019 1835 1065 et

198 1099 360 1160 perpetuum
380 1088 612 1160 compositaenim
623 1087 767 1159 grandiora
777 1096 839 1142 sunt
849 1095 877 1141 et
887 1094 995 1142 mmmm
1034 1086 1150 1157 lugubre
1164 1093 1270 1140 sonant

198 1170 353 1239 patiuntur3
375 1170 463 1239 prima
481 1176 573 1223 autern
593 1184 684 1223 rerum
704 1167 816 1232 semina,
831 1167 888 1222 alre
902 1167 995 1232 atomi,
1067 1165 1224 1221 Habethaec
1232 1163 1682 1235 iabulaaubjecturnrarnmetlere
1690 1168 1833 1240 singulare,

197 1250 303 1304 minuta
329 1257 398 1313 aunt,
421 1257 449 1303 et
475 1248 505 1301 in
534 1255 666 1319 perpetua
688 1245 805 1301 infantia
828 1254 996 1317 permanent.
1034 1244 1133 1317 Neque
1153 1245 1226 1300 enim
1245 1245 1385 1302 memorias
1402 1245 1539 1317 proditum
1558 1246 1651 1301 estin
1670 1247 1766 1318 aliqua
1782 1249 1834 1304 alia

198 1327 288 1384 Etiam
302 1328 371 1383 illud
390 1327 538 1392 verissime,
553 1327 626 1399 quod
643 1327 746 1394 nardus,
767 1343 829 1381 cum
845 1327 996 1398 compotita
1034 1323 1134 1390 fabula,
1148 1323 1261 1379 hero'e‘m
1274 1323 1360 1379 ullum
1373 1333 1474 1396 praeter
1486 1342 1570 1380 unum
1584 1325 1751 1382 Diomedem
1766 1328 1832 1383 ferro

197 1409 326 1463 universa
344 1417 417 1462 recte
436 1408 566 1479 cogitanti
589 1414 736 1477 personata
759 1414 788 1461 et
810 1406 906 1460 induta
926 1407 994 1473 sinti
1033 1403 1151 1460 violasse
1162 1403 1281 1475 aliquem
1290 1421 1327 1458 ex
1336 1404 1398 1460 diis.
1438 1404 1831 1476 Atquecertevidetoriabula

197 1487 322 1559 nihilque
346 1488 456 1558 proprie
479 1487 582 1541 nudum
605 1486 641 1540 sit
660 1494 759 1556 prater
780 1486 883 1556 primas
904 1501 995 1541 rerum
1033 1484 1222 1571 imagipemin
1235 1483 1284 1538 illo
1294 1482 1450 1555 depinxisse
1464 1484 1588 1539 hominis
1596 1492 1627 1540 et
1640 1485 1759 1543 fortuna
1771 1488 1830 1556 ἠιι

197 1568 353 1637 particulas.
395 1566 448 1622 Illa
461 1574 554 1622 sutem
567 1566 601 1620 de
623 1567 744 1621 coecitate
766 1565 911 1635 Cupidinis
924 1565 995 1635 sapi·
1033 1562 1830 1638 quiexproieasohunefinemactionnmsuarumsibipropo

197 1647 339 1701 entissima
352 1644 484 1718 allegoria
497 1652 548 1701 est.
592 1646 646 1700 late
661 1645 734 1700 enim
755 1645 862 1715 Cupido
875 1641 995 1719 (qualis-
1032 1642 1519 1716 nitetdeatinstuteultumaliquem
1529 1644 1829 1710 divinum,sireaectam

197 1740 304 1797 cunque
318 1726 343 1780 is
357 1722 408 1799 ait)
419 1726 562 1781 minimum
571 1725 677 1780 ridetur
690 1725 792 1779 habere
802 1723 993 1794 providentium
1032 1722 1183 1794 religionis,
1193 1722 1366 1777 licetvanam
1376 1731 1405 1778 et
1413 1724 1512 1789 levem,
1522 1725 1550 1778 ri
1565 1733 1594 1778 et
1604 1725 1678 1780 ferro
1692 1727 1830 1783 ioeccoetm

197 1805 246 1860 sed
259 1806 408 1861 secundnm
421 1805 496 1870 illud,
511 1805 584 1877 quod
597 1805 750 1874 proximum
765 1805 855 1869 sentit,
871 1819 995 1875 gressum
1033 1809 1061 1856 et
1073 1802 1199 1858 debellet
1240 1802 1401 1875 Quanquam
1411 1804 1486 1857 enim
1499 1810 1614 1858 cruenta
1628 1804 1831 1876 religionisdis

197 1889 226 1939 et
238 1891 341 1939 motum
361 1902 439 1940 anum
462 1885 594 1955 dirigere;
616 1893 646 1939 ut
659 1886 725 1939 caeci
739 1883 876 1954 palpando
890 1882 993 1949 solent3
1033 1881 1104 1936 aidis
1126 1881 1264 1937 veteribus
1287 1882 1429 1954 incognita
1449 1891 1549 1948 essent,
1569 1885 1648 1955 (cnm
1669 1885 1711 1939 dii
1734 1886 1832 1942 ethnici

198 1981 253 2035 qno
270 1965 359 2036 magia
383 1963 551 2019 admirabilia
573 1971 616 2018 est
632 1964 804 2033 providentia
821 1964 871 2018 illa
887 1980 996 2018 summa
1032 1960 1179 2034 zelotypia,
1194 1962 1268 2033 qnod
1281 1967 1324 2016 est
1341 1962 1394 2017 Dei
1408 1963 1467 2017 reri
1481 1963 1656 2030 attributum,
1669 1981 1725 2019 uon
1739 1973 1832 2039 tange·

197 2043 298 2109 divina,
321 2045 386 2115 quia
408 2061 444 2099 ex
463 2043 545 2099 rebus
569 2042 738 2113 providentia
758 2044 878 2098 maxime
902 2045 995 2098 vacans
1032 2044 1147 2111 tantun)
1161 2050 1254 2096 tamen
1264 2047 1380 2097 tantast
1392 2049 1448 2096 tam
1462 2041 1519 2095 lata
1530 2042 1640 2098 ridetur
1651 2044 1738 2099 inisse
1750 2046 1830 2117 prisci

196 2128 226 2177 et
243 2124 399 2194 expertibus
419 2131 448 2177 et
470 2124 547 2194 qnasi
568 2123 657 2188 caucis,
671 2130 746 2177 certa
767 2131 859 2177 tamon
877 2122 995 2178 etistali
1032 2121 1119 2176 seculi
1140 2122 1280 2192 sapientia,
1302 2129 1333 2175 ut
1356 2138 1417 2193 qnae
1440 2122 1615 2193 experiundo
1638 2139 1694 2178 non
1716 2133 1831 2192 ament,

196 2201 267 2272 lege,
278 2202 361 2257 istum
374 2202 497 2257 ordinem
507 2208 534 2257 et
547 2201 779 2272 pulchritudinem
791 2220 880 2258 rerum
894 2203 994 2258 educit.
1031 2209 1123 2256 tamen
1143 2201 1318 2256 meditatione
1336 2207 1365 2255 et
1387 2201 1542 2256 simulacris
1562 2203 1830 2274 comprehenderent.

196 2280 332 2336 Ultimum
357 2282 517 2337 attributum
540 2281 656 2352 ponitur,
678 2282 750 2352 quod
770 2282 926 2354 sagittarius
950 2284 994 2347 sit,
1032 2280 1084 2343 Qui
1104 2280 1197 2353 itaque
1211 2289 1315 2336 sectam
1338 2280 1461 2352 aliquam
1481 2279 1634 2352 religionis,
1648 2282 1718 2338 licet
1737 2301 1831 2340 mnam

195 2360 308 2426 hocest,
323 2361 395 2431 quod
408 2361 461 2415 ista
474 2361 560 2416 virtus
574 2360 637 2415 talia
651 2361 694 2427 ait,
709 2369 739 2417 ut
752 2370 880 2432 operetur
893 2362 928 2416 ad
941 2362 994 2418 dis·
1032 2366 1059 2415 et
1082 2355 1243 2432 corruptam,
1266 2368 1295 2415 et
1314 2359 1453 2425 infamem,
1479 2361 1523 2430 (id
1547 2363 1621 2432 qnod
1643 2363 1696 2418 sub
1718 2381 1832 2435 persona

195 2447 266 2495 tans.
308 2440 386 2501 Quod
399 2440 472 2496 enim
486 2441 521 2495 ad
534 2440 638 2496 distans
659 2449 793 2511 operatum,
808 2449 939 2513 tanquam
953 2459 995 2497 sa-
1032 2440 1149 2495 Veneris
1168 2439 1357 2512 significatur)
1370 2456 1426 2496 non
1439 2441 1468 2494 vi
1481 2441 1595 2496 rationis
1608 2448 1638 2496 et
1655 2444 1792 2509 doctrine,
1804 2453 1831 2499 et

196 2520 293 2592 gittam
311 2519 434 2576 emittere
458 2521 580 2576 rideturr
612 2520 737 2592 quiaquia
761 2530 853 2576 autem
874 2529 995 2578 atomum
1032 2521 1175 2575 menate
1193 2521 1265 2585 vita,
1279 2526 1361 2592 atquc
1382 2520 1572 2591 exemplorum
1589 2528 1617 2575 et
1640 2524 1830 2578 auctoritatum

197 2599 302 2663 assent,
317 2606 398 2671 atque
419 2617 536 2655 vacuum
550 2599 628 2673 (licet
645 2599 719 2655 istud
732 2618 846 2657 vacnum
859 2601 994 2657 intermis·
1030 2599 1160 2672 pondere,
1168 2601 1304 2671 corrigere
1314 2608 1342 2654 et
1348 2601 1522 2665 convincem
1538 2600 1587 2654 sed
1597 2600 1829 2669 ferroetflamma,

195 2685 254 2734 turn
277 2688 369 2750 ponat,
394 2695 448 2733 non
474 2677 663 2752 segregatum)
686 2681 842 2736 necessario
865 2682 995 2736 virtutem
1031 2688 1059 2734 et
1076 2696 1220 2752 paenarum
1240 2679 1387 2735 acerbitate
1409 2680 1578 2745 exscindere,
1601 2690 1630 2736 et
1649 2684 1829 2738 exterminare

195 2759 280 2813 atomi
295 2759 330 2813 ad
342 2759 446 2814 distans
459 2760 622 2814 introducit:
636 2776 725 2831 neque
740 2761 821 2825 enim,
835 2759 888 2815 hac
901 2760 995 2832 demp-
1031 2758 1171 2815 nituntur:
1191 2758 1373 2814 incenduntur
1386 2759 1502 2815 fortasse
1516 2760 1551 2813 ad
1565 2759 1619 2814 hoc
1633 2762 1728 2832 ipsum
1740 2780 1757 2816 a
1772 2762 1831 2817 Pal·

184 2830 232 2903 ta,
246 2838 346 2909 aliquia
360 2847 450 2894 motus
463 2839 586 2910 (propter
598 2856 712 2895 vacuum
726 2839 928 2911 interpositum)
942 2859 993 2896 ex·
1030 2838 1107 2904 ladc;
1128 2839 1158 2894 id
1171 2847 1220 2905 est.
1235 2839 1380 2911 prudentia
1405 2838 1523 2912 quadam
1537 2840 1595 2893 acri
1609 2849 1639 2895 et
1647 2841 1749 2910 judicii
1759 2859 1831 2897 seve·

195 2917 274 2973 citari
287 2927 388 2988 posset,
406 2917 455 2975 sed
468 2920 561 2974 omnia
572 2927 711 2991 torperent
724 2926 752 2976 et
764 2919 915 2976 immobilia
935 2938 994 2977 ma-
1031 2918 1120 2985 ritate,
1144 2937 1259 2992 quarum
1279 2919 1373 2991 vigore
1391 2927 1421 2975 et
1443 2920 1566 2975 efficacia
1586 2918 1746 2990 hujusmodi
1763 2940 1831 2978 erro

195 3006 300 3054 nerent.
341 2998 419 3060 Quod
432 3007 523 3055 autem
538 2999 573 3054 ad
583 3000 720 3069 juniorem
733 3000 813 3056 illurn
827 3000 994 3072 Cupidinem
1031 3016 1092 3054 rum
1107 2998 1230 3054 fallacias
1243 3008 1272 3055 et
1285 3007 1439 3054 commenta
1451 3000 1562 3071 penitus
1575 3000 1784 3073 introspiciunt:
1803 3012 1830 3057 et

195 3079 300 3143 attinet,
323 3080 421 3134 merito
443 3086 475 3134 ut
497 3080 625 3135 minimae
647 3079 760 3135 deorum
780 3088 846 3135 natu
869 3082 993 3149 traditur,
1031 3079 1067 3133 ab
1079 3079 1143 3135 odio
1155 3079 1295 3151 pravitatis
1308 3085 1338 3134 et
1350 3079 1410 3134 zelo
1421 3080 1511 3145 bonor
1533 3088 1563 3135 et
1585 3081 1621 3135 ad
1643 3089 1753 3152 tempus
1775 3081 1829 3138 iere

195 3174 258 3212 cum
274 3174 330 3213 non
348 3164 412 3213 ants
436 3159 541 3229 species
558 3159 717 3215 consumtus
735 3160 828 3233 vigere
851 3162 993 3230 potuisset.
1030 3174 1159 3231 magnam
1180 3159 1296 3231 gloriam
1318 3160 1512 3230 adipiscuntur,
1527 3166 1610 3232 atque
1632 3160 1758 3232 evulgo,
1775 3164 1829 3231 (cai

196 3237 230 3291 In
243 3237 317 3292 illius
331 3244 422 3293 antem
445 3239 625 3310 descriptione
641 3237 774 3311 allegoria
794 3241 829 3295 ad
847 3257 936 3295 mores
949 3241 995 3297 de·
1030 3238 1102 3293 nihil
1115 3240 1291 3304 moderatum,
1306 3247 1414 3311 gratum
1428 3256 1489 3294 esse
1502 3240 1614 3310 potest.)
1627 3249 1660 3296 ut
1672 3242 1746 3296 unici
1761 3245 1829 3297 reri·

195 3316 283 3370 flectit
296 3324 324 3371 et
334 3316 490 3374 traducitur.
511 3319 612 3374 Subest
621 3325 714 3375 tamna
724 3320 848 3391 qumdam
862 3318 922 3389 ejus
931 3337 994 3376 cum
1031 3317 1094 3374 tatia
1103 3326 1131 3373 et
1140 3319 1280 3390 religionis
1288 3318 1418 3385 vindices,
1430 3321 1506 3389 (cum
1520 3322 1614 3375 ceteri
1625 3322 1712 3392 tepidi
1722 3323 1828 3377 rideas·

195 3393 245 3451 illo
267 3397 378 3468 antiquo
397 3398 580 3454 conformitas.
621 3398 716 3454 Venus
736 3401 809 3455 enim
830 3401 995 3471 generaliter
1031 3396 1721 3467 turetmeticuloai,)celebranturetiereadorantur.
1753 3404 1828 3457 Atta-

195 3474 324 3531 affectum
334 3477 531 3546 conjunctionis
545 3486 574 3534 et
586 3478 782 3549 procreationis
799 3478 917 3546 excitat;
939 3480 992 3536 Cn·
1031 3493 1094 3532 men
1107 3477 1167 3531 hac
1188 3477 1277 3550 gloria
1296 3485 1324 3532 et
1344 3478 1461 3534 felicitas
1483 3495 1547 3533 raro
1560 3481 1596 3535 ad
1616 3482 1723 3536 exitum
1736 3481 1827 3536 durate

195 3555 261 3627 pido
268 3556 406 3625 ejnstilius
413 3556 584 3613 atiectnmad
595 3558 764 3615 individuum
773 3560 901 3631 applicat.
941 3560 995 3615 Ita·
1032 3557 1080 3612 sed
1101 3557 1190 3612 omnis
1203 3559 1260 3613 fere
1273 3557 1410 3624 violentia,
1424 3558 1478 3614 nisi
1492 3567 1581 3616 morte
1597 3561 1681 3615 celeri
1696 3562 1829 3617 vicissitu-

197 3635 926 3711 queaVencreestgeneralisdispositio,aCupidine
939 3658 996 3694 rna.
1032 3636 1108 3692 dines
1134 3654 1226 3692 rerum
1249 3638 1368 3708 effugiat,
1393 3639 1445 3693 aub
1470 3640 1555 3693 finem
1581 3641 1755 3713 improspera
1779 3650 1828 3696 est.

196 3715 344 3786 gisexmta
358 3717 529 3787 sympathia:
549 3724 632 3789 atque
646 3717 721 3772 illaa
734 3719 824 3774 causis
832 3719 921 3791 magia
931 3738 991 3792 pro
1032 3717 1147 3778 Quodsi
1166 3718 1274 3773 eveniat
1287 3726 1318 3772 ut
1335 3736 1427 3773 rerum
1445 3721 1623 3774 commutatio
1635 3721 1692 3786 fiat,
1707 3729 1736 3775 et
1754 3731 1829 3776 secta

191 3793 307 3865 pinquis
323 3795 440 3866 pendet;
463 3797 522 3852 haec
536 3804 627 3852 autem
640 3814 658 3852 a
671 3798 815 3871 principiis
828 3801 918 3871 magis
932 3800 995 3854 altis
1032 3796 1080 3850 illa
1090 3796 1242 3869 proscripta
1255 3806 1283 3853 et
1297 3797 1426 3869 depressa
1439 3798 1512 3853 vires
1522 3800 1649 3871 acquirat
1658 3808 1687 3854 et
1700 3802 1828 3872 inmergat,

195 3880 224 3928 et
238 3872 373 3941 fatalibus,
388 3887 416 3930 et
434 3883 563 3948 tanquam
577 3877 613 3931 ab
626 3878 740 3951 antiquo
752 3878 802 3933 illo
817 3878 962 3951 Cupidine,
977 3898 995 3935 a
1033 3884 1090 3930 tum
1110 3893 1175 3931 vero
1188 3877 1342 3947 hujusmodi
1366 3877 1507 3933 hominum
1531 3878 1583 3933 aeli
1597 3885 1626 3935 et
1645 3883 1829 3936 contentiones

196 3969 250 4024 qno
262 3955 351 4011 omnis
365 3957 502 4027 exquisita
515 3957 674 4028 sympathia
687 3958 797 4030 pendet.
1032 3956 1202 4021 damnantur,
1214 3967 1242 4012 et
1253 3973 1353 4024 nomen
1366 3959 1456 4028 ipsum
1466 3959 1529 4013 odio
1542 3966 1591 4024 eat,
1602 3967 1631 4013 et
1641 3977 1737 4016 omnes
1746 3962 1828 4016 hono

1032 4050 1076 4090 res
1086 4052 1180 4091 eornm
1191 4037 1220 4091 iu
1233 4037 1409 4109 opprobrium
1422 4037 1559 4093 desinunt.
1600 4039 1679 4100 Quod
1693 4050 1782 4097 autem
1795 4041 1829 4095 ab

1032 4115 1142 4187 hospite
1152 4116 1308 4173 interiectus
1319 4124 1362 4172 est
1370 4117 1533 4183 Diomedem
1548 4119 1576 4173 id
1587 4136 1623 4174 eo
1632 4129 1747 4191 spectat,
1758 4120 1828 4194 qnod

235 4185 386 4242 Drusianus
406 4206 468 4244 cnm
491 4208 593 4263 magna
615 4198 643 4247 et
663 4191 767 4247 eximia
784 4191 873 4264 gloria
886 4194 997 4249 floreret
1032 4194 1171 4267 religionis
1185 4196 1334 4263 dissidium,
1349 4198 1432 4253 etiam
1446 4198 1519 4252 inter
1532 4200 1777 4269 conjunctissimos,
1791 4203 1828 4256 in·

195 4271 225 4318 et
238 4264 345 4320 Palladi
359 4284 488 4338 percarus
502 4278 583 4336 esset,
594 4271 784 4327 extumulatur
798 4274 833 4327 ab
843 4288 877 4328 ea
890 4281 939 4339 est,
956 4277 996 4341 (et
1033 4275 1117 4330 sidias
1130 4285 1159 4330 et
1180 4277 1347 4347 proditiones
1366 4278 1473 4334 excitet.
1516 4278 1588 4333 illud
1609 4296 1677 4335 vero
1701 4280 1735 4336 de
1755 4282 1828 4336 luctu

194 4344 256 4414 ipae
274 4348 424 4418 promptior
437 4366 519 4420 quam
534 4352 699 4422 oportebat)
713 4359 745 4406 ut
763 4353 787 4406 si
808 4352 877 4408 sorte
894 4354 994 4409 Veneri
1032 4356 1142 4426 ipsust
1162 4357 1338 4428 querimoniis
1351 4358 1464 4414 minime
1478 4357 1607 4423 toleratis,
1622 4360 1673 4415 sed
1696 4360 1829 4433 supplicio

195 4424 224 4478 in
240 4441 332 4495 pugna
346 4437 504 4495 occurreret,
519 4429 561 4484 illi
581 4432 740 4503 neutiquam
754 4440 894 4503 parceret3
923 4434 996 4506 quod
1033 4435 1146 4501 allectis,
1168 4436 1325 4507 hujusmodi
1349 4444 1398 4502 est,
1421 4447 1453 4492 nt
1473 4446 1592 4503 moueat,
1615 4440 1645 4494 in
1674 4442 1750 4495 omui
1773 4442 1828 4496 ten

195 4509 225 4558 et
246 4503 294 4558 ille
315 4506 444 4562 audacter
462 4518 607 4566 exsecutus
620 4517 670 4576 est,
684 4519 713 4565 et
734 4511 851 4568 Veneris
871 4514 995 4569 dextram
1032 4514 1135 4570 scelere
1155 4516 1323 4572 miserationi
1343 4516 1487 4572 hominnm
1503 4518 1594 4573 locum
1617 4536 1690 4585 ease,
1704 4530 1736 4574 ut
1749 4522 1839 4575 etiam'

195 4582 354 4640 vulneravit.
406 4587 468 4642 Hoc
492 4590 597 4645 inuinna
620 4590 668 4646 ille
692 4591 728 4646 ad
751 4598 861 4663 tempus
882 4594 995 4664 impune
1033 4595 1080 4665 qui
1094 4596 1209 4650 crimina
1222 4598 1343 4661 oderunt,
1357 4613 1488 4667 personas
1502 4606 1595 4652 tamen
1610 4608 1639 4653 et
1660 4602 1830 4655 calamitates

195 4662 264 4729 tulit,
279 4672 308 4719 et
322 4665 403 4721 rebus
424 4668 509 4738 gestis
526 4669 617 4726 clarus
638 4679 668 4725 et
688 4670 807 4741 inclytus
828 4673 857 4728 in
878 4675 995 4744 patriam
1033 4691 1148 4740 reorum,
1161 4675 1342 4731 humanitatis
1363 4694 1453 4741 cauea,
1471 4680 1713 4745 commiserentnr;
1743 4691 1830 4736 extre·

195 4743 291 4809 rediit;
320 4745 367 4800 nbi
382 4747 530 4803 domestica
541 4750 615 4805 mala
635 4758 771 4821 expertus,
787 4752 822 4806 sd
838 4762 946 4809 exteros
966 4755 995 4808 in
1032 4771 1107 4810 mum
1120 4762 1211 4810 autern
1225 4756 1358 4811 malorum
1373 4773 1440 4822 esse,
1455 4758 1685 4814 simisericordia
1698 4778 1830 4815 commer-

196 4822 307 4878 italiam
319 4827 450 4899 profugit.
492 4828 535 4883 lbi
559 4846 666 4902 quoque
685 4830 847 4887 initiareris
863 4848 995 4906 prospera
1032 4834 1075 4889 cia
1088 4834 1290 4891 interdicantur.
1338 4836 1429 4909 Atque
1444 4846 1535 4892 tamen
1548 4838 1577 4892 in
1590 4855 1676 4893 causa
1690 4840 1830 4913 religionis

194 4902 299 4970 habuit,
310 4913 338 4959 et
344 4908 416 4979 regis
426 4907 517 4963 Dauni
528 4908 658 4980 hospitio,
669 4917 695 4965 et
702 4910 875 4968 doniscultus
882 4920 909 4968 et
918 4930 995 4968 orna·
1033 4920 1059 4968 et
1072 4915 1229 4987 impietatis,
1244 4916 1326 4971 ctiam
1340 4917 1528 4971 miserationes
1541 4915 1688 4974 hominum
1701 4922 1791 4975 notari
1805 4928 1830 4975 et

195 4989 344 5050 incestet
365 4989 459 5044 multra
480 4986 522 5042 illi
544 4996 640 5045 statne
653 5006 703 5059 per
717 5006 778 5046 eam
793 4993 934 5063 regionem
949 5010 995 5048 ex·
1032 5003 1171 5065 suspectas
1185 5012 1255 5053 esse.
1283 4995 1399 5051 ¹Contra
1412 5012 1477 5052 vero
1490 4997 1619 5052 comitum
1635 4996 1792 5063 Diomedis,
1804 5000 1831 5052 id

195 5070 314 5119 abactae.
363 5065 418 5122 Sed
431 5068 482 5123 sub
495 5068 613 5139 primam
628 5069 819 5138 calamitatem,
835 5089 995 5145 quaepopu·
1032 5082 1081 5140 est,
1095 5075 1246 5142 hominum,
1260 5076 1307 5147 qui
1323 5076 1444 5145 ejusdem
1458 5086 1521 5131 sunt
1537 5086 1620 5132 aecta
1634 5088 1664 5133 et
1685 5080 1829 5150 opinionis.

194 5142 261 5209 lum,
276 5142 311 5198 ad
333 5161 414 5217 quem
428 5147 582 5214 diverterat,
597 5147 705 5215 afflixit,
720 5151 812 5207 atatim
826 5153 909 5207 subiit
922 5153 995 5208 Dau·
1033 5144 1208 5226 querimonias
1232 5164 1260 5211 et
1283 5155 1483 5227 deplorationes
1503 5164 1608 5228 argutae
1631 5160 1779 5215 admodum
1805 5170 1831 5213 et

194 5238 261 5277 nom
275 5224 411 5295 cogitatio,
426 5244 456 5283 se
477 5228 549 5283 intra
564 5233 677 5299 penates
698 5244 761 5286 auos
775 5231 887 5288 damase
907 5231 996 5288 homi·
1032 5250 1140 5289 canorae
1153 5250 1214 5290 ease
1228 5235 1323 5300 solent,
1335 5236 1421 5292 instar
1433 5236 1546 5302 olomm,
1558 5246 1607 5293 aut
1616 5240 1711 5293 avium
1721 5240 1829 5294 Diome

194 5317 259 5354 nem
278 5301 401 5373 impium,
416 5314 444 5361 et
464 5307 518 5362 dila
542 5307 668 5372 invisum,
683 5314 711 5362 et
730 5308 932 5378 theomachum,
946 5314 995 5384 qui
1032 5312 1094 5379 dis3
1125 5315 1154 5368 in
1169 5330 1223 5387 quo
1237 5316 1319 5370 etiam
1333 5314 1459 5387 illapars
1476 5316 1616 5387 allegorice
1630 5318 1733 5373 nobilis
1747 5329 1789 5373 est
1803 5327 1830 5372 et

372 4095 454 4138 xvur.
475 4096 819 4151 alumnumalumnum

196 5379 283 5443 deam,
299 5399 381 5451 quam
400 5385 444 5441 vel
456 5393 569 5457 tangere
582 5386 681 5457 religio
690 5396 755 5454 erat,
770 5389 842 5445 icrro
855 5393 996 5448 invaserat
1032 5393 1160 5465 insignis3
1182 5411 1284 5462 eorum,
1299 5395 1345 5467 qui
1359 5404 1470 5468 propter
1482 5414 1593 5451 causam
1608 5397 1750 5470 religionis
1762 5414 1828 5467 sup·

196 5465 225 5510 et
250 5458 407 5519 violaverat.
459 5464 555 5538 ltaque
581 5470 613 5521 ut
637 5464 755 5537 mutan
781 5483 860 5526 auam
886 5471 996 5542 piaculo
1031 5472 1115 5544 plicia
1134 5473 1257 5543 subeunt,
1271 5490 1352 5532 voces
1376 5476 1427 5532 sub
1450 5485 1558 5548 tempus
1580 5479 1685 5544 mortis,
1699 5488 1826 5550 tanquan
