3800 5875
635 302 803 360 lMPETUS
827 302 1116 361 PHILOSOPHICI.
1627 301 1682 358 681

64 458 193 517 misteria
205 466 233 515 et
245 461 325 517 utilia
334 461 370 517 ed
381 461 559 519 necessitates
567 462 701 518 humanas
712 463 856 534 (quantem
892 463 1019 519 vanitatis
1031 480 1082 520 nos
1091 462 1214 536 arguatis
1223 466 1369 532 antequam
1379 458 1419 514 rei
1430 459 1535 515 exitum
1545 458 1686 532 audistin)

65 540 123 593 fieri
142 540 233 609 datur)
249 540 424 596 debellandas
438 549 466 596 et
479 540 647 608 relevandas,
661 542 853 613 suscipiantur.
892 542 965 598 illius
979 544 1052 598 enim
1067 560 1110 597 res
1123 551 1210 616 gestae
1224 540 1328 596 recenti
1341 540 1516 595 memoriast
1531 546 1684 610 portentum

68 618 129 672 Hoc
141 619 311 690 epithalamii
326 628 417 677 votum
431 622 476 677 sit.
892 623 1102 692 accipiebantur.

102 698 191 764 Certe,
206 698 264 765 tilii,
278 700 430 763 facultates,
444 700 543 755 mum
564 708 593 754 et
609 700 783 755 scientiarum
796 716 855 753 om·
932 702 976 755 lta
999 703 1073 756 enim
1093 700 1214 771 loquitur
1236 716 1307 755 unus
1329 716 1367 756 ex
1390 697 1497 754 emulis
1515 697 1684 753 oratoribus:

63 770 137 833 ulum
155 794 296 845 consensu,
315 788 363 835 aut
383 780 530 850 empiricen,
547 787 596 834 aut
615 779 763 835 rationales
783 790 853 834 sunt
893 785 909 811 “
923 780 984 835 Nos
996 789 1069 836 certe
1078 781 1161 835 vitam
1174 779 1324 834 humanam
1337 794 1392 834 non
1402 778 1541 849 degimos;
1556 777 1605 831 sed
1617 777 1646 830 in
1656 776 1685 835 id

64 856 123 911 Has
136 865 228 912 autem
241 858 311 914 bene
325 859 481 913 commistus
500 866 527 913 et
547 857 686 929 copulatas
707 858 797 913 adhuc
816 858 855 912 vi·
892 860 949 913 nati
964 867 1105 925 sumusut
1117 859 1218 931 posteri
1233 859 1267 913 de
1280 858 1359 913 nobis
1372 865 1497 928 portenta
1510 856 1683 927 praedicent?

63 936 125 991 dere
138 954 193 991 non
208 937 293 993 licuit.
323 938 549 1009 Empiricienim,
564 938 684 993 formicae
698 954 854 1004 moresca·
893 938 946 992 Sed
973 948 1117 1010 postquam
1144 939 1325 993 deferbuisset
1351 938 1406 993 ists
1427 935 1578 1001 admiratio,
1602 944 1686 1006 atque

62 1023 161 1086 gerunt
181 1023 286 1071 tanturn
305 1026 333 1072 et
353 1024 473 1073 utuntur.
514 1016 783 1081 Rationalesautem,
796 1033 854 1070 ara·
892 1017 1019 1073 homines
1040 1036 1098 1073 rem
1120 1019 1249 1072 attentius
1269 1017 1503 1089 introspexissent,
1518 1030 1608 1084 opens
1625 1031 1686 1085 prc-

62 1111 175 1149 uearum
196 1113 279 1162 more,
300 1096 371 1151 telas
393 1114 429 1152 ex
448 1113 478 1152 se
501 1096 655 1151 conficiunt.
697 1095 765 1167 Apis
785 1096 856 1150 ratio
892 1098 959 1151 tium
974 1105 1016 1152 est
1029 1097 1245 1152 animadvertere
1259 1097 1340 1168 quale
1358 1096 1492 1165 judicium
1505 1094 1540 1148 de
1554 1094 1686 1149 coierint

62 1174 151 1228 media
165 1183 216 1241 est,
226 1192 286 1247 qun
300 1177 441 1231 materiam
455 1192 491 1231 ex
503 1175 615 1231 floribus
625 1182 680 1229 mm
690 1174 763 1231 horti
773 1192 854 1246 quam
892 1177 1007 1249 scriptor
1021 1178 1167 1241 Romanus,
1183 1182 1200 1208 “
1213 1177 1264 1231 Nil
1276 1176 1352 1232 aliud
1367 1191 1449 1248 quam
1462 1174 1533 1228 bene
1546 1189 1629 1228 ausus
1642 1180 1686 1229 est

62 1254 120 1324 agri
133 1253 222 1321 elicit,
236 1256 285 1309 aad
303 1253 386 1309 simul
406 1256 489 1310 etiam
510 1271 572 1309 eam
593 1254 705 1328 propris
726 1255 853 1309 facultate
892 1272 961 1310 vena
979 1257 1179 1311 contemnere.”
1220 1256 1248 1310 lt
1288 1262 1316 1310 et
1335 1272 1386 1310 nos
1409 1254 1499 1309 sirmis
1519 1252 1647 1324 quiddam
1667 1269 1686 1307 a

61 1332 142 1387 vertit
155 1340 185 1387 et
198 1333 304 1404 digerit
337 1335 436 1406 Neque
450 1334 575 1389 absimile
586 1350 657 1389 versa
671 1332 855 1405 philosophie
892 1335 1008 1405 posteris
1017 1336 1174 1402 audiemus3
1190 1342 1333 1407 postquam
1347 1334 1520 1404 emancipati,
1531 1341 1559 1387 et
1572 1331 1613 1387 sui
1625 1332 1684 1400 jam

62 1411 201 1482 opificium
221 1420 271 1479 est,
285 1430 346 1484 quae
365 1431 402 1468 ea
422 1413 537 1468 historia
557 1413 676 1467 naturali
698 1419 727 1466 et
747 1413 854 1483 experi-
891 1414 963 1479 facti,
978 1424 1007 1468 et
1026 1417 1151 1485 proprias
1164 1415 1236 1469 vires
1249 1414 1364 1486 experti,
1378 1414 1457 1468 initia
1470 1418 1563 1468 nostra
1575 1412 1684 1481 magnis

61 1491 159 1544 mentis
176 1492 345 1547 mechanicis
362 1492 505 1563 praebitam
522 1493 673 1556 materiam,
687 1508 742 1546 uon
755 1492 784 1546 in
799 1510 854 1546 me·
892 1494 1042 1550 intervallis
1055 1494 1250 1565 superaverint
1293 1493 1325 1549 In
1339 1510 1393 1565 quo
1412 1509 1477 1548 sane
1492 1490 1597 1560 judicio
1616 1489 1685 1545 illud

62 1570 148 1624 moria
160 1570 305 1643 integram,
315 1572 364 1626 sed
377 1572 407 1626 in
419 1571 560 1627 intellectu
573 1579 707 1626 mutatam
718 1579 747 1625 et
757 1571 853 1625 subsc·
891 1581 972 1638 recle,
986 1583 1078 1629 nostra
1092 1574 1132 1629 nil
1147 1574 1238 1643 magui
1253 1590 1327 1629 esser
1341 1572 1409 1627 illud
1421 1589 1476 1626 non
1485 1578 1566 1635 recte,
1577 1569 1600 1623 si
1610 1570 1685 1624 ausis

62 1651 243 1719 lsmreponit.
279 1650 374 1722 Itaque
388 1651 544 1720 hujusmodi
553 1650 855 1706 melliscoelestiadona
891 1653 1013 1708 tribuant
1032 1672 1094 1725 quae
1113 1652 1263 1708 humilitati
1284 1653 1433 1707 debentur:
1458 1649 1606 1705 humilitati
1629 1646 1685 1722 (in-

61 1736 184 1799 sperate:
198 1746 286 1801 neque
300 1730 381 1785 dicite
395 1748 456 1785 cum
470 1730 558 1803 pigro,
574 1736 590 1762 “
603 1729 663 1784 Lco
676 1736 718 1784 est
730 1730 760 1783 in
773 1730 818 1784 vie
827 1731 852 1785 :¹⁹
892 1728 991 1807 quam)
1006 1741 1033 1787 et
1047 1732 1193 1804 privationi
1204 1732 1310 1786 cuidam
1317 1732 1396 1787 istius
1404 1731 1531 1785 humanae
1541 1727 1683 1799 snperbia,

61 1807 108 1861 sed
126 1807 240 1863 vincula
260 1826 323 1880 quaa
343 1827 392 1866 vos
411 1816 548 1881 praemunt
566 1809 693 1874 excutite,
708 1816 736 1863 et
749 1826 798 1863 vos
811 1827 854 1865 re-
892 1828 953 1882 quoe
973 1813 1100 1868 universa
1123 1812 1249 1883 perdidit,
1270 1828 1384 1883 qumque
1406 1810 1529 1864 volucres
1553 1807 1684 1879 quasdem

62 1886 152 1958 cipite.
564 1896 568 1903 '
891 1891 1080 1946 meditationes
1092 1891 1154 1945 loco
1168 1891 1267 1946 divinar
1280 1891 1310 1945 iu
1328 1890 1409 1945 rebus
1429 1888 1577 1959 signatura
1590 1902 1684 1941 consc-

98 1965 191 2038 Atque
204 1983 279 2032 sane,
288 1973 351 2037 post
360 1967 488 2025 virtutm
496 1976 615 2023 vestram
625 1967 773 2040 propriam,
782 1965 854 2022 nihil
891 1971 985 2025 crevit.
1017 1972 1079 2025 Hac
1089 1971 1163 2026 enim
1173 1989 1209 2025 ex
1220 1979 1295 2040 parte
1310 1986 1405 2024 revera
1417 1967 1497 2022 nobis
1508 1965 1684 2039 gratulamur,

62 2046 166 2101 animos
182 2046 260 2101 vobis
273 2047 363 2119 magis
380 2048 519 2114 addiderit,
534 2064 615 2119 quam
638 2048 662 2102 si
684 2046 852 2113 industriam,
891 2056 919 2103 et
933 2067 967 2104 eo
980 2051 1090 2106 nomine
1105 2050 1197 2105 felices
1211 2067 1263 2105 nos
1275 2056 1304 2104 et
1316 2049 1386 2104 bene
1402 2048 1437 2103 de
1450 2063 1551 2119 genere
1563 2045 1685 2101 humano

61 2132 88 2178 et
105 2124 276 2193 felicitatem,
296 2133 324 2180 et
343 2125 465 2182 facinore
486 2128 577 2182 oetads
599 2135 700 2182 nostra
720 2126 853 2198 cogitetis.
891 2130 1002 2194 meritos
1022 2147 1081 2184 esse
1103 2131 1300 2193 existimamus,
1324 2128 1396 2200 quod
1423 2127 1597 2191 ostendimus,
1619 2124 1685 2196 quid

61 2204 118 2258 Nos
131 2211 255 2260 nostrum
268 2207 333 2277 plue
348 2206 421 2259 ultro
435 2206 608 2278 antiquorum
622 2224 673 2258 noa
691 2206 764 2260 ultro
779 2205 853 2260 haud
891 2225 956 2263 vem
971 2218 999 2263 et
1013 2209 1136 2280 legitima
1152 2209 1265 2280 spiritus
1283 2207 1397 2263 humani
1416 2205 1574 2262 humiliatio
1589 2204 1685 2275 possit.

61 2299 127 2338 vane
151 2285 351 2355 opposuimus:
374 2301 425 2340 nos
447 2285 539 2352 iidem,
563 2295 657 2340 contra
680 2286 853 2357 andquorum
891 2288 994 2343 Verum
1005 2289 1070 2359 quid
1084 2289 1163 2343 nobis
1177 2288 1212 2341 ab
1224 2287 1380 2343 hominibus
1392 2286 1530 2350 debeatur,
1543 2285 1598 2356 ipsi
1608 2284 1685 2339 vide·

61 2380 109 2415 non
135 2364 268 2417 imitabile
282 2365 391 2439 fulmen
413 2381 488 2430 esse;
510 2365 639 2419 imitabile
654 2366 853 2439 sulmonense,
891 2367 964 2431 rint3
985 2385 1035 2422 nos
1046 2375 1118 2422 certe
1132 2384 1182 2422 nos
1195 2375 1342 2439 nostraque
1356 2367 1432 2421 vobis
1446 2366 1585 2420 dammas.

62 2441 172 2497 minime
188 2442 336 2510 dementes,
351 2444 401 2499 sed
413 2444 506 2509 sobrii,
521 2462 558 2500 ex
570 2460 701 2498 novarum
716 2444 854 2498 machina·
931 2446 1064 2501 Omnibus
1078 2448 1125 2519 qui
1139 2447 1251 2501 aderant
1270 2446 1355 2517 digna
1370 2445 1558 2516 magnitudine
1575 2442 1685 2514 genern

61 2538 117 2575 rum
132 2522 325 2593 experimento
343 2531 371 2577 et
390 2524 625 2588 demonstratione,
639 2524 852 2593 pronuntiamus.
891 2532 918 2580 et
931 2527 1050 2581 nominis
1060 2526 1173 2581 humani
1188 2526 1275 2580 oratio
1288 2526 1348 2578 visa
1358 2531 1407 2588 est,
1416 2531 1445 2577 et
1457 2530 1549 2578 tamen
1564 2521 1685 2576 libertati

62 2599 130 2661 Quin
152 2610 183 2656 et
203 2602 304 2657 coelum
325 2603 416 2672 ipsum
437 2603 599 2659 immitabile
617 2602 740 2658 fecimus.
782 2602 854 2657 Coeli
891 2607 1157 2677 quamarrogantioe,
1172 2605 1292 2675 propior.
1337 2604 1378 2657 lta
1394 2610 1487 2657 autem
1500 2602 1571 2656 inter
1584 2618 1614 2655 se
1627 2601 1685 2655 col·

61 2680 131 2735 enim
146 2688 197 2746 cst,
213 2682 327 2737 circuire
342 2689 458 2738 terram:
479 2683 551 2754 quod
564 2691 591 2737 et
608 2688 708 2737 nostra
721 2681 853 2753 navigati-
890 2684 1089 2756 loquebantur:
1118 2702 1147 2739 sc
1169 2684 1257 2738 instar
1278 2699 1372 2737 eorum
1393 2697 1462 2745 esse,
1486 2681 1532 2751 qui
1555 2696 1592 2735 ex
1617 2679 1685 2734 locis

61 2775 124 2814 ones
137 2760 323 2830 pervicerunt.
364 2761 454 2833 Turpe
468 2770 561 2817 sutem
578 2760 658 2816 nobis
676 2761 720 2826 sit,
733 2761 757 2816 si
777 2762 853 2833 globi
890 2765 983 2835 opacis
996 2772 1025 2818 et
1038 2763 1171 2819 umbrosis
1184 2762 1212 2816 in
1222 2761 1311 2817 lucem
1324 2768 1447 2833 apertam
1459 2760 1548 2814 subito
1558 2759 1684 2824 exierint,

61 2841 195 2894 materiati
211 2847 319 2908 nactus,
333 2848 465 2896 terrarum
479 2841 606 2897 videlicet
619 2846 648 2895 et
660 2841 853 2905 mariamnes·
891 2861 951 2898 cum
967 2844 1057 2898 minus
1070 2844 1180 2898 videant
1194 2858 1276 2913 quarn
1298 2841 1389 2912 prius3
1410 2841 1458 2896 sed
1479 2856 1542 2894 eum
1562 2845 1636 2894 certa
1656 2845 1685 2893 et

60 2917 108 2974 tn's
130 2919 302 2990 temporibus
322 2921 351 2975 iu
373 2921 537 2977 immensum
564 2919 653 2992 aperti
676 2926 704 2975 et
727 2920 854 2975 illustrati
890 2922 954 2979 lata
968 2941 1016 2995 spe
1031 2922 1168 2979 facultatis
1181 2920 1311 2977 melioris.

60 2998 127 3052 sinte
147 2999 228 3071 globi
242 3009 335 3054 autem
348 3000 541 3056 intellectualis
554 3002 623 3057 fines
642 2999 713 3055 inter
731 3006 853 3056 veterum
930 3003 1001 3058 Tum
1014 3003 1062 3058 ille
1076 3003 1123 3075 qui
1136 3002 1197 3057 hac
1210 3001 1351 3064 narrabate
1373 2999 1416 3055 'l'u
1429 3015 1493 3054 vero
1506 2998 1571 3071 quid
1584 2998 1619 3052 ad
1632 2997 1686 3051 iata

59 3076 170 3132 inventa
186 3086 214 3133 et
228 3081 369 3151 angustiam
382 3081 512 3135 steterint.
891 3082 984 3138 dicis?
1004 3081 1101 3153 inquit.
1143 3081 1230 3136 Grata
1243 3088 1306 3136 sunt
1321 3073 1467 3156 (inquam)
1486 3096 1547 3150 qum
1559 3077 1684 3132 naman.

97 3158 199 3230 Neque
213 3175 299 3229 parvo
312 3158 424 3214 interae
437 3176 511 3216 nexu
524 3158 649 3213 devincta
666 3165 694 3213 et
708 3156 854 3229 conjugata
891 3161 980 3234 Atque
996 3156 1115 3236 (inquit)
1130 3161 1155 3215 si
1168 3168 1240 3225 sunt,
1251 3168 1282 3215 ut
1294 3160 1372 3225 dicis,
1386 3165 1474 3231 grata,
1488 3159 1511 3213 si
1526 3166 1554 3213 tu
1569 3158 1637 3212 forte
1651 3157 1685 3211 de

60 3244 121 3290 sunt
134 3238 191 3291 iata
204 3237 267 3304 duo,
281 3237 456 3309 perlustratio
469 3240 611 3311 regionum
625 3244 654 3293 et
669 3237 852 3293 scientiarum.
891 3242 936 3295 his
945 3241 1027 3296 rebus
1041 3239 1147 3311 aliquid
1159 3240 1311 3311 scripseris,
1324 3239 1416 3294 locum
1429 3238 1552 3292 invenias
1565 3238 1611 3292 ubi
1625 3236 1686 3291 haec

60 3313 182 3371 Plurima
197 3318 272 3372 enim
285 3335 335 3387 per
347 3318 512 3390 longinquas
525 3317 714 3390 navigationes
728 3324 756 3371 et
774 3334 853 3387 pere·
891 3321 1004 3385 inseras,
1017 3337 1107 3391 neque
1122 3320 1350 3391 peregrinationis
1363 3326 1463 3373 nostem
1477 3318 1581 3372 fructus
1594 3316 1685 3388 perire

59 3396 229 3464 grinationes
242 3397 272 3451 in
285 3405 381 3455 natura
394 3404 547 3469 patuerunt,
561 3415 622 3468 qua
635 3412 734 3451 novam
748 3397 853 3466 sapien·
891 3401 1015 3471 patiaris.
1035 3401 1153 3471 AEqnum
1164 3398 1294 3471 postulas,
1303 3399 1422 3470 inquam,
1431 3413 1520 3469 neque
1532 3397 1684 3452 obliviscar.

59 3474 103 3529 tia²
116 3483 145 3530 et
164 3476 290 3531 scientiar
303 3476 431 3539 humanm
444 3477 533 3533 lucem
547 3476 685 3531 effundere
698 3477 811 3547 possint,
825 3484 853 3531 et

59 3554 235 3626 antiquorum
257 3557 399 3626 opiniones
423 3564 452 3611 et
474 3558 644 3626 coniecturas
667 3556 854 3626 experimento

59 3650 162 3703 regere.
204 3635 310 3690 Eadem
327 3636 381 3691 duo
394 3653 449 3691 non
466 3638 569 3692 ratione
590 3633 686 3700 solum,
701 3634 750 3690 sed
770 3634 853 3690 etism

58 3713 190 3769 vaticinio
211 3714 359 3783 conjuncta
380 3715 515 3771 videntur.
554 3716 629 3770 Nam
652 3732 686 3768 eo
711 3714 854 3786 prophetas

59 3792 199 3849 oraculum
223 3792 298 3849 haud
319 3795 433 3850 obscure
456 3801 580 3866 spectare
604 3793 727 3849 videtur:
750 3794 798 3849 ubi
819 3796 853 3849 de
1102 3792 1309 3849 salucrscl
1330 3792 1475 3849 BACONI

58 3872 216 3927 novissmis
244 3874 411 3944 temporibus
442 3874 576 3947 loquutus,
604 3872 672 3927 illud
705 3873 853 3945 subjungit,

60 3951 175 4007 “Multi
195 3953 405 4024 pertransibunt,
419 3961 446 4008 et
464 3952 609 4024 multiplex
629 3949 682 4007 erit
704 3952 852 4008 scicntia:”
993 3975 1252 4041 APHORISMI
1277 3976 1333 4041 ΕΤ
1355 3974 1568 4040 CONSILIA

59 4046 89 4083 ac
102 4032 126 4085 si
141 4032 219 4086 orbis
234 4038 365 4088 terrarum
379 4035 557 4103 pertransitus
571 4033 628 4086 sive
647 4033 810 4102 peragratio,
825 4041 853 4086 et
1573 4025 1581 4053 '

59 4108 238 4166 scientiarum
248 4120 395 4184 augmenta
406 4113 463 4167 sive
474 4111 671 4183 multiplicatio,
681 4111 770 4166 eidem
778 4112 853 4165 retati
1273 4116 1307 4148 ⁰¹

60 4195 86 4242 et
99 4190 195 4245 merulo
207 4191 416 4248 dcsfinarentur.
894 4216 1017 4258 ausrrns
1027 4216 1143 4265 usuris,
1152 4216 1191 4257 ar
1199 4215 1378 4258 socsusroua
1389 4214 1508 4258 rumare
1517 4215 1686 4258 seruantis

97 4267 206 4324 Praesto
219 4271 301 4326 etiam
316 4278 359 4326 est
371 4269 546 4341 imprimendi
557 4269 709 4334 artificium,
718 4269 856 4324 veteribus

59 4346 242 4419 incognitum,
256 4351 333 4420 cujus
351 4350 486 4405 beneficio
499 4348 667 4420 singulorum
681 4348 791 4402 inuenta
805 4348 856 4402 ful·
933 4349 1031 4411 Houo,
1045 4357 1149 4404 natura
1162 4349 1287 4404 minister
1303 4357 1331 4402 et
1344 4348 1485 4419 interpres,
1502 4356 1607 4403 tantum
1622 4349 1688 4403 facit

59 4428 135 4497 gutia
149 4428 234 4482 modo
247 4436 429 4485 bmscurrere
448 4428 561 4499 possint,
576 4434 605 4481 et
626 4428 716 4482 subito
735 4444 856 4482 commu·
893 4437 921 4484 ct
942 4428 1078 4499 intelligit,
1100 4437 1231 4500 qnantum
1251 4428 1285 4482 de
1302 4428 1396 4482 ordine
1416 4436 1521 4482 natura
1541 4445 1623 4499 opere
1643 4428 1687 4484 vel

59 4506 145 4561 niceri
159 4506 196 4561 ad
210 4507 326 4563 aliorum
344 4508 434 4563 studia
454 4506 608 4575 excitanda,
623 4515 651 4561 et
666 4507 779 4561 inventa
793 4508 856 4562 mis·
895 4516 985 4563 mente
999 4508 1196 4570 observaveritr
1217 4524 1268 4560 nec
1282 4507 1399 4577 amplius
1410 4507 1484 4561 novit
1497 4515 1545 4562 aut
1559 4515 1656 4578 potest.

59 4586 155 4640 canda.
197 4586 288 4649 Quare
302 4587 430 4643 utendum
443 4594 486 4642 eat
499 4586 589 4641 aetatis
602 4594 702 4640 nostras
721 4603 857 4658 praeroga·
934 4586 1036 4641 Manus
1049 4587 1169 4642 hominis
1182 4587 1262 4651 nuda,
1274 4588 1449 4657 quantumvis
1461 4587 1570 4641 robusta
1583 4595 1612 4641 et
1625 4604 1687 4640 con-

60 4664 123 4729 tire,
138 4681 232 4736 neque
246 4667 478 4732 committendum,
493 4673 530 4729 ut,
540 4683 603 4719 cum
616 4664 676 4720 hmo
690 4672 766 4719 tanta
779 4666 856 4720 vobis
895 4675 976 4729 mans,
996 4667 1030 4720 ad
1051 4683 1135 4736 opera
1154 4681 1242 4735 pauca
1261 4674 1289 4719 et
1309 4665 1389 4719 facile
1406 4667 1547 4738 sequentia
1569 4666 1686 4720 sufficit:

59 4743 159 4809 adsint,
173 4746 253 4800 vobis
267 4746 321 4817 ipsi
335 4746 440 4801 desitis.
482 4745 542 4799 Nos
557 4752 656 4809 autem,
670 4744 729 4808 tilii,
744 4745 780 4798 ab
800 4746 857 4799 ani·
895 4746 997 4810 endem,
1019 4761 1070 4814 ope
1092 4745 1341 4808 instrumentorum,
1364 4746 1450 4799 multa
1471 4753 1498 4800 et
1524 4746 1687 4800 reluctantis

60 4839 169 4878 morum
185 4833 335 4881 vestrorum
346 4826 544 4897 preparatione
555 4824 697 4895 auspicati,
708 4824 857 4895 inreliquia
896 4825 990 4878 vincit.
1031 4824 1136 4879 Similis
1150 4831 1192 4877 est
1206 4833 1233 4878 et
1246 4825 1346 4878 mentis
1359 4826 1436 4878 ratio.

60 4903 139 4957 uobis
152 4920 210 4958 uon
223 4904 369 4960 deerimus.
411 4904 500 4960 Probe
514 4904 588 4958 enim
602 4904 727 4958 novimus
743 4904 858 4958 tabellas
936 4903 1118 4958 Instrumenta
1132 4920 1235 4967 manus,
1250 4911 1352 4957 motum
1366 4912 1413 4958 aut
1427 4903 1500 4957 cient
1513 4910 1561 4957 aut
1574 4911 1686 4973 regunt;

59 4982 164 5036 mentis
185 4999 204 5037 a
220 4983 329 5039 tabellis
343 4984 533 5040 communibus
546 4983 664 5038 differre.
707 4983 739 5036 ln
754 4982 789 5036 iis
802 4999 858 5036 non
895 4990 922 5036 et
941 4983 1122 5037 instrumenta
1136 4984 1237 5038 mentis
1255 4982 1401 5036 intellectui
1416 4988 1463 5036 aut
1476 4990 1628 5054 suggerunt
1641 4989 1688 5036 aut

59 5059 118 5114 alia
132 5061 318 5132 inscripseris,
327 5064 381 5118 nisi
394 5063 487 5133 priora
500 5061 650 5127 deleverim
664 5061 693 5116 in
704 5060 760 5115 illis
769 5062 859 5132 priora
895 5072 1000 5116 cavent.

59 5157 135 5211 segre
149 5139 293 5206 deleveris,
308 5143 362 5197 nisi
376 5160 449 5197 nova
462 5141 644 5211 inscripseris.
935 5141 1025 5211 Super
1048 5139 1140 5194 datam
1164 5141 1287 5195 materiae
1309 5140 1396 5193 basim
1418 5147 1542 5193 notorem
1565 5141 1688 5210 quamvis

101 5219 203 5290 ltaque
212 5237 269 5276 rem
279 5222 308 5275 in
315 5221 427 5292 longum
438 5239 493 5276 aon
503 5220 672 5275 differemus:
687 5220 755 5275 illud
765 5220 859 5274 itidem
897 5222 1044 5290 imponere,
1058 5220 1131 5273 intra
1144 5221 1274 5274 terminos
1288 5219 1441 5290 possibiles,
1454 5218 1568 5271 intentio
1582 5226 1625 5272 est
1638 5217 1689 5273 hu·

60 5313 110 5352 vos
121 5307 275 5365 monentes,
284 5318 319 5356 ne
329 5308 407 5356 tanta
421 5300 498 5355 vobis
511 5301 545 5355 de
558 5299 658 5355 nostris
670 5300 791 5354 inventis
802 5299 859 5368 pol·
896 5317 986 5353 manre
1005 5299 1140 5368 potentia,
1182 5299 1314 5353 Similiter
1335 5297 1390 5350 dati
1413 5298 1525 5351 effeetus
1542 5297 1571 5350 in
1592 5298 1689 5367 quovis

58 5373 215 5442 licemini,
223 5381 288 5449 quin
303 5380 417 5435 meliora
430 5396 448 5434 a
461 5378 539 5434 vobis
551 5378 619 5449 ipsis
632 5380 758 5449 speretis.
800 5379 860 5434 Nos
896 5378 1019 5447 subjecto
1028 5394 1124 5432 causas
1132 5395 1222 5440 nosse,
1234 5378 1352 5432 intentio
1360 5384 1403 5429 est
1416 5376 1543 5430 humanae
1553 5376 1688 5432 scientim:

58 5455 136 5512 enim
153 5455 306 5514 Alexandri
325 5460 461 5518 fortunam
477 5458 557 5513 nobis
572 5459 744 5530 spondemus,
760 5462 860 5529 (neque
898 5475 959 5529 quas
974 5457 1140 5512 intentiones
1153 5458 1182 5511 iu
1195 5457 1268 5512 idem
1282 5454 1444 5510 coincidunt.
1486 5456 1560 5510 Nam
1575 5457 1648 5528 quod
1661 5457 1690 5511 in
