3800 5875
234 312 290 365 456
793 304 799 315 ’
860 305 1003 365 NOVUM
1025 308 1227 366 ORGANUM.
1747 312 1810 369 Ina
1824 315 1843 369 l.

233 468 341 531 namur,
353 467 489 523 destnrere
500 474 527 522 et
536 466 660 522 demoliri
670 465 827 535 cupiamus:
842 468 1025 533 contraenim,
1062 467 1173 523 intersit
1191 469 1261 522 inter
1281 467 1422 522 hominum
1441 468 1524 522 vitam
1542 469 1573 523 in
1589 469 1775 525 exsultinims
1787 489 1845 542 qua·

233 563 327 601 earum
340 555 368 600 et
380 563 459 601 usum
477 553 505 600 et
522 546 626 601 cultum
646 553 675 599 et
693 545 812 599 bonores
831 545 951 599 libenter
969 563 1013 600 am
1063 546 1137 614 piam
1150 547 1269 617 Europae
1282 547 1429 617 provincia,
1444 555 1471 601 et
1488 548 1518 601 in
1536 549 1647 620 regione
1666 549 1758 620 aliqua
1774 567 1846 607 nore

232 625 384 696 plectimur.
423 626 522 696 Neque
536 626 609 680 enim
626 624 683 678 ullo
702 625 783 678 modo
801 625 940 688 officimus,
956 626 1024 695 quin
1065 624 1149 678 ludim
1167 625 1286 680 maxime
1304 626 1362 679 iera
1376 634 1403 680 et
1421 626 1554 682 barbara:
1574 644 1608 681 ea
1621 635 1727 688 tantum
1743 629 1844 686 differre

232 706 299 767 iste,
314 722 374 774 qum
387 704 565 769 invaluerunt,
580 713 608 758 et
618 703 814 772 disputationes
828 703 913 769 alant,
928 711 956 756 et
968 720 1024 758 ser·
1063 701 1236 768 existimabit,
1255 712 1284 758 ιιι
1305 705 1404 758 mento
1422 705 1549 759 bustiam
1570 707 1672 759 hmini
1690 709 1766 762 άιιιιι
1785 726 1844 773 esre,

232 799 326 838 mones
339 792 441 847 ornent,
456 791 484 836 et
497 783 532 836 ad
544 782 709 853 professoria
728 799 841 836 munera
859 798 890 835 ac
908 783 971 836 vitm
985 783 1024 836 ei·
1061 797 1115 835 non
1129 781 1216 836 solum
1229 791 1339 852 propter
1352 782 1843 849 auxiliumetbeneficium,sedetian

231 859 815 933 viliscompendiaadbibeanturetvaleant3
836 860 954 932 denique
968 867 1024 915 tan·
1061 876 1110 929 per
1123 867 1207 915 status
1221 863 1456 931 comparationem,
1471 872 1544 918 recte
1558 864 1612 917 dici
1628 866 1723 934 possit.
1763 866 1843 937 Atque

233 958 313 1012 quam
334 942 494 996 numismata
508 941 638 1010 quasdam,
656 957 788 995 consensu
807 941 879 994 iuter
898 940 1024 995 homiues
1060 938 1113 992 boc
1127 956 1181 993 uon
1194 939 1290 1005 solum,
1304 956 1359 994 non
1372 941 1479 1008 coelum,
1493 958 1550 997 non
1565 959 1699 1013 corpores
1721 945 1843 1000 ιιιιιιιιι

230 1021 404 1089 recipiantur.
445 1020 597 1081 Quinetiam
607 1020 790 1090 significamus
803 1026 895 1089 aperte
908 1035 948 1083 ca,
962 1037 1022 1089 quoe
1060 1026 1198 1087 prestant

231 1116 281 1153 uos
289 1099 452 1163 adducimus,
462 1100 567 1153 adistas
577 1116 621 1153 res
629 1115 683 1152 nou
693 1098 1021 1162 multumidoneafuturm
1100 1096 1213 1160 Rursus,
1227 1095 1326 1150 simet
1343 1097 1469 1152 virtutem
1488 1106 1518 1153 et
1534 1099 1746 1169 consequentias
1762 1118 1842 1157 rerum

231 1195 293 1232 cum
311 1178 345 1232 ad
363 1179 439 1248 vulgi
460 1185 568 1247 captum
588 1178 683 1232 deduci
707 1177 816 1231 omnino
834 1192 889 1230 uon
910 1177 1021 1245 possint,
1059 1174 1230 1230 inventarum
1241 1182 1335 1229 notme
1346 1176 1439 1244 juvate
1459 1195 1520 1248 quta
1532 1179 1629 1232 nonin
1643 1177 1707 1232 aliis
1720 1182 1841 1235 manifes-

232 1257 285 1311 nisi
308 1273 358 1327 per
377 1259 473 1311 effecta
489 1264 517 1311 ιι
537 1273 621 1327 opera
642 1264 754 1311 tantum.
794 1255 832 1309 At
850 1255 903 1309 hoc
923 1256 1021 1325 ipsum,
1059 1253 1114 1308 tius
1132 1260 1279 1318 occurrent,
1301 1271 1384 1325 quam
1404 1256 1434 1309 in
1454 1256 1510 1310 illis
1531 1256 1626 1321 tribus,
1648 1275 1712 1327 quse
1733 1260 1841 1331 antiquis

231 1335 304 1405 quod
317 1337 350 1390 de
364 1338 462 1391 affectu
472 1342 564 1390 nostro
577 1343 604 1390 et
617 1337 690 1389 bona
703 1335 841 1389 voluntate
856 1350 922 1406 erga
936 1335 1022 1388 scien-
1059 1331 1219 1404 incognitae
1240 1340 1268 1387 et
1281 1350 1394 1403 quarum
1413 1335 1566 1404 primordia,
1580 1333 1647 1389 licet
1663 1338 1790 1401 emenus,
1803 1340 1842 1392 ob

231 1415 284 1469 tias
294 1424 417 1486 receptas
427 1415 548 1479 dicimus,
560 1432 641 1486 quam
655 1431 718 1468 vere
731 1413 910 1483 profiteamur,
921 1414 1022 1483 scripta
1059 1426 1138 1465 scura
1155 1420 1183 1466 et
1198 1410 1316 1482 ingloria
1335 1421 1414 1467 sunt:
1435 1414 1501 1468 artis
1521 1415 1651 1468 nimirum
1670 1416 1838 1485 imprimendi,

230 1495 362 1548 nostruin
376 1493 514 1565 publicum
528 1494 601 1548 edita
615 1493 778 1565 (praesertim
790 1492 854 1546 libri
869 1498 886 1525 “
901 1492 1021 1548 DePro·
1059 1489 1176 1558 pulveris
1193 1492 1369 1556 tormentarii,
1388 1498 1417 1545 et
1437 1509 1502 1547 acus
1518 1494 1644 1547 nauucae.
1688 1494 1758 1549 Hac
1777 1498 1839 1551 enin

229 1590 323 1641 gressu
338 1573 552 1641 scientiarum”)
573 1573 653 1628 tidem
666 1572 775 1626 faciant.
814 1572 909 1643 Itaque
923 1572 951 1627 id
964 1589 1022 1626 ver·
1058 1569 1117 1633 tria,
1131 1586 1223 1625 rerum
1234 1569 1332 1623 taciem
1346 1576 1374 1624 et
1386 1578 1484 1626 stabim
1497 1573 1525 1626 iu
1539 1573 1604 1627 orbe
1618 1579 1754 1628 terramm
1766 1584 1839 1629 muta

229 1651 272 1705 bis
283 1651 400 1722 amplius
412 1654 519 1707 vincere
537 1668 592 1706 nou
607 1651 774 1706 conabimur.
817 1651 889 1706 lllud
909 1650 1021 1707 interim
1058 1657 1171 1703 verunt:
1192 1649 1319 1719 primurn,
1338 1649 1368 1703 in
1386 1668 1416 1704 re
1435 1650 1574 1705 literaria:
1595 1652 1754 1715 secundum,
1771 1654 1798 1706 in
1814 1672 1837 1707 re

229 1738 382 1786 constanter
399 1739 427 1785 et
446 1732 546 1787 diserte
569 1746 722 1793 monemusr
742 1729 787 1784 bis
809 1730 903 1794 modis,
924 1732 971 1802 qni
991 1731 1020 1784 iu
1058 1726 1172 1782 bellica:
1192 1728 1308 1792 tertium,
1322 1726 1351 1781 in
1364 1730 1597 1801 navigationibus3
1618 1730 1692 1784 unde
1702 1731 1839 1786 iunonem

228 1826 280 1865 usu
301 1817 370 1874 sunt,
390 1826 441 1864 uec
461 1827 574 1879 magnos
596 1811 626 1864 in
647 1809 819 1864 scientiarum
840 1809 970 1865 doctrinis
992 1818 1021 1863 ιι
1057 1823 1146 1861 rerum
1173 1806 1335 1862 mutationes
1358 1815 1460 1863 secutae
1482 1817 1552 1873 sunt,
1573 1816 1604 1863 ιιι
1630 1825 1687 1862 non
1704 1809 1837 1880 imperium

229 1888 453 1959 contemplatione
473 1905 631 1959 progressus
651 1889 718 1953 fieri,
734 1904 784 1942 nec
803 1886 865 1944 illas
879 1889 913 1943 ad
925 1887 1020 1961 ampli·
1058 1884 1174 1955 aliquod,
1189 1903 1243 1940 non
1256 1893 1338 1950 secta,
1352 1902 1408 1941 non
1420 1887 1499 1941 atella
1512 1888 1643 1957 majorem
1657 1889 1804 1944 efficaciam
1815 1898 1838 1943 et

230 1968 350 2023 tudinem
363 1985 476 2038 operum
488 1967 583 2023 deduci
596 1984 686 2039 posse.
948 1962 956 1975 '
1057 1965 1136 2034 quasi
1150 1966 1282 2019 influxum
1295 1981 1378 2035 super
1390 1983 1435 2020 res
1448 1966 1582 2020 humanas
1602 1967 1761 2022 exercuime
1774 1969 1837 2022 vide

1057 2050 1124 2109 atur,
1139 2061 1220 2115 quam
1232 2045 1287 2098 ista
1299 2045 1458 2099 mechanica
1471 2053 1658 2100 exercuerunt.

1096 2122 1233 2177 Praeterea
1246 2140 1300 2177 non
1313 2124 1362 2177 aba
1375 2141 1404 2177 re
1425 2124 1514 2188 fuerit,
1528 2125 1581 2178 tria
1597 2124 1745 2179 hominnm
1761 2126 1837 2179 ambi·

270 2196 398 2266 Superest
417 2204 449 2251 ut
468 2198 501 2251 de
523 2197 583 2251 finis
602 2195 764 2252 excellentia
783 2212 870 2266 pauca
889 2196 1019 2256 dicamus.
1057 2201 1137 2255 tionis
1150 2217 1251 2272 genera
1264 2209 1291 2255 et
1304 2203 1381 2272 quasi
1395 2203 1493 2272 gradus
1506 2203 1685 2274 distinguere.
1727 2203 1837 2258 Primum

228 2275 271 2330 Ea
284 2276 307 2331 si
321 2277 396 2345 prius
408 2276 480 2330 dicta
493 2276 615 2342 fuissent,
628 2276 698 2330 votis
710 2274 809 2330 similia
822 2276 906 2331 videri
920 2279 1020 2348 potuis·
1057 2295 1157 2345 corum,
1174 2281 1221 2353 qui
1244 2282 1382 2351 propriam
1400 2283 1547 2350 potentiam
1570 2283 1600 2335 in
1615 2283 1707 2351 patria
1725 2300 1774 2337 sus
1788 2301 1837 2337 sm·

228 2361 303 2409 sente
324 2355 371 2409 sed
385 2371 434 2424 spe
445 2355 504 2423 jam
517 2356 595 2419 iacta,
610 2363 638 2408 ιι
657 2355 759 2425 iniquis
778 2355 944 2425 prejudiciis
958 2359 1020 2412 sub
1056 2358 1177 2428 pliiicare
1191 2361 1316 2430 cupidum
1337 2360 1408 2430 quod
1424 2377 1512 2431 genus
1524 2361 1636 2431 vulgare
1658 2370 1749 2415 estet
1766 2363 1837 2433 dege

227 2432 301 2496 latis,
315 2434 377 2503 plus
390 2434 502 2488 fortasse
511 2434 638 2504 ponderis
652 2433 799 2488 habebunt.
841 2435 918 2496 Quod
932 2437 957 2492 si
970 2454 1019 2493 nos
1056 2455 1113 2494 ner.
1154 2438 1307 2502 Secundum
1331 2455 1431 2504 eorum,
1457 2440 1504 2511 qui
1526 2440 1623 2511 patrias
1647 2442 1797 2509 ροιιιιιιιιιι
1816 2449 1837 2494 ιι

227 2513 320 2566 omnia
343 2513 550 2582 perfecissemus
572 2520 599 2567 et
622 2512 703 2583 plane
728 2513 945 2580 absolvissemus,
968 2532 1018 2571 nec
1055 2517 1200 2587 imperium
1213 2519 1284 2586 iuer
1297 2518 1445 2572 humanum
1463 2536 1549 2589 genus
1568 2518 1740 2589 amplificare
1759 2522 1837 2573 nitun-

229 2591 298 2645 alios
307 2591 335 2644 iu
344 2600 449 2662 partem
462 2601 490 2646 et
502 2592 665 2647 consortium
679 2592 800 2647 laborum
815 2593 928 2648 subinde
941 2612 1019 2650 voca·
1056 2603 1113 2659 tur;
1147 2596 1214 2650 illud
1234 2596 1297 2667 plus
1319 2605 1392 2650 certe
1417 2597 1500 2651 habet
1521 2598 1669 2668 dignitatis,
1692 2599 1837 2669 cupiditatis

227 2687 336 2725 remnsr
358 2672 440 2726 etiam
460 2672 494 2725 ab
512 2671 667 2740 hujusmodi
686 2671 775 2726 verbis
788 2670 1017 2739 abstinuissemus,
1056 2675 1129 2730 haud
1146 2676 1241 2730 minua
1282 2675 1358 2737 Quod
1376 2677 1400 2729 si
1420 2677 1481 2745 quis
1499 2676 1612 2730 humani
1630 2679 1743 2748 generis
1762 2678 1837 2749 ipsius

227 2767 263 2804 ne
291 2749 477 2820 acciperentur
502 2751 531 2804 iu
557 2751 777 2821 pradicationem
807 2751 896 2805 meriti
921 2754 1017 2808 nostri.
1055 2755 1202 2824 potentiam
1221 2763 1248 2808 et
1266 2754 1410 2824 imperium
1429 2756 1458 2808 in
1476 2772 1566 2809 rerum
1583 2756 1787 2810 universitatem
1804 2757 1836 2809 in

230 2829 299 2883 Cum
319 2846 384 2883 vero
403 2829 517 2884 aliorum
534 2830 668 2885 industria
686 2830 806 2884 acuenda
826 2831 869 2893 sit,
883 2837 911 2885 et
932 2833 1017 2886 animi
1055 2840 1175 2887 staurare
1202 2841 1230 2887 et
1253 2834 1419 2904 amplificare
1446 2842 1574 2899 coneturr
1609 2851 1644 2887 ea
1671 2835 1836 2905 proculdubio

229 2908 365 2963 excitandi
387 2916 467 2981 atque
487 2909 668 2974 accendendi;
689 2916 897 2964 consentaneum
919 2918 968 2977 est,
989 2918 1019 2967 ut
1055 2912 1166 2967 ambitio
1181 2914 1217 2982 (si
1230 2914 1310 2967 modo
1329 2914 1367 2968 ita
1378 2914 1497 2967 vocanda
1516 2912 1565 2980 sit)
1579 2911 1695 2984 reliquis
1716 2924 1745 2969 et
1757 2914 1835 2969 sanius

229 2987 352 3059 quaedam
365 2989 520 3043 hominibus
530 2990 559 3042 in
571 2996 689 3044 mentem
698 2990 859 3060 redigamus
1055 2999 1095 3045 est
1105 2993 1285 3063 etaugustior.
1317 2993 1445 3047 Hominis
1454 3001 1544 3047 autem
1552 2994 1698 3062 imperinm
1712 2994 1742 3047 in
1754 3012 1801 3057 res,
1811 2994 1835 3047 iu

266 3066 360 3121 Primo
373 3068 473 3138 itaque,
487 3067 594 3122 videtur
606 3069 775 3123 inventorum
789 3067 920 3123 nobilium
932 3067 1017 3124 iutro·
1055 3071 1121 3125 solis
1134 3073 1236 3126 artibus
1255 3080 1283 3125 et
1301 3072 1421 3126 scientiis
1438 3072 1564 3141 ponitur:
1584 3078 1692 3126 naturae
1706 3074 1779 3128 enim
1791 3089 1835 3127 nun

228 3144 319 3199 ductio
339 3147 410 3200 iuter
428 3147 547 3201 actiones
564 3147 697 3201 humanas
709 3146 791 3217 longe
811 3147 912 3216 primas
926 3157 1017 3217 partes
1054 3149 1210 3219 imperatur,
1225 3151 1278 3204 nisi
1291 3151 1418 3221 parendo.

227 3230 335 3289 teuere3
365 3225 394 3279 id
418 3226 489 3296 qnod
509 3225 620 3297 antiqua
639 3225 731 3282 secula
740 3225 935 3293 judicaverunt.
975 3228 1018 3282 Ea
1095 3229 1238 3293 Praeterea,
1262 3230 1286 3283 si
1308 3231 1387 3283 unius
1411 3228 1525 3298 alicujus
1546 3229 1723 3299 particularia
1744 3229 1834 3284 inventi

228 3303 300 3357 euim
327 3303 512 3359 inventoribus
532 3305 637 3359 divinos
655 3304 773 3359 honores
791 3303 955 3361 tribuemnt:
983 3307 1017 3360 iis
1053 3308 1154 3361 utilitas
1166 3309 1206 3362 ita
1218 3308 1342 3362 homines
1355 3310 1484 3373 affecerit,
1498 3315 1527 3362 ut
1544 3324 1613 3372 eum,
1629 3310 1677 3379 qui
1697 3326 1784 3380 genus
1795 3308 1835 3362 bu·

227 3388 325 3446 autem,
347 3384 393 3453 qui
418 3383 448 3437 in
467 3383 548 3438 rebus
569 3383 693 3439 civilibus
713 3382 886 3437 merebantur
909 3386 1017 3455 (quales
1055 3403 1163 3440 manum
1172 3387 1324 3442 universnm
1333 3387 1563 3458 beneficioaliquo
1571 3387 1710 3442 devincire
1720 3388 1834 3459 potuerit,

227 3468 305 3515 eraut
318 3461 423 3516 urbium
436 3470 464 3516 et
476 3462 652 3532 imperiorum
665 3462 824 3527 conditores,
838 3462 1016 3533 legislatores,
1054 3465 1164 3519 bomine
1177 3466 1307 3533 majorem
1321 3467 1491 3536 putaveriutr
1512 3475 1614 3538 quanto
1627 3466 1730 3522 celsius
1743 3466 1834 3521 videbi-

227 3541 374 3609 patriamm
388 3557 406 3594 a
422 3542 553 3596 diuturnis
566 3541 646 3596 malis
665 3540 831 3605 liberatores,
845 3543 1016 3611 tyrannidum
1054 3550 1097 3598 tur
1109 3543 1164 3598 tale
1178 3544 1280 3615 aliquid
1293 3546 1421 3607 invenire,
1437 3563 1486 3615 per
1499 3545 1572 3616 quod
1585 3545 1641 3599 alia
1653 3547 1750 3601 omnia
1762 3561 1834 3616 expe·

227 3618 414 3685 debellatores,
428 3620 513 3675 ethis
526 3620 643 3688 similes)
657 3620 770 3675 heroum
785 3627 887 3674 tautum
900 3620 1017 3677 bonores
1054 3623 1109 3677 dite
1127 3623 1243 3678 inveniri
1262 3626 1386 3694 possint?
1407 3625 1443 3678 Et
1461 3631 1552 3678 tamen
1571 3627 1614 3692 (ut
1627 3642 1724 3681 verum
1737 3627 1836 3681 omnino

228 3697 410 3753 decreverunt.
453 3698 542 3770 Atque
556 3705 628 3753 certe
643 3700 667 3753 si
682 3699 743 3770 quis
756 3706 874 3753 earecte
888 3700 1016 3766 conferat,
1054 3702 1186 3773 dicamus)
1214 3704 1452 3774 quemadmodum.
1471 3703 1524 3758 luci
1555 3719 1687 3774 magnam
1714 3704 1836 3760 babemus

225 3777 326 3843 justum
342 3778 394 3831 hoc
406 3778 489 3848 prisci
504 3778 587 3833 seculi
598 3778 731 3846 judicium
741 3778 865 3848 reperiet.
905 3778 1016 3835 Etenim
1054 3782 1178 3851 gratiam,
1196 3782 1269 3852 quod
1288 3799 1419 3852 peream
1437 3782 1495 3836 vias
1514 3783 1592 3847 inire,
1616 3793 1689 3838 artes
1710 3799 1835 3846 exercere,

226 3855 396 3910 inventorum
409 3857 542 3912 beneficia
555 3858 590 3911 ad
602 3858 755 3912 universum
770 3873 855 3929 genus
868 3858 1016 3914 humanum
1053 3859 1153 3931 legere,
1172 3877 1222 3914 nos
1238 3861 1355 3916 invicem
1372 3862 1530 3933 dignoscere
1551 3862 1695 3931 possimus,
1715 3872 1744 3917 et
1762 3861 1836 3918 nihil·

226 3935 360 4004 pertiuere
384 3945 515 4006 possunt;
547 3935 639 3990 civilia
665 3937 700 3990 ad
722 3944 809 3991 certas
832 3938 1016 3992 tantummodo
1054 3940 1159 3994 ominus
1176 3939 1239 4009 ipsa
1251 3941 1320 3994 visio
1337 3940 1406 3995 lucis
1424 3957 1468 3994 res
1485 3943 1659 4011 prestantior
1677 3951 1720 3995 est
1740 3951 1767 3996 ιι
1784 3939 1835 4012 pul·

227 4011 368 4068 homiuum
382 4015 474 4070 aedes:
496 4015 555 4070 hoec
569 4015 651 4071 etiam
664 4015 909 4085 nonnltrapaucas
922 4023 1016 4072 aetates
1053 4019 1151 4082 chrior,
1173 4035 1255 4088 quam
1273 4019 1416 4090 multiplex
1437 4020 1496 4088 ejus
1515 4036 1600 4074 rasus:
1629 4019 1668 4073 ita
1691 4029 1765 4075 certe
1783 4022 1835 4091 ipsa

227 4090 340 4156 durant;
373 4093 424 4147 illa
447 4096 524 4163 quasi
548 4096 685 4164 perpetuis
712 4094 885 4165 temporibus.
926 4094 1016 4167 Atque
1053 4096 1246 4167 contemplatio
1254 4115 1351 4160 rerum,
1363 4106 1442 4168 prout
1452 4105 1521 4162 mant,
1530 4099 1589 4153 sine
1599 4100 1836 4169 superstitionesut

227 4177 315 4224 status
325 4172 475 4226 emendatio
487 4174 517 4226 iu
531 4173 654 4228 civilibus
666 4190 719 4228 non
734 4175 792 4229 sine
806 4173 870 4226 siet
880 4176 1016 4243 perturba·
1053 4177 1210 4245 impostura,
1228 4194 1316 4232 errore
1334 4186 1380 4232 ant
1396 4178 1561 4242 confusione,
1579 4179 1609 4232 in
1629 4194 1659 4231 se
1678 4178 1740 4248 ipsa
1758 4178 1835 4249 magis

227 4249 302 4304 tinne
316 4250 474 4322 plerumque
488 4252 625 4322 procedit:
646 4260 676 4306 at
684 4254 795 4307 inventa
801 4252 891 4317 beant,
899 4260 927 4307 ιι
935 4252 1016 4308 bene·
1053 4256 1136 4325 digua
1150 4263 1198 4318 est,
1213 4273 1295 4327 quam
1308 4257 1449 4311 universus
1462 4257 1632 4311 inventorum
1645 4255 1757 4313 ιτιιοιιιι

227 4328 319 4383 ficium
332 4330 455 4383 deserunt
467 4331 568 4401 absque
583 4330 697 4401 alicujus
709 4332 809 4400 injuria
821 4339 869 4385 aut
882 4332 998 4387 tristitia.
1092 4334 1234 4389 Postremo
1260 4336 1346 4406 siquis
1373 4335 1592 4404 depravationem
1618 4335 1792 4392 scientiarum
1811 4340 1835 4388 et

267 4407 358 4461 Etiam
373 4408 483 4463 iuventa
493 4410 571 4480 quasi
581 4426 658 4466 novae
668 4411 818 4465 creationes
832 4417 901 4474 sunt,
913 4417 940 4464 et
949 4411 1016 4466 divi·
1053 4413 1150 4467 artium
1164 4414 1199 4468 ad
1211 4413 1343 4469 malitiam
1357 4423 1385 4468 ιι
1402 4414 1544 4478 luxuriam,
1559 4423 1587 4468 et
1607 4414 1717 4478 similia,
1738 4417 1835 4483 objeoe·

226 4500 323 4540 norum
336 4503 447 4556 operum
462 4489 636 4554 imitamenta,
650 4499 682 4544 ut
693 4490 762 4544 bene
775 4489 875 4543 cecinit
886 4488 949 4544 ille:
1052 4492 1103 4556 rit,
1124 4493 1152 4546 id
1171 4494 1308 4547 nemiuem
1327 4500 1440 4548 moveat
1484 4492 1555 4547 lllud
1575 4494 1648 4547 enim
1667 4493 1701 4546 de
1719 4494 1834 4549 omnibus

307 4600 935 4730 tirauttitztratsuutmuu....
1053 4571 1835 4723 astitistis.titubabant&

306 4715 910 4826 Ὲιῑιῐιῦιῑιιῑιυιιΐιιῑιιιὶ,ΙθιιιιιῑῑιῙξιιιῑιΙῑιιι
938 4778 976 4826 ,l
1052 4737 1162 4799 cuperet
1183 4730 1263 4784 modo
1278 4747 1363 4802 genus
1381 4730 1530 4785 humanum
1548 4731 1594 4798 jus
1614 4747 1696 4784 sunm
1716 4731 1746 4786 in
1768 4737 1835 4786 natu

793 4792 884 4826 ‘'m‘'
921 4793 954 4828 '¹'
979 4814 984 4826 ‘
1052 4824 1118 4873 ram,
1131 4808 1203 4879 quod
1214 4810 1240 4863 ei
1254 4827 1290 4864 ex
1301 4809 1435 4864 dotatione
1448 4808 1540 4863 divina
1552 4810 1699 4879 competit,
1728 4810 1834 4865 etdetur

267 4880 356 4951 Atque
370 4880 475 4936 videtur
488 4890 581 4938 notatu
594 4883 705 4955 dignum
717 4885 746 4939 in
765 4884 922 4949 Salomone;
944 4885 1015 4957 quod
1053 4887 1078 4941 ei
1100 4888 1196 4957 copia:
1218 4905 1298 4943 usum
1318 4905 1383 4943 vero
1403 4895 1477 4943 recta
1502 4888 1573 4942 ratio
1599 4896 1628 4942 et
1653 4904 1722 4942 sana
1747 4887 1834 4960 religit

227 4976 288 5012 cum
302 4960 427 5028 imperio,
444 4978 516 5026 auro,
530 4964 732 5033 magnificentia
746 4980 866 5034 operum,
880 4964 1014 5030 satellitio,
1053 4966 1222 5038 gubernabit.

227 5037 369 5104 famulitio,
389 5038 475 5094 classe
494 5040 612 5110 iusuper,
637 5049 665 5095 et
686 5042 804 5097 nominis
828 5042 959 5108 claritate,
984 5060 1015 5098 ac

228 5133 334 5171 summa
346 5117 487 5173 bominum
502 5120 677 5175 admiratione
695 5121 820 5185 florerem
841 5129 931 5176 mmeu
944 5123 1016 5176 nihil
1407 5106 1490 5146 ⁰¹¹¹·

227 5194 324 5250 horum
337 5195 469 5265 delegerit
481 5198 534 5251 sibi
548 5198 582 5251 ad
596 5197 718 5268 gloriam,
732 5199 779 5253 aed
795 5201 835 5253 ita
853 5202 1014 5270 pronuncia·
1092 5200 1155 5254 Jam
1172 5217 1237 5254 vero
1255 5206 1361 5270 lempna
1380 5205 1430 5264 est,
1449 5210 1479 5254 nt
1497 5206 1582 5255 artem
1599 5200 1690 5272 ipsam
1710 5202 1831 5271 interpre-

227 5275 311 5328 verit:
347 5274 498 5329 “Gloriam
519 5275 572 5329 Dei
594 5294 662 5341 esse,
685 5276 774 5332 celare
793 5295 865 5345 rem,
900 5279 1015 5351 gloriam
1054 5281 1134 5333 tuadi
1150 5288 1276 5333 usturam
1290 5295 1484 5349 proponamus:
1504 5279 1533 5333 in
1547 5278 1741 5350 qualicetnos
1755 5277 1832 5333 utilis·

227 5353 308 5423 regis,
322 5352 486 5424 investigare
499 5355 586 5408 rem.”
1054 5359 1124 5412 sima
1145 5365 1174 5411 et
1194 5358 1335 5412 verissima
1355 5358 1516 5429 precepisse
1540 5358 1716 5424 arbitremure
1748 5366 1830 5412 rana

267 5430 371 5486 Rursus
395 5433 432 5500 (si
460 5432 562 5503 placet)
587 5439 693 5504 reputet
721 5435 864 5506 quispiam,
887 5444 1017 5507 quantum
1052 5437 1243 5492 necessitatem
1256 5437 1282 5492 ei
1296 5436 1447 5494 absolutam
1461 5437 1545 5507 (acsi
1564 5437 1666 5511 absque
1685 5454 1718 5494 ea
1736 5436 1774 5491 nil
1789 5433 1829 5506 agi

575 2106 670 2146 cmx.
