3800 5875
210 322 267 376 582
756 316 938 375 HISTORIA
959 318 1059 373 Vl'l'AE
1080 317 1128 373 ΕΤ
1148 316 1304 372 Moarls.

209 480 311 536 etenim
325 480 408 534 εῒὶειιι
420 480 449 533 in
459 477 576 534 dammis
586 478 718 542 videmus,
729 478 868 533 flammam
881 476 1008 532 nonnihil
1046 476 1144 531 celeris
1158 482 1186 530 et
1198 475 1286 540 velox,
1301 471 1397 544 quales
1409 477 1474 526 sunt
1487 487 1588 536 curma,
1598 469 1663 542 pila,
1675 468 1846 541 gladiatoria.

210 560 342 628 majorem
357 557 452 628 (modo
465 558 546 613 suerit
559 565 686 612 constans
700 564 728 611 et
741 556 903 628 tranquilla)
916 557 1007 611 minus
1045 563 1075 609 et
1096 555 1212 610 similia:
1247 562 1277 608 et
1295 569 1388 608 rursus
1409 567 1472 606 cum
1492 552 1612 621 impetus
1632 548 1792 604 extenditur
1814 549 1847 604 ad
1881 583 1885 626 4

210 640 351 693 absumere
365 655 401 692 ex
409 637 504 693 fomite
518 654 576 702 aaa
587 653 669 708 quam
678 636 789 690 flamma
798 636 887 690 minor
895 635 1006 706 agitata,
1045 633 1157 689 ultimas
1170 633 1243 688 vires
1256 639 1285 686 et
1302 633 1394 695 nixus,
1409 630 1505 702 quales
1523 636 1588 684 sunt
1604 628 1699 693 saltas,
1718 627 1803 693 hora,
1822 639 1847 683 et
1884 645 1885 674 ι

210 725 238 772 et
256 735 306 788 per
327 717 402 772 vices
420 715 553 770 intensior
571 724 598 770 et
615 715 769 770 remissior:
791 716 820 768 id
838 715 911 785 quod
925 714 1007 784 plane
1046 713 1159 768 similia.
1201 712 1312 768 Certum
1338 711 1414 765 enim
1441 717 1490 776 est,
1514 710 1627 780 spiritus
1652 708 1684 761 in
1712 708 1847 778 sagrada
1884 691 1885 758 i

210 797 404 852 demonstravit
420 795 550 867 regimen,
565 801 592 848 et
610 795 692 870 dioeta
710 793 825 848 Comari
838 793 944 859 Veneti,
960 794 1006 864 qui
1045 793 1158 863 positos,
1173 792 1217 846 vel
1230 808 1281 863 per
1292 790 1481 860 pernicitatem
1492 797 1591 852 motas,
1604 786 1651 841 vel
1670 803 1724 857 per
1737 786 1846 841 ultimos
1884 813 1885 820 ι

210 876 281 930 bibit
294 884 323 930 et
336 874 392 929 edit
405 883 446 929 tot
460 890 545 928 annos
558 874 706 942 adjustum
719 872 840 942 pondus3
860 872 932 927 unde
946 888 1008 926 cen·
1045 872 1135 936 nixus,
1151 872 1210 925 fieri
1223 877 1318 942 postea
1331 869 1422 939 magis
1435 884 1512 923 acres
1530 876 1558 922 et
1575 864 1766 937 praedatorios
1804 866 1845 920 lix

211 955 338 1026 tesimum
349 970 449 1008 anuum
459 953 562 1008 viribus
575 960 602 1006 et
611 951 736 1007 sensibus
743 951 851 1007 validus
860 952 1006 1022 superavit.
1046 950 1132 1004 altera
1145 959 1223 1020 porte
1237 949 1450 1017 exercitiaque
1463 947 1530 1002 satis
1539 947 1639 1000 fortem
1648 945 1725 998 cient
1736 954 1845 1009 motam,

251 1032 298 1094 72.
318 1033 410 1088 Etiam
423 1032 568 1086 videndum
582 1039 633 1097 est,
647 1047 682 1085 ne
696 1047 802 1102 corpus,
814 1030 887 1102 quod
899 1030 1008 1100 plenius
1046 1029 1094 1084 aed
1108 1045 1162 1083 non
1176 1029 1259 1083 nimis
1272 1027 1399 1091 celerem,
1412 1034 1459 1081 aut
1472 1025 1628 1080 adultimaa
1642 1024 1725 1088 vires,
1741 1024 1845 1096 (quales

212 1114 336 1177 nutritur,
350 1129 439 1183 neque
453 1129 502 1183 per
514 1110 672 1179 hujusmodi
683 1110 791 1182 (quales
801 1110 933 1177 diximus)
944 1110 1008 1163 diar-
1046 1115 1109 1162 suat
1122 1108 1240 1172 saltatio,
1251 1107 1401 1179 sagittatio,
1411 1105 1553 1178 equitatio,
1564 1102 1644 1159 lnsrrs
1657 1103 1811 1175 globorum,
1821 1113 1845 1158 et

211 1202 252 1247 tas
273 1192 428 1255 emetiatur,
448 1190 556 1245 veneris
574 1206 653 1244 nsum
671 1190 863 1259 tempestivum
881 1189 1006 1255 omittat3
1047 1185 1168 1256 similia)
1184 1186 1257 1241 nihil
1271 1185 1402 1251 officiunt,
1416 1186 1467 1240 sed
1480 1191 1594 1256 prosunt
1606 1183 1713 1254 potins.

210 1289 245 1325 ne
269 1271 381 1341 spiritus
400 1270 483 1325 nimis
501 1275 635 1340 turgeant,
655 1275 684 1322 et
700 1284 796 1338 corpus
817 1267 959 1321 emolliant
981 1274 1009 1321 et

210 1351 358 1405 destruant.
400 1350 496 1421 ltaque
521 1348 554 1402 de
576 1348 656 1418 copia
677 1347 788 1417 spiritus
809 1348 958 1413 modernis,
980 1354 1008 1402 et
1085 1346 1259 1401 veniendum
1275 1345 1335 1413 jam
1355 1343 1390 1398 ad
1408 1344 1523 1398 affectus
1541 1349 1572 1395 et
1589 1341 1738 1412 passiones
1755 1341 1844 1404 animi,

212 1430 289 1501 quasi
304 1428 411 1501 frugali,
424 1428 483 1497 jam
496 1427 654 1498 inquisitum
668 1435 717 1481 est.
1046 1432 1075 1480 et
1100 1425 1253 1487 videndum,
1280 1424 1328 1494 qui
1351 1440 1388 1479 ex
1409 1423 1478 1493 ipsis
1504 1422 1540 1476 ad
1560 1419 1771 1493 longevitatem
1793 1422 1843 1475 sint

1046 1505 1131 1570 noxii,
1147 1505 1193 1575 qui
1206 1504 1297 1559 utiles.

252 1586 298 1647 73.
320 1586 446 1657 Sequitur
458 1585 598 1656 inquisitio
616 1585 649 1638 de
668 1583 826 1639 frenatione
846 1591 936 1638 motus
950 1583 1007 1654 spi·
1086 1582 1133 1638 80.
1156 1583 1263 1638 Gaudia
1276 1597 1378 1652 magna
1392 1587 1535 1636 attenuant
1552 1586 1582 1634 et
1598 1579 1760 1634 diffundunt
1770 1579 1842 1650 spiri·

212 1667 297 1731 ritus;
327 1674 418 1720 motus
438 1664 511 1719 enim
531 1663 675 1718 manifesto
694 1680 757 1717 eum
776 1668 899 1718 attenuat
918 1671 946 1718 et
965 1664 1008 1718 iu·
1046 1671 1097 1728 tus,
1113 1670 1140 1717 et
1157 1665 1242 1718 vitam
1262 1661 1437 1716 abbreviant:
1457 1659 1555 1714 laetitia
1571 1659 1721 1713 familiaris
1738 1660 1842 1714 roborat

212 1746 311 1801 cendit.
352 1744 405 1799 llla
414 1743 538 1799 iraenatio
548 1742 578 1796 fit
588 1742 673 1797 tribus
683 1742 786 1797 modis:
807 1760 857 1813 per
867 1759 1006 1806 somnum
1046 1743 1164 1814 spiritus,
1178 1740 1315 1797 evocando
1328 1756 1383 1806 eoa,
1397 1757 1448 1796 nec
1462 1747 1555 1794 tamen
1567 1738 1748 1793 exsolvendo.

212 1843 262 1897 per
289 1824 462 1879 evitationem
489 1821 590 1877 laboris
610 1821 787 1885 vehementis,
808 1828 855 1876 aut
881 1822 1008 1877 exercitii
1086 1821 1133 1877 81.
1154 1820 1352 1892 Impressinnes
1378 1820 1539 1891 gaudiorum
1568 1817 1722 1883 sensuales,
1749 1816 1840 1882 malam
1884 1833 1885 1840 ¹

212 1904 299 1968 nimii,
313 1904 430 1974 denique
445 1901 532 1956 omnis
546 1900 729 1964 lassitudinis3
751 1908 779 1954 et
796 1917 848 1970 per
864 1900 1008 1955 cohibitio-
1046 1900 1241 1956 ruminationes
1265 1900 1426 1971 gaudiorum
1448 1898 1477 1952 in
1498 1897 1640 1962 memoria,
1661 1905 1713 1952 ant
1732 1897 1842 1969 preben

213 2002 275 2039 nem
296 1984 442 2037 affectuum
462 1979 644 2035 molestorum.
684 1979 725 2033 Ac
745 1979 835 2050 primo
852 1979 885 2032 de
903 1996 1006 2036 somno.
1046 1981 1138 2035 aiones
1152 1996 1245 2035 sorum
1258 1995 1295 2034 ex
1309 1995 1358 2049 spe
1371 1979 1416 2032 vel
1429 1976 1584 2048 phantasia,
1597 1977 1688 2031 bonas.
1884 2017 1885 2050 p

254 2063 299 2123 74.
321 2060 426 2116 Fabula
448 2059 532 2114 habet
553 2058 744 2129 Epimenidem
767 2058 797 2113 in
819 2067 896 2112 antro
916 2059 1008 2129 plures
1087 2059 1135 2116 82.
1157 2060 1250 2131 Magis
1264 2060 1398 2112 confortat
1411 2058 1524 2127 spiritns
1534 2057 1666 2128 gandium
1680 2063 1842 2127 pumma

213 2157 299 2195 annos
312 2140 479 2202 dormivisse,
493 2153 582 2208 neque
596 2135 727 2192 alimento
743 2138 860 2207 eguisse,
874 2156 936 2193 cum
950 2139 1008 2209 spi·
1046 2156 1128 2210 parce
1151 2139 1386 2204 communicatam,
1408 2153 1491 2209 quarn
1517 2137 1651 2209 gaudium
1678 2137 1796 2191 effusum
1816 2143 1843 2190 et
1884 2145 1885 2206 s

213 2222 282 2275 ritus
295 2220 366 2274 inter
376 2217 561 2273 dormiendum
570 2216 663 2271 minus
673 2216 811 2286 depascat.
1046 2217 1223 2289 publicatum.

255 2299 300 2360 75.
321 2298 498 2368 Experientia
512 2297 590 2351 docet
609 2296 740 2351 animalia
757 2296 881 2367 quadam
903 2296 1009 2367 (qualia
1087 2297 1133 2353 83.
1154 2299 1259 2353 Moeror
1279 2305 1307 2352 et
1332 2296 1451 2361 tristitia.
1475 2295 1500 2350 si
1526 2304 1603 2350 meta
1626 2303 1714 2362 vacet,
1740 2302 1770 2348 et
1790 2310 1842 2349 nna

214 2387 277 2433 aunt
298 2378 399 2432 sorices
419 2385 448 2431 et
468 2374 686 2446 vespertiliones)
707 2376 736 2429 in
759 2376 921 2447 quibusdam
940 2376 1009 2432 locis
1046 2378 1161 2432 nimium
1188 2385 1278 2449 angat,
1306 2376 1391 2431 vitam
1413 2375 1506 2446 potins
1532 2374 1700 2446 prolongat:
1734 2374 1843 2445 spiritis

214 2457 328 2511 occlusis
343 2474 392 2527 per
404 2456 540 2527 integram
554 2455 674 2510 hiemem
690 2455 826 2520 dormire;
847 2456 916 2510 adeo
935 2472 1008 2511 som·
1047 2458 1119 2512 enirn
1134 2457 1277 2522 contrahit¹
1292 2463 1321 2510 et
1333 2464 1377 2510 est
1389 2455 1611 2510 condensationis
1625 2471 1722 2525 genna

213 2553 265 2591 nus
278 2536 505 2607 depredationem
520 2533 629 2589 vitalem
650 2534 798 2606 compescit
805 2555 813 2601 ς
835 2534 906 2606 quod
927 2536 1009 2591 etiam
1087 2539 1135 2592 84.
1157 2536 1251 2592 Metus
1282 2535 1424 2607 graviores
1449 2535 1536 2588 vitam
1568 2534 1749 2589 abbreviant:
1782 2533 1843 2587 lieet

213 2617 304 2670 iacere
331 2621 460 2685 putantur
486 2631 553 2684 apes
580 2621 608 2668 et
631 2613 694 2679 inci,
718 2611 781 2668 licet
807 2614 968 2686 quandoque
992 2632 1009 2669 a
1048 2616 1122 2671 enim
1135 2623 1276 2671 etmoeror
1289 2622 1418 2670 etmetus
1432 2614 1558 2684 spiritum
1566 2613 1841 2690 uterquemgurtien
1884 2611 1885 2644 ³

213 2694 295 2750 melle
309 2695 444 2749 destitutis
464 2693 558 2748 itidem
569 2693 720 2764 papiliones
732 2700 761 2748 et
774 2710 883 2748 muscae.
1048 2704 1140 2751 tamen
1164 2696 1194 2750 in
1218 2712 1333 2750 moerora
1355 2700 1398 2748 est
1415 2692 1535 2764 simplex
1561 2695 1730 2757 conbactim
1764 2700 1794 2746 at
1815 2693 1842 2745 in
1884 2715 1885 2780 q

254 2773 300 2834 76.
322 2774 438 2829 Somnus
451 2782 513 2844 post
532 2772 684 2844 prandium,
699 2771 905 2828 ascendentibus
918 2773 948 2826 in
962 2789 1007 2826 ca·
1047 2786 1127 2840 metu,
1142 2782 1253 2847 propter
1265 2789 1344 2830 curas
1357 2774 1391 2828 de
1404 2773 1534 2839 remedio,
1548 2779 1656 2844 stapes
1673 2772 1841 2836 intermittas

143 2881 147 2890 ·
213 2862 263 2925 put
281 2853 426 2924 vaporibus
444 2870 500 2907 non
519 2852 635 2922 ingratis
655 2855 761 2924 (utpote
784 2852 880 2922 primis
902 2852 1010 2906 roribus
1047 2854 1078 2909 fit
1090 2861 1172 2910 oestus
1186 2862 1215 2910 et
1226 2854 1335 2910 vexatio
1348 2852 1499 2925 spirituum.
1628 2909 1633 2918 ,

213 2933 347 3002 ciborum)
361 2932 503 3004 spiritibus
521 2931 638 3002 prodest,
653 2931 701 2986 sed
719 2931 754 2986 ad
767 2930 822 2987 alia
834 2931 933 2997 omnia.
948 2949 1010 3003 quas
1087 2933 1135 2990 st.
1156 2934 1202 2990 lra
1215 2950 1371 3005 compressa
1383 2940 1425 2989 est
1436 2934 1520 2988 etiam
1528 2932 1689 2989 vexationis
1698 2946 1799 3006 genam
1816 2942 1842 2987 et

214 3014 249 3068 ad
264 3015 407 3068 sanitatem
425 3013 570 3082 pertinent,
590 3011 682 3083 gravis
701 3018 787 3066 estet
805 3012 921 3076 noxiora
942 3019 1010 3066 atta·
1048 3016 1174 3085 spiritum
1186 3016 1307 3086 corporis
1328 3029 1422 3068 soccos
1437 3029 1549 3083 carpere
1563 3012 1645 3077 iacit3
1666 3021 1698 3067 at
1710 3011 1765 3068 sibi
1783 3028 1841 3082 per·

214 3110 277 3147 men
288 3092 317 3146 in
326 3098 590 3147 extremasenectute
601 3091 697 3145 eadem
707 3097 748 3145 est
756 3091 887 3145 ratiocibi
897 3098 926 3145 et
935 3107 1009 3145 som·
1048 3094 1133 3149 missa
1152 3101 1182 3148 et
1201 3095 1274 3149 toras
1295 3093 1431 3165 prodiens,
1453 3092 1549 3161 juvate
1570 3100 1707 3164 tanquam
1727 3092 1840 3147 medies·

213 3173 258 3235 ni;
281 3172 345 3243 quia
357 3172 484 3242 frequens
497 3187 557 3225 esse
570 3170 650 3224 debet
664 3176 691 3225 et
707 3170 819 3225 reiectio
832 3178 861 3224 et
874 3170 1009 3236 dormitio,
1048 3181 1141 3229 menta
1152 3173 1209 3237 illa,
1223 3191 1285 3244 quae
1297 3174 1439 3228 robustum
1454 3171 1585 3227 inducunt
1598 3173 1730 3227 calorem.
1884 3226 1885 3249 q

215 3252 263 3305 sed
277 3251 367 3305 brevis
381 3259 409 3304 et
422 3250 522 3320 pusilla
533 3271 540 3304 ε
562 3249 711 3320 quinetiam
721 3250 757 3303 ad
770 3248 894 3304 ultimm
907 3256 1011 3305 mamm
1084 3253 1136 3310 86.
1158 3253 1264 3308 lnvidia
1278 3252 1398 3323 pessima
1412 3258 1460 3316 est,
1474 3260 1504 3305 et
1520 3252 1609 3323 carpit
1629 3253 1753 3323 spiritus,
1766 3261 1841 3325 atque
1884 3254 1885 3271 ¹

214 3330 359 3385 senectutis
375 3346 450 3384 mera
468 3329 546 3400 quies
562 3336 589 3383 et
607 3337 754 3401 perpetuus
772 3330 850 3401 quasi
868 3329 1010 3385 decubitus
1048 3330 1089 3387 illi
1099 3349 1192 3387 narsus
1205 3348 1320 3402 corpns3
1335 3348 1368 3386 eo
1381 3331 1481 3401 magis,
1497 3332 1570 3401 qnod
1584 3331 1642 3385 iere
1652 3339 1840 3403 perpetuast.

214 3409 331 3480 prodest,
346 3409 496 3478 presertim
511 3409 676 3478 temporibus
689 3408 862 3463 hiemalibus.
1048 3428 1099 3467 nec
1112 3412 1171 3483 agit
1184 3411 1227 3483 (ut
1240 3411 1351 3479 dicitur)
1366 3411 1450 3465 festos
1463 3410 1530 3465 dies

256 3485 302 3550 77.
323 3488 424 3543 Verum
438 3495 469 3542 ut
482 3504 591 3542 somnus
605 3488 760 3542 moderatus
780 3487 814 3541 ad
828 3486 1011 3558 prolongatio-
1088 3486 1135 3551 87.
1156 3490 1345 3545 Misericordia
1371 3506 1408 3545 ex
1434 3489 1508 3544 malo
1530 3488 1630 3555 aliena
1654 3490 1731 3561 quod
1750 3491 1780 3546 in
1796 3506 1841 3546 nos
1884 3524 1885 3531 ι

215 3585 278 3623 ιιειιι
296 3568 359 3622 ritae
378 3566 452 3633 facit,
467 3568 506 3621 ita
525 3565 611 3621 multo
629 3568 726 3639 magis,
746 3566 825 3622 aisit
841 3566 966 3638 placidus
984 3574 1012 3622 et
1048 3570 1123 3640 ipsos
1149 3570 1245 3624 cadere
1267 3586 1323 3624 non
1345 3585 1427 3639 posse
1448 3569 1562 3635 videtur,
1583 3569 1675 3636 bonae
1700 3586 1761 3641 quse
1783 3586 1842 3626 vero

214 3665 268 3702 non
282 3647 413 3701 turbidus.
1049 3649 1225 3704 similitudine
1249 3650 1367 3721 quadam
1387 3657 1480 3719 potest
1492 3648 1597 3704 reflecti
1618 3649 1650 3704 in
1663 3652 1842 3717 animantem,

253 3726 300 3787 78.
322 3727 451 3780 Somnum
471 3723 609 3795 placidum
626 3725 781 3791 consiliant,
799 3724 880 3791 viola,
896 3725 1010 3793 lactuca,
1048 3729 1129 3793 mala,
1144 3729 1208 3800 qnia
1220 3729 1324 3783 excitat
1336 3734 1448 3783 metum.

218 3806 381 3877 (praesertim
394 3806 483 3871 cocta)
498 3820 614 3874 syropus
627 3822 644 3859 e
657 3806 726 3861 rosis
740 3805 826 3868 siccis,
841 3820 942 3868 crocus,
956 3822 1012 3860 me·
1089 3807 1138 3863 88.
1168 3807 1259 3863 Pudor
1285 3807 1354 3863 levis
1380 3808 1494 3862 minime
1521 3808 1613 3872 officit,
1642 3824 1709 3864 cum
1735 3811 1843 3881 spiritns

215 3884 289 3950 lissa,
303 3902 385 3955 poma
396 3884 426 3939 in
441 3884 553 3937 introitu
566 3882 639 3949 lecti,
653 3885 708 3939 offa
721 3885 801 3956 panis
814 3901 850 3939 ex
863 3885 926 3939 vino
940 3884 1011 3939 mal·
1047 3886 1189 3956 paululum
1210 3887 1354 3942 conuahat
1380 3894 1407 3941 et
1427 3887 1541 3942 subinde
1560 3887 1703 3953 effundate
1727 3890 1795 3944 adeo
1814 3898 1844 3944 nt
1884 3884 1885 3937 i

216 3965 312 4029 vatico,
327 3963 477 4035 praesertim
490 3961 669 4032 iniusaprius
682 3980 746 4018 rosa
763 3963 938 4019 muscatella:
958 3963 1011 4017 ita·
1049 3967 1194 4021 verecundi
1214 3967 1261 4021 diu
1282 3969 1326 4035 (nt
1345 3965 1505 4037 plurimum)
1520 3966 1628 4032 vivante
1653 3975 1685 4020 at
1705 3969 1793 4038 mdor
1809 3984 1842 4024 ex
1884 3978 1885 4017 Τ

216 4061 269 4113 que
288 4044 354 4098 utile
376 4043 445 4097 toret
465 4043 597 4097 conticere
617 4043 737 4115 aliquam
756 4043 879 4114 pilulam,
899 4042 944 4097 vel
964 4042 1012 4097 ali·
1049 4045 1201 4116 ignominia
1213 4053 1362 4116 magnast
1374 4045 1422 4100 diu
1436 4046 1842 4117 affligens,spirinrseontrabit,
1884 4048 1885 4051 ’

217 4140 298 4192 quem
312 4122 438 4176 haustum
459 4138 571 4191 parvum
589 4138 625 4177 ex
644 4121 800 4191 hujusmodi
817 4123 905 4186 rebus.
924 4138 1011 4193 eoque
1049 4141 1136 4196 usqne
1149 4125 1184 4179 ad
1198 4125 1410 4190 suffocationem,
1425 4133 1453 4179 et
1465 4133 1509 4179 est
1521 4125 1703 4195 perniciosus.
1884 4186 1885 4197 q

216 4201 256 4256 uti
273 4201 449 4255 familiariter.
490 4201 584 4255 Etiam
603 4218 716 4272 eaquae
734 4218 765 4257 os
778 4200 922 4256 ventriculi
942 4201 1011 4256 bene
1090 4202 1137 4258 89.
1159 4204 1249 4269 Amor,
1264 4204 1288 4257 si
1301 4220 1357 4259 non
1369 4203 1452 4259 fuerit
1463 4204 1563 4259 infelix
1573 4210 1602 4258 et
1614 4206 1840 4273 nimianueisns,

216 4280 354 4346 claudunt,
367 4280 399 4334 nt
417 4296 511 4334 semen
528 4280 662 4335 coriandri
680 4289 873 4352 praeparatum,
889 4288 1011 4346 cotonea.
1050 4300 1085 4338 ex
1099 4299 1198 4354 genere
1212 4283 1306 4354 gaudii
1319 4292 1374 4349 est;
1389 4291 1419 4339 et
1431 4283 1542 4339 easdem
1551 4283 1626 4339 subit
1639 4283 1727 4357 leges,
1737 4288 1842 4359 quasde

217 4366 320 4430 etpyra
328 4358 1010 4430 fragrantiaassata,somnuminducuntplacidumr
1050 4361 1312 4434 gaudioposnimua
1884 4426 1885 4435 χ

217 4449 278 4493 ante
293 4438 391 4502 omnia,
403 4434 613 4504 juventiana,
624 4447 652 4494 et
664 4439 838 4504 maximeiis‚
850 4439 896 4511 qui
910 4438 1013 4494 habent
1091 4440 1139 4496 90.
1159 4442 1228 4511 Spes
1241 4443 1362 4498 omnium
1375 4442 1521 4498 affectuum
1534 4442 1687 4499 utibssima
1701 4452 1752 4511 est,
1766 4453 1795 4501 et
1811 4447 1842 4500 sd
1884 4476 1885 4489 ι

216 4517 394 4572 ventriculum
422 4516 489 4571 satis
515 4515 622 4584 fortem,
649 4518 759 4589 prodest
784 4518 899 4574 haustus
926 4518 1012 4574 bonus
1050 4520 1283 4592 prolongationem
1297 4521 1361 4576 vitta
1374 4521 1613 4592 plurimumiacite
1628 4524 1722 4580 sinon
1734 4526 1842 4580 nimium

217 4614 295 4669 aane
308 4595 504 4667 perterruisse,
518 4596 548 4651 in
561 4597 674 4653 introitu
687 4598 762 4652 lecti.
1050 4616 1123 4671 saepe
1136 4600 1288 4666 intercidat,
1299 4601 1348 4657 sed
1360 4600 1535 4672 phantasiam
1548 4601 1613 4656 boni
1622 4603 1725 4659 intuitu
1733 4614 1842 4675 pascat:

1050 4681 1141 4751 itaque
1166 4680 1213 4751 qui
1235 4680 1316 4734 finem
1340 4679 1468 4751 aliquem,
1491 4689 1624 4753 tanquam
1651 4690 1753 4738 metam
1776 4686 1842 4747 vite.

1051 4759 1138 4830 figunt
1150 4766 1179 4812 et
1192 4767 1362 4830 proponuntr
1386 4769 1414 4815 et
1435 4768 1569 4831 perpetuo
1582 4772 1611 4814 et
1625 4764 1731 4817 senaim
1742 4764 1774 4817 in
1786 4772 1842 4817 vota

1051 4854 1100 4892 suo
1113 4837 1275 4908 proliciunt;
1295 4839 1405 4894 mances
1418 4847 1448 4893 ut
1464 4839 1612 4910 plurimum
1626 4849 1709 4906 sunt;
1730 4844 1800 4898 adeo
1810 4852 1841 4903 ot.

1051 4934 1112 4971 cum
1126 4917 1161 4971 ad
1174 4917 1282 4971 culmen
1295 4918 1355 4990 spei
1368 4935 1425 4973 suaa
1435 4920 1564 4984 venerint,
1578 4934 1631 4973 nec
1643 4919 1767 4976 habeant
1777 4923 1843 4994 qaod

1051 4994 1170 5067 amplius
1197 5004 1314 5068 sperent,
1341 4997 1399 5052 iere
1422 4997 1524 5052 animis
1549 4998 1703 5066 concidant,
1727 5018 1779 5056 nee
1801 5002 1844 5055 din

1051 5075 1208 5146 superstites
1228 5077 1297 5141 sint;
1317 5083 1348 5130 ut
1360 5090 1424 5147 spes
1437 5077 1559 5132 videatur
1572 5084 1707 5150 tanquam
1719 5081 1844 5153 gardim

1052 5155 1183 5222 foliatum,
1192 5156 1264 5226 quod
1275 5156 1304 5211 in
1315 5156 1478 5211 immensum
1491 5158 1654 5224 extenditur.
1665 5161 1845 5216 sicutanruna

1092 5232 1138 5289 91.
1159 5234 1320 5300 admiratio,
1344 5241 1373 5289 et
1394 5235 1464 5290 levis
1482 5237 1688 5308 cmtempletia
1707 5239 1742 5293 ad
1763 5242 1846 5294 mam

1052 5314 1265 5385 prolongandam
1278 5313 1397 5370 manime
1412 5314 1531 5380 facium
1547 5316 1673 5372 detinent
1684 5319 1756 5373 euim
1770 5320 1848 5389 spiri·

260 5383 305 5443 79.
326 5385 463 5446 Quatenus
485 5388 520 5440 ad
542 5394 642 5440 motum
665 5396 693 5442 et
713 5389 859 5456 exercitia3
883 5389 1015 5446 lassitudo
1051 5400 1094 5446 tus
1118 5394 1148 5447 in
1172 5394 1261 5458 rebus,
1286 5411 1348 5465 quaa
1371 5393 1487 5464 placent,
1512 5411 1563 5451 nec
1585 5410 1634 5451 eos
1662 5398 1778 5463 turbare,
1801 5406 1848 5451 art
1884 5402 1885 5443 i

218 5470 305 5525 nocet,
326 5472 407 5533 atque
434 5474 523 5520 motus
551 5475 579 5519 et
601 5466 765 5532 exercitatio,
791 5486 851 5538 quse
872 5476 913 5524 est
931 5472 1014 5527 nimis
1050 5471 1170 5543 inquiete
1184 5479 1212 5527 et
1225 5488 1330 5529 morose
1345 5488 1427 5544 agere
1446 5474 1555 5530 sinunt:
1576 5476 1650 5531 unde
1672 5494 1765 5533 omnes
1784 5494 1847 5532 ron-
1884 5468 1885 5547 ]

491 4713 534 4783 De
557 4717 641 4771 ectasi
660 4715 819 4782 voluntaria,
839 4718 895 4772 sire
917 4733 1013 4788 procu-

453 4800 520 4857 rata,
542 4803 622 4865 atque
637 4795 670 4850 de
688 4796 896 4868 cogitationibus
915 4797 1013 4852 defixis

257 4879 283 4927 ct
297 4870 447 4943 profundis,
469 4873 562 4939 (modo
580 4875 636 4928 sint
653 4874 755 4946 absque
775 4875 924 4944 molestia)
942 4877 1013 4929 nibil

256 4952 346 5007 habeo
359 4952 506 5022 comperti;
529 4952 632 5007 faciunt
644 4955 822 5025 proculdubio
835 4956 870 5009 ad
883 4955 1012 5009 intentio-

255 5047 326 5096 nem,
348 5037 376 5085 et
395 5031 511 5084 densant
530 5031 648 5101 spiritus,
668 5035 752 5089 etiam
772 5035 910 5105 potentius
931 5052 1014 5105 quam

256 5126 382 5165 somnus:
403 5127 465 5165 cnm
479 5126 575 5164 sensus
592 5129 677 5182 reque,
691 5121 738 5167 ant
754 5116 842 5184 magis
859 5114 968 5185 sopiant
986 5120 1015 5168 et

256 5188 439 5259 suspendant:
460 5189 493 5243 de
514 5188 569 5242 illis
587 5190 740 5261 inquiratur
757 5191 880 5247 ulterius.
923 5193 1013 5265 litque

256 5268 290 5321 de
304 5284 399 5322 somno
412 5268 552 5323 hactenus.

228 4759 367 4803 Mandatum.
