3800 5875
71 334 121 390 ιιι.
141 332 174 386 ll.
682 327 820 383 Novum
842 325 1043 383 ORGANUM.
1596 330 1654 384 485

69 492 117 546 boc
132 488 254 545 confectio
266 494 293 542 et
305 483 491 557 multiplicatio
506 483 618 556 spiritns
634 484 775 540 deducitur
794 487 829 539 ad
866 486 996 555 primaria
1016 485 1130 540 sumitur
1151 501 1188 540 ex
1206 484 1287 555 copia
1306 484 1350 539 vel
1371 484 1506 556 paucitate
1527 489 1656 552 materies,

70 587 159 625 σιιιιιιιιι
171 586 216 640 per
227 567 429 621 diminutionem
442 565 579 636 ponderis.
619 564 652 618 ln
669 565 829 620 omnienim
866 583 927 637 qum
947 565 1019 619 subit
1039 565 1111 619 idem
1133 565 1251 634 spatium
1268 566 1327 619 σίνε
1347 564 1506 620 dimensum.
1547 568 1656 638 Reliqui

70 650 224 705 desiccatione
238 647 339 718 aliquid
353 646 449 699 defluit
461 644 495 698 dc
506 650 622 715 quauto;
642 660 730 715 neque
744 643 772 697 id
785 645 828 713 ip·
866 646 940 699 enim
954 644 1137 699 schematismi
1149 644 1208 715 (qui
1223 643 1375 699 referuntur
1384 644 1419 697 ad
1432 644 1657 701 dissimilaritates

69 747 116 783 sun
127 746 158 783 ex
169 729 261 796 spiritu
281 734 384 780 mutum
405 725 635 795 prreinexistente,
654 724 702 778 sed
723 740 759 779 ex
772 740 829 778 cor·
866 724 991 794 partium,
1003 741 1064 795 quae
1074 724 1102 778 in
1116 723 1211 777 eodem
1221 738 1333 794 corpore
1347 723 1524 788 continentur,
1535 733 1564 779 ει
1577 725 1658 779 collo-

69 826 121 880 pose
130 808 192 878 quod
205 806 277 876 prius
286 806 337 860 fuit
345 803 481 875 tangibile,
492 812 520 857 at
532 803 641 857 noviter
651 819 758 858 versum
768 810 827 857 est:
866 803 988 857 cationes
1002 819 1034 856 ac
1047 803 1182 873 posituras
1190 802 1349 876 earundem)
1362 820 1420 874 pres
1433 803 1482 857 illo
1495 804 1582 858 altero
1595 813 1658 860 suut

69 887 240 957 spin‘tnsenim
256 901 310 939 non
328 883 466 954 ponderat.
506 882 641 954 Egressus
661 889 751 937 antem
771 882 828 937 sive
866 883 1029 937 secundarii.

70 967 157 1020 enisdo
174 965 280 1034 spiritns
302 964 442 1018 deducitur
459 963 493 1015 ad
511 960 638 1016 sensibile
655 962 685 1015 in
704 962 828 1032 rubigine
906 961 949 1015 Sit
966 962 1057 1033 itaque
1078 967 1175 1016 natura
1195 960 1332 1032 inquisita,
1347 962 1480 1032 expansio
1499 962 1557 1017 sive
1578 964 1659 1018 coitio

69 1045 218 1108 metallorum,
236 1052 263 1098 et
284 1043 347 1098 aliis
367 1042 606 1113 putrefactionibus
629 1041 688 1109 ejus
710 1042 827 1111 generis,
866 1041 987 1096 materiae
1014 1042 1043 1094 in
1070 1040 1228 1111 corporibus
1255 1041 1420 1111 respectivec
1449 1041 1500 1096 via.
1528 1050 1658 1113 quantum

70 1125 215 1196 quesistum
228 1141 267 1189 se,
282 1130 427 1192 numquam
446 1122 617 1191 pervenerint
630 1121 664 1173 ad
677 1120 829 1175 rudimenta
866 1120 987 1175 materies
1013 1119 1128 1189 impleat
1153 1127 1283 1190 quantum
1306 1120 1458 1175 dimensum
1481 1122 1509 1175 in
1531 1122 1657 1193 singulis.

68 1207 128 1267 rita3
145 1220 202 1257 nam
213 1202 426 1268 illaeadtertiuns
437 1217 524 1271 ςειιιισ
530 1217 673 1272 processus
682 1200 827 1269 pertinent.
866 1198 978 1253 Etenim
998 1199 1036 1253 nil
1052 1199 1143 1253 verius
1163 1200 1192 1253 ίιι
1212 1208 1314 1263 natura,
1337 1216 1418 1270 quam
1439 1201 1590 1271 propositio
1609 1200 1658 1256 illa

68 1283 154 1337 Etenim
167 1283 194 1336 in
206 1282 361 1352 corporibus
377 1281 465 1351 magis
478 1279 626 1351 compactis
643 1280 754 1349 spiritus
774 1294 828 1332 non
867 1278 1002 1348 gemella,
1023 1277 1071 1332 Ee
1090 1279 1177 1332 nitito
1190 1279 1353 1349 niiitJierie
1373 1296 1456 1350 neque
1472 1280 1613 1351 quicquum
1627 1283 1657 1334 c'n

67 1362 150 1416 innuit
161 1379 236 1432 poros
249 1370 277 1415 et
288 1370 400 1424 meatus,
411 1377 460 1430 per
474 1376 542 1430 quos
555 1358 659 1413 evolet:
681 1359 773 1429 itaque
786 1374 829 1412 co·
866 1358 981 1412 nihilum
993 1358 1103 1430 redigi:
1118 1374 1212 1412 verum
1225 1365 1354 1429 quantum
1366 1358 1456 1429 ipsum
1470 1359 1590 1414 materia
1600 1360 1657 1414 sive

67 1443 125 1512 gitm
141 1451 225 1512 partes
246 1441 322 1511 ipsas
342 1440 487 1511 tangibiles
505 1439 660 1510 protrudere
676 1447 705 1491 et
718 1446 781 1492 ante
799 1455 828 1492 σε
867 1453 1001 1492 summam
1020 1438 1132 1492 totalem
1153 1445 1284 1501 εοιισιειε,
1307 1454 1357 1491 nec
1380 1438 1472 1509 augeri
1494 1444 1541 1491 aut
1561 1439 1656 1494 minui.

68 1537 139 1592 agere,
150 1522 187 1574 its
196 1520 286 1576 utillae
297 1518 377 1574 simul
387 1526 498 1582 exeantc
519 1526 600 1589 atque
610 1517 671 1571 inde
682 1517 712 1572 fit
724 1516 828 1588 rubigo,
867 1516 927 1570 Nec
939 1517 1008 1571 illud
1020 1517 1109 1571 minus
1122 1533 1230 1581 vernum
1245 1515 1292 1569 En
1302 1525 1401 1587 quanto
1415 1518 1462 1570 illo
1474 1519 1593 1572 materies
1607 1520 1657 1573 sub

68 1609 89 1653 et
97 1599 189 1656 similia.
230 1599 264 1653 Ac
277 1600 423 1654 contractio
435 1599 553 1669 partium
567 1595 747 1667 tangibilium,
758 1604 829 1667 post-
867 1596 963 1650 iisdem
975 1598 1076 1669 spatiis
1084 1598 1140 1651 sios
1151 1597 1367 1661 dimensionibus,
1378 1597 1594 1667 prodc'uersitotc
1603 1615 1658 1650 cor·

69 1697 131 1750 quam
143 1679 237 1750 aliquid
251 1680 284 1733 de
298 1678 396 1749 spiritu
409 1678 490 1733 fuerit
502 1677 630 1731 emissum
644 1676 728 1746 (unde
742 1676 830 1748 sequi·
862 1692 966 1745 porum,
977 1677 1044 1747 plus
1058 1684 1084 1728 et
1096 1677 1185 1729 minus
1198 1676 1331 1728 contineri
1341 1695 1352 1735 ‚·
1373 1683 1403 1729 ιιι
1415 1675 1443 1729 in
1458 1692 1530 1747 aqua
1543 1676 1612 1746 plus,
1627 1678 1658 1732 in

67 1767 101 1812 tur
116 1758 158 1811 illa
175 1759 334 1825 desiccatio)
346 1758 484 1813 deducitur
497 1757 531 1811 ad
551 1755 687 1820 σειισίίιίίε,
701 1763 758 1810 mm
781 1772 830 1825 per
867 1753 930 1809 aare
943 1756 1048 1809 minus:
1071 1754 1188 1809 Adeunt
1202 1754 1226 1810 si
1237 1754 1297 1826 quis
1307 1761 1417 1819 asserat,
1428 1754 1537 1827 aliquod
1550 1764 1658 1810 conten-

67 1839 137 1907 ipsam
158 1837 277 1893 duritiem
297 1838 336 1892 rei
356 1845 472 1904 aucum,
487 1843 544 1890 tum
567 1835 760 1906 multomagis
781 1852 830 1905 per
867 1839 924 1888 tum
939 1835 1058 1906 aquaein
1072 1840 1290 1904 percontentum
1309 1832 1461 1888 removenti
1483 1851 1570 1904 posse,
1584 1836 1657 1891 idem

67 1919 180 1981 scisurrar,
193 1917 403 1988 angustationes,
418 1916 627 1987 corrugationes,
642 1923 670 1969 et
683 1914 829 1985 complica·
867 1913 942 1967 sitae
954 1915 977 1967 si
988 1913 1068 1977 dicat,
1078 1913 1180 1985 aliquid
1190 1929 1269 1982 ροσσε
1278 1913 1364 1983 redigi
1375 1913 1404 1967 in
1413 1912 1543 1968 nihilum:
1554 1922 1656 1982 contra,

68 1996 136 2050 dones
154 2013 299 2067 corporum,
328 2013 388 2067 qnae
414 1996 477 2050 inde
510 2002 666 2066 sequuntur.
719 1993 830 2048 Etenim
867 1992 965 2063 siquis
978 2000 1089 2058 emerat,
1103 1992 1213 2064 aliquod
1226 1999 1382 2047 contentum
1395 1993 1466 2048 r‘e'ris
1479 1994 1508 2047 in
1529 2010 1579 2065 par
1596 2012 1659 2049 con-

67 2085 139 2144 portet
156 2076 219 2147 ligni
238 2076 370 2130 desiliunt
383 2083 409 2131 et
424 2083 615 2146 angustantnr3
636 2072 722 2143 pelles
742 2089 830 2128 corru-
868 2079 973 2127 tentum
986 2079 1064 2144 aqum
1077 2073 1146 2126 verti
1164 2087 1260 2143 posse;
1275 2072 1348 2126 idem
1367 2072 1404 2127 sit
1422 2089 1454 2126 ac
1472 2073 1496 2127 si
1515 2072 1595 2138 dicat,
1609 2073 1658 2128 ali-

68 2165 160 2224 ganturs
177 2172 261 2226 neque
274 2156 305 2209 id
319 2155 414 2217 solum,
423 2154 515 2223 sed(si
529 2154 618 2207 subita
629 2152 711 2207 fuerit
720 2152 830 2208 emissio
868 2152 933 2223 quid
947 2169 1028 2222 posse
1050 2152 1109 2206 fieri
1126 2169 1162 2207 ex
1175 2150 1271 2206 nihilo.
1311 2151 1400 2221 Atque
1418 2168 1454 2206 ex
1471 2153 1550 2223 copia
1564 2154 1616 2207 ista
1630 2160 1659 2208 et

68 2235 156 2302 spiritus
167 2234 341 2306 peccalorem
351 2233 436 2305 ignis)
447 2241 550 2288 tantum
564 2239 710 2303 properant
722 2232 757 2287 ad
766 2248 830 2286 con·
867 2232 1003 2301 paucitate
1024 2232 1154 2296 materia,
1167 2231 1291 2285 notiones
1309 2230 1364 2285 illae
1378 2232 1457 2286 densi
1476 2236 1504 2286 et
1517 2235 1584 2297 ruri,
1599 2249 1660 2303 quas

68 2315 206 2377 motionem,
220 2322 250 2370 ut
262 2331 293 2368 se
309 2313 470 2383 complicent
484 2320 512 2367 et
524 2312 692 2366 convolvant.
732 2320 734 2326 '
868 2310 941 2365 varie
955 2318 983 2364 et
996 2310 1148 2382 promiscue
1158 2310 1333 2380 accipiuntur,
1342 2311 1450 2380 proprie
1459 2310 1658 2367 abstrahuntur.

96 2393 228 2457 tteontra,
242 2394 289 2448 nbi
305 2395 417 2463 spiritus
430 2393 570 2457 detinetur,
589 2397 721 2445 ettamen
736 2390 831 2445 dilata-
868 2388 1038 2444 desumenda
1059 2398 1102 2444 est
1124 2398 1153 2444 ει
1171 2390 1284 2444 assertio
1309 2388 1357 2444 illa
1378 2391 1466 2454 tertie,
1490 2392 1573 2445 etiam
1593 2393 1659 2446 satis

67 2479 100 2524 tur
116 2480 139 2525 et
157 2474 285 2528 excitatur
309 2490 360 2543 per
381 2472 498 2527 calorem
518 2478 565 2526 aut
583 2471 642 2540 ejus
658 2471 775 2542 analoga
789 2470 830 2540 (id
868 2478 958 2523 certa:
979 2469 1050 2542 quod
1070 2469 1130 2533 hoc,
1152 2469 1186 2523 de
1207 2485 1260 2540 quo
1279 2468 1421 2539 loquimur,
1439 2469 1501 2540 plus
1524 2478 1551 2524 ει
1570 2471 1660 2526 minus

68 2550 123 2620 quod
134 2553 160 2606 tit
177 2553 203 2607 in
223 2552 384 2623 corporibus
398 2552 486 2622 magis
499 2550 593 2605 solidis
609 2558 657 2604 aut
676 2549 829 2618 tenacibus)
868 2549 990 2603 materias
1007 2549 1038 2604 in
1055 2563 1167 2618 corpore
1187 2547 1240 2602 hoc
1253 2547 1298 2602 vel
1317 2547 1373 2611 illo,
1386 2548 1420 2602 ad
1437 2548 1555 2604 calculos
1576 2549 1660 2619 (facta

67 2639 177 2686 tumvero
195 2648 308 2702 corpora
329 2631 507 2696 emolliuntur,
528 2638 559 2685 nt
578 2630 678 2685 ferrum
697 2630 829 2693 candens3
868 2627 1024 2697 collatione)
1039 2635 1067 2681 ει
1084 2627 1272 2698 proportiones
1285 2634 1402 2693 ειισεισσ,
1417 2636 1463 2682 aut
1482 2629 1585 2683 exactis
1598 2646 1660 2699 pro-

68 2708 141 2775 lmnt,
159 2719 188 2765 ut
207 2711 335 2775 metalla;
356 2710 506 2782 liquefiunt,
528 2716 558 2763 ut
580 2710 693 2780 gummi,
713 2726 784 2773 cera,
804 2716 832 2762 ct
868 2708 992 2778 pinques,
1007 2707 1098 2762 reduci
1120 2707 1214 2778 possit
1255 2706 1346 2761 Veluti
1367 2707 1391 2760 si
1410 2706 1471 2777 quis
1484 2707 1557 2762 dicat
1569 2708 1659 2765 inesse

67 2789 154 2845 similla
192 2791 287 2863 ltaque
309 2792 450 2844 contraria
470 2789 526 2844 itta
544 2789 714 2860 operationes
732 2788 830 2842 caloris
869 2788 897 2840 in
907 2788 972 2841 dato
985 2794 1111 2841 contento
1120 2787 1178 2840 auri
1190 2785 1272 2840 talem
1286 2783 1516 2841 coacervationem
1531 2788 1659 2853 materiae,

68 2869 101 2933 (ut
112 2886 141 2922 ex
152 2887 182 2924 eo
194 2870 247 2924 alia
260 2872 415 2933 durescant,
430 2868 484 2923 alia
502 2867 667 2941 liquescant)
691 2868 770 2922 facile
791 2885 832 2922 re·
868 2874 899 2921 ut
906 2883 975 2938 opus
984 2865 1085 2921 habeat
1096 2866 1205 2938 spiritus
1214 2864 1270 2919 vini
1284 2866 1318 2920 ad
1331 2864 1384 2919 tale
1396 2872 1526 2935 quantum
1539 2867 1660 2923 materias

68 2948 229 3015 omcilimturc
243 2951 313 3023 qnia
324 2950 355 3004 in
367 2949 431 3015 illis,
445 2950 556 3021 spiritus
571 2949 719 3015 emittitur;
735 2949 763 3002 in
777 2947 830 3013 his,
868 2948 1037 3019 aquandum,
1061 2947 1149 3018 spatio
1167 2946 1251 3001 vicies
1279 2956 1307 3001 et
1332 2946 1417 3001 semel
1443 2947 1553 3015 majore,
1577 2965 1660 3021 quam

67 3028 160 3096 egilum
176 3037 201 3084 et
221 3031 374 3085 detineturz
402 3047 516 3101 qnorum
540 3029 676 3099 posterius
696 3036 739 3084 est
759 3028 831 3081 actio
868 3028 966 3097 implet
979 3044 1090 3092 aurnm;
1105 3043 1161 3081 non
1175 3027 1311 3081 erraverit.

67 3109 155 3176 propria
166 3109 259 3164 caloris
273 3117 303 3164 et
318 3109 444 3180 spiritum
459 3109 542 3179 prius,
557 3109 627 3162 actio
640 3109 758 3180 partium
773 3116 830 3161 tan·
908 3107 1084 3162 Coacervatio
1097 3114 1187 3161 autem
1201 3106 1330 3169 materia,
1338 3112 1366 3160 et
1379 3105 1495 3160 rationes
1506 3106 1566 3174 ejus
1580 3106 1661 3161 dedu·

68 3184 168 3254 gibilium
179 3197 280 3244 tantum
293 3206 346 3260 per
358 3188 528 3243 occasionem
538 3188 649 3258 spiritus
661 3189 763 3242 emissi.
869 3196 965 3242 cuntur
990 3188 1025 3241 ad
1051 3185 1179 3241 sensibile
1206 3203 1256 3256 per
1283 3186 1396 3256 pondus.
1450 3185 1559 3240 Pondus
1586 3187 1660 3239 enim

99 3266 137 3320 lot
148 3268 189 3322 nbi
203 3270 315 3338 spiritus
333 3285 385 3322 nec
402 3269 536 3323 detinetur
556 3284 674 3338 prorsus,
688 3285 738 3321 nec
758 3283 831 3337 pror·
869 3267 1013 3336 respondet
1022 3267 1109 3336 copim
1115 3266 1244 3331 materiae,
1253 3265 1342 3337 quoad
1351 3270 1441 3335 partes
1452 3264 1491 3318 rei
1502 3264 1659 3336 tangibilia:

68 3349 244 3414 toremittitur3
266 3348 317 3403 sed
334 3356 439 3402 tantum
456 3348 528 3402 inter
546 3346 663 3401 claustra
676 3354 831 3401 sustentat
869 3346 979 3415 spiritua
1001 3353 1099 3409 autem,
1122 3353 1150 3399 et
1171 3346 1230 3414 ejus
1254 3352 1382 3416 quantum
1406 3361 1442 3399 cx
1464 3345 1584 3408 materie,
1605 3360 1661 3399 non

67 3429 228 3496 etesperitm,
248 3436 331 3498 atque
345 3436 425 3481 nacta
442 3433 483 3481 est
500 3434 592 3497 partes
612 3426 757 3497 tangibiles
770 3426 832 3480 obe·
868 3426 943 3479 venit
968 3427 998 3480 ίιι
1024 3425 1253 3495 εοιιιριιιιιιίοιιειιι
1274 3441 1324 3494 ρει
1349 3424 1469 3495 pondus;
1490 3424 1565 3478 levat
1588 3424 1661 3478 enirn

68 3501 151 3559 dientes
163 3516 188 3559 et
201 3524 333 3578 smuaces
346 3509 375 3561 in
388 3514 533 3576 promptu;
554 3506 595 3559 ita
608 3512 638 3560 ut
652 3522 705 3577 quo
718 3506 831 3576 spiritus
869 3505 975 3574 pondus
1001 3505 1099 3576 potius,
1128 3520 1209 3575 quarn
1237 3511 1340 3574 gravat.
1379 3503 1416 3557 Δι
1440 3519 1490 3557 uos
1516 3502 1599 3573 hujus
1620 3504 1660 3557 rei

67 3582 162 3651 agites
180 3585 257 3641 simul
277 3595 443 3658 sequantur:
466 3595 524 3641 tum
537 3602 601 3639 vero
621 3585 743 3656 sequitur
756 3585 831 3639 effor-
870 3583 989 3638 tabulam
1003 3584 1115 3638 lecimus
1129 3584 1194 3637 satis
1208 3591 1376 3645 accuratam
1391 3583 1420 3636 in
1435 3598 1487 3653 qua
1500 3581 1620 3653 pondera
1634 3589 1662 3637 ct

68 3663 131 3717 osto
142 3666 167 3718 in
177 3683 272 3737 corpus
285 3667 454 3737 organicum,
466 3674 494 3719 et
507 3664 721 3730 membriticatio,
731 3672 758 3718 ct
771 3663 832 3718 reli·
870 3664 958 3733 spatia
964 3662 1132 3735 singulorum
1142 3662 1320 3727 metallorum,
1328 3662 1448 3732 lapidum
1456 3662 1660 3731 praecipuorum,

69 3756 114 3808 qua
128 3745 238 3800 σσιίοιιεσ
252 3746 359 3811 vitales,
373 3753 429 3799 tam
448 3746 477 3799 in
490 3744 687 3815 vegetabilibus
701 3761 783 3815 quam
802 3743 831 3797 iu
869 3742 1013 3813 lignorum,
1026 3742 1170 3814 liquorum,
1182 3741 1309 3806 oleorum,
1317 3750 1345 3795 ει
1358 3740 1535 3811 plurimorum
1546 3740 1661 3794 aliorum

68 3820 210 3879 uindices
257 3826 348 3895 Atque
372 3824 432 3879 baec
458 3825 577 3895 manime
604 3823 771 3879 deducuntur
798 3823 831 3877 ad
870 3838 1013 3892 corpomm
1034 3831 1090 3876 tam
1109 3821 1273 3876 naturalium
1297 3837 1378 3892 quam
1400 3820 1591 3883 artificialium,
1616 3838 1662 3874 ex·

69 3912 162 3965 nusum,
175 3919 221 3972 per
238 3905 393 3959 notationes
410 3904 553 3975 diligentes
574 3903 723 3974 primorum
742 3903 832 3973 iucep·
870 3902 992 3973 cepimus
1003 3923 1011 3956 e
1024 3918 1082 3955 rem
1096 3900 1303 3970 polychrestam,
1318 3907 1374 3954 tam
1384 3899 1419 3953 ad
1432 3899 1521 3953 lucem
1534 3900 1662 3954 informa-

68 3984 133 4043 ttutti,
145 3990 171 4035 et
183 3983 395 4037 rudimentorum
407 3984 464 4037 sive
477 3990 705 4038 tentamentorum
719 3983 781 4036 vitae
802 3983 831 4036 in
870 3981 958 4045 tionis,
973 3998 1055 4052 quam
1067 3980 1101 4034 ad
1114 3996 1236 4034 normam
1251 3978 1432 4049 operationisc
1447 3985 1475 4033 ει
1488 3996 1549 4050 qum
1562 3978 1663 4034 multas

68 4057 208 4115 trimalculis
222 4080 257 4116 ex
272 4062 468 4132 putrefactione
482 4063 569 4126 natis3
583 4062 655 4116 utin
669 4063 728 4116 ovis
743 4059 832 4116 formi-
869 4077 913 4114 res
926 4060 1028 4115 revelet
1040 4059 1150 4114 omnino
1164 4067 1261 4129 prester
1275 4065 1454 4128 expectatum.
1483 4060 1580 4129 Neque
1594 4058 1663 4112 illud

68 4148 147 4202 nrum,
167 4141 310 4205 vermibus,
332 4142 440 4205 muscis,
460 4142 535 4196 ranis
556 4148 617 4212 post
635 4141 759 4205 imbrem,
779 4148 830 4196 etc.
870 4155 920 4209 pro
933 4139 1046 4193 minimo
1059 4138 1211 4193 habendem
1224 4145 1272 4203 est,
1288 4137 1360 4209 quod
1372 4138 1536 4192 demonstret
1554 4156 1662 4192 omnem

68 4210 198 4285 Reanitm
208 4228 298 4274 sutem
310 4221 570 4284 adviviticationem
580 4227 608 4274 ει
617 4220 831 4284 leuitascaloris,
869 4219 1036 4283 varietatem,
1062 4234 1123 4290 quas
1148 4217 1178 4271 in
1201 4217 1358 4288 corporibus
1384 4216 1561 4288 mogibilibus
1581 4218 1660 4272 nobis

69 4292 318 4370 ttlentorcorporis3
337 4301 552 4371 utspiritusnec
566 4316 616 4369 ρει
629 4300 831 4355 festinationem
869 4299 941 4352 notis
969 4306 1090 4352 versatur
1117 4295 1308 4369 (intelligimus
1335 4304 1428 4351 autem
1452 4313 1566 4368 corpora
1591 4298 1662 4352 bene

68 4385 175 4446 eumpse,
187 4396 236 4432 nec
258 4396 308 4449 per
321 4380 517 4434 contumaciam
537 4379 654 4449 partium
668 4383 831 4443 coerceatur,
870 4378 954 4440 unita,
969 4394 1019 4431 nec
1040 4376 1121 4448 plane
1143 4376 1296 4447 spongiosa‚
1317 4383 1344 4430 et
1365 4391 1440 4441 cava,
1460 4383 1487 4430 et
1504 4392 1605 4447 magna
1627 4394 1663 4431 ειι

68 4451 118 4517 llin
130 4457 211 4524 potius
223 4458 258 4512 ad
269 4475 338 4513 cerm
351 4459 459 4516 modum
473 4458 534 4514 illas
548 4458 650 4529 plicare
664 4468 693 4514 et
703 4459 832 4530 effingere
870 4464 946 4527 parte
956 4459 1019 4510 aire
1030 4454 1155 4527 impleta)
1164 4471 1219 4509 non
1228 4455 1299 4510 ultra
1308 4456 1426 4510 rationes
1436 4456 1553 4527 partium
1564 4455 1663 4527 viginti

67 4534 142 4596 ptuit.
870 4543 898 4589 et
911 4537 991 4591 unius
1003 4536 1148 4591 excedere:
1163 4542 1218 4588 tam
1232 4535 1309 4588 linita
1321 4534 1427 4589 scilicet
1443 4544 1485 4589 est
1499 4543 1602 4601 natura,
1617 4542 1664 4589 aut

98 4609 194 4678 Rursus,
205 4616 357 4671 differentia
368 4617 418 4672 illa
431 4617 541 4689 spiritus
553 4615 673 4671 maxime
688 4617 794 4681 nobilis,
805 4625 833 4671 et
870 4614 968 4670 saltem
988 4615 1036 4670 illa
1057 4632 1120 4685 pars
1144 4615 1210 4683 ejus,
1232 4614 1309 4683 cujus
1329 4631 1395 4670 usus
1416 4615 1452 4669 ad
1470 4630 1521 4670 nos
1543 4614 1664 4671 maxime

68 4686 93 4737 td
104 4690 209 4757 plurima
221 4697 358 4766 pertinens
372 4698 434 4768 (via
449 4697 559 4767 spiritus
580 4695 710 4761 abscissi;
732 4697 831 4751 ramosi
870 4696 995 4766 pertinet.

67 4766 217 4839 simplicium
239 4777 337 4830 ramosi
362 4777 443 4833 σίιιιιιί
464 4783 492 4831 ει
513 4775 652 4832 connati:
674 4790 709 4828 ex
733 4776 832 4847 quibus
909 4775 1000 4829 Etiam
1014 4773 1162 4845 diligentiae
1174 4780 1274 4828 nostras
1290 4789 1349 4827 esse
1368 4773 1521 4843 putavimus
1535 4772 1662 4843 experiri,

68 4846 126 4911 prior
136 4860 174 4905 cst
186 4854 296 4924 spiritus
314 4856 434 4910 omniurn
447 4872 589 4926 corporum
603 4855 811 4911 inanimatorum
823 4878 831 4920 ς
870 4854 893 4907 si
909 4854 978 4908 forte
992 4853 1053 4924 capi
1067 4853 1173 4922 possint
1187 4855 1307 4907 rationes
1320 4870 1464 4924 corporum
1477 4870 1531 4907 ιιοιι
1545 4851 1663 4920 tangibi-

68 4930 185 4995 sentus,
212 4934 424 5004 vegetabilium
455 4936 558 4998 tertius,
586 4933 757 5001 animalium)
785 4951 833 5004 ρει
870 4932 1005 4987 ίίιιιιισίνε
1019 4933 1258 5002 pneumaticorum,
1272 4939 1395 5003 respectu
1416 4949 1558 5003 corporum
1577 4931 1664 4999 tangi-

68 5002 176 5068 plurim
188 5012 329 5068 instantias
342 5015 510 5070 deductorias
523 5021 653 5085 tanquam
670 5014 721 5068 sub
741 5014 832 5069 oculos
870 5012 974 5066 bilium.
1016 5012 1048 5066 ld
1076 5011 1148 5082 quod
1175 5012 1224 5066 tali
1250 5012 1390 5066 molitione
1414 5011 1537 5083 aggressi
1561 5024 1662 5063 sumus.

68 5085 164 5148 Ρῡΰὶῐῦῐ.
871 5092 997 5147 Phialam
1019 5092 1133 5146 vitream
1156 5093 1318 5163 accepimus,
1338 5109 1398 5163 quta
1419 5091 1528 5144 unciam
1547 5089 1664 5143 fortasse

98 5163 217 5223 Similiter
230 5180 310 5241 petet,
325 5172 397 5244 quod
410 5171 565 5228 subtiliores
584 5179 698 5227 texturas
711 5179 740 5225 et
758 5171 834 5226 sche·
870 5189 952 5227 uuam
974 5188 1071 5241 capere
1091 5172 1193 5241 possit3
1215 5171 1346 5243 parvitate
1361 5170 1434 5224 vasis
1453 5170 1503 5234 nsi,
1518 5175 1548 5221 ut
1565 5168 1664 5222 minori

67 5242 165 5299 mtitmi
190 5265 278 5304 rernm
304 5251 381 5320 (licet
407 5259 466 5306 toto
491 5268 602 5322 corpore
617 5250 764 5305 visibilium
788 5259 835 5305 aut
871 5268 931 5305 cum
946 5249 1036 5305 calore
1050 5260 1142 5320 posset
1162 5251 1222 5306 fieri
1240 5249 1397 5320 evaporatio
1416 5264 1541 5319 sequens.
1583 5248 1664 5302 Hauc

68 5322 234 5405 lmpbrlium)
253 5346 300 5383 neo
319 5338 470 5395 cemantur,
483 5348 533 5386 nec
552 5337 704 5402 tangantur.
745 5331 833 5391 Quare
871 5330 994 5399 phialam
1015 5330 1113 5401 spiritu
1133 5330 1190 5384 vini
1211 5329 1384 5401 implevimus
1405 5326 1461 5381 fere
1488 5326 1523 5380 ad
1545 5326 1663 5391 collum;

68 5412 89 5448 ¹1¹
100 5399 139 5455 hir
152 5421 255 5477 quoque
272 5425 319 5477 per
336 5410 523 5465 deductionem
536 5410 657 5481 procedit
670 5409 832 5464 informatio.
871 5410 1006 5480 eligentes
1025 5410 1150 5480 spiritum
1163 5410 1228 5475 vini,
1247 5409 1318 5480 quod
1335 5424 1385 5477 ρει
1402 5407 1522 5461 tabulam
1537 5407 1666 5477 priorem,

68 5474 95 5529 lt
107 5478 248 5539 differentia
262 5488 509 5545 schematismormn
527 5490 645 5546 maxime
667 5489 794 5544 radicalis
808 5496 835 5544 et
871 5506 933 5544 eum
946 5505 1007 5545 esse
1017 5506 1053 5544 ex
1062 5490 1218 5561 corporibus
1228 5486 1404 5559 tangibilibus
1415 5485 1489 5559 (qum
1502 5487 1667 5553 beneunita,
