3800 5875
120 1286 124 1289 -
211 1269 293 1323 quam
305 1252 383 1320 cujus
396 1251 474 1305 bruta
486 1250 549 1319 ipsa
561 1255 625 1303 sunt
638 1247 757 1316 capacia,
768 1253 796 1300 ct
810 1262 890 1317 quam
905 1243 1000 1298 crebro

209 305 265 359 3⁵6
724 299 775 353 DE
796 293 1022 352 AUGMENTIS
1044 289 1320 348 scrutiniatum.
1711 285 1778 341 Lis.
1799 285 1838 340 V.

207 463 329 528 musicis,
337 461 405 516 ibidi
414 476 465 532 pro
473 459 654 515 lavationibus
668 457 865 520 intestinomm,
874 453 1003 525 operculo
1040 450 1181 514 Davidem,
1205 449 1303 520 quiin
1321 462 1388 519 agro
1410 445 1512 501 aberat.
1551 443 1642 516 Atque
1660 442 1722 500 hac
1740 443 1840 497 imme·

210 543 280 606 ollae,
295 541 368 613 quod
381 539 499 604 dissiliit,
514 556 563 609 pro
579 556 609 593 re
628 536 812 600 tormentaria,
828 535 945 604 denique
961 536 1003 604 (ut
1040 530 1123 585 tionis
1142 530 1231 584 iorma
1252 529 1289 597 (si
1309 544 1403 581 verum
1422 524 1533 580 omnino
1552 523 1696 579 dicendum
1710 518 1763 596 ait)
1779 530 1840 576 tam

210 622 293 676 verbo
306 620 439 691 dicamus)
450 620 524 673 casui
537 625 582 673 aut
591 618 678 671 cuivis
688 616 767 670 alteri
781 614 821 669 rei
831 614 892 684 plus
905 613 1002 667 debea-
1039 609 1151 679 pinguia
1170 615 1256 663 estet
1274 622 1373 669 crassa,
1393 612 1425 658 ut
1444 602 1602 658 incredibile
1620 601 1753 667 videatur,
1778 608 1840 656 eam

209 716 278 766 mus,
300 717 383 770 quam
402 699 560 754 dialecticae.
601 698 661 751 Nec
681 711 746 750 vero
766 693 852 749 multo
871 692 952 746 aliter
971 708 1001 746 ae
1039 695 1158 742 acutaet
1170 687 1280 742 subtilia
1293 683 1405 756 ingenia
1418 680 1528 756 (qualia
1542 682 1572 736 in
1585 681 1631 737 bis
1644 681 1726 736 rebus
1743 679 1840 735 medi·

209 778 293 834 habet
313 780 410 834 modus
427 779 475 833 ille
495 776 657 840 inveniendi,
678 790 759 844 quem
779 780 851 827 recte
872 771 1002 826 describit
1038 768 1155 822 tationes
1168 782 1232 822 suaa
1246 758 1439 835 exercuerunt)
1454 762 1575 832 posuisse
1590 776 1652 815 eam
1665 759 1772 814 mundo
1785 759 1840 813 ob·

210 858 359 932 Virgilius:
382 857 480 928 Georg.
494 856 513 911 i.
530 855 594 910 133.
1038 847 1160 909 trudere3
1181 844 1236 899 nisi
1248 843 1316 899 illud
1330 844 1360 896 in
1376 857 1459 896 cansa
1472 840 1574 904 ferisset,
1588 838 1662 913 qnod
1675 855 1764 909 opera
1778 839 1838 893 ies-

425 990 430 1001 .
587 988 592 998 ,
1039 925 1126 978 tinata
1144 926 1178 978 ad
1199 923 1318 978 theorias
1332 929 1362 976 et
1374 921 1502 991 dogmata
1515 919 1735 973 contendissent:
1771 933 1839 987 par-

311 991 524 1097 {ffifflffi-um
531 985 886 1036 mmd⁰⁰¹¹¹¹¹¹dm²⁸¹¹⁸⁸
1039 1004 1163 1059 ticularia
1183 1009 1274 1057 autem
1297 999 1465 1075 (praesertim
1490 1014 1594 1053 moram
1617 997 1704 1051 iniis
1725 996 1838 1067 longin-

1037 1085 1108 1151 rem)
1123 1100 1160 1139 ex
1173 1083 1244 1136 fastu
1260 1081 1377 1152 quodam
1396 1087 1424 1133 et
1442 1077 1558 1132 elatione
1577 1076 1672 1140 animi,
1686 1075 1835 1144 despexis-

1038 1171 1106 1216 sent
1148 1161 1192 1216 Illi
1214 1161 1288 1215 enim
1309 1158 1442 1228 exempla,
1463 1157 1520 1211 sive
1541 1156 1686 1211 instantias
1708 1154 1836 1225 particu-

210 1173 276 1227 Non
289 1174 361 1227 enim
375 1171 430 1225 alia
442 1170 489 1224 hic
503 1169 662 1240 proponitur
673 1166 830 1222 inveniendi
848 1163 999 1229 methodus,

1037 1241 1117 1306 lares,
1137 1243 1197 1295 vice
1219 1239 1346 1294 lictorum
1367 1244 1415 1292 aut
1437 1236 1570 1290 visionum
1593 1235 1783 1290 adhibuerunt
1799 1235 1836 1287 ad

209 1339 358 1401 usurpant:
378 1330 507 1384 nimimm
534 1328 713 1382 attentissima
736 1327 810 1379 circa
835 1341 917 1378 unam
941 1340 1000 1377 rem

210 1410 359 1474 solicitudo,
381 1410 494 1479 ejusque
519 1415 650 1478 perpetua
673 1405 838 1468 exercitatio,
864 1419 931 1474 quas
957 1403 999 1458 sui

209 1489 385 1545 conservandi
398 1488 546 1543 necessitas
564 1486 724 1554 hujusmodi
743 1484 929 1538 animantibus
946 1482 999 1535 im·

209 1570 296 1640 ponit.
337 1567 435 1624 Cicero
447 1568 521 1623 euim
534 1583 597 1620 vere
612 1565 770 1627 admodum
786 1564 885 1617 “Usus
899 1560 944 1615 uni
960 1561 998 1615 rei

209 1648 321 1712 deditus,
331 1656 359 1701 et
371 1654 496 1701 naturam
506 1652 534 1700 et
546 1652 633 1700 artem
646 1660 719 1714 saepe
729 1643 839 1697 vincit.”
880 1641 968 1702 Quare
975 1641 999 1695 si

1038 1319 1258 1375 summovendam
1284 1318 1398 1381 turbam,
1420 1323 1452 1370 ut
1474 1315 1646 1386 dogmatibus
1673 1313 1733 1368 suis
1757 1314 1835 1367 viam

1037 1401 1190 1469 aperirent;
1215 1399 1371 1468 neutiquam
1390 1403 1480 1450 autem
1500 1411 1534 1448 es
1553 1394 1617 1448 inde
1638 1394 1675 1447 ab
1695 1392 1781 1446 initio
1803 1393 1835 1446 in

1037 1478 1179 1533 canalium
1200 1478 1371 1540 advocarunt,
1386 1482 1417 1528 ut
1436 1474 1559 1544 legitima
1575 1473 1655 1527 tieret
1675 1478 1705 1525 et
1720 1478 1835 1525 mantra

1037 1558 1070 1611 de
1097 1575 1186 1613 rerum
1211 1557 1326 1610 veritate
1353 1552 1519 1608 deliberatio.
1559 1551 1640 1606 Certe
1665 1551 1835 1622 perculserit

1037 1638 1142 1691 animos
1155 1637 1202 1707 pia
1214 1644 1243 1690 et
1261 1633 1388 1705 religiosa
1406 1632 1529 1704 quaedam
1542 1631 1695 1695 admiratio,
1710 1648 1776 1685 cum
1789 1631 1834 1684 vi-

1037 1717 1148 1771 deamus
1164 1715 1259 1770 eadem
1278 1713 1383 1767 calcata
1395 1712 1521 1783 vestigia,
1536 1712 1571 1766 ad
1589 1727 1713 1765 errorem
1733 1710 1835 1763 ducen-

1037 1796 1083 1860 tis,
1097 1797 1126 1849 in
1139 1795 1237 1848 divinis
1250 1800 1279 1848 et
1292 1792 1427 1848 humanis.
1467 1789 1701 1851 Quemadmodum
1717 1789 1835 1843 enimin

1037 1875 1130 1929 divina
1151 1875 1264 1928 veritate
1282 1869 1455 1943 percipienda
1477 1888 1549 1940 tagre
1570 1870 1632 1941 quis
1655 1869 1685 1923 in
1706 1869 1834 1922 animum

1037 1954 1153 2018 inducat,
1167 1962 1198 2008 ut
1216 1954 1264 2008 fias
1282 1960 1410 2023 tanquam
1429 1948 1574 2020 paruulum
1595 1949 1635 2002 ita
1656 1949 1688 2003 in
1709 1947 1835 2002 humana

1037 2033 1221 2103 perdiscenda,
1236 2039 1378 2103 provectos
1393 2029 1495 2100 utique,
1510 2044 1656 2098 puerorum
1668 2044 1760 2090 more,
1777 2027 1834 2097 pri·

1037 2130 1082 2167 ma
1097 2111 1282 2167 inductionum
1301 2109 1437 2165 elementa
1455 2107 1544 2162 adbuc
1561 2107 1655 2177 legere
1677 2113 1707 2161 et
1729 2116 1836 2160 retrac-

1037 2200 1103 2256 tare,
1117 2207 1161 2246 res
1173 2190 1284 2245 humilis
1302 2188 1473 2243 existimatur
1486 2193 1515 2241 et
1529 2186 1607 2258 quasi
1619 2186 1834 2240 contemnende.

212 2267 301 2322 Coruo
322 2268 383 2338 quis
401 2275 494 2323 auctor
513 2269 572 2335 fuit,
587 2276 618 2323 ut
635 2285 737 2339 magna
756 2267 875 2322 siccitate
889 2267 1000 2337 lapillos
1076 2271 1176 2333 Tertio,
1199 2269 1223 2325 si
1246 2268 1414 2332 concedatur,
1436 2265 1570 2337 principia
1590 2266 1775 2320 scientiarum
1798 2282 1836 2319 ex

211 2347 370 2402 immitteret
380 2348 469 2402 arbori
483 2366 567 2413 cavae,
576 2348 622 2402 nbi
634 2365 733 2418 aquam
742 2347 809 2401 sorte
819 2348 998 2417 conspexerit,
1037 2350 1199 2413 inductione,
1220 2365 1274 2420 qua
1294 2354 1413 2411 utuntur,
1431 2345 1475 2399 vel
1494 2361 1577 2399 sensu
1598 2352 1626 2399 et
1648 2345 1835 2414 experientia,

209 2428 242 2479 'nt
256 2434 412 2497 surgentem
428 2427 537 2482 laticem
551 2437 638 2482 rostro
655 2434 746 2498 posset
759 2428 913 2498 attingere?
932 2426 999 2488 Quis
1037 2438 1110 2485 recte
1124 2445 1203 2499 posse
1224 2426 1366 2490 constitui;
1387 2424 1567 2479 certissimum
1583 2430 1744 2489 esttamen,
1758 2425 1837 2479 axio·

210 2505 283 2559 viam
305 2508 463 2561 monstravit
484 2508 588 2578 apibus,
609 2508 655 2578 qui
680 2524 728 2577 per
751 2509 849 2572 adrem,
871 2514 998 2576 tanquam
1036 2517 1110 2563 mata
1119 2507 1248 2563 inferiora
1257 2507 1292 2560 ab
1305 2506 1340 2560 iis
1353 2521 1402 2575 per
1415 2504 1603 2575 syllogismum
1614 2519 1673 2557 non
1685 2520 1773 2573 posse
1788 2501 1835 2577 (in

210 2593 316 2639 vastum
329 2603 411 2653 mare,
423 2604 503 2658 agros
517 2588 632 2651 doridos,
643 2587 708 2641 licet
721 2587 835 2641 multum
845 2586 880 2640 ab
888 2586 1000 2640 alveari·
1038 2590 1117 2643 rebus
1130 2587 1307 2649 naturalibus,
1314 2602 1374 2657 quaa
1387 2584 1552 2655 participant
1564 2600 1599 2637 ex
1613 2583 1748 2649 materia)
1760 2592 1835 2637 recte

210 2664 261 2718 bus
286 2666 402 2730 dissitos,
430 2665 518 2721 solent
544 2675 645 2738 petere,
670 2674 698 2721 et
722 2667 798 2721 favos
825 2683 887 2721 suos
911 2665 1000 2719 denuo
1037 2676 1065 2722 et
1079 2676 1137 2722 tuto
1150 2666 1254 2721 deduci.
1295 2664 1328 2719 Iu
1336 2662 1494 2735 syllogismo
1504 2662 1577 2717 euim
1591 2662 1622 2716 fit
1635 2662 1764 2717 reductio
1774 2679 1837 2732 pro-

211 2745 356 2812 repetere?
377 2745 442 2806 Quis
460 2746 600 2809 formicam
620 2746 718 2810 docuit,
732 2754 762 2801 ut
780 2762 865 2817 grana
884 2746 912 2798 in
925 2744 1000 2799 colli·
1037 2747 1202 2818 positionum
1222 2745 1258 2799 ad
1275 2742 1409 2815 principia
1427 2759 1477 2812 per
1495 2741 1697 2813 propositiones
1717 2742 1834 2795 medias.

211 2823 272 2877 culo
285 2840 334 2878 suo
347 2826 501 2895 reponenda
515 2826 722 2880 circumroderet
736 2825 818 2896 prius,
832 2842 866 2878 ne
880 2824 1000 2895 reposita
1039 2827 1107 2881 Haec
1121 2834 1211 2880 autem
1224 2825 1281 2879 sive
1301 2822 1455 2877 inveniendi
1467 2821 1523 2876 sire
1544 2820 1678 2891 probandi
1698 2820 1789 2875 forma
1805 2822 1836 2873 in

211 2903 402 2974 germinarent,
417 2913 445 2959 et
458 2923 535 2976 spem
549 2923 626 2961 suam
640 2905 805 2961 illuderent?
827 2904 904 2966 Quod
924 2905 948 2958 si
970 2904 999 2958 in
1038 2905 1158 2961 scientiis
1177 2902 1352 2975 popularibus
1372 2898 1470 2978 (veluti
1489 2900 1595 2966 ethicis,
1618 2899 1753 2971 politicis,
1767 2899 1835 2970 legi·

212 3000 290 3038 versu
303 2984 352 3038 illo
365 2984 517 3056 virgiliano
531 2986 591 3056 quis
610 2993 685 3040 notet
702 2985 814 3039 verbum
827 2984 894 3038 illud
907 2992 1000 3037 estun·
1037 2986 1096 3050 bus,
1110 2995 1139 3039 et
1151 2981 1319 3053 hujusmodi)
1333 2981 1421 3036 locum
1441 2981 1540 3035 habet:
1561 2980 1618 3035 imo
1636 2980 1713 3034 etin
1727 2979 1834 3035 theolo-

211 3063 281 3126 dsre,
297 3064 368 3133 quod
382 3064 567 3120 difficultatem
581 3065 637 3130 rei;
659 3073 686 3118 et
699 3064 810 3118 verbum
824 3063 892 3120 illud
901 3064 1000 3134 paula·
1038 3065 1123 3137 gicia;
1145 3062 1361 3135 quandoquidem
1372 3061 1431 3115 Deo
1440 3078 1491 3131 pro
1500 3060 1620 3114 bonitate
1631 3076 1683 3114 sua
1696 3057 1837 3129 placuerit

211 3144 267 3206 tim,
278 3143 348 3213 quod
361 3143 514 3198 tarditatem
528 3144 628 3207 innuit,
643 3143 790 3198 redibimus
805 3143 874 3197 unde
887 3142 1000 3212 profecti
1038 3145 1129 3215 captui
1142 3143 1262 3206 humano
1275 3159 1305 3196 se
1318 3140 1540 3195 accommodare:
1561 3147 1588 3193 at
1598 3139 1626 3192 in
1641 3138 1779 3209 physicis,
1789 3138 1836 3193 nbi

212 3238 311 3285 sumus,
335 3222 370 3276 ad
391 3223 581 3295 AEgyptiorum
603 3223 666 3278 illos
684 3223 765 3288 deos;
789 3240 849 3276 cum
870 3222 1001 3276 hactenus
1038 3232 1134 3277 natura
1151 3239 1241 3292 opere,
1255 3239 1310 3276 non
1330 3219 1499 3274 advermrius
1518 3226 1680 3289 argumento
1700 3219 1836 3273 constriu-

213 3299 338 3354 homiues
358 3302 462 3356 modice
484 3304 596 3357 rationis
615 3302 748 3366 facultate,
768 3303 923 3372 neutiquam
937 3316 1002 3355 vero
1039 3303 1141 3374 geudus
1156 3309 1203 3366 est,
1215 3301 1330 3355 elabitur
1341 3298 1420 3370 plane
1435 3300 1533 3353 veritas
1543 3315 1579 3352 ex
1587 3297 1735 3362 manibus3
1756 3314 1837 3368 prop·

212 3380 302 3440 officio
315 3381 387 3447 artis,
403 3381 445 3435 usi
459 3382 558 3435 sintad
571 3382 849 3453 inventadetegenda
1040 3391 1080 3436 ter
1098 3380 1180 3452 longe
1201 3381 1330 3449 majorem
1352 3377 1515 3433 naturalium
1533 3376 1735 3447 operationum,
1754 3394 1837 3449 quam
1885 3411 1886 3424 ι

251 3458 381 3544 Secundo,
396 3459 449 3514 hoc
463 3461 561 3530 ipsum,
576 3461 647 3531 quod
666 3462 811 3515 asserimus
831 3460 868 3531 (si
882 3461 1002 3514 adverta-
1039 3461 1181 3514 verborum
1196 3459 1390 3514 subtilitatem:
1412 3459 1480 3511 adeo
1499 3464 1530 3512 ut
1544 3456 1741 3511 succumbente
1756 3456 1838 3525 syllo-

211 3544 256 3593 tur
269 3539 352 3608 paulo
366 3538 534 3610 diligentius)
549 3539 714 3595 demonstrat
727 3539 889 3595 inductionis
907 3539 1001 3602 forma,
1040 3540 1135 3610 gismo,
1144 3538 1307 3595 inductionis
1317 3536 1404 3613 (verae
1415 3536 1519 3592 scilicet
1527 3543 1555 3590 et
1563 3530 1736 3609 emendata)
1746 3536 1839 3591 officio

214 3635 295 3688 quam
309 3620 436 3689 proponit
455 3618 612 3685 dialectica,
634 3637 688 3690 qua
706 3619 811 3674 scilicet
830 3619 1003 3673 scientiarum
1041 3619 1141 3690 ubique
1157 3635 1225 3688 opus
1239 3619 1282 3682 sit,
1297 3625 1353 3671 tam
1371 3618 1405 3670 ad
1423 3616 1557 3686 principia
1576 3616 1668 3685 magis
1682 3614 1837 3686 generalia,

212 3698 347 3768 principia
369 3698 541 3753 inveniantur
567 3708 594 3753 et
621 3699 784 3768 probentur3
817 3716 878 3769 quae
904 3698 1003 3752 vitiosa
1041 3698 1170 3770 quemad
1184 3697 1382 3768 propositiones
1398 3695 1547 3749 inferiores.
1587 3695 1665 3750 Nam
1679 3693 1839 3767 syllogismi

213 3775 295 3846 plane
310 3785 351 3830 est
364 3785 391 3831 et
404 3778 596 3847 incompetens,
616 3786 643 3831 et
660 3785 784 3833 naturam
803 3785 905 3833 tantum
926 3778 1004 3831 abest
1041 3795 1077 3832 ex
1090 3776 1319 3848 propositionibus
1331 3775 1495 3840 consistunt;
1516 3773 1722 3844 propositiones
1733 3791 1771 3830 ex
1780 3791 1839 3828 rer·

212 3862 244 3909 ut
260 3857 389 3925 perficiat,
404 3864 434 3910 ut
453 3858 536 3911 etism
556 3874 616 3911 eam
635 3867 773 3927 pervertat
792 3864 819 3912 et
837 3858 1002 3927 detorqueat.
1041 3857 1098 3920 bist
1119 3856 1202 3910 verba
1214 3857 1355 3910 notionum
1372 3863 1481 3910 tesserae
1495 3859 1564 3908 sunt.
1605 3851 1697 3913 Quare
1712 3854 1737 3906 si
1752 3854 1840 3907 notio-

213 3933 266 3994 Qui
287 3935 360 3989 enim
379 3936 489 3990 modum
506 3944 583 3990 acute
605 3937 803 4006 introspexerit,
823 3954 877 4008 quo
893 3953 938 3990 ros
951 3937 1002 3990 istc
1041 3952 1089 3990 nes
1102 3936 1170 4006 ipsae
1184 3932 1260 4011 (qum
1273 3934 1416 3988 verborum
1429 3934 1527 3988 animm
1540 3931 1615 3999 sunt)
1628 3931 1704 3987 male
1718 3941 1749 3987 et
1761 3933 1840 3987 sarie

214 4013 348 4068 aethereus
369 4016 549 4080 scientiarum,
571 4013 669 4070 similis
689 4016 732 4070 illi
754 4015 788 4070 de
811 4034 865 4087 quo
886 4016 1005 4086 loquitur
1042 4015 1152 4069 arebus
1172 4013 1370 4078 abstrahantur,
1385 4021 1441 4067 tota
1459 4011 1562 4066 fabrica
1581 4011 1694 4066 corruit.
1737 4013 1839 4083 Neque

214 4095 303 4161 poeta,
1042 4094 1179 4149 laboriosa
1198 4093 1242 4146 rel
1263 4091 1517 4164 consequentiarum
1540 4099 1776 4162 argumentorum,
1795 4090 1841 4145 vel

412 4219 427 4242 u
437 4218 509 4264 Ami
518 4216 595 4264 mem,
606 4217 709 4265 colestia
717 4216 803 4276 ³⁰⁰⁸?
1042 4175 1161 4228 veritatis
1176 4171 1389 4242 propositionum
1403 4170 1575 4235 examinatio,
1585 4186 1644 4224 rem
1654 4170 1685 4223 in
1698 4171 1842 4242 integrum

271 4326 277 4338 ·
1043 4269 1161 4323 unquam
1175 4252 1313 4315 restituet;
1334 4268 1396 4306 cum
1410 4266 1485 4305 error
1503 4249 1539 4305 sit
1554 4251 1596 4317 (nt
1613 4247 1766 4319 loquuntur
1786 4268 1842 4304 me-

215 4325 360 4417 colbgatnr
375 4328 448 4393 (cum
462 4335 491 4381 et
504 4327 626 4382 scientim
639 4330 706 4398 ipsse
719 4345 754 4383 cx
768 4328 901 4398 exemplis
915 4330 1005 4400 singu·
1043 4327 1113 4404 dici)
1143 4331 1171 4385 in
1200 4331 1352 4401 digestione
1378 4329 1482 4399 primur
1517 4346 1577 4400 quae
1604 4346 1622 4381 a
1650 4329 1843 4385 tuncnmibm

213 4404 548 4497 lrs,part1m‘naturulibus,
563 4409 661 4478 partim
671 4407 862 4472 artificialibus,
877 4416 1005 4478 tanquam
1043 4411 1218 4482 sequentibus
1240 4426 1295 4463 non
1319 4410 1487 4465 rectificatur.
1537 4409 1602 4462 Non
1623 4407 1710 4478 igitur
1734 4410 1843 4480 absque

215 4491 288 4555 pratu
310 4485 422 4539 floribus
447 4494 474 4540 et
493 4485 574 4550 horti,
597 4486 786 4555 extrahantur)
808 4488 927 4558 reperiet
945 4505 1006 4557 pro·
1044 4506 1150 4560 magna,
1172 4497 1199 4543 et
1218 4489 1335 4543 evidenti
1355 4505 1439 4543 eausa
1459 4488 1556 4549 evenit,
1571 4494 1601 4539 ut
1621 4486 1783 4560 complures
1805 4506 1844 4543 ex

215 4563 288 4617 lecto
300 4563 420 4618 animum
433 4573 527 4635 suapte
539 4573 643 4635 sponte,
659 4574 685 4620 et
698 4567 790 4620 nativa
803 4566 901 4631 indole,
914 4567 1006 4622 induc·
1044 4567 1217 4639 philosophis
1232 4568 1330 4639 (aliqui
1344 4575 1435 4622 autem
1448 4584 1541 4621 eorum
1554 4566 1676 4621 maxime
1697 4567 1842 4638 insignes)

216 4641 458 4735 ῐίοοοοιοοΙιιιῂο
477 4646 618 4710 conficere,
634 4663 715 4717 quum
731 4663 792 4717 quse
811 4645 972 4701 describitur
991 4663 1008 4699 a
1045 4647 1192 4702 academici
1205 4647 1306 4703 luerint
1323 4655 1352 4701 et
1367 4646 1478 4716 sceptici
1497 4646 1542 4717 qui
1562 4645 1687 4700 scientim
1708 4645 1846 4702 humanm

217 4722 382 4787 dialecticum
403 4724 537 4794 siquidem
549 4741 585 4778 ex
595 4726 668 4779 nuda
677 4725 878 4780 enumeratione
892 4727 1007 4795 particu-
1045 4735 1072 4781 et
1090 4727 1250 4797 syllepsium
1267 4727 1452 4781 certitudinem
1473 4723 1654 4789 sustulerunt;
1676 4723 1753 4780 ultra
1773 4727 1845 4781 veri·

215 4800 315 4856 larium
329 4799 375 4877 (nt
396 4802 528 4856 dialectici
551 4800 653 4877 solent)
672 4804 718 4858 ubi
736 4821 791 4858 non
810 4805 947 4858 invenitur
968 4805 1007 4859 iu-
1045 4805 1250 4861 similitudinem
1263 4815 1310 4860 aut
1322 4804 1541 4875 probabilitatem
1553 4811 1687 4874 negantes
1702 4822 1769 4860 eam
1782 4823 1845 4875 per·

217 4882 318 4935 stantia
345 4883 562 4947 contradictoria,
581 4884 677 4938 vitiose
702 4883 884 4948 concluditur;
919 4901 1007 4955 neque
1046 4887 1157 4957 tingere.
1200 4884 1307 4938 laticias
1320 4902 1374 4939 non
1388 4884 1490 4947 iverim,
1504 4883 1592 4937 msam
1612 4899 1674 4936 esse
1689 4884 1844 4948 nonnullis,

216 4960 322 5032 aliquid
345 4960 420 5015 aliud
443 4962 596 5029 hujusmodi
623 4963 744 5016 inductio
771 4964 900 5032 producit,
925 4982 1008 5035 quam
1046 4964 1192 5028 Socratem,
1206 4981 1268 5018 cum
1282 4964 1400 5017 scientim
1414 4962 1677 5023 cerrimdinemase
1692 4973 1843 5028 amoveret,

214 5042 399 5108 conjecturam
413 5040 590 5111 probabilem.
631 5041 697 5102 Quis
712 5042 785 5095 enim
799 5043 828 5096 in
842 5060 871 5097 se
885 5043 1007 5112 recipiet,
1045 5060 1095 5112 per
1108 5044 1224 5098 ironiam
1237 5050 1341 5097 tantum
1362 5042 1414 5095 hoc
1432 5042 1545 5103 lecissa;
1566 5049 1593 5095 et
1605 5040 1754 5096 scientiam
1764 5044 1844 5097 dissi·

215 5136 281 5209 eum
294 5118 477 5189 particularia,
492 5137 552 5189 quac
567 5120 627 5190 quis
640 5121 724 5186 novit,
735 5129 781 5175 aut
790 5139 904 5192 quonum
915 5123 1008 5176 memi·
1045 5122 1173 5178 mutando
1195 5121 1351 5177 simulasse:
1382 5120 1564 5175 renunciando
1586 5118 1693 5174 scilieet
1710 5121 1756 5186 iis,
1781 5140 1844 5194 qun

217 5205 266 5262 nrt,
282 5216 318 5252 ex
329 5215 385 5252 una
398 5204 503 5252 tantum
518 5207 593 5268 parte
613 5209 802 5269 compareant,
823 5218 878 5255 non
898 5201 1008 5256 delites·
1045 5202 1191 5256 manifesto
1205 5202 1316 5265 sciebat,
1330 5209 1362 5256 ut
1374 5217 1409 5254 eo
1421 5200 1508 5262 modo,
1523 5200 1606 5253 etism
1618 5216 1680 5270 quae
1690 5203 1843 5265 nesciebat,

216 5293 281 5330 cere
295 5277 414 5349 aliquod,
426 5277 496 5346 quod
509 5279 618 5331 omnino
631 5281 787 5348 repugnet?
808 5278 924 5334 Perinde
939 5298 970 5335 ac
984 5282 1009 5334 si
1047 5282 1116 5336 scire
1131 5288 1277 5350 putaretur.
1318 5282 1416 5351 Neque
1430 5280 1510 5333 etiarn
1528 5280 1558 5332 in
1575 5279 1727 5334 recentiore
1747 5282 1844 5335 acade-

221 5355 332 5409 Samuel
349 5357 529 5426 acquievisset
548 5357 577 5410 in
598 5355 654 5410 illia
676 5357 730 5411 lsai
749 5357 821 5422 filiis,
836 5376 904 5429 quos
918 5377 1008 5414 coram
1047 5361 1102 5413 mia
1116 5358 1214 5434 (quam
1229 5359 1370 5431 amplexus
1383 5367 1424 5412 est
1443 5358 1551 5425 Cicero)
1564 5357 1613 5411 illa
1632 5359 1730 5428 opinio
1750 5369 1844 5414 acam·

219 5432 349 5490 adductos
369 5434 480 5490 videbat
497 5436 525 5488 in
544 5436 639 5501 domo;
665 5444 692 5490 et
710 5436 822 5490 minime
843 5440 1011 5508 quaesivisset
1047 5439 1142 5509 lapsine
1166 5439 1310 5493 admodum
1330 5440 1433 5494 sincere
1456 5436 1530 5491 culta
1553 5437 1611 5491 init.
1657 5437 1771 5494 Etenim
1797 5439 1843 5510 qni

208 1729 369 1798 predicetur
382 1726 416 1781 de
430 1725 593 1789 hominibus,

495 1861 542 1894 -“
548 1857 628 1905 Labor
637 1857 717 1905 omnia
726 1858 800 1904 vincit

207 1936 210 1943 ·
315 1917 444 1978 Improbus,
455 1922 479 1963 et
488 1916 552 1963 duris
561 1930 647 1977 urgens
658 1916 682 1962 in
690 1915 758 1962 rebus
765 1921 868 1977 egestas:
877 1918 892 1937 ”

209 2042 294 2097 etiam
307 2043 340 2097 de
354 2041 440 2097 brutis
453 2040 579 2096 similiter
592 2040 728 2112 quaeritur,

340 2159 356 2183 ⁴‘
367 2156 427 2211 Quis
436 2157 557 2218 expedivit
566 2156 663 2218 psittaco
673 2170 740 2203 suum
752 2156 828 2215 Χαῖρε
836 2158 867 2202 t”
