3800 5875
228 328 288 386 298
743 327 794 384 DE
815 327 1040 386 annuamus
1061 328 1339 387 sctunutanttnt.
1740 332 1809 390 Lra.
1825 336 1850 390 1.

224 489 362 544 ementita
374 489 509 560 proponit
550 487 672 542 Primum
692 494 742 550 est,
755 503 851 541 vocum
871 489 978 544 nouitas
991 496 1020 543 et
1056 496 1151 560 pectus
1164 490 1300 561 uirginem
1318 491 1466 546 formosam
1483 489 1671 561 praeferebant,
1693 492 1767 547 inira
1786 512 1855 548 vero

224 569 387 633 insolentiae
409 568 532 632 alterum,
542 568 617 638 rigor
629 567 795 636 dogmatum,
806 568 852 637 qui
865 570 1018 623 necessario
1056 569 1139 624 fuisse
1153 571 1237 635 aiunt,

225 649 431 719 oppositionem,
452 655 481 702 et
500 647 562 701 dein
582 645 779 711 altercationes,
799 647 1017 718 quaestionesque

223 728 334 782 inducit
383 728 463 781 Certe
491 725 716 797 quemadmodum
739 725 879 795 complura
903 742 1018 797 corpora

223 806 365 871 naturalia,
380 806 444 860 dum
457 805 547 860 ualent
564 806 677 876 integra,
690 813 896 875 corrumpuntur
908 807 1016 876 saepius,

225 894 253 940 ιι
275 887 374 940 abeunt
394 886 422 939 in
440 902 561 948 vermem
583 885 677 938 eodem
695 884 776 937 modo
795 900 862 938 sana
881 892 907 939 et
930 886 1017 939 solida
1056 884 1101 939 Sic
1124 883 1263 955 generalia
1283 885 1408 956 quasdam
1427 885 1500 955 apud
1518 884 1725 939 scholasticos
1715 886 1851 951 mreuiaa,

224 983 314 1020 rerum
333 965 451 1035 cognitio
464 981 651 1035 sepenumero
671 963 809 1034 putrescit,
824 971 851 1017 et
864 963 976 1018 solvitur
988 965 1017 1017 in
1055 981 1115 1035 quas
1126 963 1241 1034 pulchra
1247 973 1310 1019 aunt
1318 964 1399 1028 dictu,
1407 974 1435 1018 et
1445 981 1501 1018 non
1509 980 1651 1034 perperam
1659 964 1791 1028 inventae
1806 966 1852 1019 ubi

224 1046 344 1108 subtiles,
356 1061 447 1108 ranas,
461 1044 621 1107 insalubres,
635 1051 665 1097 et
677 1043 715 1114 (ai
728 1043 769 1095 ita
780 1041 856 1112 loqui
869 1041 945 1108 licet)
960 1060 1017 1098 rer·
1055 1052 1146 1098 autem
1160 1053 1269 1099 ventum
1284 1043 1365 1099 fuerit
1382 1044 1417 1098 ad
1431 1044 1621 1097 distinctiones
1633 1043 1849 1115 decisioneaque,

224 1125 366 1180 miculntas
381 1125 556 1194 questionem
579 1141 639 1194 quoe
653 1130 729 1175 motu
748 1123 865 1192 quodam
878 1130 906 1176 et
919 1123 1016 1177 vivaci·
1054 1140 1104 1193 pro
1124 1124 1249 1178 ioecnndo
1267 1131 1352 1189 utero,
1371 1123 1407 1177 ud
1419 1124 1482 1177 vitan
1503 1123 1629 1177 humanm
1649 1124 1802 1187 commoda,
1821 1125 1851 1178 in

1126 702 1235 751 Candida
1245 704 1389 753 succinctam
1397 703 1554 752 latrantibus'
1547 704 1648 809 Ἢιιθι
1654 705 1823 811 {quietern

224 1210 279 1259 tate
292 1202 421 1258 nonnulla
434 1203 555 1273 prreditre
577 1202 708 1265 videntur,
727 1202 775 1255 aed
788 1201 889 1272 putidas
905 1210 975 1266 sunt,
989 1209 1017 1256 et
1054 1210 1223 1271 portentosas
1236 1210 1263 1259 et
1277 1202 1408 1257 latrantes
1417 1203 1578 1273 quaestiones
1589 1202 1724 1257 desinant.
1752 1203 1850 1273 ltaque

223 1284 324 1338 nullius
345 1299 417 1338 usus.
458 1281 519 1336 Hoc
541 1297 627 1353 genus
645 1280 773 1335 coemuae
791 1280 881 1335 minua
893 1297 977 1345 sana,
990 1288 1017 1335 et
1054 1282 1166 1336 minime
1186 1281 1291 1347 urbam,
1309 1282 1333 1337 si
1351 1281 1404 1336 hoc
1419 1298 1505 1352 genus
1518 1282 1655 1346 doctrinas,
1674 1281 1761 1336 etiam
1775 1282 1849 1353 apud

223 1364 342 1434 seipsam
361 1362 564 1432 corrumpentis,
578 1359 693 1415 invaluit
710 1360 845 1430 praecipue
864 1361 936 1430 apud
949 1360 1016 1414 mul-
1054 1360 1151 1432 vrrlgus
1170 1361 1320 1425 hominum,
1339 1362 1505 1432 contemptui
1525 1361 1673 1415 obnoxium
1693 1362 1789 1426 suerit,
1803 1362 1850 1432 qui

223 1449 266 1497 tus
280 1460 314 1496 ex
328 1441 508 1508 scholasticis,
523 1441 569 1511 qui
583 1456 689 1494 summo
708 1439 765 1493 otio
785 1439 962 1504 abundantes,
977 1447 1015 1492 at·
1054 1440 1111 1495 sere
1121 1439 1358 1497 aoleutveritatem
1370 1447 1482 1511 propter
1491 1440 1686 1495 controversias
1699 1441 1777 1495 circa
1789 1458 1850 1496 eam

223 1539 276 1593 que
297 1522 408 1592 iugenio
421 1537 505 1585 acres,
520 1520 635 1574 lectione
653 1525 744 1573 autem
764 1517 883 1588 impares
902 1519 1016 1589 (quippe
1054 1527 1142 1575 motas
1155 1522 1303 1590 aspernari,
1313 1529 1395 1592 atque
1409 1519 1565 1575 existimare
1577 1537 1626 1574 eos
1639 1536 1733 1574 euram
1746 1537 1848 1583 omnes,

223 1618 338 1671 quorum
362 1608 466 1655 mentes
486 1600 622 1654 conclusae
642 1606 733 1651 essent
745 1596 774 1650 in
795 1614 942 1667 paucorum
956 1614 1017 1651 auc·
1055 1599 1101 1669 qui
1113 1616 1251 1670 nunquam
1264 1600 1336 1656 inter
1354 1616 1384 1654 aa
1404 1599 1581 1662 conveniant;
1601 1615 1723 1670 cumque
1739 1599 1850 1654 rideant

223 1690 317 1743 torum,
325 1680 462 1750 perscipue
473 1676 775 1733 Aristotelisdictatoris
785 1677 826 1730 sui
836 1676 950 1747 scriptia,
961 1694 1016 1731 non
1054 1679 1147 1733 doctos
1166 1678 1292 1735 homines
1308 1680 1378 1736 inter
1391 1695 1421 1733 se
1435 1678 1579 1750 digladiari
1598 1678 1633 1733 de
1650 1679 1735 1734 rebus
1748 1678 1848 1734 nullius

222 1760 312 1814 minus
327 1775 408 1830 quam
423 1775 537 1828 corpora
551 1757 671 1827 ipsorum
684 1757 713 1810 iu
727 1756 912 1810 coenobiorum
925 1755 1015 1823 cellia)
1054 1760 1192 1823 momenti,
1203 1758 1283 1814 facile
1297 1758 1366 1813 illud
1382 1758 1510 1827 Dionysii
1528 1758 1690 1828 Syracusani
1705 1759 1848 1829 arripiunt,

223 1838 366 1893 historiam
384 1855 449 1892 vero
471 1845 498 1892 et
518 1844 622 1891 naturas
643 1844 671 1890 et
691 1834 822 1905 temporis
839 1836 959 1890 maxima
979 1853 1016 1890 ex
1055 1843 1071 1870 ‘⁴
1086 1838 1177 1893 Verba
1190 1839 1243 1893 ista
1255 1845 1318 1893 sunt
1330 1855 1426 1893 aenum
1441 1838 1615 1893 otiosorum.”
1656 1837 1848 1893 Nihilominus

222 1927 300 1988 parte
314 1919 486 1988 ignorantem
508 1934 543 1971 ea
556 1932 610 1969 non
631 1931 731 1986 magno
750 1915 871 1969 materiae
890 1915 1015 1980 stamine,
1054 1918 1236 1972 certissimum
1249 1918 1330 1983 eat,ai
1344 1917 1425 1973 modo
1438 1916 1594 1972 scholastici
1608 1916 1849 1988 adinexpiebilem

222 1996 271 2051 aed
284 1998 406 2051 maxima
427 1996 544 2065 spiritus,
560 1995 638 2066 quasi
658 1994 734 2058 radii,
749 1993 907 2065 agitatione,
921 2010 1015 2064 opero·
1054 1998 1128 2051 sitim
1151 1997 1280 2062 veritatis,
1303 2005 1332 2051 et
1354 1998 1511 2052 continuam
1534 1997 1712 2067 agitationem
1734 1997 1849 2068 ingenii,

221 2077 345 2130 sissimus
358 2074 420 2129 illas
434 2075 510 2137 telas,
525 2092 585 2145 quaa
598 2075 627 2128 in
641 2074 719 2128 libris
732 2090 825 2127 eorum
839 2081 939 2139 emant,
953 2090 1016 2128 con·
1053 2078 1212 2131 varietatem
1224 2085 1251 2131 et
1260 2076 1490 2147 multiplicitatem
1503 2076 1628 2131 lectionis
1640 2084 1669 2129 et
1681 2076 1849 2147 contempla-

222 2154 351 2209 lecemnt
393 2154 510 2216 Etenim,
526 2170 603 2208 mens
624 2152 785 2207 humanasi
806 2160 872 2224 agat
889 2153 918 2207 in
933 2160 1016 2207 mate·
1054 2156 1157 2211 tionum
1170 2156 1490 2227 adjunxissentinsignia
1501 2155 1624 2226 proiecto
1637 2154 1679 2208 illi
1688 2157 1850 2211 extitissent

222 2233 299 2298 mam,
314 2241 437 2288 naturam
457 2249 547 2288 rerum
568 2241 597 2287 et
620 2248 704 2303 opera
724 2232 778 2286 Dei
798 2231 1015 2302 contemplando,
1054 2233 1164 2302 lumina,
1177 2252 1323 2307 omnesque
1337 2243 1409 2290 artes
1422 2242 1451 2290 et
1467 2235 1592 2290 scientias
1605 2234 1721 2289 mirifice
1735 2252 1849 2306 prorex-

222 2328 274 2383 pro
295 2313 375 2367 modo
392 2314 515 2367 materias
541 2321 675 2383 operatur,
695 2319 777 2381 atque
799 2311 835 2364 ab
855 2312 951 2366 eadem
972 2313 1016 2366 de·
1053 2315 1164 2370 issent:
1189 2318 1330 2371 Hactenus
1343 2316 1376 2370 de
1390 2315 1509 2370 mcunda
1521 2313 1661 2369 literarum
1673 2315 1847 2386 intemperie.

221 2391 398 2456 terminatum
433 2392 477 2447 sin
507 2393 569 2462 ipsa
600 2393 630 2445 in
662 2408 692 2445 se
719 2399 840 2445 uertatur
870 2393 1013 2462 (tauquam
1093 2394 1137 2448 sd
1157 2396 1264 2451 tertiam
1285 2395 1357 2467 quod
1376 2396 1482 2458 attinet,
1502 2411 1563 2465 quta
1584 2395 1620 2449 ad
1644 2393 1798 2450 falsitatem
1821 2404 1849 2450 ιι

221 2487 321 2525 aranea
338 2480 434 2527 texens
455 2471 550 2538 telam)
569 2479 627 2525 tum
648 2470 755 2525 demum
773 2470 945 2525 interminata
965 2478 1014 2534 est,
1053 2475 1223 2532 mendacium
1244 2483 1362 2546 spectat3
1388 2491 1443 2530 una
1466 2473 1525 2529 haec
1546 2475 1667 2528 omnium
1687 2476 1849 2544 turpissima

221 2557 251 2604 et
270 2552 343 2619 parit
364 2560 437 2605 certe
450 2550 518 2605 telas
534 2552 664 2621 quasdam
685 2550 821 2614 doctrinm,
833 2550 965 2604 tenuitate
975 2549 1015 2605 fili
1053 2561 1101 2618 est,
1116 2555 1215 2626 quippe
1231 2573 1291 2626 qum
1304 2556 1393 2625 ipsam
1408 2561 1532 2609 naturam
1545 2554 1720 2625 animamque
1734 2554 1849 2610 destruit

222 2630 367 2700 operisque
388 2628 568 2694 admirabiles,
582 2631 632 2686 sed
652 2629 741 2701 quoad
761 2647 839 2684 naum
858 2628 970 2685 frivolas
988 2635 1017 2684 et
1054 2634 1187 2699 scientim
1202 2652 1262 2705 quan
1275 2633 1345 2688 nihil
1358 2633 1432 2690 aliud
1445 2641 1494 2698 eat,
1508 2649 1590 2704 quam
1602 2633 1729 2690 scutatis
1747 2634 1847 2706 imago.

222 2709 326 2763 inanes.
1053 2712 1126 2767 Nam
1147 2714 1246 2770 veritas
1268 2714 1376 2769 essendi
1398 2722 1427 2767 et
1447 2714 1546 2767 veritas
1566 2713 1762 2784 cognoscendi,
1775 2714 1848 2769 idem

263 2789 330 2842 Haec
344 2789 447 2844 inutilis
461 2788 597 2844 subtilitas
610 2789 668 2843 aire
681 2787 823 2844 undositas
836 2785 939 2856 duplex
952 2793 1013 2841 eat:
1053 2800 1130 2856 ιιοιι
1150 2811 1201 2848 nec
1215 2793 1277 2864 plus
1290 2810 1307 2847 a
1321 2810 1350 2848 se
1364 2793 1484 2848 invicem
1504 2793 1640 2856 differunt,
1654 2810 1741 2864 quam
1756 2794 1847 2848 radius
1887 2853 1888 2858 ἵ

222 2876 251 2922 et
263 2875 400 2938 spectatur
413 2876 461 2923 aut
479 2869 506 2922 in
526 2869 641 2922 materia
660 2869 738 2940 ipsa,
760 2866 848 2939 qualis
869 2874 912 2921 est
926 2866 1014 2922 inania
1053 2871 1168 2928 directus
1195 2882 1223 2928 et
1249 2874 1374 2928 reflexus.
1416 2872 1477 2927 Hoc
1497 2873 1591 2928 vitium
1618 2873 1713 2945 itaque
1737 2873 1846 2944 duplex,

222 2949 380 3041 speculatio,
395 2951 452 3003 sire
470 2950 668 3013 controuersia,
689 2947 769 3024 cujus
789 2947 897 3018 generis
915 2947 1015 3016 reperi·
1053 2951 1096 3006 rel
1113 2954 1203 3023 potius
1216 2954 1383 3025 duplicatum
1400 2959 1449 3017 eat,
1464 2954 1614 3023 impostura
1634 2961 1664 3008 ιι
1683 2954 1845 3018 ιιιᾱιιιίιιιι

221 3035 303 3082 untur
316 3037 344 3082 et
357 3046 385 3082 m
397 3027 535 3099 theologia
546 3037 575 3081 et
587 3045 616 3081 ιιι
629 3027 805 3098 philosophia
817 3026 892 3082 haud
906 3042 1013 3095 pancas:
1052 3031 1111 3086 hrec
1126 3033 1266 3106 decipitur,
1281 3033 1329 3088 rlla
1339 3033 1449 3103 decipit
1478 3033 1544 3094 Quas
1557 3031 1623 3086 hcet
1635 3034 1784 3089 uideantur
1796 3034 1846 3088 ‹lu-

222 3115 268 3161 ant
281 3108 310 3161 in
324 3109 403 3163 modo
417 3116 444 3162 ιι
464 3108 591 3163 methodo
604 3108 757 3172 tractandi,
776 3107 836 3161 hac
850 3105 922 3176 apud
936 3104 1015 3159 acho-
1052 3113 1188 3182 crepantis
1209 3123 1320 3178 naturae,
1341 3111 1479 3184 alteraque
1503 3129 1521 3166 a
1543 3111 1694 3168 calliditate
1721 3114 1844 3183 quadam,

221 3185 330 3240 laatieos
345 3188 403 3243 iere
417 3187 479 3242 talis
494 3194 559 3242 erat.
601 3186 688 3257 Super
702 3203 861 3257 unaquaque
874 3202 904 3240 re
918 3201 1015 3254 propo-
1052 3191 1137 3246 altera
1162 3209 1180 3246 a
1211 3194 1384 3286 simplicitate
1416 3192 1544 3284 proiecta,
1568 3191 1722 3264 plerunque
1756 3201 1846 3250 tamea

221 3267 275 3320 sita
288 3266 629 3335 formabantobJectionea,
651 3266 748 3320 deinde
763 3265 946 3333 objectionum
956 3263 1014 3318 illa·
1051 3274 1159 3326 potunt
1199 3272 1495 3328 Utenimincarmine
1509 3271 1634 3336 habetur

221 3362 282 3400 rum
291 3346 456 3410 solutiones,
449 3363 531 3416 ·quta
541 3345 689 3399 solutiones
702 3353 732 3399 ut
744 3345 890 3415 plurimum
904 3344 1014 3398 distinc-

220 3425 309 3479 tiones
318 3434 423 3479 tanturn
434 3433 528 3480 erant.
543 3442 604 3478 cum
615 3430 705 3479 tamen
712 3425 884 3478 acieutiamm
893 3423 1013 3478 omnium

221 3505 310 3568 robur,
319 3506 404 3558 instar
413 3505 493 3558 tuscis
502 3504 729 3569 illiuasenis,uon
740 3501 1012 3574 insingulisbacillis,
1051 3497 1195 3563 innuendo,
1209 3498 1256 3569 qui
1269 3497 1391 3553 curiosus
1404 3505 1454 3563 est,
1469 3499 1585 3553 eundem
1598 3515 1660 3554 esse
1675 3505 1702 3553 ιι
1722 3500 1843 3555 futilem:

221 3583 312 3638 sedin
324 3584 450 3639 omnibus
464 3583 572 3638 vinculo
585 3582 734 3651 conjrmctia
747 3583 885 3637 consistat.
904 3582 1014 3638 Etenim
1051 3578 1154 3647 pariter
1175 3578 1212 3642 fit,
1223 3585 1253 3633 ut
1273 3577 1320 3648 qui
1341 3577 1421 3632 facile
1438 3579 1537 3642 credat,
1551 3578 1626 3633 idem
1643 3577 1765 3634 libenter
1777 3580 1844 3634 deci·

1117 3389 1334 3438 “Percontatorem
1343 3390 1433 3453 fugito,
1448 3405 1505 3438 nam
1516 3390 1624 3453 garrulus
1633 3390 1698 3439 idam
1711 3394 1782 3440 eat:”

222 3664 381 3730 symmetria
406 3664 534 3726 amentiae,
560 3661 675 3732 singulis
705 3662 810 3717 seilicet
832 3662 956 3732 partibus
983 3679 1013 3717 ae
1052 3657 1117 3727 piat
1158 3656 1388 3718 Quemadmodum
1402 3675 1508 3729 quoque
1522 3658 1581 3713 fieri
1595 3658 1760 3714 videmusin
1773 3661 1843 3714 fama

221 3741 338 3796 invicem
354 3743 557 3805 sustinentibus,
571 3749 619 3805 est,
633 3750 661 3795 et
680 3758 740 3797 esse
753 3741 840 3806 debet,
855 3758 919 3796 vera
932 3752 1013 3813 atque
1051 3744 1079 3790 et
1092 3737 1260 3802 rumoribus,
1280 3744 1311 3792 ut
1323 3738 1371 3807 qui
1384 3738 1439 3791 cito
1451 3737 1548 3792 iisdem
1562 3738 1644 3792 tidem
1658 3736 1772 3804 habear,
1786 3739 1843 3810 pari

220 3821 349 3891 expedita
363 3822 433 3876 meio
453 3821 595 3877 refellendi
613 3821 778 3889 objectione„
795 3822 930 3876 minorum
948 3838 1014 3891 gen.
1052 3815 1183 3870 facilitate
1196 3833 1245 3871 eoa
1258 3817 1380 3872 auxerit:
1394 3817 1465 3887 quod
1473 3817 1584 3873 Tacitus
1597 3816 1749 3888 prudenter
1757 3819 1844 3873 innuit

220 3901 307 3954 uum:
327 3908 428 3965 conns,
443 3901 467 3955 si
481 3901 589 3972 singula
601 3901 746 3964 axiomata,
761 3908 889 3971 tanquam
903 3900 1013 3955 baculos
1052 3895 1095 3949 his
1101 3896 1197 3959 verbis,
1209 3901 1225 3927 ‘¹
1233 3896 1337 3968 tingunt
1343 3897 1424 3951 simul
1432 3898 1596 3967 creduntque
1604 3898 1629 3961 ;”
1641 3897 1710 3952 adeo
1721 3897 1843 3953 fimtiura
1884 3902 1885 3909 ’

221 3978 311 4043 fascia
325 3996 448 4035 morsum
460 3980 599 4045 extrahas,
613 3979 694 4034 tacite
708 3980 762 4034 erit
774 3997 808 4034 ea
825 3980 970 4043 infirmare,
985 3987 1014 4033 et
1051 3982 1121 4037 aunt,
1135 3974 1258 4030 uoluntas
1272 3975 1392 4039 fallendi,
1407 3983 1436 4030 et
1449 3976 1568 4031 facilitas
1580 3977 1718 4032 credendi.

221 4073 271 4127 pro
288 4058 366 4113 libito
387 4068 435 4113 aut
457 4061 564 4115 flectam
592 4067 639 4114 ant
664 4059 805 4131 frangere:
826 4068 864 4123 ut,
885 4060 957 4130 quod
979 4059 1012 4113 de
1092 4055 1160 4109 Hmo
1186 4054 1314 4110 credendi
1340 4056 1541 4127 recipiendique
1562 4057 1656 4111 omnia
1683 4056 1766 4127 (licet
1790 4057 1843 4112 leri
1883 4088 1884 4109 r

222 4136 327 4191 Seneca
354 4138 456 4192 dierum
482 4148 547 4203 εηι,
577 4145 593 4171 ⁸⁸
607 4139 757 4194 Verborum
778 4139 900 4194 minutiis
923 4155 1012 4193 rerum
1051 4134 1207 4189 auctoritate
1218 4133 1335 4206 mnnita)
1350 4134 1471 4199 facilitas,
1479 4136 1592 4191 duorum
1602 4152 1737 4207 generum
1745 4146 1788 4192 eat
1796 4153 1843 4207 pro

221 4216 324 4287 frangit
351 4219 514 4288 pondem;”
543 4219 661 4274 vereda
689 4218 859 4273 scholasticis
888 4218 1013 4289 usurpari
1051 4213 1154 4268 ratione
1169 4215 1299 4282 subjecta
1313 4216 1452 4269 materiae:
1473 4222 1520 4269 aut
1533 4214 1740 4271 enimcreditnr
1754 4233 1843 4271 narra-

220 4297 313 4365 posait,
333 4302 349 4329 ⁴‘
363 4301 538 4367 questionum
556 4298 678 4353 minutiis
693 4299 865 4354 scientiarum
885 4297 1014 4369 t'rangunt
1051 4293 1125 4356 ῒὶθῑὶί,
1148 4293 1206 4348 ιίιθ
1229 4294 1310 4359 facio,
1335 4296 1378 4366 (ui
1400 4293 1546 4364 l0quuni11r
1563 4294 1776 4365 jurittmmlth)
1798 4304 1843 4350 aut

222 4375 329 4429 robur.”
370 4378 446 4431 Num
459 4379 553 4433 nonin
567 4378 762 4448 aulaspauosa
775 4376 922 4432 consultius
937 4377 1012 4442 soret,
1051 4371 1180 4443 dogmati.
1211 4373 1242 4427 In
1253 4375 1335 4443 priori
1343 4391 1442 4444 genere
1450 4374 1580 4438 ridemus,
1589 4383 1691 4444 quanto
1699 4374 1842 4446 diguitatis

220 4469 303 4508 unum
312 4455 458 4511 accendam
466 4475 582 4522 careum,
589 4464 636 4512 aut
645 4456 828 4526 lychnuchum
840 4457 1012 4526 suspendere,
1051 4451 1212 4507 detrimento
1233 4452 1278 4506 hic
1298 4470 1374 4507 error
1390 4454 1512 4507 affecerit
1525 4471 1560 4508 ex
1578 4453 1773 4509 ecclesiasticis
1790 4455 1842 4509 hia·

221 4534 303 4588 variis
324 4534 471 4589 luminibus
491 4538 659 4600 instructum,
674 4554 729 4607 quo
742 4537 835 4590 omnia
853 4535 934 4590 simul
955 4552 1013 4605 per·
1051 4531 1127 4585 ῐοῐίἰι
1140 4530 1302 4597 nonnullus
1323 4549 1384 4603 quoe
1396 4532 1479 4587 nimis
1492 4533 1587 4586 facil&
1606 4551 1636 4588 ιθ
1657 4534 1840 4603 Pfflbueflfflb

221 4610 374 4678 lustrentur,
394 4631 474 4684 quam
495 4615 525 4669 iu
544 4616 665 4687 singulos
684 4614 799 4686 angulos
813 4631 1012 4686 quaquaversus
1050 4610 1078 4663 in
1093 4610 1237 4680 prodendis
1251 4612 1514 4683 transcribendisque
1528 4612 1674 4675 miraculis,
1688 4630 1706 4666 a
1720 4614 1842 4682 martyri·

221 4692 350 4763 exiguam
363 4693 535 4750 circumferre
544 4694 700 4750 lucernam?
721 4693 804 4765 Atqui
817 4710 872 4748 non
880 4693 1013 4748 abumilia
1050 4689 1108 4754 bus,
1119 4691 1246 4754 eremitis,
1254 4691 1433 4753 anachoretis,
1445 4699 1472 4745 ιι
1485 4691 1547 4745 aliis
1557 4693 1659 4746 sanctis
1672 4692 1752 4759 viris,
1762 4700 1840 4763 atque

221 4778 264 4825 est
283 4789 377 4827 eorum
397 4774 474 4839 ratio,
490 4775 535 4844 qui
553 4791 608 4828 non
626 4782 682 4829 tam
699 4775 841 4828 ueritatem
862 4773 1013 4843 perspicuis
1050 4769 1085 4822 ab
1105 4787 1199 4824 eorum
1217 4769 1347 4842 reliquiis,
1362 4770 1522 4841 sepulchris,
1536 4771 1651 4836 sacellis,
1665 4771 1838 4843 imaginibus

221 4852 397 4920 argumentis,
419 4854 629 4918 auctoritatibus,
649 4853 903 4923 comparationibus,
923 4870 1013 4907 exem·
1050 4849 1140 4904 editis.
1181 4849 1285 4904 Eodem
1304 4849 1384 4904 modo
1405 4851 1434 4903 in
1453 4849 1570 4905 naturali
1588 4851 1704 4905 historia
1717 4852 1838 4907 videmus
1881 4890 1882 4915 ,

220 4930 275 4999 plis
288 4930 422 4986 illustrare
441 4933 578 4998 nituntur3
593 4949 674 5003 qnam
693 4935 723 4987 in
741 4933 794 4988 hoc
810 4930 897 4987 aulum
911 4932 1013 4986 incum-
1050 4928 1135 4982 multu
1156 4936 1267 4994 temere,
1290 4945 1321 4982 ac
1342 4946 1439 4999 purum
1461 4948 1522 4984 cnm
1541 4929 1648 4985 delectu
1664 4941 1713 4985 aut
1739 4929 1839 5001 judicio

220 5009 295 5074 brmt,
321 5018 351 5065 ut
377 5013 494 5065 minutos
518 5029 639 5083 quosque
665 5012 805 5083 scrupulos
832 5012 963 5076 eximant,
985 5018 1013 5065 et
1049 5017 1160 5079 recepta
1180 5016 1208 5063 et
1227 5009 1379 5079 descripta:
1407 5016 1439 5063 ut
1457 5008 1543 5080 liquet
1561 5026 1597 5065 ca
1616 5010 1728 5079 scriptis
1749 5007 1836 5071 Plinii,
1880 5024 1881 5079 ζ

220 5090 406 5159 captiunculas
420 5092 575 5160 expediunt,
588 5100 617 5145 ιι
629 5092 810 5146 dubitationes
824 5090 945 5154 solvant3
960 5090 1012 5145 hoc
1049 5086 1175 5152 Uardani,
1190 5087 1301 5151 alberti,
1321 5096 1349 5142 et
1370 5087 1547 5158 plurimorum
1568 5107 1603 5143 ex
1619 5089 1765 5153 Ambibus,
1779 5104 1836 5160 qua

220 5179 302 5238 pacto
315 5171 490 5240 questionem
504 5188 539 5225 ex
550 5172 698 5241 quaestione
713 5172 869 5241 gignentem
886 5169 1013 5240 quemad·
1049 5167 1239 5222 commentitiis
1253 5174 1281 5221 et
1302 5166 1433 5222 sabulosis
1447 5168 1647 5223 narrationibus
1662 5170 1766 5238 passim
1783 5183 1836 5221 sca·

221 5249 330 5302 modum
347 5251 378 5303 tit
396 5250 425 5304 in
447 5249 580 5319 superiori
602 5249 786 5313 similitudine,
805 5256 836 5302 ut
856 5249 966 5303 lucerua
984 5250 1011 5303 in
1048 5254 1114 5312 tent,
1127 5247 1216 5318 iisque
1230 5263 1284 5300 non
1298 5245 1385 5301 solum
1399 5247 1516 5312 incertis,
1531 5255 1558 5302 ιι
1570 5248 1731 5318 neutiquam
1745 5247 1835 5317 proba·

220 5343 305 5381 unum
332 5328 449 5399 aliquem
473 5329 563 5384 locum
586 5329 684 5394 delata,
711 5328 780 5383 alios
803 5330 1011 5399 circumquaque
1048 5327 1091 5391 tis,
1119 5326 1168 5380 sed
1194 5326 1336 5396 perspicue
1364 5326 1442 5381 ratris
1465 5334 1492 5380 et
1519 5328 1664 5382 manifesto
1686 5327 1833 5388 convictiar
1879 5378 1880 5381 ,

221 5406 350 5461 destituat
371 5417 399 5462 ιι
419 5409 552 5464 obscuret.
592 5408 670 5462 Adeo
690 5416 722 5462 ut
746 5407 844 5477 Scyllae
865 5407 959 5461 sabula
978 5407 1012 5460 ad
1048 5405 1151 5475 ingenti
1161 5404 1341 5475 philosophia
1350 5406 1480 5460 naturalis
1489 5406 1618 5461 dedecore
1626 5407 1698 5476 apud
1712 5406 1832 5461 homines

221 5485 312 5540 virum
324 5488 460 5557 exprimat
473 5488 525 5543 hoc
539 5505 625 5560 genus
639 5487 833 5559 philosophiae3
855 5487 932 5556 cujus
941 5503 972 5542 os
985 5493 1013 5541 et
1047 5501 1143 5557 graves
1156 5492 1185 5540 et
1197 5485 1309 5540 sobrios.
1351 5483 1383 5541 ln
1396 5502 1451 5556 quo
1463 5502 1529 5541 sane
1539 5485 1669 5542 elucescit
1682 5484 1833 5542 Aristotelis
