3800 5875
61 328 130 387 Car.
146 329 200 386 lll.
576 329 627 384 DE
651 328 880 385 adamantis
902 327 1179 385 sclunstauurt.
1627 327 1685 391 377

59 488 222 553 ν’πιημίιιε
236 487 489 559 illispaulofutura
499 495 572 543 esset
584 487 751 560 languidior3
766 495 858 543 tamen
894 486 964 541 alias
987 486 1131 551 excellant,
1153 493 1251 558 sponte
1273 486 1359 543 etiam
1385 486 1470 542 fluere
1491 486 1633 542 videantur
1659 495 1686 542 et

60 584 246 639 emnsemper
264 567 314 622 illa
327 576 427 637 presto
441 570 495 622 siut
508 568 542 631 ei,
558 568 641 622 etiam
653 585 709 622 non
727 568 856 631 invitata3
895 567 973 637 qnasi
991 567 1103 638 genium
1121 582 1226 637 sapere.
1268 566 1378 632 Quarto,
1397 566 1470 638 quia,
1493 566 1566 637 quod
1588 574 1686 637 prreter

59 647 99 702 nil
112 648 205 713 officit,
221 648 379 719 quominus
392 648 478 703 virtus
500 654 613 718 propter
632 664 662 702 ss
683 663 791 719 quoqne
811 662 857 701 ex·
895 662 979 716 spem,
999 653 1046 701 aut
1063 652 1162 714 practer
1182 652 1355 716 expectatum
1377 645 1516 717 contingit,
1535 647 1639 717 gratius
1660 653 1688 700 et

59 734 179 797 petatur.
210 726 309 797 Itaque
322 734 396 781 recte
410 726 582 797 redarguitur
590 725 639 780 illa
652 727 767 797 positio:
782 727 858 780 Nota
895 722 999 799 majore
1021 741 1083 779 cum
1097 724 1233 796 voluptate
1252 725 1281 779 in
1301 724 1443 779 hominum
1461 725 1567 779 animos
1587 725 1685 780 influit.

60 807 119 874 ejus
140 805 192 872 rei,
216 806 289 877 quod
313 816 424 877 propter
446 807 610 875 opinionem,
626 813 654 860 et
673 822 728 860 oon
746 811 857 875 propter
897 803 968 858 lllud
981 821 1046 859 vero
1059 804 1218 875 neutiquam
1231 804 1361 875 competit
1370 804 1413 871 iis,
1422 821 1483 875 quaa
1497 805 1608 876 propria
1621 822 1687 860 cura

60 886 202 939 ominum
230 884 347 954 eligitur,
375 884 434 939 hmo
461 893 518 949 est;
544 885 616 956 qnod
643 884 712 956 quis,
735 887 759 939 si
785 882 857 939 clam
895 892 922 938 et
934 883 1039 938 ambitu
1051 890 1250 954 comparantur.

61 971 168 1035 putaret
181 964 250 1029 fore,
264 965 384 1018 facturus
397 981 451 1018 non
463 963 569 1019 fuisset.

1168 1022 1335 1064 sortstsnra
1356 1023 1415 1063 xrr.

347 1101 513 1142 ⁸⁰PH1⁸MA
534 1101 578 1140 ¹¹·
935 1121 951 1148 ⁴⁴
966 1115 1042 1176 Quod
1065 1133 1101 1170 ex
1121 1115 1244 1185 pluribus
1263 1121 1368 1169 constat
1389 1122 1417 1169 et
1437 1113 1625 1181 divisibilibus,
1646 1122 1689 1171 est

100 1200 117 1227 ‘⁶
130 1195 212 1256 Quod
225 1212 310 1266 opera
323 1202 352 1250 et
367 1195 466 1249 virtute
479 1201 574 1249 nostra
586 1201 693 1264 partum
707 1200 755 1258 est,
769 1196 857 1264 majus
895 1195 991 1263 majus,
1008 1212 1089 1266 quam
1102 1195 1175 1267 quod
1188 1212 1224 1250 ex
1237 1193 1418 1265 paucioribus,
1432 1201 1461 1248 et
1480 1194 1569 1266 magis
1586 1212 1686 1250 uuum:

60 1275 180 1339 bunum
196 1275 270 1345 quod
284 1275 320 1330 ab
326 1274 416 1328 alieno
428 1274 569 1339 beneficio,
581 1273 625 1327 rel
638 1275 674 1327 ab
685 1272 858 1345 indulgentia
894 1290 959 1328 nam
972 1275 1064 1329 omnia
1077 1291 1127 1344 per
1139 1282 1231 1345 partes
1245 1273 1413 1328 considerata
1426 1273 1531 1341 majora
1544 1273 1686 1329 videntur:

61 1354 177 1409 tortum
190 1353 310 1409 delatum
322 1361 372 1417 est,
385 1353 476 1408 minus
488 1354 615 1407 bonurn”
895 1370 979 1424 quare
994 1361 1023 1407 et
1045 1352 1186 1423 pluralitas
1202 1353 1330 1424 partium,
1345 1353 1561 1424 magnitudinem
1579 1370 1637 1423 prae
1657 1369 1687 1408 se

98 1430 202 1489 Carasa
215 1433 297 1503 hujus
309 1433 350 1487 rei
364 1433 409 1489 bre
421 1441 492 1488 naut.
533 1432 626 1486 Primo
646 1439 758 1502 propter
777 1448 854 1501 spem
895 1432 965 1486 fert:
986 1433 1082 1487 fortius
1105 1440 1195 1488 antem
1213 1438 1339 1503 operatur
1358 1430 1501 1501 pluralitas
1521 1433 1648 1502 partium,
1663 1433 1687 1488 si

59 1513 93 1567 de
108 1512 210 1567 mimo
252 1512 393 1586 Siquidem
405 1512 435 1566 in
448 1511 563 1566 aliorum
577 1511 729 1583 gratiacus
743 1511 856 1566 fortunae
895 1511 961 1566 ordo
980 1512 1071 1566 absit:
1092 1528 1157 1567 nam
1177 1512 1281 1566 inducit
1300 1511 1507 1567 similitudinem
1529 1512 1638 1577 infiniti,
1659 1520 1688 1566 et

61 1593 149 1662 ipmns
161 1593 252 1647 rentis
265 1592 399 1656 secundis,
414 1609 470 1646 non
490 1591 605 1647 multum
627 1592 699 1645 inest
715 1590 856 1645 certitudi-
894 1590 1010 1661 impedit
1023 1591 1319 1661 comprehensionem.”

61 1672 120 1735 nis;
142 1672 255 1743 propria
266 1689 332 1726 vero
344 1671 477 1725 industria
490 1679 537 1725 aut
549 1671 635 1725 virtus
653 1686 761 1740 semper
781 1669 856 1724 domi
934 1669 1082 1740 Sophiama
1089 1671 1161 1725 istud
1170 1671 1276 1726 videtur
1286 1671 1368 1726 etiam
1381 1670 1470 1742 primo
1481 1670 1581 1726 intuitu
1593 1669 1687 1737 fallax,

61 1751 168 1805 adsunt.
210 1751 288 1805 Adeo
307 1758 343 1815 ut,
365 1758 511 1822 postquam
531 1751 596 1804 boni
617 1750 782 1822 quidnobis
803 1749 856 1803 hoc
894 1754 924 1804 et
938 1750 1016 1820 qnasi
1030 1749 1166 1820 palpabile
1179 1766 1186 1804 :
1201 1750 1341 1821 siquidem,
1350 1767 1406 1804 non
1419 1748 1560 1821 pluralitas
1569 1750 1687 1821 partium

61 1830 144 1884 modo
156 1838 284 1901 paratum
298 1830 390 1898 fuerit,
405 1836 534 1884 maneant
547 1830 629 1883 edam
648 1829 744 1884 eadem
759 1829 857 1883 instru-
894 1836 1008 1894 tantum,
1023 1828 1071 1883 sed
1089 1829 1230 1899 maioritas
1244 1830 1397 1894 eamndem,
1413 1830 1512 1899 poterit
1525 1829 1687 1884 constituere

60 1918 153 1965 menta
166 1911 196 1963 in
208 1926 296 1964 novor
311 1926 376 1964 usos
388 1917 493 1979 parata,
505 1909 570 1979 quin
584 1916 612 1962 et
621 1909 814 1964 cousuetudine
828 1915 857 1961 et
895 1915 982 1963 totum
995 1908 1108 1963 anchus.
1136 1909 1267 1963 Attamen
1277 1908 1377 1980 abripit
1387 1908 1537 1978 hocipsum
1547 1907 1688 1978 sophisma

61 2006 190 2043 measa
217 1990 325 2044 reddita
350 1988 491 2043 validiora.
532 1988 664 2052 Secundo,
692 1988 757 2058 quia
784 1987 857 2058 qnod
894 1987 996 2058 sepius
1021 1987 1209 2058 phantasiam
1237 1989 1386 2060 quinetiam
1413 1987 1556 2042 insidiatur
1583 1988 1685 2044 sensui.

61 2068 154 2122 alieno
169 2069 305 2123 benefimo
322 2068 505 2138 adipiscimur,
520 2068 579 2134 ejus
600 2067 684 2121 etiam
704 2065 766 2121 aliis
784 2067 857 2121 debi·
894 2066 1004 2121 Etenim
1018 2068 1138 2137 aspectui
1151 2068 1206 2139 ipsi
1219 2067 1328 2123 brevior
1340 2067 1445 2122 videtur
1458 2066 1504 2121 via
1521 2067 1550 2120 in
1563 2064 1686 2137 planitie,

61 2156 136 2202 tores
148 2164 260 2203 sumus:
281 2165 414 2218 cumquas
422 2162 530 2218 pernos
540 2146 594 2215 ipsi
601 2146 856 2217 comparaverimus,
894 2146 941 2200 nbi
955 2146 1027 2201 nibil
1041 2148 1210 2213 intercurrat,
1228 2148 1299 2219 quod
1313 2147 1401 2203 visum
1419 2146 1536 2218 frangat,
1558 2163 1640 2217 quam
1659 2146 1689 2201 in

60 2226 133 2281 nibil
148 2228 241 2282 oneris
258 2243 351 2282 aecrrm
369 2225 486 2280 trahant
527 2226 660 2279 Etiamsi
681 2226 747 2297 quid
765 2224 856 2279 indul·
894 2225 942 2279 tali
954 2232 1042 2281 tractu
1052 2233 1140 2292 terrm,
1150 2227 1197 2282 ubi
1208 2226 1290 2282 simul
1303 2226 1505 2297 conspiciunttn
1514 2226 1632 2290 arbores,
1643 2233 1690 2281 aut

60 2306 258 2376 gmtiadivina
266 2307 297 2360 in
306 2322 356 2360 nos
366 2305 550 2370 cumulaverit,
561 2305 766 2360 retributionem
774 2321 857 2376 quan·
895 2305 1017 2371 aedificis,
1039 2314 1087 2361 aut
1105 2305 1180 2362 aliud
1203 2306 1314 2379 aliquod
1334 2307 1452 2378 signnm,
1475 2306 1548 2377 quod
1570 2306 1689 2376 spatium

60 2385 123 2439 dam
143 2402 212 2456 erga
229 2384 282 2439 Dei
303 2385 452 2439 bonitatem
476 2384 614 2454 efflagitat,
637 2384 710 2456 quod
731 2384 857 2439 homines
894 2385 985 2440 metiri
993 2393 1021 2439 et
1029 2385 1148 2441 dividere
1159 2387 1254 2457 possit.
1283 2385 1328 2441 Sic
1343 2385 1449 2440 homini
1462 2386 1688 2451 benenummato,

60 2481 158 2534 pravos
179 2473 208 2519 et
229 2464 369 2534 improbos
388 2463 501 2529 mordet,
522 2464 568 2518 ubi
591 2465 622 2518 in
645 2464 735 2533 priore
756 2480 856 2535 genere
894 2471 1039 2536 postquam
1050 2480 1127 2520 areas
1136 2474 1235 2520 suaset
1244 2466 1383 2536 marsupia
1395 2465 1517 2519 divismh
1530 2473 1557 2519 et
1570 2466 1690 2538 digesse-

61 2544 128 2598 illud
147 2545 292 2615 prophetas
319 2544 483 2608 usuvenerit,
510 2542 644 2609 bunun,
671 2551 699 2598 et
721 2542 856 2609 exultant,
895 2544 937 2608 rit,
951 2544 1039 2614 major
1053 2544 1144 2609 etiam,
1156 2562 1237 2616 qnam
1251 2551 1339 2610 antea,
1350 2545 1424 2599 subit
1436 2544 1591 2599 divitiarum
1603 2544 1690 2616 phan-

62 2629 77 2654 ‘¹
90 2623 236 2678 immolant
259 2623 350 2694 plagis
374 2623 439 2688 suis,
463 2630 491 2677 et
518 2623 673 2677 soenticant
699 2623 752 2677 reti
779 2625 856 2679 suo.’'
895 2622 973 2677 tatia.
1015 2624 1107 2678 Habet
1120 2624 1202 2678 etiam
1214 2623 1270 2678 vim
1283 2624 1313 2678 in
1326 2622 1589 2694 amplificationibus,
1607 2625 1631 2679 ai
1645 2640 1689 2679 res

61 2702 162 2768 Tertio,
177 2704 243 2774 quia
264 2719 305 2768 ea,
327 2719 389 2773 quse
410 2718 428 2756 a
444 2702 545 2757 virtute
565 2709 659 2757 nostra
671 2702 784 2757 minime
797 2719 857 2773 pro
895 2702 924 2756 in
936 2700 1030 2773 plures
1043 2704 1181 2775 portiones
1195 2703 1336 2768 dividatur,
1348 2711 1429 2774 atque
1439 2703 1554 2774 singulte
1567 2720 1690 2759 seorsum

61 2781 133 2836 fecta
147 2790 218 2847 arnt,
231 2782 308 2836 nulla
322 2782 447 2853 sequitur
459 2780 519 2836 laus
533 2789 562 2835 et
575 2782 749 2838 existimatio.
789 2781 857 2843 Qua
895 2788 1050 2837 tractentur.
1105 2784 1167 2838 Hoc
1189 2799 1255 2838 vero
1280 2781 1370 2837 adhuc
1402 2782 1491 2851 magis
1517 2782 1690 2853 phantasiam

62 2861 287 2917 enimfelicitatis
297 2870 367 2925 sunt,
377 2860 581 2930 admirationem
593 2862 729 2932 quandam
739 2862 857 2931 pariunt,
894 2861 1038 2932 impletai
1057 2862 1104 2917 fiat
1119 2862 1271 2932 promiscue
1292 2869 1320 2916 et
1340 2861 1399 2916 sine
1416 2861 1518 2916 ordine.
1560 2861 1691 2917 Confusio

62 2939 171 2996 laudem
194 2941 317 2997 minime.
358 2940 436 2996 Sicut
456 2942 496 2995 ait
517 2941 614 2996 Cicero
641 2941 676 2996 ad
703 2942 857 2998 Caesarems
896 2942 970 2996 euim
985 2942 1177 2998 multitudinis
1204 2942 1360 3013 opinionem
1387 2949 1508 3013 generat.
1549 2941 1689 3013 Siquidem

62 3019 128 3080 ΟΜ
140 3022 271 3076 miremur
279 3020 427 3084 babemus3
449 3038 509 3091 quae
519 3019 661 3076 laudemus
672 3030 856 3092 expectamus.
896 3037 957 3091 qnae
975 3022 1069 3077 ordine
1087 3022 1263 3078 ostenduntur
1280 3028 1328 3077 ant
1345 3028 1539 3093 proponuntur,
1553 3029 1611 3076 tum
1628 3022 1691 3093 ipsa

63 3099 172 3165 Quarto,
187 3101 255 3171 quia
269 3118 331 3171 quae
344 3100 475 3154 industria
488 3102 858 3173 propriaacquiruntur,cum
895 3100 985 3172 magis
1006 3101 1083 3156 finita
1106 3108 1246 3173 apparent,
1265 3109 1324 3157 tum
1343 3109 1448 3156 eertum
1469 3100 1590 3172 praebent
1610 3117 1691 3174 argu·

62 3178 201 3234 laboribus
214 3186 243 3234 et
255 3180 427 3234 contentione
445 3180 501 3234 fere
521 3181 665 3251 conjuncta
683 3187 763 3244 suotc
785 3182 858 3252 qnod
895 3186 1027 3246 mentum,
1041 3180 1112 3237 nihil
1131 3198 1190 3237 esse
1204 3180 1423 3253 praemissum.
1464 3180 1501 3234 At
1514 3187 1614 3245 contra,
1629 3199 1690 3253 quas

62 3258 221 3314 manuum
243 3258 329 3313 habet
350 3259 379 3312 in
400 3273 430 3314 se
451 3258 632 3314 suamntemr
656 3259 695 3314 uti
720 3259 857 3327 Salomon,
896 3259 1008 3315 confuse
1021 3269 1253 3331 representantur,
1273 3277 1329 3315 non
1347 3261 1435 3315 solum
1454 3260 1483 3314 iu
1497 3277 1526 3315 se
1546 3277 1691 3316 numerosa

64 3342 80 3368 ‘¹
88 3338 181 3394 navis
193 3339 272 3393 cibus
286 3355 303 3392 a
315 3339 443 3393 venatn”
895 3346 1031 3411 putantur,
1043 3340 1092 3395 sed
1105 3348 1134 3395 et
1147 3340 1294 3411 suspicioni
1308 3339 1399 3396 locum
1411 3339 1574 3412 relinguunt,
1588 3349 1690 3397 restare

375 3478 553 3520 suasanus.
897 3419 986 3475 “fimi
1000 3419 1086 3492 Pluris
1102 3437 1163 3492 ‹11¹ae
1176 3419 1342 3475 omittuntur.

99 3570 136 3626 At
149 3578 266 3643 quatuor
278 3571 454 3627 inveniuntur
467 3572 573 3628 colores
585 3572 713 3643 oppositi,
733 3572 780 3644 qui
799 3589 858 3629 rem
1207 3559 1384 3600 mmmm·

64 3650 91 3704 in
103 3652 268 3706 emnariam
282 3659 389 3720 partem
401 3652 543 3716 inclinant,
557 3652 715 3723 possintque
730 3669 790 3707 esse
804 3653 859 3722 pri·
936 3652 1021 3707 Fallit
1032 3651 1174 3724 sophisma
1191 3652 1288 3722 primo,
1303 3652 1350 3705 ubi
1370 3651 1430 3723 quis
1443 3649 1604 3721 ampliorem
1623 3666 1691 3720 pras-

66 3730 254 3786 oerbnsinatar
267 3729 451 3786 elenchorum.
492 3731 594 3797 Primo,
609 3732 673 3803 quia
691 3731 807 3787 felicitas
820 3733 858 3787 vi·
896 3732 1001 3801 ceperit
1017 3732 1051 3787 de
1071 3748 1100 3786 re
1122 3731 1215 3802 aliqua
1233 3731 1397 3802 opinionem,
1411 3746 1494 3802 quam
1508 3747 1559 3800 pro
1571 3746 1637 3784 vera
1650 3731 1691 3785 rel

66 3809 140 3864 detur
159 3826 221 3865 ease
245 3811 357 3881 siguum
381 3811 524 3881 quoddam,
546 3818 575 3865 et
595 3810 736 3866 character
758 3812 858 3867 favoris
895 3810 983 3880 ipsius
997 3810 1192 3883 magnitudine.
1226 3810 1336 3865 Etenim
1347 3828 1408 3864 cum
1422 3810 1475 3864 hoc
1489 3810 1525 3876 fit,
1537 3809 1691 3864 distributio

67 3887 164 3945 dirini·
185 3897 214 3944 et
227 3897 376 3960 propterea
389 3899 447 3945 tum
461 3892 490 3945 in
510 3890 712 3961 nobismetipsis
722 3890 858 3945 confideu·
896 3890 994 3945 falsam
1007 3891 1084 3944 illam
1098 3890 1254 3961 opinionem
1268 3891 1395 3954 destruet,
1415 3896 1443 3944 et
1464 3906 1521 3943 rem
1535 3889 1564 3943 in
1578 3889 1691 3944 veritate

67 3967 354 4024 tiametalacritatem
368 3977 489 4041 generat,
505 3979 562 4024 tum
576 3970 648 4040 apud
662 3970 731 4024 alios
745 3971 858 4024 auctori-
896 3987 952 4033 sua,
980 3987 1034 4024 non
1067 3977 1158 4024 autem
1185 3987 1248 4024 eum
1274 3968 1493 4039 amplificatione,
1521 3969 1690 4024 monstrabit.

69 4053 145 4102 man
168 4057 198 4102 et
215 4050 405 4103 reverentiam.
446 4049 576 4104 Felicitas
596 4057 687 4106 autem
707 4050 760 4104 iata
774 4050 859 4105 etiam
897 4050 994 4120 ltaque
1016 4050 1040 4104 ai
1060 4049 1121 4120 quis
1139 4049 1235 4103 morbo
1253 4055 1301 4102 aut
1321 4048 1413 4104 dolore
1428 4049 1596 4118 corripiatur,
1615 4048 1692 4104 horm

70 4124 174 4180 fortuita
200 4127 400 4197 complectitur,
415 4128 450 4182 ad
465 4145 526 4200 quae
540 4129 624 4183 virtus
645 4141 717 4200 aegre
734 4129 857 4200 aspirate
895 4128 1033 4200 longiores
1046 4129 1072 4182 ei
1087 4128 1256 4192 ridebuntur,
1271 4128 1374 4198 absque
1397 4128 1540 4199 horologio
1554 4135 1602 4182 aut
1619 4127 1692 4200 clep-

70 4204 146 4260 vdua
160 4223 223 4260 cum
242 4206 338 4261 Cesar
358 4208 393 4261 ed
412 4207 492 4263 navis
510 4208 730 4278 gubernatorem,
753 4208 858 4264 animos
896 4209 985 4278 sydra,
996 4208 1111 4279 quamsi
1124 4207 1224 4261 iisdem
1234 4213 1432 4262 mensurentur.
1462 4207 1536 4262 Nam
1545 4207 1568 4262 si
1580 4207 1692 4263 radium

71 4283 195 4350 addendo,
209 4286 300 4340 dixit:
322 4285 459 4342 Caesarem
473 4294 565 4357 portae
587 4295 615 4342 et
635 4288 770 4342 iornrnam
790 4290 857 4357 ejus.
897 4297 924 4342 et
951 4289 1061 4343 vexatio
1084 4285 1179 4351 morbi,
1203 4293 1311 4357 tempus
1333 4286 1419 4341 videri
1445 4287 1554 4357 longius
1581 4287 1691 4353 faciunt,

70 4361 141 4423 Quod
154 4365 179 4419 si
191 4365 318 4430 dixisset,
334 4365 470 4421 Curarem
485 4374 579 4436 portas
600 4373 628 4419 et
643 4367 770 4422 virtutem
790 4368 857 4436 ejus,
897 4384 979 4438 quarn
999 4383 1095 4421 revera
1114 4374 1164 4430 est,
1184 4372 1212 4419 at
1232 4366 1399 4436 computatio
1420 4366 1551 4437 temporis
1572 4383 1691 4422 errorem

71 4440 193 4513 bigidnm
207 4461 320 4514 prorsus
330 4443 428 4500 fuisset
439 4446 565 4500 solatium
574 4439 738 4516 periclitanti
751 4448 781 4500 in
795 4464 858 4517 pro-
896 4446 975 4502 illurn
985 4446 1105 4518 corrigit,
1117 4453 1144 4500 et
1157 4445 1267 4499 brevius
1279 4445 1352 4508 facit,
1363 4463 1445 4516 quam
1456 4446 1550 4516 opinio
1563 4446 1612 4500 ills
1622 4446 1693 4501 falsa

71 4521 142 4576 calla
184 4523 320 4588 Secundo
335 4524 400 4594 quia
415 4541 456 4588 ea,
471 4541 533 4596 quas
549 4527 677 4580 arirtute
698 4533 746 4581 ant
765 4527 858 4580 indua·
896 4534 1067 4596 conceperat.
1108 4524 1201 4580 Etiam
1222 4525 1250 4578 in
1268 4524 1382 4594 planitie
1398 4532 1499 4590 eontra,
1515 4542 1597 4597 mam
1613 4542 1692 4597 supe-

71 4601 292 4672 triaprocedunt,
306 4611 369 4657 aunt
382 4602 534 4669 imitabilia,
549 4605 653 4660 etaliis
667 4613 774 4675 patent3
796 4623 859 4660 cum
897 4606 954 4660 rius
967 4606 1070 4660 dictum
1083 4612 1131 4668 est,
1147 4604 1293 4675 aliquando
1307 4605 1405 4659 evenit.
1439 4604 1520 4660 Licet
1534 4606 1608 4660 enim
1618 4605 1692 4659 nsua

71 4678 183 4736 felicitas
195 4682 233 4737 sit
245 4698 291 4736 res
306 4681 483 4746 inimitabilia,
499 4690 526 4737 et
539 4685 720 4755 praerogativa
734 4685 858 4756 quadam
896 4686 925 4739 iu
948 4684 1083 4755 principio
1102 4685 1174 4738 mam
1199 4691 1315 4740 ostentet
1334 4684 1486 4740 breviorem
1506 4685 1605 4750 sensui,
1628 4685 1693 4754 quia

70 4755 185 4814 bominis
202 4760 344 4816 indiridui.
386 4762 481 4833 ltaque
499 4762 528 4815 in
546 4779 645 4833 genere
663 4764 794 4828 videmus,
814 4780 858 4819 res
896 4765 1011 4818 indivisa
1025 4771 1074 4828 est,
1088 4771 1181 4818 tamen
1197 4763 1222 4818 si
1236 4781 1272 4818 ex
1285 4781 1318 4819 eo
1332 4764 1445 4834 obrepat
1458 4764 1596 4835 opiniode
1609 4763 1691 4834 longe

70 4838 202 4895 naturales
224 4839 414 4895 mansibus
437 4842 568 4911 praeponi,
592 4842 657 4913 quis
680 4842 858 4898 imitationem
896 4844 995 4898 minori
1016 4842 1165 4908 intervallo,
1190 4859 1272 4913 quarn
1296 4844 1449 4914 reperiturc
1471 4844 1608 4914 opinionis
1631 4843 1692 4911 ejus

71 4931 123 4971 non
138 4919 281 4991 recipiunt.
322 4919 401 4981 Quod
422 4921 493 4974 enim
512 4920 646 4975 imitabile
666 4929 716 4986 est,
737 4923 859 4992 potentia
895 4939 974 4978 vaoae
993 4922 1131 4976 frustratio
1151 4923 1259 4987 efficiet,
1277 4932 1309 4978 nt
1328 4923 1451 4978 rideatur
1469 4923 1578 4977 demum
1598 4922 1691 4987 etiam,

72 4996 206 5067 vulgsam
219 5006 271 5054 est.
312 4998 415 5062 Tertio,
430 5017 490 5071 quoe
501 5016 537 5053 ex
547 4999 678 5054 felicitate
688 5002 858 5071 proveniunt,
897 5018 979 5072 quam
994 5017 1088 5056 resera
1102 5008 1152 5066 est,
1163 5002 1325 5071 productior.
1355 5002 1560 5073 ltaqnesiquis
1570 5001 1693 5071 opinioni

72 5072 141 5130 bons
161 5078 289 5134 ridentur
309 5080 437 5150 gratuita,
461 5095 511 5131 uec
532 5077 670 5133 laboribus
690 5088 798 5151 empta:
831 5088 860 5133 at
897 5079 1015 5156 alicujus
1025 5079 1101 5134 falsae
1109 5080 1143 5135 de
1153 5082 1341 5153 magnitudine
1351 5082 1392 5136 rei
1402 5080 1692 5151 cujuspiamveliticari

73 5156 240 5224 quaerirtnte
254 5157 367 5229 propria
380 5158 469 5228 pretio
483 5157 565 5212 veluti
580 5159 721 5230 acquisita.
764 5160 859 5231 ltaque
897 5161 997 5230 cupiat,
1012 5166 1106 5213 caveat
1126 5176 1144 5213 a
1157 5159 1397 5226 distributionibus,
1412 5160 1460 5214 sed
1479 5177 1538 5214 rem
1557 5160 1693 5230 integram

73 5232 435 5304 elagaqtchlntarchusde
448 5236 529 5291 rebus
542 5236 727 5303 Timoleontis,
741 5238 860 5293 hominia
898 5240 990 5311 ntique
1004 5237 1127 5295 extollat.
1168 5239 1252 5294 Fallit
1266 5240 1406 5311 sophisma
1422 5239 1547 5303 secundo,
1563 5240 1587 5293 si
1603 5239 1693 5293 distri·

73 5309 149 5382 laage
162 5315 378 5379 fortunatissimi,
392 5333 454 5371 cnm
473 5317 554 5371 rebus
568 5317 691 5388 Agesilai
705 5325 732 5372 et
745 5318 859 5388 Epami·
897 5318 973 5372 butio
996 5334 1030 5372 ea
1051 5317 1225 5384 distrahatur,
1240 5337 1295 5376 non
1316 5328 1407 5375 autem
1427 5316 1507 5372 simul
1526 5318 1692 5384 obversetur,

73 5392 172 5456 wuda,
194 5395 242 5466 qui
267 5412 323 5450 nno
345 5411 404 5449 aero
422 5395 557 5461 vixerunt,
577 5396 749 5466 comparatis,
773 5396 859 5453 dixit:
897 5406 945 5451 aut
964 5413 1020 5452 uno
1038 5406 1150 5467 aspectu
1170 5399 1258 5455 visum
1277 5400 1365 5455 feriat
1407 5397 1503 5467 ltaque
1522 5398 1547 5451 ai
1564 5400 1645 5454 flores
1663 5400 1694 5453 in

74 5467 138 5526 nh
157 5473 273 5529 Homeri
294 5474 459 5531 carminibus
482 5474 567 5530 fuisse
585 5476 697 5543 similes,
718 5493 780 5547 quae
798 5492 860 5531 oum
897 5475 978 5532 horto
990 5476 1084 5548 aliquo
1097 5476 1127 5532 in
1140 5476 1232 5549 plures
1245 5479 1348 5535 torulos
1361 5476 1694 5550 distinguantur,maj01·is
