<?xml version="1.0" encoding="UTF-8"?>
<!DOCTYPE html PUBLIC "-//W3C//DTD XHTML 1.0 Transitional//EN"
    "http://www.w3.org/TR/xhtml1/DTD/xhtml1-transitional.dtd">
<html xmlns="http://www.w3.org/1999/xhtml" xml:lang="en" lang="en">
 <head>
  <title>
</title>
<meta http-equiv="Content-Type" content="text/html;charset=utf-8" />
  <meta name='ocr-system' content='tesseract 3.04.00' />
  <meta name='ocr-capabilities' content='ocr_page ocr_carea ocr_par ocr_line ocrx_word'/>
</head>
<body>
  <div class='ocr_page' id='page_1' title='image "./workslordbaconw00bacogoog_0336.png"; bbox 0 0 3800 5875; ppageno 0'>
   <div class='ocr_carea' id='block_1_1' title="bbox 225 350 1859 411">
    <p class='ocr_par' dir='ltr' id='par_1_1' title="bbox 225 350 1859 411">
     <span class='ocr_line' id='line_1_1' title="bbox 225 350 1859 411; baseline -0.006 -2"><span class='ocrx_word' id='word_1_1' title='bbox 225 355 284 410; x_wconf 78' lang='lat'>310</span> <span class='ocrx_word' id='word_1_2' title='bbox 732 354 782 410; x_wconf 85' lang='lat' dir='ltr'>DE</span> <span class='ocrx_word' id='word_1_3' title='bbox 803 354 1028 411; x_wconf 82' lang='lat' dir='ltr'>AUGMENTlS</span> <span class='ocrx_word' id='word_1_4' title='bbox 1049 353 1325 410; x_wconf 77' lang='lat' dir='ltr'>SCIENTIARUM.</span> <span class='ocrx_word' id='word_1_5' title='bbox 1725 350 1797 404; x_wconf 64' lang='grc' dir='ltr'>ιιι.</span> <span class='ocrx_word' id='word_1_6' title='bbox 1816 350 1859 405; x_wconf 91' lang='lat' dir='ltr'>ll.</span> 
     </span>
    </p>
   </div>
   <div class='ocr_carea' id='block_1_2' title="bbox 221 511 1873 5590">
    <p class='ocr_par' dir='ltr' id='par_1_2' title="bbox 221 511 1873 5590">
     <span class='ocr_line' id='line_1_2' title="bbox 221 511 1864 583; baseline -0.005 -13"><span class='ocrx_word' id='word_1_7' title='bbox 221 512 345 570; x_wconf 86' lang='lat' dir='ltr'>scientiis</span> <span class='ocrx_word' id='word_1_8' title='bbox 353 513 516 583; x_wconf 70' lang='lat' dir='ltr'>(prasertim</span> <span class='ocrx_word' id='word_1_9' title='bbox 525 512 641 567; x_wconf 89' lang='lat' dir='ltr'>naturali</span> <span class='ocrx_word' id='word_1_10' title='bbox 652 511 1014 583; x_wconf 87' lang='lat' dir='ltr'>philosophiaetmedicina)</span> <span class='ocrx_word' id='word_1_11' title='bbox 1054 513 1151 568; x_wconf 89' lang='lat' dir='ltr'>artium</span> <span class='ocrx_word' id='word_1_12' title='bbox 1173 511 1259 567; x_wconf 82' lang='lat' dir='ltr'>virtus</span> <span class='ocrx_word' id='word_1_13' title='bbox 1282 517 1311 567; x_wconf 88' lang='lat' dir='ltr'>et</span> <span class='ocrx_word' id='word_1_14' title='bbox 1331 511 1446 566; x_wconf 84' lang='lat' dir='ltr'>incultas</span> <span class='ocrx_word' id='word_1_15' title='bbox 1467 512 1541 582; x_wconf 78' lang='lat' dir='ltr'>(quae</span> <span class='ocrx_word' id='word_1_16' title='bbox 1560 525 1719 580; x_wconf 77' lang='lat' dir='ltr'>permagnus</span> <span class='ocrx_word' id='word_1_17' title='bbox 1740 515 1812 563; x_wconf 84' lang='lat' dir='ltr'>sunt</span> <span class='ocrx_word' id='word_1_18' title='bbox 1834 519 1864 562; x_wconf 88' lang='lat' dir='ltr'>et</span> 
     </span>
     <span class='ocr_line' id='line_1_3' title="bbox 221 588 1864 662; baseline -0.004 -14"><span class='ocrx_word' id='word_1_19' title='bbox 221 593 296 648; x_wconf 89' lang='lat' dir='ltr'>haud</span> <span class='ocrx_word' id='word_1_20' title='bbox 315 593 395 647; x_wconf 89' lang='lat' dir='ltr'>unica</span> <span class='ocrx_word' id='word_1_21' title='bbox 408 593 528 648; x_wconf 85' lang='lat' dir='ltr'>subsidia</span> <span class='ocrx_word' id='word_1_22' title='bbox 542 609 556 646; x_wconf 91' lang='lat' dir='ltr'>e</span> <span class='ocrx_word' id='word_1_23' title='bbox 571 591 649 647; x_wconf 92' lang='lat' dir='ltr'>libris</span> <span class='ocrx_word' id='word_1_24' title='bbox 662 592 779 662; x_wconf 83' lang='lat' dir='ltr'>petenda</span> <span class='ocrx_word' id='word_1_25' title='bbox 797 609 866 648; x_wconf 90' lang='lat' dir='ltr'>esse.</span> <span class='ocrx_word' id='word_1_26' title='bbox 907 592 967 653; x_wconf 88' lang='lat' dir='ltr'>Qua</span> <span class='ocrx_word' id='word_1_27' title='bbox 987 593 1015 645; x_wconf 92' lang='lat' dir='ltr'>in</span> <span class='ocrx_word' id='word_1_28' title='bbox 1054 593 1184 646; x_wconf 90' lang='lat' dir='ltr'>latissime</span> <span class='ocrx_word' id='word_1_29' title='bbox 1198 591 1317 660; x_wconf 75' lang='lat' dir='ltr'>diffusa)</span> <span class='ocrx_word' id='word_1_30' title='bbox 1333 592 1389 645; x_wconf 87' lang='lat' dir='ltr'>fere</span> <span class='ocrx_word' id='word_1_31' title='bbox 1403 598 1563 658; x_wconf 77' lang='lat' dir='ltr'>contemptae</span> <span class='ocrx_word' id='word_1_32' title='bbox 1573 589 1693 656; x_wconf 84' lang='lat' dir='ltr'>jaceant,</span> <span class='ocrx_word' id='word_1_33' title='bbox 1708 598 1801 659; x_wconf 90' lang='lat' dir='ltr'>atque</span> <span class='ocrx_word' id='word_1_34' title='bbox 1817 588 1864 642; x_wconf 79' lang='lat' dir='ltr'>rel</span> 
     </span>
     <span class='ocr_line' id='line_1_4' title="bbox 221 667 1863 743; baseline -0.004 -15"><span class='ocrx_word' id='word_1_35' title='bbox 221 672 538 743; x_wconf 87' lang='lat' dir='ltr'>reneutiquamomnino</span> <span class='ocrx_word' id='word_1_36' title='bbox 546 671 661 725; x_wconf 85' lang='lat' dir='ltr'>cessavit</span> <span class='ocrx_word' id='word_1_37' title='bbox 670 670 1014 736; x_wconf 81' lang='lat' dir='ltr'>munificentialrominum;</span> <span class='ocrx_word' id='word_1_38' title='bbox 1053 673 1082 724; x_wconf 91' lang='lat' dir='ltr'>in</span> <span class='ocrx_word' id='word_1_39' title='bbox 1112 671 1230 742; x_wconf 89' lang='lat' dir='ltr'>puerilia</span> <span class='ocrx_word' id='word_1_40' title='bbox 1255 671 1424 740; x_wconf 75' lang='lat' dir='ltr'><strong>sophismata</strong></span> <span class='ocrx_word' id='word_1_41' title='bbox 1453 669 1691 738; x_wconf 84' lang='lat' dir='ltr'>affectationesque</span> <span class='ocrx_word' id='word_1_42' title='bbox 1719 667 1863 722; x_wconf 85' lang='lat' dir='ltr'>ridiculas</span> 
     </span>
     <span class='ocr_line' id='line_1_5' title="bbox 223 747 1863 823; baseline -0.004 -17"><span class='ocrx_word' id='word_1_43' title='bbox 223 751 325 823; x_wconf 85' lang='lat' dir='ltr'>quippe</span> <span class='ocrx_word' id='word_1_44' title='bbox 343 752 472 816; x_wconf 84' lang='lat' dir='ltr'>videmus,</span> <span class='ocrx_word' id='word_1_45' title='bbox 491 767 545 805; x_wconf 91' lang='lat' dir='ltr'>non</span> <span class='ocrx_word' id='word_1_46' title='bbox 565 750 649 805; x_wconf 87' lang='lat' dir='ltr'>libros</span> <span class='ocrx_word' id='word_1_47' title='bbox 670 751 766 820; x_wconf 87' lang='lat' dir='ltr'>magis,</span> <span class='ocrx_word' id='word_1_48' title='bbox 782 767 863 820; x_wconf 87' lang='lat' dir='ltr'>quum</span> <span class='ocrx_word' id='word_1_49' title='bbox 882 751 1014 822; x_wconf 82' lang='lat' dir='ltr'>sphaeras,</span> <span class='ocrx_word' id='word_1_50' title='bbox 1053 750 1283 821; x_wconf 76' lang='lat' dir='ltr'>degeneraverint,</span> <span class='ocrx_word' id='word_1_51' title='bbox 1298 750 1342 804; x_wconf 89' lang='lat' dir='ltr'>vel</span> <span class='ocrx_word' id='word_1_52' title='bbox 1361 749 1457 803; x_wconf 89' lang='lat' dir='ltr'>saltem</span> <span class='ocrx_word' id='word_1_53' title='bbox 1478 748 1682 802; x_wconf 70' lang='lat' dir='ltr'>existimatione</span> <span class='ocrx_word' id='word_1_54' title='bbox 1703 764 1759 801; x_wconf 86' lang='lat' dir='ltr'>sua</span> <span class='ocrx_word' id='word_1_55' title='bbox 1783 747 1863 800; x_wconf 86' lang='lat' dir='ltr'>haud</span> 
     </span>
     <span class='ocr_line' id='line_1_6' title="bbox 222 827 1863 902; baseline -0.003 -17"><span class='ocrx_word' id='word_1_56' title='bbox 222 831 326 902; x_wconf 88' lang='lat' dir='ltr'>globos,</span> <span class='ocrx_word' id='word_1_57' title='bbox 336 830 490 895; x_wconf 78' lang='lat' dir='ltr'>astrolabio,</span> <span class='ocrx_word' id='word_1_58' title='bbox 500 846 622 901; x_wconf 90' lang='lat' dir='ltr'>mappas,</span> <span class='ocrx_word' id='word_1_59' title='bbox 630 837 658 884; x_wconf 88' lang='lat' dir='ltr'>et</span> <span class='ocrx_word' id='word_1_60' title='bbox 669 828 725 883; x_wconf 89' lang='lat' dir='ltr'>alia</span> <span class='ocrx_word' id='word_1_61' title='bbox 735 830 843 896; x_wconf 87' lang='lat' dir='ltr'>similia,</span> <span class='ocrx_word' id='word_1_62' title='bbox 858 838 889 886; x_wconf 89' lang='lat' dir='ltr'>ut</span> <span class='ocrx_word' id='word_1_63' title='bbox 901 830 1015 885; x_wconf 90' lang='lat' dir='ltr'>admini·</span> <span class='ocrx_word' id='word_1_64' title='bbox 1053 847 1149 900; x_wconf 87' lang='lat' dir='ltr'>parum</span> <span class='ocrx_word' id='word_1_65' title='bbox 1165 829 1298 884; x_wconf 74' lang='lat' dir='ltr'>mulctata</span> <span class='ocrx_word' id='word_1_66' title='bbox 1312 830 1373 884; x_wconf 90' lang='lat' dir='ltr'>sint.</span> <span class='ocrx_word' id='word_1_67' title='bbox 1415 829 1569 890; x_wconf 76' lang='lat' dir='ltr'>Quinetiam</span> <span class='ocrx_word' id='word_1_68' title='bbox 1584 837 1753 897; x_wconf 72' lang='lat' dir='ltr'>praematura</span> <span class='ocrx_word' id='word_1_69' title='bbox 1770 835 1803 880; x_wconf 90' lang='lat' dir='ltr'>et</span> <span class='ocrx_word' id='word_1_70' title='bbox 1822 827 1863 880; x_wconf 92' lang='lat' dir='ltr'>in-</span> 
     </span>
     <span class='ocr_line' id='line_1_7' title="bbox 222 906 1863 981; baseline -0.002 -19"><span class='ocrx_word' id='word_1_71' title='bbox 222 909 285 964; x_wconf 90' lang='lat' dir='ltr'>cula</span> <span class='ocrx_word' id='word_1_72' title='bbox 308 910 430 980; x_wconf 74' lang='lat' dir='ltr'>quadam</span> <span class='ocrx_word' id='word_1_73' title='bbox 454 910 626 965; x_wconf 78' lang='lat' dir='ltr'>astronomia</span> <span class='ocrx_word' id='word_1_74' title='bbox 648 917 675 963; x_wconf 93' lang='lat' dir='ltr'>et</span> <span class='ocrx_word' id='word_1_75' title='bbox 694 910 919 981; x_wconf 71' lang='lat' dir='ltr'>cosmographiae,</span> <span class='ocrx_word' id='word_1_76' title='bbox 944 927 1016 965; x_wconf 82' lang='lat' dir='ltr'>conr-</span> <span class='ocrx_word' id='word_1_77' title='bbox 1053 909 1214 979; x_wconf 88' lang='lat' dir='ltr'>tempestiva</span> <span class='ocrx_word' id='word_1_78' title='bbox 1240 909 1276 963; x_wconf 89' lang='lat' dir='ltr'>ad</span> <span class='ocrx_word' id='word_1_79' title='bbox 1302 908 1354 962; x_wconf 89' lang='lat' dir='ltr'>bas</span> <span class='ocrx_word' id='word_1_80' title='bbox 1380 918 1453 962; x_wconf 89' lang='lat' dir='ltr'>artes</span> <span class='ocrx_word' id='word_1_81' title='bbox 1473 907 1593 961; x_wconf 89' lang='lat' dir='ltr'>accessio</span> <span class='ocrx_word' id='word_1_82' title='bbox 1615 906 1736 960; x_wconf 74' lang='lat' dir='ltr'>dunum</span> <span class='ocrx_word' id='word_1_83' title='bbox 1760 922 1863 960; x_wconf 90' lang='lat' dir='ltr'>earum</span> 
     </span>
     <span class='ocr_line' id='line_1_8' title="bbox 221 987 1864 1060; baseline -0.002 -18"><span class='ocrx_word' id='word_1_84' title='bbox 221 991 313 1060; x_wconf 89' lang='lat' dir='ltr'>parari</span> <span class='ocrx_word' id='word_1_85' title='bbox 328 998 357 1042; x_wconf 88' lang='lat' dir='ltr'>et</span> <span class='ocrx_word' id='word_1_86' title='bbox 369 989 458 1043; x_wconf 89' lang='lat' dir='ltr'>studio</span> <span class='ocrx_word' id='word_1_87' title='bbox 471 989 596 1060; x_wconf 79' lang='lat' dir='ltr'>praeberi.</span> <span class='ocrx_word' id='word_1_88' title='bbox 626 989 757 1044; x_wconf 80' lang='lat' dir='ltr'>Videmus</span> <span class='ocrx_word' id='word_1_89' title='bbox 771 991 860 1054; x_wconf 85' lang='lat' dir='ltr'>etiarn,</span> <span class='ocrx_word' id='word_1_90' title='bbox 875 989 935 1044; x_wconf 90' lang='lat' dir='ltr'>locs</span> <span class='ocrx_word' id='word_1_91' title='bbox 949 1006 1014 1044; x_wconf 90' lang='lat' dir='ltr'>non·</span> <span class='ocrx_word' id='word_1_92' title='bbox 1053 996 1134 1058; x_wconf 90' lang='lat' dir='ltr'>atque</span> <span class='ocrx_word' id='word_1_93' title='bbox 1155 989 1278 1057; x_wconf 85' lang='lat' dir='ltr'>jejunem</span> <span class='ocrx_word' id='word_1_94' title='bbox 1301 988 1473 1043; x_wconf 72' lang='lat' dir='ltr'>traditionem</span> <span class='ocrx_word' id='word_1_95' title='bbox 1494 1004 1525 1039; x_wconf 92' lang='lat' dir='ltr'>ac</span> <span class='ocrx_word' id='word_1_96' title='bbox 1547 987 1741 1039; x_wconf 67' lang='lat' dir='ltr'>mundonem</span> <span class='ocrx_word' id='word_1_97' title='bbox 1764 1001 1864 1039; x_wconf 87' lang='lat' dir='ltr'>neces-</span> 
     </span>
     <span class='ocr_line' id='line_1_9' title="bbox 222 1065 1861 1138; baseline -0.002 -16"><span class='ocrx_word' id='word_1_98' title='bbox 222 1068 305 1131; x_wconf 88' lang='lat' dir='ltr'>nulln,</span> <span class='ocrx_word' id='word_1_99' title='bbox 328 1068 469 1123; x_wconf 80' lang='lat' dir='ltr'>medicinas</span> <span class='ocrx_word' id='word_1_100' title='bbox 492 1068 582 1123; x_wconf 89' lang='lat' dir='ltr'>studio</span> <span class='ocrx_word' id='word_1_101' title='bbox 605 1068 701 1133; x_wconf 88' lang='lat' dir='ltr'>dicata,</span> <span class='ocrx_word' id='word_1_102' title='bbox 726 1068 820 1123; x_wconf 88' lang='lat' dir='ltr'>hortos</span> <span class='ocrx_word' id='word_1_103' title='bbox 842 1068 942 1123; x_wconf 85' lang='lat' dir='ltr'>babere</span> <span class='ocrx_word' id='word_1_104' title='bbox 967 1084 1016 1138; x_wconf 91' lang='lat' dir='ltr'>pro</span> <span class='ocrx_word' id='word_1_105' title='bbox 1053 1068 1126 1122; x_wconf 86' lang='lat' dir='ltr'>sario</span> <span class='ocrx_word' id='word_1_106' title='bbox 1140 1084 1232 1123; x_wconf 89' lang='lat' dir='ltr'>secum</span> <span class='ocrx_word' id='word_1_107' title='bbox 1247 1068 1336 1132; x_wconf 85' lang='lat' dir='ltr'>traxit,</span> <span class='ocrx_word' id='word_1_108' title='bbox 1352 1068 1439 1136; x_wconf 92' lang='lat' dir='ltr'>qualis</span> <span class='ocrx_word' id='word_1_109' title='bbox 1448 1067 1578 1120; x_wconf 89' lang='lat' dir='ltr'>nimirum</span> <span class='ocrx_word' id='word_1_110' title='bbox 1592 1065 1684 1136; x_wconf 89' lang='lat' dir='ltr'>captui</span> <span class='ocrx_word' id='word_1_111' title='bbox 1699 1082 1861 1135; x_wconf 90' lang='lat' dir='ltr'>puerorum</span> 
     </span>
     <span class='ocr_line' id='line_1_10' title="bbox 223 1144 1862 1219; baseline -0.004 -17"><span class='ocrx_word' id='word_1_112' title='bbox 223 1147 387 1217; x_wconf 87' lang='lat' dir='ltr'>simplicium</span> <span class='ocrx_word' id='word_1_113' title='bbox 401 1149 531 1219; x_wconf 82' lang='lat' dir='ltr'>cujusque</span> <span class='ocrx_word' id='word_1_114' title='bbox 545 1149 653 1217; x_wconf 88' lang='lat' dir='ltr'>generis</span> <span class='ocrx_word' id='word_1_115' title='bbox 666 1147 834 1218; x_wconf 74' lang='lat' dir='ltr'>inspectione</span> <span class='ocrx_word' id='word_1_116' title='bbox 849 1156 877 1202; x_wconf 89' lang='lat' dir='ltr'>et</span> <span class='ocrx_word' id='word_1_117' title='bbox 896 1147 1013 1213; x_wconf 80' lang='lat' dir='ltr'>antida;</span> <span class='ocrx_word' id='word_1_118' title='bbox 1053 1145 1205 1217; x_wconf 87' lang='lat' dir='ltr'>adaptetur.</span> <span class='ocrx_word' id='word_1_119' title='bbox 1253 1145 1374 1201; x_wconf 82' lang='lat' dir='ltr'>Alterum</span> <span class='ocrx_word' id='word_1_120' title='bbox 1402 1145 1557 1215; x_wconf 83' lang='lat' dir='ltr'>exemplum</span> <span class='ocrx_word' id='word_1_121' title='bbox 1585 1144 1673 1214; x_wconf 90' lang='lat' dir='ltr'>(quod</span> <span class='ocrx_word' id='word_1_122' title='bbox 1701 1144 1862 1211; x_wconf 84' lang='lat' dir='ltr'>adducam)</span> 
     </span>
     <span class='ocr_line' id='line_1_11' title="bbox 222 1224 1863 1297; baseline -0.001 -18"><span class='ocrx_word' id='word_1_123' title='bbox 222 1242 272 1280; x_wconf 91' lang='lat' dir='ltr'>nec</span> <span class='ocrx_word' id='word_1_124' title='bbox 287 1243 338 1280; x_wconf 90' lang='lat' dir='ltr'>usu</span> <span class='ocrx_word' id='word_1_125' title='bbox 352 1235 517 1281; x_wconf 90' lang='lat' dir='ltr'>mortuorum</span> <span class='ocrx_word' id='word_1_126' title='bbox 531 1244 673 1297; x_wconf 88' lang='lat' dir='ltr'>corporum</span> <span class='ocrx_word' id='word_1_127' title='bbox 687 1227 721 1280; x_wconf 88' lang='lat' dir='ltr'>ad</span> <span class='ocrx_word' id='word_1_128' title='bbox 738 1227 938 1282; x_wconf 79' lang='lat' dir='ltr'>observationes</span> <span class='ocrx_word' id='word_1_129' title='bbox 953 1242 1015 1280; x_wconf 88' lang='lat' dir='ltr'>ana·</span> <span class='ocrx_word' id='word_1_130' title='bbox 1053 1226 1160 1290; x_wconf 89' lang='lat' dir='ltr'>erroris,</span> <span class='ocrx_word' id='word_1_131' title='bbox 1175 1226 1221 1297; x_wconf 89' lang='lat' dir='ltr'>qui</span> <span class='ocrx_word' id='word_1_132' title='bbox 1242 1226 1271 1279; x_wconf 93' lang='lat' dir='ltr'>in</span> <span class='ocrx_word' id='word_1_133' title='bbox 1291 1226 1437 1280; x_wconf 78' lang='lat' dir='ltr'>academiis</span> <span class='ocrx_word' id='word_1_134' title='bbox 1454 1225 1513 1292; x_wconf 82' lang='lat' dir='ltr'>jam</span> <span class='ocrx_word' id='word_1_135' title='bbox 1533 1224 1580 1279; x_wconf 92' lang='lat' dir='ltr'>diu</span> <span class='ocrx_word' id='word_1_136' title='bbox 1593 1224 1772 1287; x_wconf 87' lang='lat' dir='ltr'>inveteravit,</span> <span class='ocrx_word' id='word_1_137' title='bbox 1790 1225 1863 1291; x_wconf 82' lang='lat' dir='ltr'>ejus-</span> 
     </span>
     <span class='ocr_line' id='line_1_12' title="bbox 222 1304 1861 1377; baseline -0.001 -19"><span class='ocrx_word' id='word_1_138' title='bbox 222 1305 335 1359; x_wconf 88' lang='lat' dir='ltr'>tomicas</span> <span class='ocrx_word' id='word_1_139' title='bbox 349 1306 468 1361; x_wconf 89' lang='lat' dir='ltr'>destitui.</span> <span class='ocrx_word' id='word_1_140' title='bbox 510 1306 648 1361; x_wconf 83' lang='lat' dir='ltr'>Caeterum</span> <span class='ocrx_word' id='word_1_141' title='bbox 662 1306 721 1360; x_wconf 79' lang='lat' dir='ltr'>haec</span> <span class='ocrx_word' id='word_1_142' title='bbox 735 1306 770 1359; x_wconf 89' lang='lat' dir='ltr'>ad</span> <span class='ocrx_word' id='word_1_143' title='bbox 783 1322 870 1377; x_wconf 87' lang='lat' dir='ltr'>pauca</span> <span class='ocrx_word' id='word_1_144' title='bbox 883 1313 1014 1376; x_wconf 87' lang='lat' dir='ltr'>spectant.</span> <span class='ocrx_word' id='word_1_145' title='bbox 1053 1305 1125 1359; x_wconf 87' lang='lat' dir='ltr'>modi</span> <span class='ocrx_word' id='word_1_146' title='bbox 1140 1314 1198 1368; x_wconf 78' lang='lat' dir='ltr'>est;</span> <span class='ocrx_word' id='word_1_147' title='bbox 1214 1305 1285 1376; x_wconf 92' lang='lat' dir='ltr'>quod</span> <span class='ocrx_word' id='word_1_148' title='bbox 1303 1305 1409 1359; x_wconf 89' lang='lat' dir='ltr'>scilicet</span> <span class='ocrx_word' id='word_1_149' title='bbox 1422 1304 1582 1358; x_wconf 86' lang='lat' dir='ltr'>inventionis</span> <span class='ocrx_word' id='word_1_150' title='bbox 1596 1312 1681 1374; x_wconf 89' lang='lat' dir='ltr'>atque</span> <span class='ocrx_word' id='word_1_151' title='bbox 1699 1304 1861 1366; x_wconf 75' lang='lat' dir='ltr'>memorie,</span> 
     </span>
     <span class='ocr_line' id='line_1_13' title="bbox 223 1381 1864 1457; baseline -0.001 -20"><span class='ocrx_word' id='word_1_152' title='bbox 223 1384 257 1438; x_wconf 89' lang='lat' dir='ltr'>lu</span> <span class='ocrx_word' id='word_1_153' title='bbox 281 1400 381 1455; x_wconf 79' lang='lat' dir='ltr'>genere</span> <span class='ocrx_word' id='word_1_154' title='bbox 403 1402 453 1455; x_wconf 90' lang='lat' dir='ltr'>pro</span> <span class='ocrx_word' id='word_1_155' title='bbox 479 1394 554 1439; x_wconf 89' lang='lat' dir='ltr'>certo</span> <span class='ocrx_word' id='word_1_156' title='bbox 577 1385 718 1449; x_wconf 89' lang='lat' dir='ltr'>habeatur,</span> <span class='ocrx_word' id='word_1_157' title='bbox 738 1402 860 1457; x_wconf 89' lang='lat' dir='ltr'>magnos,</span> <span class='ocrx_word' id='word_1_158' title='bbox 882 1385 912 1439; x_wconf 92' lang='lat' dir='ltr'>in</span> <span class='ocrx_word' id='word_1_159' title='bbox 933 1385 1014 1439; x_wconf 90' lang='lat' dir='ltr'>rebus</span> <span class='ocrx_word' id='word_1_160' title='bbox 1053 1385 1082 1438; x_wconf 94' lang='lat' dir='ltr'>in</span> <span class='ocrx_word' id='word_1_161' title='bbox 1093 1383 1413 1446; x_wconf 83' lang='lat' dir='ltr'>exercitiisscholasticis,</span> <span class='ocrx_word' id='word_1_162' title='bbox 1422 1384 1482 1437; x_wconf 83' lang='lat' dir='ltr'>fieri</span> <span class='ocrx_word' id='word_1_163' title='bbox 1490 1382 1560 1437; x_wconf 89' lang='lat' dir='ltr'>solet</span> <span class='ocrx_word' id='word_1_164' title='bbox 1570 1383 1657 1437; x_wconf 88' lang='lat' dir='ltr'>nimio</span> <span class='ocrx_word' id='word_1_165' title='bbox 1665 1381 1733 1453; x_wconf 88' lang='lat' dir='ltr'>plus</span> <span class='ocrx_word' id='word_1_166' title='bbox 1741 1383 1864 1437; x_wconf 85' lang='lat' dir='ltr'>noxium</span> 
     </span>
     <span class='ocr_line' id='line_1_14' title="bbox 221 1461 1863 1536; baseline -0.002 -19"><span class='ocrx_word' id='word_1_167' title='bbox 221 1471 326 1518; x_wconf 76' lang='lat' dir='ltr'>naturae</span> <span class='ocrx_word' id='word_1_168' title='bbox 339 1465 439 1518; x_wconf 89' lang='lat' dir='ltr'>abditis</span> <span class='ocrx_word' id='word_1_169' title='bbox 449 1465 574 1520; x_wconf 88' lang='lat' dir='ltr'>eruendis</span> <span class='ocrx_word' id='word_1_170' title='bbox 585 1473 611 1518; x_wconf 90' lang='lat' dir='ltr'>et</span> <span class='ocrx_word' id='word_1_171' title='bbox 625 1465 784 1529; x_wconf 87' lang='lat' dir='ltr'>reserandis,</span> <span class='ocrx_word' id='word_1_172' title='bbox 795 1481 955 1536; x_wconf 86' lang='lat' dir='ltr'>progressus</span> <span class='ocrx_word' id='word_1_173' title='bbox 968 1463 1017 1518; x_wconf 85' lang='lat' dir='ltr'>vix</span> <span class='ocrx_word' id='word_1_174' title='bbox 1053 1463 1215 1518; x_wconf 85' lang='lat' dir='ltr'>divortium:</span> <span class='ocrx_word' id='word_1_175' title='bbox 1239 1462 1296 1517; x_wconf 93' lang='lat' dir='ltr'>illic</span> <span class='ocrx_word' id='word_1_176' title='bbox 1316 1463 1449 1533; x_wconf 86' lang='lat' dir='ltr'>siquidem</span> <span class='ocrx_word' id='word_1_177' title='bbox 1472 1462 1607 1516; x_wconf 87' lang='lat' dir='ltr'>orationes</span> <span class='ocrx_word' id='word_1_178' title='bbox 1630 1461 1789 1531; x_wconf 77' lang='lat' dir='ltr'>pleraeque,</span> <span class='ocrx_word' id='word_1_179' title='bbox 1815 1472 1863 1514; x_wconf 89' lang='lat' dir='ltr'>ant</span> 
     </span>
     <span class='ocr_line' id='line_1_15' title="bbox 222 1541 1863 1614; baseline -0.001 -18"><span class='ocrx_word' id='word_1_180' title='bbox 222 1542 282 1596; x_wconf 85' lang='lat' dir='ltr'>lieri</span> <span class='ocrx_word' id='word_1_181' title='bbox 304 1559 392 1613; x_wconf 86' lang='lat' dir='ltr'>posse,</span> <span class='ocrx_word' id='word_1_182' title='bbox 411 1544 465 1598; x_wconf 91' lang='lat' dir='ltr'>nisi</span> <span class='ocrx_word' id='word_1_183' title='bbox 485 1544 519 1597; x_wconf 93' lang='lat' dir='ltr'>ad</span> <span class='ocrx_word' id='word_1_184' title='bbox 539 1545 734 1614; x_wconf 81' lang='lat' dir='ltr'>experimenta,</span> <span class='ocrx_word' id='word_1_185' title='bbox 748 1545 804 1599; x_wconf 83' lang='lat' dir='ltr'>sire</span> <span class='ocrx_word' id='word_1_186' title='bbox 819 1543 942 1609; x_wconf 81' lang='lat' dir='ltr'>Vulcani,</span> <span class='ocrx_word' id='word_1_187' title='bbox 957 1544 1022 1602; x_wconf 86' lang='lat' dir='ltr'>sive.</span> <span class='ocrx_word' id='word_1_188' title='bbox 1054 1543 1163 1597; x_wconf 89' lang='lat' dir='ltr'>omnino</span> <span class='ocrx_word' id='word_1_189' title='bbox 1182 1542 1374 1613; x_wconf 78' lang='lat' dir='ltr'>praemeditata</span> <span class='ocrx_word' id='word_1_190' title='bbox 1392 1549 1461 1606; x_wconf 89' lang='lat' dir='ltr'>sunt,</span> <span class='ocrx_word' id='word_1_191' title='bbox 1476 1541 1587 1595; x_wconf 83' lang='lat' dir='ltr'>adeost</span> <span class='ocrx_word' id='word_1_192' title='bbox 1604 1542 1754 1611; x_wconf 87' lang='lat' dir='ltr'>conceptis</span> <span class='ocrx_word' id='word_1_193' title='bbox 1768 1541 1863 1594; x_wconf 74' lang='lat' dir='ltr'>verbis</span> 
     </span>
     <span class='ocr_line' id='line_1_16' title="bbox 222 1620 1863 1692; baseline -0.001 -17"><span class='ocrx_word' id='word_1_194' title='bbox 222 1621 328 1677; x_wconf 78' lang='lat' dir='ltr'>Daedali</span> <span class='ocrx_word' id='word_1_195' title='bbox 352 1623 482 1691; x_wconf 87' lang='lat' dir='ltr'>(fornacis</span> <span class='ocrx_word' id='word_1_196' title='bbox 502 1623 613 1688; x_wconf 90' lang='lat' dir='ltr'>scilieet,</span> <span class='ocrx_word' id='word_1_197' title='bbox 635 1632 681 1677; x_wconf 90' lang='lat' dir='ltr'>eut</span> <span class='ocrx_word' id='word_1_198' title='bbox 700 1623 842 1688; x_wconf 74' lang='lat' dir='ltr'>machine,</span> <span class='ocrx_word' id='word_1_199' title='bbox 863 1624 908 1678; x_wconf 86' lang='lat' dir='ltr'>vel</span> <span class='ocrx_word' id='word_1_200' title='bbox 926 1624 1015 1691; x_wconf 83' lang='lat' dir='ltr'>cujus·</span> <span class='ocrx_word' id='word_1_201' title='bbox 1054 1622 1234 1692; x_wconf 88' lang='lat' dir='ltr'>proferantur,</span> <span class='ocrx_word' id='word_1_202' title='bbox 1258 1629 1285 1676; x_wconf 90' lang='lat' dir='ltr'>et</span> <span class='ocrx_word' id='word_1_203' title='bbox 1307 1621 1456 1675; x_wconf 89' lang='lat' dir='ltr'>inventioni</span> <span class='ocrx_word' id='word_1_204' title='bbox 1483 1620 1554 1674; x_wconf 90' lang='lat' dir='ltr'>nihil</span> <span class='ocrx_word' id='word_1_205' title='bbox 1580 1620 1783 1691; x_wconf 86' lang='lat' dir='ltr'>relinquatur;</span> <span class='ocrx_word' id='word_1_206' title='bbox 1815 1632 1863 1674; x_wconf 87' lang='lat' dir='ltr'>aut</span> 
     </span>
     <span class='ocr_line' id='line_1_17' title="bbox 223 1698 1865 1772; baseline 0 -19"><span class='ocrx_word' id='word_1_207' title='bbox 223 1717 330 1772; x_wconf 89' lang='lat' dir='ltr'>cunque</span> <span class='ocrx_word' id='word_1_208' title='bbox 341 1701 451 1756; x_wconf 88' lang='lat' dir='ltr'>alterius</span> <span class='ocrx_word' id='word_1_209' title='bbox 462 1702 583 1772; x_wconf 89' lang='lat' dir='ltr'>generis)</span> <span class='ocrx_word' id='word_1_210' title='bbox 595 1712 716 1772; x_wconf 88' lang='lat' dir='ltr'>sumptus</span> <span class='ocrx_word' id='word_1_211' title='bbox 725 1703 829 1757; x_wconf 86' lang='lat' dir='ltr'>abunde</span> <span class='ocrx_word' id='word_1_212' title='bbox 843 1702 1016 1772; x_wconf 90' lang='lat' dir='ltr'>suppediten-</span> <span class='ocrx_word' id='word_1_213' title='bbox 1054 1702 1134 1771; x_wconf 87' lang='lat' dir='ltr'>plane</span> <span class='ocrx_word' id='word_1_214' title='bbox 1155 1701 1414 1771; x_wconf 57' lang='lat' dir='ltr'>extemporaneas</span> <span class='ocrx_word' id='word_1_215' title='bbox 1434 1715 1576 1770; x_wconf 85' lang='lat' dir='ltr'>perperam</span> <span class='ocrx_word' id='word_1_216' title='bbox 1597 1698 1781 1771; x_wconf 87' lang='lat' dir='ltr'>relinquatur</span> <span class='ocrx_word' id='word_1_217' title='bbox 1807 1716 1865 1753; x_wconf 84' lang='lat' dir='ltr'>me·</span> 
     </span>
     <span class='ocr_line' id='line_1_18' title="bbox 224 1779 1864 1851; baseline -0.001 -16"><span class='ocrx_word' id='word_1_218' title='bbox 224 1787 276 1835; x_wconf 87' lang='lat' dir='ltr'>tur.</span> <span class='ocrx_word' id='word_1_219' title='bbox 319 1779 437 1850; x_wconf 85' lang='lat' dir='ltr'>Ideoque</span> <span class='ocrx_word' id='word_1_220' title='bbox 451 1782 520 1836; x_wconf 75' lang='lat' dir='ltr'>siem</span> <span class='ocrx_word' id='word_1_221' title='bbox 533 1782 685 1851; x_wconf 80' lang='lat' dir='ltr'>principum</span> <span class='ocrx_word' id='word_1_222' title='bbox 699 1783 852 1837; x_wconf 66' lang='lat' dir='ltr'>secretariis</span> <span class='ocrx_word' id='word_1_223' title='bbox 865 1789 893 1836; x_wconf 91' lang='lat' dir='ltr'>et</span> <span class='ocrx_word' id='word_1_224' title='bbox 906 1781 1016 1836; x_wconf 87' lang='lat' dir='ltr'>emissa·</span> <span class='ocrx_word' id='word_1_225' title='bbox 1054 1781 1147 1835; x_wconf 83' lang='lat' dir='ltr'>moriar</span> <span class='ocrx_word' id='word_1_226' title='bbox 1175 1783 1249 1849; x_wconf 86' lang='lat' dir='ltr'>(cum</span> <span class='ocrx_word' id='word_1_227' title='bbox 1272 1782 1300 1834; x_wconf 92' lang='lat' dir='ltr'>in</span> <span class='ocrx_word' id='word_1_228' title='bbox 1321 1780 1376 1833; x_wconf 87' lang='lat' dir='ltr'>vita</span> <span class='ocrx_word' id='word_1_229' title='bbox 1399 1779 1535 1833; x_wconf 90' lang='lat' dir='ltr'>communi</span> <span class='ocrx_word' id='word_1_230' title='bbox 1556 1786 1583 1832; x_wconf 90' lang='lat' dir='ltr'>et</span> <span class='ocrx_word' id='word_1_231' title='bbox 1604 1780 1695 1848; x_wconf 80' lang='lat' dir='ltr'>praxi,</span> <span class='ocrx_word' id='word_1_232' title='bbox 1720 1795 1807 1832; x_wconf 88' lang='lat' dir='ltr'>rarus</span> <span class='ocrx_word' id='word_1_233' title='bbox 1829 1780 1864 1833; x_wconf 91' lang='lat' dir='ltr'>sit</span> 
     </span>
     <span class='ocr_line' id='line_1_19' title="bbox 222 1857 1864 1932; baseline 0 -20"><span class='ocrx_word' id='word_1_234' title='bbox 222 1858 272 1913; x_wconf 87' lang='lat' dir='ltr'>riis</span> <span class='ocrx_word' id='word_1_235' title='bbox 294 1860 450 1914; x_wconf 86' lang='lat' dir='ltr'>conceditur</span> <span class='ocrx_word' id='word_1_236' title='bbox 471 1860 599 1915; x_wconf 86' lang='lat' dir='ltr'>exhibere</span> <span class='ocrx_word' id='word_1_237' title='bbox 618 1860 735 1916; x_wconf 88' lang='lat' dir='ltr'>rationes</span> <span class='ocrx_word' id='word_1_238' title='bbox 756 1877 947 1932; x_wconf 85' lang='lat' dir='ltr'>expansarum,</span> <span class='ocrx_word' id='word_1_239' title='bbox 967 1876 1017 1930; x_wconf 89' lang='lat' dir='ltr'>pro</span> <span class='ocrx_word' id='word_1_240' title='bbox 1054 1859 1206 1915; x_wconf 79' lang='lat' dir='ltr'>alterutrius</span> <span class='ocrx_word' id='word_1_241' title='bbox 1219 1860 1331 1913; x_wconf 88' lang='lat' dir='ltr'>istorum</span> <span class='ocrx_word' id='word_1_242' title='bbox 1345 1875 1408 1913; x_wconf 87' lang='lat' dir='ltr'>usus</span> <span class='ocrx_word' id='word_1_243' title='bbox 1416 1874 1545 1922; x_wconf 84' lang='lat' dir='ltr'>seorsum,</span> <span class='ocrx_word' id='word_1_244' title='bbox 1556 1857 1603 1911; x_wconf 91' lang='lat' dir='ltr'>sed</span> <span class='ocrx_word' id='word_1_245' title='bbox 1618 1857 1713 1928; x_wconf 83' lang='lat' dir='ltr'>potius</span> <span class='ocrx_word' id='word_1_246' title='bbox 1729 1859 1864 1913; x_wconf 76' lang='lat' dir='ltr'>mixtura</span> 
     </span>
     <span class='ocr_line' id='line_1_20' title="bbox 223 1937 1865 2009; baseline 0.001 -18"><span class='ocrx_word' id='word_1_247' title='bbox 223 1937 373 2009; x_wconf 88' lang='lat' dir='ltr'>diligentiis</span> <span class='ocrx_word' id='word_1_248' title='bbox 384 1939 440 1993; x_wconf 87' lang='lat' dir='ltr'>suia</span> <span class='ocrx_word' id='word_1_249' title='bbox 454 1940 483 1992; x_wconf 92' lang='lat' dir='ltr'>in</span> <span class='ocrx_word' id='word_1_250' title='bbox 493 1939 659 2009; x_wconf 82' lang='lat' dir='ltr'>explorando</span> <span class='ocrx_word' id='word_1_251' title='bbox 667 1949 695 1995; x_wconf 89' lang='lat' dir='ltr'>et</span> <span class='ocrx_word' id='word_1_252' title='bbox 704 1941 822 1995; x_wconf 90' lang='lat' dir='ltr'>eruendo</span> <span class='ocrx_word' id='word_1_253' title='bbox 832 1957 877 1994; x_wconf 89' lang='lat' dir='ltr'>res</span> <span class='ocrx_word' id='word_1_254' title='bbox 887 1956 978 2004; x_wconf 88' lang='lat' dir='ltr'>novas,</span> <span class='ocrx_word' id='word_1_255' title='bbox 990 1946 1017 1993; x_wconf 92' lang='lat' dir='ltr'>et</span> <span class='ocrx_word' id='word_1_256' title='bbox 1054 1939 1189 2009; x_wconf 87' lang='lat' dir='ltr'>ipsorum:</span> <span class='ocrx_word' id='word_1_257' title='bbox 1218 1939 1248 1992; x_wconf 91' lang='lat' dir='ltr'>id</span> <span class='ocrx_word' id='word_1_258' title='bbox 1271 1947 1321 2004; x_wconf 89' lang='lat' dir='ltr'>est,</span> <span class='ocrx_word' id='word_1_259' title='bbox 1348 1948 1472 1993; x_wconf 90' lang='lat' dir='ltr'>notarum</span> <span class='ocrx_word' id='word_1_260' title='bbox 1499 1937 1556 1992; x_wconf 88' lang='lat' dir='ltr'>sive</span> <span class='ocrx_word' id='word_1_261' title='bbox 1583 1939 1865 2000; x_wconf 80' lang='lat' dir='ltr'>commentariorum,</span> 
     </span>
     <span class='ocr_line' id='line_1_21' title="bbox 223 2016 1865 2090; baseline 0.001 -20"><span class='ocrx_word' id='word_1_262' title='bbox 223 2033 323 2070; x_wconf 74' lang='lat' dir='ltr'>uonna</span> <span class='ocrx_word' id='word_1_263' title='bbox 335 2017 439 2082; x_wconf 83' lang='lat' dir='ltr'>civilia;</span> <span class='ocrx_word' id='word_1_264' title='bbox 462 2018 589 2073; x_wconf 89' lang='lat' dir='ltr'>similiter</span> <span class='ocrx_word' id='word_1_265' title='bbox 602 2026 629 2072; x_wconf 93' lang='lat' dir='ltr'>et</span> <span class='ocrx_word' id='word_1_266' title='bbox 642 2020 858 2090; x_wconf 81' lang='lat' dir='ltr'>exploratoribus</span> <span class='ocrx_word' id='word_1_267' title='bbox 871 2035 903 2073; x_wconf 92' lang='lat' dir='ltr'>ac</span> <span class='ocrx_word' id='word_1_268' title='bbox 923 2035 1017 2089; x_wconf 89' lang='lat' dir='ltr'>apecu-</span> <span class='ocrx_word' id='word_1_269' title='bbox 1055 2027 1134 2089; x_wconf 86' lang='lat' dir='ltr'>atque</span> <span class='ocrx_word' id='word_1_270' title='bbox 1147 2017 1275 2072; x_wconf 88' lang='lat' dir='ltr'>dictionis</span> <span class='ocrx_word' id='word_1_271' title='bbox 1285 2017 1394 2086; x_wconf 79' lang='lat' dir='ltr'>subitas)</span> <span class='ocrx_word' id='word_1_272' title='bbox 1408 2018 1448 2070; x_wconf 89' lang='lat' dir='ltr'>ita</span> <span class='ocrx_word' id='word_1_273' title='bbox 1461 2025 1491 2071; x_wconf 92' lang='lat' dir='ltr'>ut</span> <span class='ocrx_word' id='word_1_274' title='bbox 1508 2016 1559 2070; x_wconf 92' lang='lat' dir='ltr'>hoc</span> <span class='ocrx_word' id='word_1_275' title='bbox 1573 2024 1654 2086; x_wconf 89' lang='lat' dir='ltr'>pacto</span> <span class='ocrx_word' id='word_1_276' title='bbox 1669 2018 1815 2071; x_wconf 85' lang='lat' dir='ltr'>exercitia</span> <span class='ocrx_word' id='word_1_277' title='bbox 1830 2020 1865 2071; x_wconf 92' lang='lat' dir='ltr'>ad</span> 
     </span>
     <span class='ocr_line' id='line_1_22' title="bbox 222 2094 1866 2169; baseline 0.001 -21"><span class='ocrx_word' id='word_1_278' title='bbox 222 2094 355 2150; x_wconf 88' lang='lat' dir='ltr'>latoribus</span> <span class='ocrx_word' id='word_1_279' title='bbox 375 2104 479 2150; x_wconf 76' lang='lat' dir='ltr'>naturae</span> <span class='ocrx_word' id='word_1_280' title='bbox 500 2097 720 2153; x_wconf 84' lang='lat' dir='ltr'>satisfaciendum</span> <span class='ocrx_word' id='word_1_281' title='bbox 741 2098 774 2153; x_wconf 88' lang='lat' dir='ltr'>de</span> <span class='ocrx_word' id='word_1_282' title='bbox 791 2099 919 2169; x_wconf 80' lang='lat' dir='ltr'>expensis</span> <span class='ocrx_word' id='word_1_283' title='bbox 940 2097 1015 2163; x_wconf 86' lang='lat' dir='ltr'>suis;</span> <span class='ocrx_word' id='word_1_284' title='bbox 1055 2098 1161 2167; x_wconf 81' lang='lat' dir='ltr'>praxim</span> <span class='ocrx_word' id='word_1_285' title='bbox 1178 2097 1252 2151; x_wconf 89' lang='lat' dir='ltr'>haud</span> <span class='ocrx_word' id='word_1_286' title='bbox 1265 2098 1320 2151; x_wconf 91' lang='lat' dir='ltr'>sint</span> <span class='ocrx_word' id='word_1_287' title='bbox 1337 2096 1546 2161; x_wconf 80' lang='lat' dir='ltr'>accommodata,</span> <span class='ocrx_word' id='word_1_288' title='bbox 1561 2112 1611 2149; x_wconf 89' lang='lat' dir='ltr'>nec</span> <span class='ocrx_word' id='word_1_289' title='bbox 1625 2095 1725 2166; x_wconf 82' lang='lat' dir='ltr'>imago</span> <span class='ocrx_word' id='word_1_290' title='bbox 1748 2114 1866 2167; x_wconf 88' lang='lat' dir='ltr'>reapon-</span> 
     </span>
     <span class='ocr_line' id='line_1_23' title="bbox 223 2173 1866 2248; baseline 0.001 -21"><span class='ocrx_word' id='word_1_291' title='bbox 223 2173 293 2227; x_wconf 87' lang='lat' dir='ltr'>alias</span> <span class='ocrx_word' id='word_1_292' title='bbox 315 2174 348 2228; x_wconf 92' lang='lat' dir='ltr'>de</span> <span class='ocrx_word' id='word_1_293' title='bbox 373 2176 580 2246; x_wconf 86' lang='lat' dir='ltr'>quamplurimis</span> <span class='ocrx_word' id='word_1_294' title='bbox 598 2177 667 2232; x_wconf 91' lang='lat' dir='ltr'>scitu</span> <span class='ocrx_word' id='word_1_295' title='bbox 687 2178 856 2248; x_wconf 87' lang='lat' dir='ltr'>dignissimis</span> <span class='ocrx_word' id='word_1_296' title='bbox 877 2194 1015 2247; x_wconf 89' lang='lat' dir='ltr'>nunquam</span> <span class='ocrx_word' id='word_1_297' title='bbox 1055 2177 1119 2231; x_wconf 89' lang='lat' dir='ltr'>deat</span> <span class='ocrx_word' id='word_1_298' title='bbox 1131 2178 1201 2232; x_wconf 80' lang='lat' dir='ltr'>vitre.</span> <span class='ocrx_word' id='word_1_299' title='bbox 1244 2176 1313 2231; x_wconf 90' lang='lat' dir='ltr'>Illud</span> <span class='ocrx_word' id='word_1_300' title='bbox 1322 2185 1413 2230; x_wconf 91' lang='lat' dir='ltr'>autem</span> <span class='ocrx_word' id='word_1_301' title='bbox 1426 2177 1455 2228; x_wconf 93' lang='lat' dir='ltr'>in</span> <span class='ocrx_word' id='word_1_302' title='bbox 1463 2176 1601 2230; x_wconf 84' lang='lat' dir='ltr'>exercitiis</span> <span class='ocrx_word' id='word_1_303' title='bbox 1612 2184 1756 2245; x_wconf 87' lang='lat' dir='ltr'>perpetuo</span> <span class='ocrx_word' id='word_1_304' title='bbox 1768 2185 1866 2230; x_wconf 90' lang='lat' dir='ltr'>tenen·</span> 
     </span>
     <span class='ocr_line' id='line_1_24' title="bbox 225 2252 1867 2328; baseline 0.002 -22"><span class='ocrx_word' id='word_1_305' title='bbox 225 2252 322 2307; x_wconf 84' lang='lat' dir='ltr'>fiemus</span> <span class='ocrx_word' id='word_1_306' title='bbox 335 2254 471 2308; x_wconf 90' lang='lat' dir='ltr'>certiores.</span> <span class='ocrx_word' id='word_1_307' title='bbox 513 2255 543 2310; x_wconf 89' lang='lat' dir='ltr'>Si</span> <span class='ocrx_word' id='word_1_308' title='bbox 561 2256 634 2310; x_wconf 89' lang='lat' dir='ltr'>enim</span> <span class='ocrx_word' id='word_1_309' title='bbox 647 2255 802 2311; x_wconf 81' lang='lat' dir='ltr'>Alexander</span> <span class='ocrx_word' id='word_1_310' title='bbox 819 2272 947 2328; x_wconf 84' lang='lat' dir='ltr'>magnam</span> <span class='ocrx_word' id='word_1_311' title='bbox 962 2257 1018 2310; x_wconf 82' lang='lat' dir='ltr'>rim</span> <span class='ocrx_word' id='word_1_312' title='bbox 1055 2257 1119 2311; x_wconf 92' lang='lat' dir='ltr'>dum</span> <span class='ocrx_word' id='word_1_313' title='bbox 1142 2264 1201 2322; x_wconf 81' lang='lat' dir='ltr'>cst;</span> <span class='ocrx_word' id='word_1_314' title='bbox 1226 2264 1258 2311; x_wconf 91' lang='lat' dir='ltr'>ut</span> <span class='ocrx_word' id='word_1_315' title='bbox 1281 2257 1373 2311; x_wconf 85' lang='lat' dir='ltr'>omnia</span> <span class='ocrx_word' id='word_1_316' title='bbox 1399 2257 1494 2326; x_wconf 89' lang='lat' dir='ltr'>(quam</span> <span class='ocrx_word' id='word_1_317' title='bbox 1516 2254 1573 2308; x_wconf 85' lang='lat' dir='ltr'>fieri</span> <span class='ocrx_word' id='word_1_318' title='bbox 1602 2253 1709 2324; x_wconf 86' lang='lat' dir='ltr'>potest)</span> <span class='ocrx_word' id='word_1_319' title='bbox 1736 2256 1867 2310; x_wconf 82' lang='lat' dir='ltr'>maxime</span> 
     </span>
     <span class='ocr_line' id='line_1_25' title="bbox 224 2332 1867 2407; baseline 0.002 -22"><span class='ocrx_word' id='word_1_320' title='bbox 224 2332 348 2401; x_wconf 76' lang='lat' dir='ltr'>pecumae</span> <span class='ocrx_word' id='word_1_321' title='bbox 356 2333 539 2404; x_wconf 89' lang='lat' dir='ltr'>suppeditavit</span> <span class='ocrx_word' id='word_1_322' title='bbox 547 2335 693 2402; x_wconf 84' lang='lat' dir='ltr'>Aristoteli,</span> <span class='ocrx_word' id='word_1_323' title='bbox 702 2353 756 2407; x_wconf 92' lang='lat' dir='ltr'>qua</span> <span class='ocrx_word' id='word_1_324' title='bbox 766 2337 929 2391; x_wconf 89' lang='lat' dir='ltr'>conduceret</span> <span class='ocrx_word' id='word_1_325' title='bbox 938 2352 1018 2389; x_wconf 81' lang='lat' dir='ltr'>rena·</span> <span class='ocrx_word' id='word_1_326' title='bbox 1055 2343 1249 2406; x_wconf 67' lang='lat' dir='ltr'>representem</span> <span class='ocrx_word' id='word_1_327' title='bbox 1269 2352 1309 2400; x_wconf 86' lang='lat' dir='ltr'>ca,</span> <span class='ocrx_word' id='word_1_328' title='bbox 1331 2352 1391 2407; x_wconf 71' lang='lat' dir='ltr'>quae</span> <span class='ocrx_word' id='word_1_329' title='bbox 1414 2336 1443 2388; x_wconf 93' lang='lat' dir='ltr'>in</span> <span class='ocrx_word' id='word_1_330' title='bbox 1461 2335 1525 2388; x_wconf 72' lang='lat' dir='ltr'>vitm</span> <span class='ocrx_word' id='word_1_331' title='bbox 1548 2335 1594 2405; x_wconf 85' lang='lat' dir='ltr'>agi</span> <span class='ocrx_word' id='word_1_332' title='bbox 1619 2333 1728 2388; x_wconf 85' lang='lat' dir='ltr'>solent:</span> <span class='ocrx_word' id='word_1_333' title='bbox 1754 2334 1867 2406; x_wconf 89' lang='lat' dir='ltr'>alioqui</span> 
     </span>
     <span class='ocr_line' id='line_1_26' title="bbox 225 2413 1868 2486; baseline 0.002 -23"><span class='ocrx_word' id='word_1_334' title='bbox 225 2420 305 2474; x_wconf 89' lang='lat' dir='ltr'>tores,</span> <span class='ocrx_word' id='word_1_335' title='bbox 319 2426 446 2482; x_wconf 86' lang='lat' dir='ltr'>aucupes,</span> <span class='ocrx_word' id='word_1_336' title='bbox 466 2413 623 2482; x_wconf 86' lang='lat' dir='ltr'>piscatores,</span> <span class='ocrx_word' id='word_1_337' title='bbox 642 2423 671 2468; x_wconf 89' lang='lat' dir='ltr'>et</span> <span class='ocrx_word' id='word_1_338' title='bbox 690 2415 767 2480; x_wconf 89' lang='lat' dir='ltr'>alios,</span> <span class='ocrx_word' id='word_1_339' title='bbox 786 2432 842 2486; x_wconf 92' lang='lat' dir='ltr'>quo</span> <span class='ocrx_word' id='word_1_340' title='bbox 861 2416 1018 2470; x_wconf 82' lang='lat' dir='ltr'>instructior</span> <span class='ocrx_word' id='word_1_341' title='bbox 1054 2425 1143 2470; x_wconf 91' lang='lat' dir='ltr'>motus</span> <span class='ocrx_word' id='word_1_342' title='bbox 1156 2425 1183 2469; x_wconf 88' lang='lat' dir='ltr'>et</span> <span class='ocrx_word' id='word_1_343' title='bbox 1198 2414 1338 2470; x_wconf 78' lang='lat' dir='ltr'>facultates</span> <span class='ocrx_word' id='word_1_344' title='bbox 1352 2415 1451 2468; x_wconf 87' lang='lat' dir='ltr'>mentis</span> <span class='ocrx_word' id='word_1_345' title='bbox 1471 2420 1632 2484; x_wconf 81' lang='lat' dir='ltr'>pervertent,</span> <span class='ocrx_word' id='word_1_346' title='bbox 1646 2429 1702 2468; x_wconf 90' lang='lat' dir='ltr'>non</span> <span class='ocrx_word' id='word_1_347' title='bbox 1720 2430 1868 2485; x_wconf 77' lang='lat' dir='ltr'>praepara·</span> 
     </span>
     <span class='ocr_line' id='line_1_27' title="bbox 225 2490 1867 2564; baseline 0.004 -22"><span class='ocrx_word' id='word_1_348' title='bbox 225 2490 365 2544; x_wconf 84' lang='lat' dir='ltr'>accederet</span> <span class='ocrx_word' id='word_1_349' title='bbox 387 2492 423 2545; x_wconf 92' lang='lat' dir='ltr'>ad</span> <span class='ocrx_word' id='word_1_350' title='bbox 444 2493 666 2548; x_wconf 88' lang='lat' dir='ltr'>conscribendam</span> <span class='ocrx_word' id='word_1_351' title='bbox 686 2494 828 2550; x_wconf 89' lang='lat' dir='ltr'>historiam</span> <span class='ocrx_word' id='word_1_352' title='bbox 850 2494 1016 2558; x_wconf 88' lang='lat' dir='ltr'>animalium,</span> <span class='ocrx_word' id='word_1_353' title='bbox 1055 2495 1128 2549; x_wconf 86' lang='lat' dir='ltr'>bunt</span> <span class='ocrx_word' id='word_1_354' title='bbox 1160 2496 1250 2564; x_wconf 85' lang='lat' dir='ltr'>Hujus</span> <span class='ocrx_word' id='word_1_355' title='bbox 1264 2505 1354 2551; x_wconf 86' lang='lat' dir='ltr'>autem</span> <span class='ocrx_word' id='word_1_356' title='bbox 1369 2494 1407 2547; x_wconf 89' lang='lat' dir='ltr'>rei</span> <span class='ocrx_word' id='word_1_357' title='bbox 1417 2493 1515 2547; x_wconf 83' lang='lat' dir='ltr'>veritas</span> <span class='ocrx_word' id='word_1_358' title='bbox 1528 2509 1583 2545; x_wconf 90' lang='lat' dir='ltr'>non</span> <span class='ocrx_word' id='word_1_359' title='bbox 1593 2492 1712 2546; x_wconf 87' lang='lat' dir='ltr'>obscure</span> <span class='ocrx_word' id='word_1_360' title='bbox 1727 2496 1867 2556; x_wconf 87' lang='lat' dir='ltr'>cernitur,</span> 
     </span>
     <span class='ocr_line' id='line_1_28' title="bbox 225 2570 1868 2645; baseline 0.004 -24"><span class='ocrx_word' id='word_1_361' title='bbox 225 2576 299 2622; x_wconf 89' lang='lat' dir='ltr'>certe</span> <span class='ocrx_word' id='word_1_362' title='bbox 312 2570 401 2639; x_wconf 84' lang='lat' dir='ltr'>majus</span> <span class='ocrx_word' id='word_1_363' title='bbox 412 2570 539 2642; x_wconf 91' lang='lat' dir='ltr'>quiddam</span> <span class='ocrx_word' id='word_1_364' title='bbox 553 2572 664 2627; x_wconf 89' lang='lat' dir='ltr'>debetur</span> <span class='ocrx_word' id='word_1_365' title='bbox 677 2573 720 2639; x_wconf 89' lang='lat' dir='ltr'>iis,</span> <span class='ocrx_word' id='word_1_366' title='bbox 731 2574 778 2645; x_wconf 91' lang='lat' dir='ltr'>qui</span> <span class='ocrx_word' id='word_1_367' title='bbox 791 2592 846 2628; x_wconf 92' lang='lat' dir='ltr'>non</span> <span class='ocrx_word' id='word_1_368' title='bbox 858 2575 888 2628; x_wconf 91' lang='lat' dir='ltr'>in</span> <span class='ocrx_word' id='word_1_369' title='bbox 903 2574 1018 2629; x_wconf 88' lang='lat' dir='ltr'>saltibus</span> <span class='ocrx_word' id='word_1_370' title='bbox 1055 2592 1115 2629; x_wconf 91' lang='lat' dir='ltr'>cum</span> <span class='ocrx_word' id='word_1_371' title='bbox 1130 2574 1277 2628; x_wconf 89' lang='lat' dir='ltr'>academici</span> <span class='ocrx_word' id='word_1_372' title='bbox 1292 2575 1326 2628; x_wconf 91' lang='lat' dir='ltr'>ad</span> <span class='ocrx_word' id='word_1_373' title='bbox 1339 2575 1446 2643; x_wconf 84' lang='lat' dir='ltr'>praxim</span> <span class='ocrx_word' id='word_1_374' title='bbox 1461 2589 1571 2626; x_wconf 90' lang='lat' dir='ltr'>auarum</span> <span class='ocrx_word' id='word_1_375' title='bbox 1585 2572 1811 2642; x_wconf 87' lang='lat' dir='ltr'>professionum,</span> <span class='ocrx_word' id='word_1_376' title='bbox 1821 2573 1868 2628; x_wconf 82' lang='lat' dir='ltr'>sel</span> 
     </span>
     <span class='ocr_line' id='line_1_29' title="bbox 224 2651 1868 2728; baseline 0.004 -27"><span class='ocrx_word' id='word_1_377' title='bbox 224 2655 328 2703; x_wconf 73' lang='lat' dir='ltr'>namra</span> <span class='ocrx_word' id='word_1_378' title='bbox 338 2658 486 2719; x_wconf 89' lang='lat' dir='ltr'>pererrant,</span> <span class='ocrx_word' id='word_1_379' title='bbox 497 2651 546 2706; x_wconf 91' lang='lat' dir='ltr'>sed</span> <span class='ocrx_word' id='word_1_380' title='bbox 559 2652 588 2706; x_wconf 90' lang='lat' dir='ltr'>in</span> <span class='ocrx_word' id='word_1_381' title='bbox 601 2651 763 2728; x_wconf 68' lang='lat' dir='ltr'>labyrinthis</span> <span class='ocrx_word' id='word_1_382' title='bbox 773 2654 873 2709; x_wconf 86' lang='lat' dir='ltr'>artium</span> <span class='ocrx_word' id='word_1_383' title='bbox 881 2654 955 2708; x_wconf 88' lang='lat' dir='ltr'>viam</span> <span class='ocrx_word' id='word_1_384' title='bbox 964 2653 1017 2708; x_wconf 90' lang='lat' dir='ltr'>sibi</span> <span class='ocrx_word' id='word_1_385' title='bbox 1056 2653 1111 2708; x_wconf 86' lang='lat' dir='ltr'>alia</span> <span class='ocrx_word' id='word_1_386' title='bbox 1138 2654 1228 2708; x_wconf 86' lang='lat' dir='ltr'>civilis</span> <span class='ocrx_word' id='word_1_387' title='bbox 1246 2654 1310 2707; x_wconf 78' lang='lat' dir='ltr'>aitte</span> <span class='ocrx_word' id='word_1_388' title='bbox 1334 2653 1426 2706; x_wconf 88' lang='lat' dir='ltr'>munia</span> <span class='ocrx_word' id='word_1_389' title='bbox 1454 2669 1484 2706; x_wconf 87' lang='lat' dir='ltr'>se</span> <span class='ocrx_word' id='word_1_390' title='bbox 1508 2653 1671 2722; x_wconf 88' lang='lat' dir='ltr'>accingant:</span> <span class='ocrx_word' id='word_1_391' title='bbox 1692 2653 1777 2721; x_wconf 91' lang='lat' dir='ltr'>qnod</span> <span class='ocrx_word' id='word_1_392' title='bbox 1802 2671 1868 2708; x_wconf 87' lang='lat' dir='ltr'>cum</span> 
     </span>
     <span class='ocr_line' id='line_1_30' title="bbox 225 2728 1867 2803; baseline 0.004 -23"><span class='ocrx_word' id='word_1_393' title='bbox 225 2728 359 2797; x_wconf 85' lang='lat' dir='ltr'>aperiunt.</span> <span class='ocrx_word' id='word_1_394' title='bbox 1056 2733 1165 2797; x_wconf 86' lang='lat' dir='ltr'>faciunt,</span> <span class='ocrx_word' id='word_1_395' title='bbox 1184 2732 1265 2797; x_wconf 88' lang='lat' dir='ltr'>hunc,</span> <span class='ocrx_word' id='word_1_396' title='bbox 1280 2733 1313 2786; x_wconf 90' lang='lat' dir='ltr'>de</span> <span class='ocrx_word' id='word_1_397' title='bbox 1328 2750 1381 2803; x_wconf 92' lang='lat' dir='ltr'>quo</span> <span class='ocrx_word' id='word_1_398' title='bbox 1395 2732 1538 2802; x_wconf 88' lang='lat' dir='ltr'>loquimur,</span> <span class='ocrx_word' id='word_1_399' title='bbox 1548 2730 1692 2793; x_wconf 87' lang='lat' dir='ltr'>delectum,</span> <span class='ocrx_word' id='word_1_400' title='bbox 1709 2731 1771 2802; x_wconf 90' lang='lat' dir='ltr'>ipsi</span> <span class='ocrx_word' id='word_1_401' title='bbox 1790 2733 1820 2785; x_wconf 90' lang='lat' dir='ltr'>in</span> <span class='ocrx_word' id='word_1_402' title='bbox 1835 2750 1867 2786; x_wconf 87' lang='lat' dir='ltr'>se</span> 
     </span>
     <span class='ocr_line' id='line_1_31' title="bbox 265 2806 1869 2884; baseline 0.004 -24"><span class='ocrx_word' id='word_1_403' title='bbox 265 2806 396 2863; x_wconf 84' lang='lat' dir='ltr'>Deiectus</span> <span class='ocrx_word' id='word_1_404' title='bbox 410 2808 558 2864; x_wconf 88' lang='lat' dir='ltr'>etiamnum</span> <span class='ocrx_word' id='word_1_405' title='bbox 571 2810 641 2866; x_wconf 88' lang='lat' dir='ltr'>alius</span> <span class='ocrx_word' id='word_1_406' title='bbox 651 2811 730 2866; x_wconf 92' lang='lat' dir='ltr'>nobis</span> <span class='ocrx_word' id='word_1_407' title='bbox 738 2812 921 2867; x_wconf 80' lang='lat' dir='ltr'>observandus</span> <span class='ocrx_word' id='word_1_408' title='bbox 931 2810 1019 2884; x_wconf 77' lang='lat' dir='ltr'>(mag</span> <span class='ocrx_word' id='word_1_409' title='bbox 1056 2813 1112 2866; x_wconf 88' lang='lat' dir='ltr'>cito</span> <span class='ocrx_word' id='word_1_410' title='bbox 1121 2811 1343 2881; x_wconf 71' lang='lat' dir='ltr'>deprehendunt,</span> <span class='ocrx_word' id='word_1_411' title='bbox 1359 2812 1406 2866; x_wconf 88' lang='lat' dir='ltr'>sed</span> <span class='ocrx_word' id='word_1_412' title='bbox 1417 2812 1497 2864; x_wconf 87' lang='lat' dir='ltr'>citius</span> <span class='ocrx_word' id='word_1_413' title='bbox 1506 2811 1654 2864; x_wconf 89' lang='lat' dir='ltr'>etiamnum</span> <span class='ocrx_word' id='word_1_414' title='bbox 1663 2808 1725 2863; x_wconf 86' lang='lat' dir='ltr'>alii.</span> <span class='ocrx_word' id='word_1_415' title='bbox 1775 2811 1869 2865; x_wconf 84' lang='lat' dir='ltr'>Caete·</span> 
     </span>
     <span class='ocr_line' id='line_1_32' title="bbox 225 2886 1868 2963; baseline 0.004 -23"><span class='ocrx_word' id='word_1_416' title='bbox 225 2886 342 2942; x_wconf 89' lang='lat' dir='ltr'>nicerte</span> <span class='ocrx_word' id='word_1_417' title='bbox 363 2887 505 2961; x_wconf 85' lang='lat' dir='ltr'>momenti)</span> <span class='ocrx_word' id='word_1_418' title='bbox 525 2890 667 2963; x_wconf 85' lang='lat' dir='ltr'>neglectus</span> <span class='ocrx_word' id='word_1_419' title='bbox 687 2892 797 2963; x_wconf 90' lang='lat' dir='ltr'>quidam</span> <span class='ocrx_word' id='word_1_420' title='bbox 817 2901 866 2958; x_wconf 87' lang='lat' dir='ltr'>est,</span> <span class='ocrx_word' id='word_1_421' title='bbox 879 2892 909 2946; x_wconf 90' lang='lat' dir='ltr'>iu</span> <span class='ocrx_word' id='word_1_422' title='bbox 925 2890 1018 2946; x_wconf 87' lang='lat' dir='ltr'>acade·</span> <span class='ocrx_word' id='word_1_423' title='bbox 1056 2910 1115 2947; x_wconf 91' lang='lat' dir='ltr'>rum</span> <span class='ocrx_word' id='word_1_424' title='bbox 1142 2891 1213 2946; x_wconf 93' lang='lat' dir='ltr'>hanc</span> <span class='ocrx_word' id='word_1_425' title='bbox 1237 2900 1350 2963; x_wconf 87' lang='lat' dir='ltr'>partem,</span> <span class='ocrx_word' id='word_1_426' title='bbox 1374 2892 1407 2946; x_wconf 93' lang='lat' dir='ltr'>de</span> <span class='ocrx_word' id='word_1_427' title='bbox 1428 2891 1609 2946; x_wconf 88' lang='lat' dir='ltr'>institutorum</span> <span class='ocrx_word' id='word_1_428' title='bbox 1633 2889 1868 2946; x_wconf 88' lang='lat' dir='ltr'>academicorum</span> 
     </span>
     <span class='ocr_line' id='line_1_33' title="bbox 225 2966 1868 3045; baseline 0.004 -26"><span class='ocrx_word' id='word_1_429' title='bbox 225 2966 342 3021; x_wconf 84' lang='lat' dir='ltr'>mierum</span> <span class='ocrx_word' id='word_1_430' title='bbox 363 2968 519 3034; x_wconf 89' lang='lat' dir='ltr'>rectoribus,</span> <span class='ocrx_word' id='word_1_431' title='bbox 537 2970 756 3036; x_wconf 84' lang='lat' dir='ltr'>consultationis;</span> <span class='ocrx_word' id='word_1_432' title='bbox 779 2972 808 3026; x_wconf 92' lang='lat' dir='ltr'>in</span> <span class='ocrx_word' id='word_1_433' title='bbox 830 2971 940 3045; x_wconf 90' lang='lat' dir='ltr'>regibus</span> <span class='ocrx_word' id='word_1_434' title='bbox 960 2971 1017 3025; x_wconf 92' lang='lat' dir='ltr'>sive</span> <span class='ocrx_word' id='word_1_435' title='bbox 1057 2971 1252 3034; x_wconf 87' lang='lat' dir='ltr'>emendatione,</span> <span class='ocrx_word' id='word_1_436' title='bbox 1267 2971 1389 3025; x_wconf 89' lang='lat' dir='ltr'>clausula</span> <span class='ocrx_word' id='word_1_437' title='bbox 1405 2971 1454 3024; x_wconf 90' lang='lat' dir='ltr'>illa</span> <span class='ocrx_word' id='word_1_438' title='bbox 1470 2971 1519 3042; x_wconf 82' lang='lat' dir='ltr'>(ex</span> <span class='ocrx_word' id='word_1_439' title='bbox 1539 2968 1659 3028; x_wconf 78' lang='lat' dir='ltr'>cesaris</span> <span class='ocrx_word' id='word_1_440' title='bbox 1678 2970 1810 3045; x_wconf 88' lang='lat' dir='ltr'>quadam</span> <span class='ocrx_word' id='word_1_441' title='bbox 1832 2973 1868 3026; x_wconf 90' lang='lat' dir='ltr'>ad</span> 
     </span>
     <span class='ocr_line' id='line_1_34' title="bbox 226 3046 1866 3124; baseline 0.007 -25"><span class='ocrx_word' id='word_1_442' title='bbox 226 3046 421 3116; x_wconf 90' lang='lat' dir='ltr'>superioribus,</span> <span class='ocrx_word' id='word_1_443' title='bbox 431 3049 599 3113; x_wconf 88' lang='lat' dir='ltr'>visitationis,</span> <span class='ocrx_word' id='word_1_444' title='bbox 609 3050 638 3103; x_wconf 88' lang='lat' dir='ltr'>in</span> <span class='ocrx_word' id='word_1_445' title='bbox 652 3051 725 3107; x_wconf 93' lang='lat' dir='ltr'>hunc</span> <span class='ocrx_word' id='word_1_446' title='bbox 734 3053 823 3117; x_wconf 90' lang='lat' dir='ltr'>tinem,</span> <span class='ocrx_word' id='word_1_447' title='bbox 834 3059 863 3106; x_wconf 94' lang='lat' dir='ltr'>ut</span> <span class='ocrx_word' id='word_1_448' title='bbox 873 3050 1020 3122; x_wconf 86' lang='lat' dir='ltr'>diligenter</span> <span class='ocrx_word' id='word_1_449' title='bbox 1057 3052 1175 3123; x_wconf 88' lang='lat' dir='ltr'>Oppium</span> <span class='ocrx_word' id='word_1_450' title='bbox 1193 3058 1221 3107; x_wconf 90' lang='lat' dir='ltr'>et</span> <span class='ocrx_word' id='word_1_451' title='bbox 1240 3050 1355 3108; x_wconf 87' lang='lat' dir='ltr'>Balbum</span> <span class='ocrx_word' id='word_1_452' title='bbox 1370 3050 1487 3122; x_wconf 88' lang='lat' dir='ltr'>epistola</span> <span class='ocrx_word' id='word_1_453' title='bbox 1499 3050 1654 3124; x_wconf 84' lang='lat' dir='ltr'>desumpta)</span> <span class='ocrx_word' id='word_1_454' title='bbox 1669 3051 1866 3110; x_wconf 87' lang='lat' dir='ltr'>concludam:</span> 
     </span>
     <span class='ocr_line' id='line_1_35' title="bbox 225 3126 1868 3205; baseline 0.007 -27"><span class='ocrx_word' id='word_1_455' title='bbox 225 3126 409 3183; x_wconf 86' lang='lat' dir='ltr'>consideretur</span> <span class='ocrx_word' id='word_1_456' title='bbox 433 3136 461 3182; x_wconf 90' lang='lat' dir='ltr'>et</span> <span class='ocrx_word' id='word_1_457' title='bbox 486 3129 676 3199; x_wconf 86' lang='lat' dir='ltr'>perpendatur,</span> <span class='ocrx_word' id='word_1_458' title='bbox 705 3140 794 3185; x_wconf 90' lang='lat' dir='ltr'>utrum</span> <span class='ocrx_word' id='word_1_459' title='bbox 822 3131 1018 3202; x_wconf 73' lang='lat' dir='ltr'>praelectiones,</span> <span class='ocrx_word' id='word_1_460' title='bbox 1058 3140 1073 3164; x_wconf 74' lang='lat'>‘⁶</span> <span class='ocrx_word' id='word_1_461' title='bbox 1089 3133 1149 3186; x_wconf 87' lang='lat' dir='ltr'>lloc</span> <span class='ocrx_word' id='word_1_462' title='bbox 1164 3134 1388 3203; x_wconf 88' lang='lat' dir='ltr'>quemadmodum</span> <span class='ocrx_word' id='word_1_463' title='bbox 1402 3135 1461 3189; x_wconf 88' lang='lat' dir='ltr'>tieri</span> <span class='ocrx_word' id='word_1_464' title='bbox 1475 3135 1569 3205; x_wconf 90' lang='lat' dir='ltr'>possit,</span> <span class='ocrx_word' id='word_1_465' title='bbox 1587 3133 1723 3188; x_wconf 90' lang='lat' dir='ltr'>nonnulla</span> <span class='ocrx_word' id='word_1_466' title='bbox 1740 3137 1819 3190; x_wconf 87' lang='lat' dir='ltr'>mihi</span> <span class='ocrx_word' id='word_1_467' title='bbox 1840 3138 1868 3189; x_wconf 92' lang='lat' dir='ltr'>in</span> 
     </span>
     <span class='ocr_line' id='line_1_36' title="bbox 225 3204 1868 3284; baseline 0.007 -27"><span class='ocrx_word' id='word_1_468' title='bbox 225 3204 431 3274; x_wconf 86' lang='lat' dir='ltr'>disputationes,</span> <span class='ocrx_word' id='word_1_469' title='bbox 447 3208 555 3278; x_wconf 87' lang='lat' dir='ltr'>aliaque</span> <span class='ocrx_word' id='word_1_470' title='bbox 569 3210 701 3264; x_wconf 83' lang='lat' dir='ltr'>exercitis</span> <span class='ocrx_word' id='word_1_471' title='bbox 714 3210 887 3276; x_wconf 91' lang='lat' dir='ltr'>scholastica,</span> <span class='ocrx_word' id='word_1_472' title='bbox 901 3211 1017 3282; x_wconf 87' lang='lat' dir='ltr'>antiqui·</span> <span class='ocrx_word' id='word_1_473' title='bbox 1057 3221 1175 3267; x_wconf 89' lang='lat' dir='ltr'>mentem</span> <span class='ocrx_word' id='word_1_474' title='bbox 1190 3214 1309 3279; x_wconf 75' lang='lat' dir='ltr'>veniunt,</span> <span class='ocrx_word' id='word_1_475' title='bbox 1328 3223 1356 3267; x_wconf 89' lang='lat' dir='ltr'>et</span> <span class='ocrx_word' id='word_1_476' title='bbox 1370 3214 1457 3268; x_wconf 89' lang='lat' dir='ltr'>multa</span> <span class='ocrx_word' id='word_1_477' title='bbox 1474 3213 1586 3284; x_wconf 86' lang='lat' dir='ltr'>reperiri</span> <span class='ocrx_word' id='word_1_478' title='bbox 1607 3222 1747 3283; x_wconf 70' lang='lat' dir='ltr'>possuntt</span> <span class='ocrx_word' id='word_1_479' title='bbox 1772 3215 1811 3271; x_wconf 90' lang='lat' dir='ltr'>de</span> <span class='ocrx_word' id='word_1_480' title='bbox 1833 3217 1868 3269; x_wconf 93' lang='lat' dir='ltr'>iis</span> 
     </span>
     <span class='ocr_line' id='line_1_37' title="bbox 227 3285 1729 3365; baseline 0.007 -28"><span class='ocrx_word' id='word_1_481' title='bbox 227 3291 271 3337; x_wconf 90' lang='lat' dir='ltr'>tus</span> <span class='ocrx_word' id='word_1_482' title='bbox 283 3285 413 3350; x_wconf 90' lang='lat' dir='ltr'>instituta,</span> <span class='ocrx_word' id='word_1_483' title='bbox 425 3294 453 3341; x_wconf 90' lang='lat' dir='ltr'>et</span> <span class='ocrx_word' id='word_1_484' title='bbox 466 3287 501 3341; x_wconf 89' lang='lat' dir='ltr'>ad</span> <span class='ocrx_word' id='word_1_485' title='bbox 513 3296 606 3343; x_wconf 88' lang='lat' dir='ltr'>nostra</span> <span class='ocrx_word' id='word_1_486' title='bbox 615 3305 699 3360; x_wconf 88' lang='lat' dir='ltr'>usque</span> <span class='ocrx_word' id='word_1_487' title='bbox 710 3297 832 3361; x_wconf 88' lang='lat' dir='ltr'>tempora</span> <span class='ocrx_word' id='word_1_488' title='bbox 841 3290 947 3355; x_wconf 85' lang='lat' dir='ltr'>usitata,</span> <span class='ocrx_word' id='word_1_489' title='bbox 958 3307 1019 3344; x_wconf 91' lang='lat' dir='ltr'>con·</span> <span class='ocrx_word' id='word_1_490' title='bbox 1058 3293 1138 3347; x_wconf 89' lang='lat' dir='ltr'>rebus</span> <span class='ocrx_word' id='word_1_491' title='bbox 1147 3310 1214 3363; x_wconf 91' lang='lat' dir='ltr'>rogo</span> <span class='ocrx_word' id='word_1_492' title='bbox 1230 3310 1285 3357; x_wconf 90' lang='lat' dir='ltr'>vos,</span> <span class='ocrx_word' id='word_1_493' title='bbox 1293 3300 1323 3347; x_wconf 91' lang='lat' dir='ltr'>ut</span> <span class='ocrx_word' id='word_1_494' title='bbox 1336 3294 1527 3365; x_wconf 89' lang='lat' dir='ltr'>cogitationem</span> <span class='ocrx_word' id='word_1_495' title='bbox 1542 3292 1729 3363; x_wconf 81' lang='lat' dir='ltr'>suscipiatis.”</span> 
     </span>
     <span class='ocr_line' id='line_1_38' title="bbox 227 3363 1868 3445; baseline 0.009 -30"><span class='ocrx_word' id='word_1_496' title='bbox 227 3363 332 3418; x_wconf 88' lang='lat' dir='ltr'>tinuare</span> <span class='ocrx_word' id='word_1_497' title='bbox 347 3365 429 3419; x_wconf 85' lang='lat' dir='ltr'>fuerit</span> <span class='ocrx_word' id='word_1_498' title='bbox 448 3384 483 3421; x_wconf 88' lang='lat' dir='ltr'>ex</span> <span class='ocrx_word' id='word_1_499' title='bbox 500 3384 558 3432; x_wconf 88' lang='lat' dir='ltr'>usu,</span> <span class='ocrx_word' id='word_1_500' title='bbox 572 3368 617 3423; x_wconf 92' lang='lat' dir='ltr'>vel</span> <span class='ocrx_word' id='word_1_501' title='bbox 637 3369 727 3438; x_wconf 90' lang='lat' dir='ltr'>potius</span> <span class='ocrx_word' id='word_1_502' title='bbox 745 3370 895 3441; x_wconf 87' lang='lat' dir='ltr'>antiquare,</span> <span class='ocrx_word' id='word_1_503' title='bbox 909 3369 1019 3440; x_wconf 87' lang='lat' dir='ltr'>aliaque</span> <span class='ocrx_word' id='word_1_504' title='bbox 1097 3371 1175 3427; x_wconf 82' lang='lat' dir='ltr'>Alter</span> <span class='ocrx_word' id='word_1_505' title='bbox 1187 3373 1314 3436; x_wconf 86' lang='lat' dir='ltr'>defectus,</span> <span class='ocrx_word' id='word_1_506' title='bbox 1330 3390 1410 3444; x_wconf 89' lang='lat' dir='ltr'>quem</span> <span class='ocrx_word' id='word_1_507' title='bbox 1424 3373 1544 3437; x_wconf 85' lang='lat' dir='ltr'>observo,</span> <span class='ocrx_word' id='word_1_508' title='bbox 1559 3372 1641 3426; x_wconf 89' lang='lat' dir='ltr'>altius</span> <span class='ocrx_word' id='word_1_509' title='bbox 1662 3372 1763 3442; x_wconf 85' lang='lat' dir='ltr'>paulo,</span> <span class='ocrx_word' id='word_1_510' title='bbox 1781 3392 1868 3445; x_wconf 89' lang='lat' dir='ltr'>quam</span> 
     </span>
     <span class='ocr_line' id='line_1_39' title="bbox 226 3442 1868 3525; baseline 0.009 -30"><span class='ocrx_word' id='word_1_511' title='bbox 226 3442 341 3497; x_wconf 90' lang='lat' dir='ltr'>meliora</span> <span class='ocrx_word' id='word_1_512' title='bbox 362 3444 532 3500; x_wconf 89' lang='lat' dir='ltr'>substituere.</span> <span class='ocrx_word' id='word_1_513' title='bbox 572 3447 682 3503; x_wconf 81' lang='lat' dir='ltr'>Etenim</span> <span class='ocrx_word' id='word_1_514' title='bbox 703 3449 775 3504; x_wconf 92' lang='lat' dir='ltr'>inter</span> <span class='ocrx_word' id='word_1_515' title='bbox 795 3447 946 3525; x_wconf 88' lang='lat' dir='ltr'>majestatis</span> <span class='ocrx_word' id='word_1_516' title='bbox 965 3457 1019 3504; x_wconf 79' lang='lat' dir='ltr'>ture</span> <span class='ocrx_word' id='word_1_517' title='bbox 1057 3452 1220 3521; x_wconf 74' lang='lat' dir='ltr'>praecedens,</span> <span class='ocrx_word' id='word_1_518' title='bbox 1240 3452 1370 3506; x_wconf 84' lang='lat' dir='ltr'>ascendit.</span> <span class='ocrx_word' id='word_1_519' title='bbox 1410 3451 1642 3513; x_wconf 87' lang='lat' dir='ltr'>Quemadmodum</span> <span class='ocrx_word' id='word_1_520' title='bbox 1660 3451 1744 3507; x_wconf 92' lang='lat' dir='ltr'>enim</span> <span class='ocrx_word' id='word_1_521' title='bbox 1764 3455 1868 3509; x_wconf 84' lang='lat' dir='ltr'>doctri·</span> 
     </span>
     <span class='ocr_line' id='line_1_40' title="bbox 226 3524 1868 3605; baseline 0.009 -31"><span class='ocrx_word' id='word_1_522' title='bbox 226 3538 345 3579; x_wconf 90' lang='lat' dir='ltr'>canones</span> <span class='ocrx_word' id='word_1_523' title='bbox 363 3524 591 3593; x_wconf 87' lang='lat' dir='ltr'>prudentissimus,</span> <span class='ocrx_word' id='word_1_524' title='bbox 612 3526 690 3582; x_wconf 89' lang='lat' dir='ltr'>illum</span> <span class='ocrx_word' id='word_1_525' title='bbox 713 3529 836 3600; x_wconf 77' lang='lat' dir='ltr'>reperi03</span> <span class='ocrx_word' id='word_1_526' title='bbox 859 3534 875 3561; x_wconf 85' lang='lat'>“</span> <span class='ocrx_word' id='word_1_527' title='bbox 891 3529 923 3583; x_wconf 92' lang='lat' dir='ltr'>ln</span> <span class='ocrx_word' id='word_1_528' title='bbox 943 3530 1018 3583; x_wconf 88' lang='lat' dir='ltr'>omni</span> <span class='ocrx_word' id='word_1_529' title='bbox 1057 3548 1152 3586; x_wconf 90' lang='lat' dir='ltr'>narum</span> <span class='ocrx_word' id='word_1_530' title='bbox 1165 3531 1325 3603; x_wconf 84' lang='lat' dir='ltr'>progressio,</span> <span class='ocrx_word' id='word_1_531' title='bbox 1340 3531 1413 3586; x_wconf 91' lang='lat' dir='ltr'>haud</span> <span class='ocrx_word' id='word_1_532' title='bbox 1426 3549 1521 3603; x_wconf 90' lang='lat' dir='ltr'>parum</span> <span class='ocrx_word' id='word_1_533' title='bbox 1535 3532 1564 3585; x_wconf 90' lang='lat' dir='ltr'>in</span> <span class='ocrx_word' id='word_1_534' title='bbox 1579 3530 1705 3602; x_wconf 86' lang='lat' dir='ltr'>prudenti</span> <span class='ocrx_word' id='word_1_535' title='bbox 1722 3535 1868 3605; x_wconf 88' lang='lat' dir='ltr'>regimine</span> 
     </span>
     <span class='ocr_line' id='line_1_41' title="bbox 226 3600 1868 3681; baseline 0.008 -27"><span class='ocrx_word' id='word_1_536' title='bbox 226 3600 271 3655; x_wconf 87' lang='lat' dir='ltr'>vel</span> <span class='ocrx_word' id='word_1_537' title='bbox 291 3603 492 3668; x_wconf 87' lang='lat' dir='ltr'>consuetudine,</span> <span class='ocrx_word' id='word_1_538' title='bbox 511 3606 556 3660; x_wconf 87' lang='lat' dir='ltr'>vel</span> <span class='ocrx_word' id='word_1_539' title='bbox 576 3607 710 3678; x_wconf 86' lang='lat' dir='ltr'>exemplo,</span> <span class='ocrx_word' id='word_1_540' title='bbox 731 3616 854 3678; x_wconf 90' lang='lat' dir='ltr'>tempora</span> <span class='ocrx_word' id='word_1_541' title='bbox 873 3609 1019 3679; x_wconf 87' lang='lat' dir='ltr'>spectanda</span> <span class='ocrx_word' id='word_1_542' title='bbox 1058 3618 1087 3664; x_wconf 89' lang='lat' dir='ltr'>et</span> <span class='ocrx_word' id='word_1_543' title='bbox 1107 3611 1275 3666; x_wconf 90' lang='lat' dir='ltr'>institutione</span> <span class='ocrx_word' id='word_1_544' title='bbox 1295 3612 1496 3666; x_wconf 87' lang='lat' dir='ltr'>academiarum</span> <span class='ocrx_word' id='word_1_545' title='bbox 1517 3610 1689 3681; x_wconf 87' lang='lat' dir='ltr'>singularum</span> <span class='ocrx_word' id='word_1_546' title='bbox 1714 3615 1868 3679; x_wconf 86' lang='lat' dir='ltr'>consistit;</span> 
     </span>
     <span class='ocr_line' id='line_1_42' title="bbox 227 3682 1871 3762; baseline 0.009 -29"><span class='ocrx_word' id='word_1_547' title='bbox 227 3688 297 3745; x_wconf 89' lang='lat' dir='ltr'>sunt,</span> <span class='ocrx_word' id='word_1_548' title='bbox 313 3682 420 3752; x_wconf 90' lang='lat' dir='ltr'>quando</span> <span class='ocrx_word' id='word_1_549' title='bbox 439 3684 557 3754; x_wconf 89' lang='lat' dir='ltr'>primum</span> <span class='ocrx_word' id='word_1_550' title='bbox 578 3703 622 3742; x_wconf 90' lang='lat' dir='ltr'>res</span> <span class='ocrx_word' id='word_1_551' title='bbox 641 3696 745 3758; x_wconf 86' lang='lat' dir='ltr'>coeptn:</span> <span class='ocrx_word' id='word_1_552' title='bbox 766 3689 794 3743; x_wconf 93' lang='lat' dir='ltr'>in</span> <span class='ocrx_word' id='word_1_553' title='bbox 813 3688 919 3759; x_wconf 90' lang='lat' dir='ltr'>quibus,</span> <span class='ocrx_word' id='word_1_554' title='bbox 934 3687 959 3743; x_wconf 88' lang='lat' dir='ltr'>si</span> <span class='ocrx_word' id='word_1_555' title='bbox 976 3688 1020 3743; x_wconf 87' lang='lat' dir='ltr'>vel</span> <span class='ocrx_word' id='word_1_556' title='bbox 1057 3690 1095 3745; x_wconf 91' lang='lat' dir='ltr'>ita</span> <span class='ocrx_word' id='word_1_557' title='bbox 1109 3707 1225 3762; x_wconf 89' lang='lat' dir='ltr'>magnus</span> <span class='ocrx_word' id='word_1_558' title='bbox 1238 3690 1339 3745; x_wconf 91' lang='lat' dir='ltr'>adhoc</span> <span class='ocrx_word' id='word_1_559' title='bbox 1353 3691 1477 3746; x_wconf 90' lang='lat' dir='ltr'>cumulus</span> <span class='ocrx_word' id='word_1_560' title='bbox 1491 3690 1619 3744; x_wconf 87' lang='lat' dir='ltr'>accedere</span> <span class='ocrx_word' id='word_1_561' title='bbox 1636 3690 1738 3759; x_wconf 85' lang='lat' dir='ltr'>possit,</span> <span class='ocrx_word' id='word_1_562' title='bbox 1755 3694 1783 3747; x_wconf 87' lang='lat' dir='ltr'>si</span> <span class='ocrx_word' id='word_1_563' title='bbox 1806 3711 1871 3748; x_wconf 82' lang='lat' dir='ltr'>aaa·</span> 
     </span>
     <span class='ocr_line' id='line_1_43' title="bbox 227 3761 1870 3840; baseline 0.009 -27"><span class='ocrx_word' id='word_1_564' title='bbox 227 3761 349 3815; x_wconf 85' lang='lat' dir='ltr'>confusio</span> <span class='ocrx_word' id='word_1_565' title='bbox 369 3764 522 3833; x_wconf 80' lang='lat' dir='ltr'>regnaverit</span> <span class='ocrx_word' id='word_1_566' title='bbox 543 3764 586 3820; x_wconf 92' lang='lat' dir='ltr'>vel</span> <span class='ocrx_word' id='word_1_567' title='bbox 606 3766 721 3832; x_wconf 85' lang='lat' dir='ltr'>inscitia,</span> <span class='ocrx_word' id='word_1_568' title='bbox 743 3767 857 3838; x_wconf 88' lang='lat' dir='ltr'>derogat</span> <span class='ocrx_word' id='word_1_569' title='bbox 883 3767 951 3823; x_wconf 91' lang='lat' dir='ltr'>illud</span> <span class='ocrx_word' id='word_1_570' title='bbox 971 3768 1020 3823; x_wconf 90' lang='lat' dir='ltr'>im·</span> <span class='ocrx_word' id='word_1_571' title='bbox 1058 3770 1155 3825; x_wconf 71' lang='lat' dir='ltr'>demite</span> <span class='ocrx_word' id='word_1_572' title='bbox 1169 3771 1308 3834; x_wconf 78' lang='lat' dir='ltr'>universe,</span> <span class='ocrx_word' id='word_1_573' title='bbox 1322 3787 1373 3840; x_wconf 91' lang='lat' dir='ltr'>per</span> <span class='ocrx_word' id='word_1_574' title='bbox 1386 3778 1471 3826; x_wconf 90' lang='lat' dir='ltr'>totam</span> <span class='ocrx_word' id='word_1_575' title='bbox 1488 3770 1627 3839; x_wconf 86' lang='lat' dir='ltr'>Europam</span> <span class='ocrx_word' id='word_1_576' title='bbox 1645 3786 1766 3840; x_wconf 78' lang='lat' dir='ltr'>aparsoe,</span> <span class='ocrx_word' id='word_1_577' title='bbox 1783 3775 1870 3828; x_wconf 89' lang='lat' dir='ltr'>arcti-</span> 
     </span>
     <span class='ocr_line' id='line_1_44' title="bbox 226 3839 1870 3918; baseline 0.01 -26"><span class='ocrx_word' id='word_1_578' title='bbox 226 3839 323 3909; x_wconf 89' lang='lat' dir='ltr'>primis</span> <span class='ocrx_word' id='word_1_579' title='bbox 345 3843 498 3897; x_wconf 86' lang='lat' dir='ltr'>auctoritati</span> <span class='ocrx_word' id='word_1_580' title='bbox 519 3862 617 3911; x_wconf 87' lang='lat' dir='ltr'>rerum,</span> <span class='ocrx_word' id='word_1_581' title='bbox 637 3854 720 3918; x_wconf 90' lang='lat' dir='ltr'>atque</span> <span class='ocrx_word' id='word_1_582' title='bbox 743 3849 834 3903; x_wconf 88' lang='lat' dir='ltr'>omnia</span> <span class='ocrx_word' id='word_1_583' title='bbox 855 3848 944 3902; x_wconf 88' lang='lat' dir='ltr'>reddit</span> <span class='ocrx_word' id='word_1_584' title='bbox 963 3865 1020 3902; x_wconf 90' lang='lat' dir='ltr'>sus·</span> <span class='ocrx_word' id='word_1_585' title='bbox 1058 3866 1132 3904; x_wconf 88' lang='lat' dir='ltr'>orem</span> <span class='ocrx_word' id='word_1_586' title='bbox 1146 3851 1362 3918; x_wconf 86' lang='lat' dir='ltr'>conjunctionem</span> <span class='ocrx_word' id='word_1_587' title='bbox 1376 3858 1405 3904; x_wconf 91' lang='lat' dir='ltr'>et</span> <span class='ocrx_word' id='word_1_588' title='bbox 1414 3850 1640 3905; x_wconf 88' lang='lat' dir='ltr'>uecessitudinem</span> <span class='ocrx_word' id='word_1_589' title='bbox 1650 3851 1870 3908; x_wconf 82' lang='lat' dir='ltr'>contraherent.</span> 
     </span>
     <span class='ocr_line' id='line_1_45' title="bbox 227 3920 1869 4010; baseline 0.009 -38"><span class='ocrx_word' id='word_1_590' title='bbox 227 3920 333 4010; x_wconf 69' lang='lat' dir='ltr'>pecta.”</span> <span class='ocrx_word' id='word_1_591' title='bbox 375 3920 562 3990; x_wconf 83' lang='lat' dir='ltr'>Quamobrem,</span> <span class='ocrx_word' id='word_1_592' title='bbox 583 3926 799 3999; x_wconf 90' lang='lat' dir='ltr'>quandoquidem</span> <span class='ocrx_word' id='word_1_593' title='bbox 820 3926 1020 3982; x_wconf 85' lang='lat' dir='ltr'>academiarum</span> <span class='ocrx_word' id='word_1_594' title='bbox 1059 3929 1126 3985; x_wconf 86' lang='lat' dir='ltr'>Sunt</span> <span class='ocrx_word' id='word_1_595' title='bbox 1147 3930 1227 3996; x_wconf 89' lang='lat' dir='ltr'>enim,</span> <span class='ocrx_word' id='word_1_596' title='bbox 1242 3930 1281 3984; x_wconf 93' lang='lat' dir='ltr'>uti</span> <span class='ocrx_word' id='word_1_597' title='bbox 1296 3929 1427 3995; x_wconf 87' lang='lat' dir='ltr'>videmus,</span> <span class='ocrx_word' id='word_1_598' title='bbox 1442 3928 1519 3984; x_wconf 88' lang='lat' dir='ltr'>multi</span> <span class='ocrx_word' id='word_1_599' title='bbox 1539 3929 1647 3983; x_wconf 88' lang='lat' dir='ltr'>ordines</span> <span class='ocrx_word' id='word_1_600' title='bbox 1668 3937 1698 3984; x_wconf 91' lang='lat' dir='ltr'>et</span> <span class='ocrx_word' id='word_1_601' title='bbox 1719 3933 1869 3999; x_wconf 83' lang='lat' dir='ltr'>sodalitia,</span> 
     </span>
     <span class='ocr_line' id='line_1_46' title="bbox 227 3998 1870 4089; baseline 0.011 -40"><span class='ocrx_word' id='word_1_602' title='bbox 227 4005 353 4089; x_wconf 79' lang='lat' dir='ltr'>mantula</span> <span class='ocrx_word' id='word_1_603' title='bbox 363 3998 511 4073; x_wconf 90' lang='lat' dir='ltr'>plerunque</span> <span class='ocrx_word' id='word_1_604' title='bbox 521 4005 654 4076; x_wconf 88' lang='lat' dir='ltr'>originem</span> <span class='ocrx_word' id='word_1_605' title='bbox 665 4010 797 4061; x_wconf 77' lang='lat' dir='ltr'>uenerint</span> <span class='ocrx_word' id='word_1_606' title='bbox 810 4025 826 4061; x_wconf 94' lang='lat' dir='ltr'>a</span> <span class='ocrx_word' id='word_1_607' title='bbox 840 4008 1018 4078; x_wconf 91' lang='lat' dir='ltr'>temporibus,</span> <span class='ocrx_word' id='word_1_608' title='bbox 1059 4008 1198 4080; x_wconf 82' lang='lat' dir='ltr'>quaelicet</span> <span class='ocrx_word' id='word_1_609' title='bbox 1212 4009 1304 4080; x_wconf 90' lang='lat' dir='ltr'>regnis</span> <span class='ocrx_word' id='word_1_610' title='bbox 1318 4018 1345 4064; x_wconf 90' lang='lat' dir='ltr'>et</span> <span class='ocrx_word' id='word_1_611' title='bbox 1358 4010 1454 4080; x_wconf 83' lang='lat' dir='ltr'>spatiis</span> <span class='ocrx_word' id='word_1_612' title='bbox 1464 4008 1624 4081; x_wconf 90' lang='lat' dir='ltr'>longinquis</span> <span class='ocrx_word' id='word_1_613' title='bbox 1638 4008 1786 4078; x_wconf 84' lang='lat' dir='ltr'>disjuncta</span> <span class='ocrx_word' id='word_1_614' title='bbox 1801 4014 1870 4076; x_wconf 71' lang='lat' dir='ltr'>mut,</span> 
     </span>
     <span class='ocr_line' id='line_1_47' title="bbox 227 4076 1871 4159; baseline 0.01 -29"><span class='ocrx_word' id='word_1_615' title='bbox 227 4076 304 4131; x_wconf 85' lang='lat' dir='ltr'>lusce</span> <span class='ocrx_word' id='word_1_616' title='bbox 318 4081 416 4134; x_wconf 88' lang='lat' dir='ltr'>nostris</span> <span class='ocrx_word' id='word_1_617' title='bbox 431 4081 506 4137; x_wconf 87' lang='lat' dir='ltr'>haud</span> <span class='ocrx_word' id='word_1_618' title='bbox 519 4084 601 4153; x_wconf 89' lang='lat' dir='ltr'>paulo</span> <span class='ocrx_word' id='word_1_619' title='bbox 615 4084 813 4141; x_wconf 88' lang='lat' dir='ltr'>obscurioribus</span> <span class='ocrx_word' id='word_1_620' title='bbox 827 4094 854 4141; x_wconf 85' lang='lat' dir='ltr'>et</span> <span class='ocrx_word' id='word_1_621' title='bbox 868 4087 1020 4141; x_wconf 89' lang='lat' dir='ltr'>indoctiori·</span> <span class='ocrx_word' id='word_1_622' title='bbox 1059 4098 1148 4144; x_wconf 89' lang='lat' dir='ltr'>tamen</span> <span class='ocrx_word' id='word_1_623' title='bbox 1169 4089 1334 4154; x_wconf 90' lang='lat' dir='ltr'>societatem,</span> <span class='ocrx_word' id='word_1_624' title='bbox 1355 4099 1383 4142; x_wconf 88' lang='lat' dir='ltr'>et</span> <span class='ocrx_word' id='word_1_625' title='bbox 1402 4097 1531 4159; x_wconf 89' lang='lat' dir='ltr'>tanquam</span> <span class='ocrx_word' id='word_1_626' title='bbox 1551 4087 1769 4157; x_wconf 81' lang='lat' dir='ltr'>fraternitatem,</span> <span class='ocrx_word' id='word_1_627' title='bbox 1792 4093 1871 4147; x_wconf 90' lang='lat' dir='ltr'>inter</span> 
     </span>
     <span class='ocr_line' id='line_1_48' title="bbox 227 4154 1872 4239; baseline 0.012 -31"><span class='ocrx_word' id='word_1_628' title='bbox 227 4154 297 4222; x_wconf 65' lang='lat' dir='ltr'>bure</span> <span class='ocrx_word' id='word_1_629' title='bbox 311 4174 344 4211; x_wconf 91' lang='lat' dir='ltr'>eo</span> <span class='ocrx_word' id='word_1_630' title='bbox 357 4160 445 4231; x_wconf 92' lang='lat' dir='ltr'>magis</span> <span class='ocrx_word' id='word_1_631' title='bbox 458 4164 592 4229; x_wconf 90' lang='lat' dir='ltr'>convenit,</span> <span class='ocrx_word' id='word_1_632' title='bbox 601 4174 631 4218; x_wconf 92' lang='lat' dir='ltr'>ut</span> <span class='ocrx_word' id='word_1_633' title='bbox 644 4166 763 4219; x_wconf 80' lang='lat' dir='ltr'>examini</span> <span class='ocrx_word' id='word_1_634' title='bbox 776 4165 865 4220; x_wconf 87' lang='lat' dir='ltr'>denuo</span> <span class='ocrx_word' id='word_1_635' title='bbox 875 4166 1020 4234; x_wconf 89' lang='lat' dir='ltr'>subjician-</span> <span class='ocrx_word' id='word_1_636' title='bbox 1058 4186 1088 4223; x_wconf 85' lang='lat' dir='ltr'>se</span> <span class='ocrx_word' id='word_1_637' title='bbox 1109 4170 1209 4233; x_wconf 90' lang='lat' dir='ltr'>ineunt,</span> <span class='ocrx_word' id='word_1_638' title='bbox 1231 4176 1259 4223; x_wconf 92' lang='lat' dir='ltr'>et</span> <span class='ocrx_word' id='word_1_639' title='bbox 1281 4169 1391 4233; x_wconf 86' lang='lat' dir='ltr'>colunt;</span> <span class='ocrx_word' id='word_1_640' title='bbox 1425 4169 1493 4223; x_wconf 92' lang='lat' dir='ltr'>adeo</span> <span class='ocrx_word' id='word_1_641' title='bbox 1513 4177 1544 4223; x_wconf 91' lang='lat' dir='ltr'>ut</span> <span class='ocrx_word' id='word_1_642' title='bbox 1567 4168 1688 4222; x_wconf 88' lang='lat' dir='ltr'>habeant</span> <span class='ocrx_word' id='word_1_643' title='bbox 1710 4171 1872 4239; x_wconf 78' lang='lat' dir='ltr'>praefectos</span> 
     </span>
     <span class='ocr_line' id='line_1_49' title="bbox 228 4236 1872 4319; baseline 0.012 -32"><span class='ocrx_word' id='word_1_644' title='bbox 228 4242 281 4288; x_wconf 86' lang='lat' dir='ltr'>tur.</span> <span class='ocrx_word' id='word_1_645' title='bbox 321 4236 486 4310; x_wconf 82' lang='lat' dir='ltr'>Exemplum</span> <span class='ocrx_word' id='word_1_646' title='bbox 508 4243 536 4295; x_wconf 91' lang='lat' dir='ltr'>in</span> <span class='ocrx_word' id='word_1_647' title='bbox 557 4243 609 4297; x_wconf 86' lang='lat' dir='ltr'>hoc</span> <span class='ocrx_word' id='word_1_648' title='bbox 628 4261 727 4314; x_wconf 88' lang='lat' dir='ltr'>genere</span> <span class='ocrx_word' id='word_1_649' title='bbox 741 4263 826 4300; x_wconf 90' lang='lat' dir='ltr'>unum</span> <span class='ocrx_word' id='word_1_650' title='bbox 843 4253 890 4299; x_wconf 88' lang='lat' dir='ltr'>aut</span> <span class='ocrx_word' id='word_1_651' title='bbox 905 4244 1019 4299; x_wconf 90' lang='lat' dir='ltr'>alterum</span> <span class='ocrx_word' id='word_1_652' title='bbox 1058 4247 1140 4319; x_wconf 90' lang='lat' dir='ltr'>(alios</span> <span class='ocrx_word' id='word_1_653' title='bbox 1162 4248 1348 4318; x_wconf 86' lang='lat' dir='ltr'>provinciales,</span> <span class='ocrx_word' id='word_1_654' title='bbox 1372 4247 1442 4303; x_wconf 87' lang='lat' dir='ltr'>alios</span> <span class='ocrx_word' id='word_1_655' title='bbox 1462 4246 1618 4318; x_wconf 87' lang='lat' dir='ltr'>generales)</span> <span class='ocrx_word' id='word_1_656' title='bbox 1639 4249 1743 4318; x_wconf 88' lang='lat' dir='ltr'>quibua</span> <span class='ocrx_word' id='word_1_657' title='bbox 1765 4267 1872 4306; x_wconf 88' lang='lat' dir='ltr'>omnes</span> 
     </span>
     <span class='ocr_line' id='line_1_50' title="bbox 227 4320 1872 4406; baseline 0.012 -39"><span class='ocrx_word' id='word_1_658' title='bbox 227 4330 395 4406; x_wconf 69' lang='lat' dir='ltr'>propqnam3</span> <span class='ocrx_word' id='word_1_659' title='bbox 410 4320 438 4371; x_wconf 92' lang='lat' dir='ltr'>in</span> <span class='ocrx_word' id='word_1_660' title='bbox 453 4321 541 4387; x_wconf 89' lang='lat' dir='ltr'>rebus,</span> <span class='ocrx_word' id='word_1_661' title='bbox 553 4340 614 4393; x_wconf 81' lang='lat' dir='ltr'>quae</span> <span class='ocrx_word' id='word_1_662' title='bbox 627 4324 746 4379; x_wconf 83' lang='lat' dir='ltr'>maxime</span> <span class='ocrx_word' id='word_1_663' title='bbox 760 4326 847 4378; x_wconf 83' lang='lat' dir='ltr'>obvias</span> <span class='ocrx_word' id='word_1_664' title='bbox 860 4323 984 4378; x_wconf 89' lang='lat' dir='ltr'>videntur</span> <span class='ocrx_word' id='word_1_665' title='bbox 994 4330 1021 4378; x_wconf 91' lang='lat' dir='ltr'>et</span> <span class='ocrx_word' id='word_1_666' title='bbox 1058 4334 1162 4396; x_wconf 84' lang='lat' dir='ltr'>parent.</span> <span class='ocrx_word' id='word_1_667' title='bbox 1203 4328 1240 4382; x_wconf 92' lang='lat' dir='ltr'>Et</span> <span class='ocrx_word' id='word_1_668' title='bbox 1252 4336 1332 4392; x_wconf 89' lang='lat' dir='ltr'>certe,</span> <span class='ocrx_word' id='word_1_669' title='bbox 1352 4328 1578 4398; x_wconf 91' lang='lat' dir='ltr'>quemadmodum</span> <span class='ocrx_word' id='word_1_670' title='bbox 1592 4336 1689 4381; x_wconf 89' lang='lat' dir='ltr'>natura</span> <span class='ocrx_word' id='word_1_671' title='bbox 1707 4339 1794 4384; x_wconf 89' lang='lat' dir='ltr'>creat</span> <span class='ocrx_word' id='word_1_672' title='bbox 1815 4333 1872 4386; x_wconf 85' lang='lat' dir='ltr'>fra-</span> 
     </span>
     <span class='ocr_line' id='line_1_51' title="bbox 228 4393 1873 4472; baseline 0.013 -27"><span class='ocrx_word' id='word_1_673' title='bbox 228 4393 385 4451; x_wconf 81' lang='lat' dir='ltr'>samilvsrea.</span> <span class='ocrx_word' id='word_1_674' title='bbox 425 4397 569 4456; x_wconf 84' lang='lat' dir='ltr'>Promore</span> <span class='ocrx_word' id='word_1_675' title='bbox 583 4411 720 4472; x_wconf 91' lang='lat' dir='ltr'>receptum</span> <span class='ocrx_word' id='word_1_676' title='bbox 734 4412 777 4459; x_wconf 89' lang='lat' dir='ltr'>est</span> <span class='ocrx_word' id='word_1_677' title='bbox 798 4403 882 4472; x_wconf 91' lang='lat' dir='ltr'>(licet,</span> <span class='ocrx_word' id='word_1_678' title='bbox 896 4404 936 4458; x_wconf 91' lang='lat' dir='ltr'>uti</span> <span class='ocrx_word' id='word_1_679' title='bbox 951 4402 1021 4457; x_wconf 88' lang='lat' dir='ltr'>mihi</span> <span class='ocrx_word' id='word_1_680' title='bbox 1059 4406 1395 4471; x_wconf 87' lang='lat' dir='ltr'>temitateminfamiliis;</span> <span class='ocrx_word' id='word_1_681' title='bbox 1416 4415 1487 4462; x_wconf 86' lang='lat' dir='ltr'>artes</span> <span class='ocrx_word' id='word_1_682' title='bbox 1503 4406 1670 4461; x_wconf 84' lang='lat' dir='ltr'>mechanicae</span> <span class='ocrx_word' id='word_1_683' title='bbox 1691 4410 1873 4466; x_wconf 84' lang='lat' dir='ltr'>contrahunt</span> 
     </span>
     <span class='ocr_line' id='line_1_52' title="bbox 230 4472 1872 4564; baseline 0.013 -40"><span class='ocrx_word' id='word_1_684' title='bbox 230 4472 342 4564; x_wconf 72' lang='lat' dir='ltr'>videtur.</span> <span class='ocrx_word' id='word_1_685' title='bbox 357 4479 513 4549; x_wconf 89' lang='lat' dir='ltr'>perperam)</span> <span class='ocrx_word' id='word_1_686' title='bbox 528 4487 557 4534; x_wconf 93' lang='lat' dir='ltr'>ut</span> <span class='ocrx_word' id='word_1_687' title='bbox 569 4480 708 4537; x_wconf 89' lang='lat' dir='ltr'>literarum</span> <span class='ocrx_word' id='word_1_688' title='bbox 721 4483 835 4538; x_wconf 91' lang='lat' dir='ltr'>studiosi</span> <span class='ocrx_word' id='word_1_689' title='bbox 848 4483 977 4555; x_wconf 89' lang='lat' dir='ltr'>logicam,</span> <span class='ocrx_word' id='word_1_690' title='bbox 992 4490 1021 4538; x_wconf 90' lang='lat' dir='ltr'>et</span> <span class='ocrx_word' id='word_1_691' title='bbox 1059 4486 1254 4540; x_wconf 77' lang='lat' dir='ltr'>fraternitatem</span> <span class='ocrx_word' id='word_1_692' title='bbox 1267 4488 1296 4540; x_wconf 90' lang='lat' dir='ltr'>in</span> <span class='ocrx_word' id='word_1_693' title='bbox 1310 4486 1445 4542; x_wconf 88' lang='lat' dir='ltr'>sodalitiis</span> <span class='ocrx_word' id='word_1_694' title='bbox 1453 4509 1461 4552; x_wconf 78' lang='lat' dir='ltr'>t</span> <span class='ocrx_word' id='word_1_695' title='bbox 1481 4488 1574 4541; x_wconf 89' lang='lat' dir='ltr'>unctio</span> <span class='ocrx_word' id='word_1_696' title='bbox 1586 4486 1682 4540; x_wconf 76' lang='lat' dir='ltr'>diune</span> <span class='ocrx_word' id='word_1_697' title='bbox 1695 4491 1872 4558; x_wconf 87' lang='lat' dir='ltr'>superindu-</span> 
     </span>
     <span class='ocr_line' id='line_1_53' title="bbox 228 4551 1872 4646; baseline 0.013 -42"><span class='ocrx_word' id='word_1_698' title='bbox 228 4551 400 4646; x_wconf 71' lang='lat' dir='ltr'>rhetonqsm,</span> <span class='ocrx_word' id='word_1_699' title='bbox 420 4574 589 4630; x_wconf 79' lang='lat' dir='ltr'>praepropere</span> <span class='ocrx_word' id='word_1_700' title='bbox 603 4561 684 4616; x_wconf 90' lang='lat' dir='ltr'>nimia</span> <span class='ocrx_word' id='word_1_701' title='bbox 698 4562 853 4627; x_wconf 86' lang='lat' dir='ltr'>addiscant;</span> <span class='ocrx_word' id='word_1_702' title='bbox 868 4571 940 4618; x_wconf 89' lang='lat' dir='ltr'>artes</span> <span class='ocrx_word' id='word_1_703' title='bbox 954 4578 1020 4617; x_wconf 90' lang='lat' dir='ltr'>sane</span> <span class='ocrx_word' id='word_1_704' title='bbox 1059 4566 1097 4618; x_wconf 87' lang='lat' dir='ltr'>cit</span> <span class='ocrx_word' id='word_1_705' title='bbox 1110 4566 1306 4621; x_wconf 82' lang='lat' dir='ltr'>fraternitatem</span> <span class='ocrx_word' id='word_1_706' title='bbox 1320 4566 1349 4620; x_wconf 90' lang='lat' dir='ltr'>in</span> <span class='ocrx_word' id='word_1_707' title='bbox 1362 4567 1473 4639; x_wconf 87' lang='lat' dir='ltr'>regibus</span> <span class='ocrx_word' id='word_1_708' title='bbox 1483 4574 1512 4621; x_wconf 90' lang='lat' dir='ltr'>et</span> <span class='ocrx_word' id='word_1_709' title='bbox 1524 4565 1678 4637; x_wconf 76' lang='lat' dir='ltr'>episcopis3</span> <span class='ocrx_word' id='word_1_710' title='bbox 1699 4578 1768 4621; x_wconf 83' lang='lat' dir='ltr'>vora</span> <span class='ocrx_word' id='word_1_711' title='bbox 1784 4578 1817 4623; x_wconf 90' lang='lat' dir='ltr'>et</span> <span class='ocrx_word' id='word_1_712' title='bbox 1827 4589 1872 4626; x_wconf 84' lang='lat' dir='ltr'>re·</span> 
     </span>
     <span class='ocr_line' id='line_1_54' title="bbox 227 4635 1870 4716; baseline 0.012 -31"><span class='ocrx_word' id='word_1_713' title='bbox 227 4635 442 4702; x_wconf 79' lang='lat' dir='ltr'>provectioribus</span> <span class='ocrx_word' id='word_1_714' title='bbox 461 4638 550 4710; x_wconf 83' lang='lat' dir='ltr'>magis</span> <span class='ocrx_word' id='word_1_715' title='bbox 569 4642 766 4707; x_wconf 87' lang='lat' dir='ltr'>convenientes,</span> <span class='ocrx_word' id='word_1_716' title='bbox 781 4658 863 4713; x_wconf 91' lang='lat' dir='ltr'>quam</span> <span class='ocrx_word' id='word_1_717' title='bbox 882 4642 975 4712; x_wconf 88' lang='lat' dir='ltr'>pueris</span> <span class='ocrx_word' id='word_1_718' title='bbox 993 4649 1022 4697; x_wconf 91' lang='lat' dir='ltr'>et</span> <span class='ocrx_word' id='word_1_719' title='bbox 1059 4643 1130 4716; x_wconf 76' lang='lat' dir='ltr'>gula</span> <span class='ocrx_word' id='word_1_720' title='bbox 1149 4646 1295 4700; x_wconf 88' lang='lat' dir='ltr'>conciliant</span> <span class='ocrx_word' id='word_1_721' title='bbox 1312 4645 1507 4700; x_wconf 81' lang='lat' dir='ltr'>fraternitatem</span> <span class='ocrx_word' id='word_1_722' title='bbox 1526 4647 1555 4699; x_wconf 91' lang='lat' dir='ltr'>in</span> <span class='ocrx_word' id='word_1_723' title='bbox 1574 4645 1734 4701; x_wconf 85' lang='lat' dir='ltr'>ordinibus:</span> <span class='ocrx_word' id='word_1_724' title='bbox 1761 4650 1870 4705; x_wconf 86' lang='lat' dir='ltr'>eodem</span> 
     </span>
     <span class='ocr_line' id='line_1_55' title="bbox 228 4711 1871 4797; baseline 0.012 -33"><span class='ocrx_word' id='word_1_725' title='bbox 228 4711 372 4769; x_wconf 86' lang='lat' dir='ltr'>tironibus.</span> <span class='ocrx_word' id='word_1_726' title='bbox 400 4714 508 4771; x_wconf 86' lang='lat' dir='ltr'>Etenim</span> <span class='ocrx_word' id='word_1_727' title='bbox 522 4718 566 4773; x_wconf 78' lang='lat' dir='ltr'>har</span> <span class='ocrx_word' id='word_1_728' title='bbox 579 4720 681 4785; x_wconf 81' lang='lat' dir='ltr'>duae,si</span> <span class='ocrx_word' id='word_1_729' title='bbox 694 4738 757 4776; x_wconf 89' lang='lat' dir='ltr'>vere</span> <span class='ocrx_word' id='word_1_730' title='bbox 771 4738 814 4776; x_wconf 87' lang='lat' dir='ltr'>rea</span> <span class='ocrx_word' id='word_1_731' title='bbox 828 4720 1020 4791; x_wconf 89' lang='lat' dir='ltr'>perpendatur,</span> <span class='ocrx_word' id='word_1_732' title='bbox 1059 4724 1139 4778; x_wconf 79' lang='lat' dir='ltr'>niodo</span> <span class='ocrx_word' id='word_1_733' title='bbox 1159 4724 1218 4779; x_wconf 88' lang='lat' dir='ltr'>lieri</span> <span class='ocrx_word' id='word_1_734' title='bbox 1239 4741 1294 4779; x_wconf 92' lang='lat' dir='ltr'>non</span> <span class='ocrx_word' id='word_1_735' title='bbox 1315 4733 1412 4797; x_wconf 89' lang='lat' dir='ltr'>potest,</span> <span class='ocrx_word' id='word_1_736' title='bbox 1434 4726 1499 4795; x_wconf 88' lang='lat' dir='ltr'>quin</span> <span class='ocrx_word' id='word_1_737' title='bbox 1522 4724 1673 4779; x_wconf 90' lang='lat' dir='ltr'>intercedat</span> <span class='ocrx_word' id='word_1_738' title='bbox 1700 4725 1871 4784; x_wconf 84' lang='lat' dir='ltr'>fraternitas</span> 
     </span>
     <span class='ocr_line' id='line_1_56' title="bbox 228 4794 1871 4875; baseline 0.012 -31"><span class='ocrx_word' id='word_1_739' title='bbox 228 4800 293 4845; x_wconf 91' lang='lat' dir='ltr'>sunt</span> <span class='ocrx_word' id='word_1_740' title='bbox 306 4809 342 4846; x_wconf 89' lang='lat' dir='ltr'>ex</span> <span class='ocrx_word' id='word_1_741' title='bbox 354 4794 458 4850; x_wconf 89' lang='lat' dir='ltr'>artibus</span> <span class='ocrx_word' id='word_1_742' title='bbox 472 4798 656 4867; x_wconf 86' lang='lat' dir='ltr'>gravissimis;</span> <span class='ocrx_word' id='word_1_743' title='bbox 679 4817 739 4854; x_wconf 92' lang='lat' dir='ltr'>cum</span> <span class='ocrx_word' id='word_1_744' title='bbox 756 4802 812 4855; x_wconf 90' lang='lat' dir='ltr'>sint</span> <span class='ocrx_word' id='word_1_745' title='bbox 825 4809 898 4855; x_wconf 81' lang='lat' dir='ltr'>ortes</span> <span class='ocrx_word' id='word_1_746' title='bbox 911 4802 1020 4865; x_wconf 80' lang='lat' dir='ltr'>artium,</span> <span class='ocrx_word' id='word_1_747' title='bbox 1059 4802 1171 4858; x_wconf 84' lang='lat' dir='ltr'>illustris</span> <span class='ocrx_word' id='word_1_748' title='bbox 1184 4812 1213 4857; x_wconf 90' lang='lat' dir='ltr'>et</span> <span class='ocrx_word' id='word_1_749' title='bbox 1225 4821 1363 4875; x_wconf 83' lang='lat' dir='ltr'>generosa,</span> <span class='ocrx_word' id='word_1_750' title='bbox 1377 4806 1448 4859; x_wconf 90' lang='lat' dir='ltr'>inter</span> <span class='ocrx_word' id='word_1_751' title='bbox 1461 4804 1592 4867; x_wconf 85' lang='lat' dir='ltr'>homines,</span> <span class='ocrx_word' id='word_1_752' title='bbox 1607 4820 1657 4873; x_wconf 89' lang='lat' dir='ltr'>per</span> <span class='ocrx_word' id='word_1_753' title='bbox 1675 4804 1827 4864; x_wconf 70' lang='lat' dir='ltr'>docuinas</span> <span class='ocrx_word' id='word_1_754' title='bbox 1842 4821 1871 4863; x_wconf 89' lang='lat' dir='ltr'>et</span> 
     </span>
     <span class='ocr_line' id='line_1_57' title="bbox 228 4869 1870 4956; baseline 0.013 -33"><span class='ocrx_word' id='word_1_755' title='bbox 228 4869 316 4924; x_wconf 83' lang='lat' dir='ltr'>altera</span> <span class='ocrx_word' id='word_1_756' title='bbox 335 4871 370 4925; x_wconf 93' lang='lat' dir='ltr'>ad</span> <span class='ocrx_word' id='word_1_757' title='bbox 386 4873 527 4942; x_wconf 84' lang='lat' dir='ltr'>judicium,</span> <span class='ocrx_word' id='word_1_758' title='bbox 542 4879 628 4933; x_wconf 86' lang='lat' dir='ltr'>altera</span> <span class='ocrx_word' id='word_1_759' title='bbox 642 4880 677 4934; x_wconf 89' lang='lat' dir='ltr'>ad</span> <span class='ocrx_word' id='word_1_760' title='bbox 693 4888 824 4935; x_wconf 88' lang='lat' dir='ltr'>ornatum.</span> <span class='ocrx_word' id='word_1_761' title='bbox 864 4879 1021 4941; x_wconf 86' lang='lat' dir='ltr'>Quinetiam</span> <span class='ocrx_word' id='word_1_762' title='bbox 1059 4882 1279 4949; x_wconf 89' lang='lat' dir='ltr'>illuminationes,</span> <span class='ocrx_word' id='word_1_763' title='bbox 1289 4884 1507 4956; x_wconf 90' lang='lat' dir='ltr'>quandoquidem</span> <span class='ocrx_word' id='word_1_764' title='bbox 1521 4884 1595 4939; x_wconf 90' lang='lat' dir='ltr'>Dens</span> <span class='ocrx_word' id='word_1_765' title='bbox 1608 4884 1669 4953; x_wconf 92' lang='lat' dir='ltr'>ipse</span> <span class='ocrx_word' id='word_1_766' title='bbox 1679 4883 1768 4940; x_wconf 84' lang='lat' dir='ltr'>Pater</span> <span class='ocrx_word' id='word_1_767' title='bbox 1782 4886 1870 4944; x_wconf 88' lang='lat' dir='ltr'>lumi-</span> 
     </span>
     <span class='ocr_line' id='line_1_58' title="bbox 227 4948 1313 5041; baseline 0.014 -38"><span class='ocrx_word' id='word_1_768' title='bbox 227 4948 352 5041; x_wconf 71' lang='lat' dir='ltr'>regulam</span> <span class='ocrx_word' id='word_1_769' title='bbox 366 4958 395 5006; x_wconf 91' lang='lat' dir='ltr'>et</span> <span class='ocrx_word' id='word_1_770' title='bbox 407 4971 530 5011; x_wconf 89' lang='lat' dir='ltr'>normam</span> <span class='ocrx_word' id='word_1_771' title='bbox 545 4958 689 5023; x_wconf 88' lang='lat' dir='ltr'>continent,</span> <span class='ocrx_word' id='word_1_772' title='bbox 705 4976 747 5014; x_wconf 89' lang='lat' dir='ltr'>res</span> <span class='ocrx_word' id='word_1_773' title='bbox 761 4967 788 5014; x_wconf 91' lang='lat' dir='ltr'>et</span> <span class='ocrx_word' id='word_1_774' title='bbox 805 4959 946 5014; x_wconf 87' lang='lat' dir='ltr'>materiam</span> <span class='ocrx_word' id='word_1_775' title='bbox 961 4960 1022 5013; x_wconf 82' lang='lat' dir='ltr'>sub</span> <span class='ocrx_word' id='word_1_776' title='bbox 1058 4979 1124 5017; x_wconf 87' lang='lat' dir='ltr'>num</span> <span class='ocrx_word' id='word_1_777' title='bbox 1138 4970 1313 5033; x_wconf 90' lang='lat' dir='ltr'>nuncupetur.</span> 
     </span>
     <span class='ocr_line' id='line_1_59' title="bbox 225 5031 1869 5114; baseline 0.011 -31"><span class='ocrx_word' id='word_1_778' title='bbox 225 5038 328 5098; x_wconf 82' lang='lat' dir='ltr'>Jectam</span> <span class='ocrx_word' id='word_1_779' title='bbox 342 5031 386 5086; x_wconf 75' lang='lat' dir='ltr'>sel</span> <span class='ocrx_word' id='word_1_780' title='bbox 407 5033 575 5105; x_wconf 89' lang='lat' dir='ltr'>disponendi,</span> <span class='ocrx_word' id='word_1_781' title='bbox 589 5037 633 5091; x_wconf 82' lang='lat' dir='ltr'>uel</span> <span class='ocrx_word' id='word_1_782' title='bbox 652 5037 813 5094; x_wconf 88' lang='lat' dir='ltr'>illustrandi.</span> <span class='ocrx_word' id='word_1_783' title='bbox 854 5039 974 5110; x_wconf 89' lang='lat' dir='ltr'>Ideoque</span> <span class='ocrx_word' id='word_1_784' title='bbox 994 5039 1023 5093; x_wconf 91' lang='lat' dir='ltr'>id</span> <span class='ocrx_word' id='word_1_785' title='bbox 1099 5041 1240 5097; x_wconf 88' lang='lat' dir='ltr'>Postremo</span> <span class='ocrx_word' id='word_1_786' title='bbox 1253 5042 1320 5096; x_wconf 90' lang='lat' dir='ltr'>illud</span> <span class='ocrx_word' id='word_1_787' title='bbox 1335 5059 1433 5113; x_wconf 89' lang='lat' dir='ltr'>queror</span> <span class='ocrx_word' id='word_1_788' title='bbox 1447 5043 1494 5112; x_wconf 88' lang='lat' dir='ltr'>(de</span> <span class='ocrx_word' id='word_1_789' title='bbox 1514 5059 1569 5114; x_wconf 91' lang='lat' dir='ltr'>quo</span> <span class='ocrx_word' id='word_1_790' title='bbox 1586 5044 1713 5112; x_wconf 87' lang='lat' dir='ltr'>superius</span> <span class='ocrx_word' id='word_1_791' title='bbox 1730 5047 1869 5101; x_wconf 82' lang='lat' dir='ltr'>nonnihil</span> 
     </span>
     <span class='ocr_line' id='line_1_60' title="bbox 227 5116 1870 5193; baseline 0.01 -30"><span class='ocrx_word' id='word_1_792' title='bbox 227 5124 319 5180; x_wconf 89' lang='lat' dir='ltr'>agere,</span> <span class='ocrx_word' id='word_1_793' title='bbox 342 5120 372 5166; x_wconf 93' lang='lat' dir='ltr'>ut</span> <span class='ocrx_word' id='word_1_794' title='bbox 390 5122 496 5168; x_wconf 90' lang='lat' dir='ltr'>mentes</span> <span class='ocrx_word' id='word_1_795' title='bbox 516 5132 606 5169; x_wconf 89' lang='lat' dir='ltr'>rerum</span> <span class='ocrx_word' id='word_1_796' title='bbox 626 5116 736 5186; x_wconf 80' lang='lat' dir='ltr'>ignaras,</span> <span class='ocrx_word' id='word_1_797' title='bbox 755 5126 782 5171; x_wconf 90' lang='lat' dir='ltr'>et</span> <span class='ocrx_word' id='word_1_798' title='bbox 799 5118 880 5173; x_wconf 88' lang='lat' dir='ltr'>rudes</span> <span class='ocrx_word' id='word_1_799' title='bbox 893 5118 1023 5190; x_wconf 72' lang='lat' dir='ltr'>(quaeque</span> <span class='ocrx_word' id='word_1_800' title='bbox 1060 5122 1193 5193; x_wconf 80' lang='lat' dir='ltr'>praemisi)</span> <span class='ocrx_word' id='word_1_801' title='bbox 1221 5122 1293 5192; x_wconf 89' lang='lat' dir='ltr'>quod</span> <span class='ocrx_word' id='word_1_802' title='bbox 1314 5123 1358 5176; x_wconf 76' lang='lat' dir='ltr'>vel</span> <span class='ocrx_word' id='word_1_803' title='bbox 1378 5139 1525 5193; x_wconf 89' lang='lat' dir='ltr'>nunquam,</span> <span class='ocrx_word' id='word_1_804' title='bbox 1548 5121 1592 5177; x_wconf 90' lang='lat' dir='ltr'>vel</span> <span class='ocrx_word' id='word_1_805' title='bbox 1613 5139 1677 5177; x_wconf 90' lang='lat' dir='ltr'>raro</span> <span class='ocrx_word' id='word_1_806' title='bbox 1700 5124 1870 5193; x_wconf 83' lang='lat' dir='ltr'>admodum,</span> 
     </span>
     <span class='ocr_line' id='line_1_61' title="bbox 228 5188 1870 5273; baseline 0.013 -31"><span class='ocrx_word' id='word_1_807' title='bbox 228 5188 349 5245; x_wconf 89' lang='lat' dir='ltr'>nondum</span> <span class='ocrx_word' id='word_1_808' title='bbox 371 5191 400 5244; x_wconf 91' lang='lat' dir='ltr'>id</span> <span class='ocrx_word' id='word_1_809' title='bbox 423 5191 598 5263; x_wconf 90' lang='lat' dir='ltr'>collegerunt,</span> <span class='ocrx_word' id='word_1_810' title='bbox 612 5196 682 5265; x_wconf 91' lang='lat' dir='ltr'>quod</span> <span class='ocrx_word' id='word_1_811' title='bbox 699 5213 716 5248; x_wconf 93' lang='lat' dir='ltr'>a</span> <span class='ocrx_word' id='word_1_812' title='bbox 736 5196 867 5252; x_wconf 83' lang='lat' dir='ltr'>Cicerone</span> <span class='ocrx_word' id='word_1_813' title='bbox 888 5198 967 5268; x_wconf 85' lang='lat' dir='ltr'>sylva</span> <span class='ocrx_word' id='word_1_814' title='bbox 979 5198 1023 5253; x_wconf 90' lang='lat' dir='ltr'>vel</span> <span class='ocrx_word' id='word_1_815' title='bbox 1060 5201 1171 5271; x_wconf 88' lang='lat' dir='ltr'>publicu</span> <span class='ocrx_word' id='word_1_816' title='bbox 1187 5200 1281 5271; x_wconf 88' lang='lat' dir='ltr'>aliqua</span> <span class='ocrx_word' id='word_1_817' title='bbox 1298 5202 1420 5256; x_wconf 85' lang='lat' dir='ltr'>extiterit</span> <span class='ocrx_word' id='word_1_818' title='bbox 1436 5202 1590 5273; x_wconf 87' lang='lat' dir='ltr'>designatio</span> <span class='ocrx_word' id='word_1_819' title='bbox 1604 5203 1726 5258; x_wconf 78' lang='lat' dir='ltr'>virorum</span> <span class='ocrx_word' id='word_1_820' title='bbox 1743 5205 1870 5263; x_wconf 80' lang='lat' dir='ltr'>idoneo-</span> 
     </span>
     <span class='ocr_line' id='line_1_62' title="bbox 229 5268 1870 5353; baseline 0.014 -33"><span class='ocrx_word' id='word_1_821' title='bbox 229 5268 356 5339; x_wconf 90' lang='lat' dir='ltr'>supellex</span> <span class='ocrx_word' id='word_1_822' title='bbox 369 5270 528 5341; x_wconf 88' lang='lat' dir='ltr'>appellatur,</span> <span class='ocrx_word' id='word_1_823' title='bbox 543 5272 572 5325; x_wconf 90' lang='lat' dir='ltr'>id</span> <span class='ocrx_word' id='word_1_824' title='bbox 590 5282 638 5336; x_wconf 90' lang='lat' dir='ltr'>est,</span> <span class='ocrx_word' id='word_1_825' title='bbox 652 5276 794 5330; x_wconf 88' lang='lat' dir='ltr'>materiam</span> <span class='ocrx_word' id='word_1_826' title='bbox 812 5284 839 5331; x_wconf 91' lang='lat' dir='ltr'>et</span> <span class='ocrx_word' id='word_1_827' title='bbox 855 5277 963 5347; x_wconf 90' lang='lat' dir='ltr'>copiam</span> <span class='ocrx_word' id='word_1_828' title='bbox 982 5296 1023 5332; x_wconf 90' lang='lat' dir='ltr'>re·</span> <span class='ocrx_word' id='word_1_829' title='bbox 1061 5298 1128 5345; x_wconf 92' lang='lat' dir='ltr'>rum,</span> <span class='ocrx_word' id='word_1_830' title='bbox 1148 5281 1194 5351; x_wconf 91' lang='lat' dir='ltr'>qui</span> <span class='ocrx_word' id='word_1_831' title='bbox 1214 5281 1258 5334; x_wconf 87' lang='lat' dir='ltr'>vel</span> <span class='ocrx_word' id='word_1_832' title='bbox 1279 5281 1435 5347; x_wconf 86' lang='lat' dir='ltr'>scriberent,</span> <span class='ocrx_word' id='word_1_833' title='bbox 1457 5280 1501 5335; x_wconf 84' lang='lat' dir='ltr'>vel</span> <span class='ocrx_word' id='word_1_834' title='bbox 1522 5282 1730 5353; x_wconf 86' lang='lat' dir='ltr'>inquisitionem</span> <span class='ocrx_word' id='word_1_835' title='bbox 1751 5285 1870 5343; x_wconf 84' lang='lat' dir='ltr'>institu-</span> 
     </span>
     <span class='ocr_line' id='line_1_63' title="bbox 229 5348 1871 5438; baseline 0.012 -36"><span class='ocrx_word' id='word_1_836' title='bbox 229 5348 305 5438; x_wconf 77' lang='lat' dir='ltr'>rum)</span> <span class='ocrx_word' id='word_1_837' title='bbox 326 5348 434 5403; x_wconf 88' lang='lat' dir='ltr'>initium</span> <span class='ocrx_word' id='word_1_838' title='bbox 458 5350 494 5403; x_wconf 90' lang='lat' dir='ltr'>ab</span> <span class='ocrx_word' id='word_1_839' title='bbox 517 5350 577 5405; x_wconf 90' lang='lat' dir='ltr'>istis</span> <span class='ocrx_word' id='word_1_840' title='bbox 596 5352 717 5408; x_wconf 88' lang='lat' dir='ltr'>scientiis</span> <span class='ocrx_word' id='word_1_841' title='bbox 737 5361 847 5409; x_wconf 89' lang='lat' dir='ltr'>sumant</span> <span class='ocrx_word' id='word_1_842' title='bbox 863 5360 909 5427; x_wconf 83' lang='lat' dir='ltr'>(ac</span> <span class='ocrx_word' id='word_1_843' title='bbox 923 5357 947 5410; x_wconf 88' lang='lat' dir='ltr'>si</span> <span class='ocrx_word' id='word_1_844' title='bbox 961 5358 1023 5427; x_wconf 89' lang='lat' dir='ltr'>quis</span> <span class='ocrx_word' id='word_1_845' title='bbox 1061 5368 1144 5425; x_wconf 87' lang='lat' dir='ltr'>erent,</span> <span class='ocrx_word' id='word_1_846' title='bbox 1158 5361 1192 5414; x_wconf 91' lang='lat' dir='ltr'>de</span> <span class='ocrx_word' id='word_1_847' title='bbox 1206 5359 1263 5414; x_wconf 84' lang='lat' dir='ltr'>illis</span> <span class='ocrx_word' id='word_1_848' title='bbox 1282 5360 1455 5415; x_wconf 89' lang='lat' dir='ltr'>scientiarum</span> <span class='ocrx_word' id='word_1_849' title='bbox 1474 5362 1605 5431; x_wconf 88' lang='lat' dir='ltr'>partibus,</span> <span class='ocrx_word' id='word_1_850' title='bbox 1619 5361 1649 5415; x_wconf 92' lang='lat' dir='ltr'>in</span> <span class='ocrx_word' id='word_1_851' title='bbox 1669 5363 1772 5433; x_wconf 88' lang='lat' dir='ltr'>quibus</span> <span class='ocrx_word' id='word_1_852' title='bbox 1794 5371 1871 5422; x_wconf 83' lang='lat' dir='ltr'>satia</span> 
     </span>
     <span class='ocr_line' id='line_1_64' title="bbox 229 5425 1870 5501; baseline 0.014 -23"><span class='ocrx_word' id='word_1_853' title='bbox 229 5425 335 5481; x_wconf 77' lang='lat' dir='ltr'>discere</span> <span class='ocrx_word' id='word_1_854' title='bbox 353 5427 435 5483; x_wconf 89' lang='lat' dir='ltr'>vellet</span> <span class='ocrx_word' id='word_1_855' title='bbox 449 5429 608 5498; x_wconf 89' lang='lat' dir='ltr'>ponderare,</span> <span class='ocrx_word' id='word_1_856' title='bbox 623 5431 666 5486; x_wconf 88' lang='lat' dir='ltr'>vel</span> <span class='ocrx_word' id='word_1_857' title='bbox 679 5433 778 5499; x_wconf 89' lang='lat' dir='ltr'>metiri,</span> <span class='ocrx_word' id='word_1_858' title='bbox 792 5434 836 5489; x_wconf 90' lang='lat' dir='ltr'>vel</span> <span class='ocrx_word' id='word_1_859' title='bbox 850 5450 945 5490; x_wconf 90' lang='lat' dir='ltr'>ornare</span> <span class='ocrx_word' id='word_1_860' title='bbox 961 5454 1024 5490; x_wconf 86' lang='lat' dir='ltr'>ven·</span> <span class='ocrx_word' id='word_1_861' title='bbox 1060 5439 1149 5493; x_wconf 87' lang='lat' dir='ltr'>adhuc</span> <span class='ocrx_word' id='word_1_862' title='bbox 1167 5456 1221 5493; x_wconf 93' lang='lat' dir='ltr'>non</span> <span class='ocrx_word' id='word_1_863' title='bbox 1235 5439 1317 5494; x_wconf 88' lang='lat' dir='ltr'>fuerit</span> <span class='ocrx_word' id='word_1_864' title='bbox 1334 5437 1511 5494; x_wconf 84' lang='lat' dir='ltr'>elaboratum.</span> <span class='ocrx_word' id='word_1_865' title='bbox 1552 5440 1605 5495; x_wconf 90' lang='lat' dir='ltr'>Cui</span> <span class='ocrx_word' id='word_1_866' title='bbox 1623 5442 1664 5495; x_wconf 87' lang='lat' dir='ltr'>rei</span> <span class='ocrx_word' id='word_1_867' title='bbox 1684 5441 1763 5497; x_wconf 88' lang='lat' dir='ltr'>illud·</span> <span class='ocrx_word' id='word_1_868' title='bbox 1775 5446 1870 5501; x_wconf 69' lang='lat' dir='ltr'>inm-</span> 
     </span>
     <span class='ocr_line' id='line_1_65' title="bbox 230 5504 1870 5590; baseline 0.016 -34"><span class='ocrx_word' id='word_1_869' title='bbox 230 5504 300 5567; x_wconf 84' lang='lat' dir='ltr'>tum)</span> <span class='ocrx_word' id='word_1_870' title='bbox 327 5505 402 5561; x_wconf 87' lang='lat' dir='ltr'>haud</span> <span class='ocrx_word' id='word_1_871' title='bbox 429 5506 505 5563; x_wconf 88' lang='lat' dir='ltr'>aliud</span> <span class='ocrx_word' id='word_1_872' title='bbox 529 5511 650 5580; x_wconf 88' lang='lat' dir='ltr'>prolecto</span> <span class='ocrx_word' id='word_1_873' title='bbox 670 5512 750 5584; x_wconf 90' lang='lat' dir='ltr'>parit,</span> <span class='ocrx_word' id='word_1_874' title='bbox 776 5530 858 5585; x_wconf 88' lang='lat' dir='ltr'>quam</span> <span class='ocrx_word' id='word_1_875' title='bbox 878 5522 908 5569; x_wconf 91' lang='lat' dir='ltr'>ut</span> <span class='ocrx_word' id='word_1_876' title='bbox 925 5515 1023 5571; x_wconf 76' lang='lat' dir='ltr'>limum</span> <span class='ocrx_word' id='word_1_877' title='bbox 1062 5518 1117 5574; x_wconf 77' lang='lat' dir='ltr'>niet</span> <span class='ocrx_word' id='word_1_878' title='bbox 1137 5536 1217 5588; x_wconf 91' lang='lat' dir='ltr'>quam</span> <span class='ocrx_word' id='word_1_879' title='bbox 1238 5519 1367 5586; x_wconf 84' lang='lat' dir='ltr'>maxime,</span> <span class='ocrx_word' id='word_1_880' title='bbox 1387 5519 1412 5574; x_wconf 92' lang='lat' dir='ltr'>si</span> <span class='ocrx_word' id='word_1_881' title='bbox 1433 5528 1562 5590; x_wconf 88' lang='lat' dir='ltr'>tanquam</span> <span class='ocrx_word' id='word_1_882' title='bbox 1584 5521 1703 5577; x_wconf 85' lang='lat' dir='ltr'>lustrum</span> <span class='ocrx_word' id='word_1_883' title='bbox 1726 5524 1870 5581; x_wconf 81' lang='lat' dir='ltr'>condatur</span> 
     </span>
    </p>
   </div>
   <div class='ocr_carea' id='block_1_3' title="bbox 0 0 1915 5875">
    <p class='ocr_par' dir='ltr' id='par_1_3' title="bbox 0 0 1915 5875">
     <span class='ocr_line' id='line_1_66' title="bbox 0 0 1915 5875; baseline 0 0"><span class='ocrx_word' id='word_1_884' title='bbox 0 0 1915 5875; x_wconf 95' lang='lat' dir='ltr'> </span> 
     </span>
    </p>
   </div>
  </div>
 </body>
</html>
