3800 5875
226 291 283 346 stt
705 286 896 342 HISTORIAE
918 283 1140 340 natenius
1161 282 1370 339 PRAEFATIO.

225 467 289 505 nam
303 466 365 504 curn
379 465 415 505 ex
427 448 612 541 pronunciatis
625 448 658 501 de
672 454 770 501 natura
788 444 828 499 nil
842 445 930 498 verius
944 445 989 509 sit,
1005 460 1088 515 quam
1102 443 1253 534 propositio
1269 442 1319 495 illa
1339 441 1465 513 gemella,
1488 447 1505 474 ⁴
1518 443 1563 497 Ex
1582 439 1672 495 nihilo
1688 437 1766 493 nihil
1788 438 1860 502 ιιιιι,

225 546 313 601 neque
328 529 473 600 quicquam
485 529 515 582 in
531 527 648 582 nibilum
665 526 779 597 redigi,’'
795 524 842 577 sed
856 533 986 594 quantum
997 523 1088 614 ipsum
1102 532 1214 587 naturae,
1228 522 1285 575 sive
1300 523 1421 576 materie
1439 539 1574 577 summam
1586 517 1786 581 universalem,
1801 534 1861 587 pes·

225 618 308 679 petuo
319 625 428 664 manere
443 615 471 663 et
483 615 614 670 constare,
628 615 656 660 et
673 607 831 676 neutiquam
845 604 940 675 angeri
955 611 1002 656 aut
1017 603 1113 656 minui.
1154 602 1247 655 Etiam
1265 601 1334 655 illud
1353 618 1409 654 non
1429 603 1521 656 minus
1539 608 1651 664 eertum,
1665 599 1783 653 ιιιιιιιιι
1804 614 1861 651 nm

225 701 281 742 tam
295 689 438 759 perspicue
450 694 573 742 notatum
587 695 633 739 aut
644 693 777 739 assertum
790 684 834 748 sit,
849 682 992 775 (quicquid
1012 682 1138 736 homines
1151 681 1185 734 de
1199 682 1321 751 potentia
1334 680 1455 735 materias
1469 680 1598 752 aequabili
1612 679 1647 733 ad
1661 678 1768 734 formas
1784 677 1862 731 faba

226 769 338 834 lentum)
352 785 388 822 ex
402 773 503 839 quanto
516 766 565 820 illo
578 765 700 820 materiae
713 765 764 818 sub
775 763 871 817 iisdem
884 763 1032 833 spatiorum
1046 761 1258 814 dimensionibus
1272 759 1333 831 plus
1346 767 1376 813 et
1388 761 1478 814 minus
1491 759 1696 829 continerique
1709 773 1861 827 corporum

226 849 381 902 diversitate
395 865 412 901 a
426 847 524 917 quibus
537 853 709 937 occupantur,
724 860 838 934 quorum
854 843 909 896 alia
923 842 1013 913 magis
1031 848 1180 909 compacta,
1196 838 1251 893 alia
1263 840 1353 911 magis
1373 847 1486 894 extensa
1503 841 1561 894 sive
1575 839 1638 893 tum
1650 837 1861 891 evidentissime

226 928 403 998 reperiuntur.
444 928 542 1018 Neque
552 926 625 980 enirn
639 941 732 994 parem
743 923 865 977 materiae
878 922 1028 992 portionem
1043 921 1138 991 recipit
1146 936 1194 973 vas
1209 928 1256 973 aut
1268 936 1415 973 concavum
1424 937 1495 989 aqua
1508 927 1537 974 et
1550 923 1615 972 ae're
1628 917 1796 988 impletum,
1813 917 1860 970 sed
1885 947 1886 980 3

226 1007 294 1061 illud
307 1007 376 1076 plus,
390 1005 461 1061 istud
474 1006 573 1059 minus.
617 1003 749 1076 Itaque
727 1021 751 1056 ιι
770 1003 831 1074 quis
845 1008 956 1065 asserat,
975 1018 1011 1056 ex
1024 1000 1084 1071 pari
1106 998 1179 1054 s'eris
1192 1007 1320 1053 contento
1338 1016 1389 1069 par
1408 1016 1487 1070 aquae
1500 1006 1658 1053 contentum
1671 997 1744 1051 effici
1766 1012 1859 1066 posse,

227 1087 299 1140 idem
313 1093 362 1150 est,
373 1103 405 1140 ac
418 1085 535 1150 sidicat,
550 1084 653 1154 aliquid
667 1083 725 1138 fieri
738 1099 818 1175 posse
833 1099 870 1135 ιι
882 1079 978 1136 nihilo
1019 1081 1094 1134 Nam
1108 1078 1180 1150 quod
1193 1079 1287 1132 deesse
1300 1079 1461 1150 supponitur
1472 1096 1509 1134 ex
1525 1078 1651 1142 ιιιιιιιι,
1666 1078 1696 1131 ιι
1712 1093 1748 1130 ex
1770 1074 1860 1129 nihilo

226 1166 346 1236 suppleri
360 1181 470 1221 neccsse
483 1165 562 1220 foret.
590 1164 744 1219 Quorsus
723 1179 746 1217 ιι
761 1163 822 1232 quis
836 1168 948 1223 asserat,
963 1167 1183 1229 percontantem
1196 1175 1275 1229 aquae
1291 1158 1322 1213 in
1341 1175 1391 1228 par
1404 1165 1563 1213 contentum
1583 1157 1659 1211 aeris
1680 1172 1766 1226 posse
1779 1156 1886 1258 verti,

225 1245 297 1300 idem
312 1253 361 1310 est,
376 1263 408 1299 ac
422 1262 445 1300 ss
437 1244 540 1309 dicat,
553 1243 657 1316 aliquid
670 1258 751 1313 posse
764 1240 874 1312 redigi
865 1257 895 1293 ιιι
908 1239 1036 1295 nihilum.
1078 1239 1153 1293 Nam
1167 1238 1239 1308 quod
1259 1255 1401 1329 superesse
1414 1238 1576 1308 supponitur
1587 1253 1624 1290 ex
1637 1237 1766 1298 materia,
1781 1213 1886 1288 idad

226 1325 341 1380 nihilum
363 1326 504 1380 evanuisse
525 1323 649 1378 similiter
669 1338 781 1376 necesse
801 1321 878 1375 leret
918 1321 1018 1390 Neque
1038 1318 1119 1372 nobis
1136 1318 1248 1372 dubium
1263 1326 1312 1381 cst,
1328 1318 1395 1388 quin
1413 1317 1473 1371 haec
1490 1334 1533 1371 res
1550 1318 1636 1372 ctiam
1656 1315 1780 1370 calemus
1802 1315 1886 1404 pati

225 1405 319 1475 possit,
335 1405 430 1460 surdos
446 1404 588 1458 fortasse
579 1420 609 1457 ru
627 1402 770 1474 aliquibus,
784 1400 832 1455 sed
853 1399 979 1455 delinitos
998 1405 1027 1452 et
1045 1405 1141 1462 certos,
1162 1405 1189 1451 et
1209 1404 1315 1451 naturae
1331 1404 1418 1451 notos.
1459 1396 1552 1451 Veluti
1572 1398 1598 1450 si
1613 1396 1680 1467 quis
1699 1396 1786 1457 diost,
1800 1394 1858 1447 suri

225 1501 330 1555 corpus,
340 1484 467 1538 collatum
480 1484 516 1537 ad
528 1499 627 1553 corpus
640 1483 753 1553 spiritus
762 1480 827 1544 vini,
841 1496 901 1534 csse
915 1478 1148 1533 coacervationem
1158 1476 1281 1532 materiae
1295 1484 1469 1546 superantem
1482 1478 1589 1531 ratione
1599 1474 1749 1546 vicecupls
1757 1473 1886 1550 ιιιιριι

225 1565 400 1629 autoirciter,
413 1581 468 1618 non
482 1564 619 1618 erraverit.
661 1562 765 1632 ltaque,
781 1558 961 1615 exhibituri
949 1575 1008 1650 Jam
1028 1557 1173 1612 historiam
1192 1573 1261 1620 eam,
1276 1573 1357 1626 quam
1375 1555 1501 1621 diximus,
1517 1556 1551 1610 de
1564 1556 1649 1627 copia
1670 1564 1701 1609 et
1720 1555 1856 1644 paucitate
1885 1581 1886 1618 ι

225 1644 353 1709 materiis,
368 1652 449 1715 atque
469 1643 502 1698 de
517 1643 639 1697 materias
652 1642 769 1696 coitione
783 1649 865 1711 atque
879 1638 1054 1707 expansione,
1069 1652 1105 1690 ex
1125 1636 1223 1707 quibus
1243 1636 1368 1690 notiones
1388 1634 1444 1689 illae
1463 1636 1541 1690 densi
1554 1643 1583 1690 et
1602 1636 1661 1689 rari
1684 1634 1726 1706 (si
1747 1633 1886 1726 proprie

225 1725 403 1794 accipiantur)
419 1730 506 1777 ortum
519 1721 636 1786 habeam
656 1721 729 1775 hunc
743 1720 866 1775 ordinem
880 1718 1056 1778 servabimus,
1069 1723 1100 1770 ιι
1112 1717 1202 1787 primo
1215 1732 1359 1786 corporum
1371 1716 1540 1770 diversorum
1550 1717 1594 1787 (ut
1607 1715 1679 1780 suri,
1691 1732 1781 1785 aqua,
1796 1695 1886 1775 olei,

226 1805 304 1866 seris,
319 1804 448 1895 flammas)
464 1803 581 1856 rationes
602 1801 663 1856 ad
655 1801 772 1854 invicem
792 1814 992 1854 recenseamus.
1033 1796 1205 1851 Examinatis
1226 1803 1319 1850 autern
1339 1795 1490 1849 rationibus
1510 1812 1658 1866 corporum
1678 1795 1886 1854 diversorum,

226 1892 320 1954 postea
333 1884 413 1936 unius
428 1891 508 1973 atque
520 1881 641 1949 ejusdem
654 1880 774 1950 eorporis
787 1879 978 1949 subingressus
991 1884 1020 1931 et
1033 1876 1239 1945 expatiationes,
1248 1892 1310 1928 cum
1320 1873 1468 1929 calculis
1446 1891 1504 1929 save
1517 1875 1680 1939 rationibus,
1694 1872 1855 1929 memorabi-

225 1981 296 2017 mus.
339 1962 415 2015 ldem
429 1962 503 2015 enim
515 1977 621 2052 corpus,
636 1959 719 2013 etiam
734 1959 836 2030 absque
850 1958 1005 2012 accessione
1019 1963 1067 2011 aut
1080 1955 1223 2021 ablatione,
1232 1964 1280 2008 ιιι
1292 1954 1389 2009 saltem
1398 1954 1512 2009 minime
1525 1971 1575 2024 pro
1587 1963 1648 2008 rata
1662 1952 1854 2008 οοιιιιιιιιοιιι

226 2051 254 2096 ιι
267 2041 442 2104 extensionis,
451 2057 486 2094 ex
496 2040 579 2094 variis
592 2038 755 2131 impulsibus
769 2045 825 2093 tum
839 2037 959 2092 extemis
973 2043 1032 2091 tum
1045 2036 1166 2101 internis,
1176 2035 1291 2090 sustinet
1300 2050 1330 2089 se
1340 2051 1487 2105 congerere
1497 2034 1526 2087 in
1538 2035 1673 2102 majorem
1685 2043 1714 2086 et
1724 2035 1886 2094 minorem

226 2121 370 2192 sphaeram.
412 2119 550 2173 Interdum
565 2135 639 2172 enim
651 2117 767 2173 luctatur
785 2134 889 2188 corpus,
904 2124 932 2171 et
944 2134 974 2170 ιιι
988 2123 1108 2170 veterem
1124 2114 1262 2185 sphaeram
1274 2130 1304 2168 se
1321 2115 1463 2168 restituere
1482 2114 1593 2179 nititur,
1614 2113 1759 2167 interdurn
1777 2103 1886 2182 plane

226 2201 409 2270 transmigrat,
424 2216 474 2253 nec
489 2208 623 2254 revertere
637 2198 745 2268 satagit.
788 2198 842 2251 Hie
857 2197 1047 2266 cursusprimo
1060 2202 1142 2265 atque
1156 2193 1323 2249 differentias
1337 2200 1365 2247 et
1378 2193 1498 2248 rationes
1511 2194 1634 2264 corporis
1648 2192 1771 2262 alicujus
1782 2199 1856 2245 natu·
1885 2159 1886 2244 ι

225 2281 292 2333 ralis
304 2279 405 2350 (quoad
418 2278 570 2349 extentum)
580 2277 672 2332 collati
686 2295 748 2331 cum
762 2277 898 2347 aperturis
911 2283 959 2330 aut
977 2275 1109 2329 clausuris
1129 2276 1194 2338 suis,
1207 2273 1438 2339 memorabimus3
1460 2273 1590 2328 videlicet
1609 2290 1674 2328 eum
1696 2272 1855 2344 pulveribus

226 2359 290 2424 suis,
312 2376 374 2412 eum
395 2358 516 2413 calcibus
538 2358 602 2420 suis,
625 2371 687 2411 cum
707 2356 940 2412 vitrificationibus
960 2356 1024 2419 suis,
1044 2371 1108 2408 cum
1127 2352 1350 2409 dissolutionibus
1367 2354 1432 2416 suis,
1455 2370 1517 2408 eum
1538 2352 1680 2407 distillans
1706 2353 1776 2416 suia,
1796 2368 1856 2405 cum
1885 2367 1886 2422 ι

225 2440 372 2509 vaporibus
386 2446 412 2493 et
423 2439 503 2502 auris,
518 2436 738 2491 exhalationibus
750 2446 778 2491 et
790 2435 1050 2491 inflammationibus
1063 2435 1120 2489 suis
1134 2432 1362 2498 memorabimus3
1377 2433 1477 2487 deinde
1489 2441 1568 2487 actus
1580 2433 1660 2503 ipsos
1674 2438 1706 2486 et
1718 2439 1819 2494 motus,
1832 2437 1857 2483 ιι
1885 2425 1886 2502 ι

225 2535 385 2590 progressus
398 2525 427 2572 et
445 2518 577 2572 terminos
591 2517 782 2571 contractionis
800 2525 828 2571 et
847 2515 1013 2570 dilatationis
1033 2530 1225 2585 proponemus,
1240 2520 1269 2568 et
1285 2513 1393 2584 (ιιιιιιο
1406 2530 1436 2567 ιι
1451 2513 1597 2568 restituant
1609 2528 1737 2582 corpora,
1751 2510 1857 2582 quaudo

226 2599 421 2668 transmigrant
441 2597 590 2652 secundum
610 2603 767 2660 extentum3
788 2596 925 2667 precipue
947 2601 1039 2649 sutem
1059 2594 1206 2648 efficientia
1226 2599 1254 2647 et
1272 2594 1371 2658 media,
1386 2610 1436 2664 per
1456 2609 1517 2664 quse
1533 2590 1695 2660 hujusmodi
1714 2607 1857 2661 corporum

226 2679 423 2732 contractiones
445 2684 474 2732 et
493 2676 666 2731 dilatationes
687 2683 843 2746 sequuntur,
858 2674 1029 2729 notabimus:
1053 2680 1134 2744 atque
1153 2673 1264 2728 interim
1276 2672 1391 2727 virtutes
1409 2681 1437 2726 et
1449 2672 1588 2736 actiones,
1604 2689 1667 2742 qnae
1689 2687 1857 2741 corporeas
1885 2671 1886 2718 3

225 2758 381 2828 huiusmodi
394 2757 640 2828 compressionibus
652 2762 680 2810 et
702 2756 903 2810 dilatationibus
916 2754 1032 2808 induunt
1044 2760 1071 2806 et
1090 2754 1290 2818 nanciscuntur,
1304 2753 1391 2806 obiter
1404 2752 1590 2806 subtexemus.
1633 2750 1762 2821 Cumque
1776 2750 1856 2821 probe
1885 2743 1886 2754 ¹

225 2838 379 2892 noverimus
393 2854 474 2909 quem
488 2836 607 2891 difficilis
620 2853 665 2891 res
679 2836 723 2899 sit,
737 2836 767 2889 in
781 2835 910 2905 praesenti
930 2833 1083 2888 animorum
1097 2841 1177 2897 statu,
1196 2833 1255 2902 jam
1267 2832 1303 2885 ab
1317 2833 1379 2902 ipso
1395 2832 1531 2903 principio
1544 2848 1609 2885 cum
1622 2838 1722 2884 natura
1736 2846 1858 2884 conmes·

225 2935 295 2985 cere,
310 2917 513 2973 observationes
522 2924 637 2980 nostras,
648 2915 683 2970 ad
693 2917 869 2971 attentionem
882 2913 1025 2969 hominum
1038 2922 1066 2967 et
1077 2912 1281 2969 meditationem
1295 2912 1468 2967 excitandam
1481 2918 1510 2967 et
1522 2909 1736 2976 conciliandam,
1751 2910 1857 2978 adjicie-

226 3016 294 3053 mus.
335 2998 412 3060 Quod
432 2999 467 3052 ad
489 2996 748 3052 demonstrationem
769 3004 860 3050 autem
880 2994 987 3058 attinet,
1007 2994 1064 3047 sire
1086 2993 1264 3048 retectionem
1285 2992 1428 3046 densitatis
1452 3000 1481 3046 et
1504 2991 1625 3046 raritatis
1647 3007 1803 3061 corporum,
1820 2989 1856 3042 nil

225 3078 380 3133 dubitamus
395 3085 441 3131 aut
460 3086 617 3132 cunctamur
631 3077 696 3146 quin
711 3075 800 3147 quoad
819 3091 933 3145 corpora
953 3089 1046 3149 crassa
1062 3081 1090 3128 et
1108 3071 1259 3143 palpabilia
1276 3080 1365 3126 motus
1384 3072 1527 3142 gravitatis
1546 3072 1644 3141 (quern
1664 3072 1781 3138 vocant)
1800 3069 1856 3123 loco

225 3158 337 3228 optimae
350 3165 378 3211 et
390 3158 510 3212 maxime
524 3156 658 3227 expedite
678 3155 846 3227 probationis
867 3154 938 3209 sumi
958 3153 1062 3222 possit:
1084 3171 1138 3223 quo
1151 3153 1225 3207 enim
1237 3167 1337 3222 corpus
1350 3152 1525 3222 compactius,
1539 3168 1573 3205 eo
1592 3152 1716 3221 gravius.
1759 3150 1857 3204 Verum

225 3244 369 3308 postquam
383 3236 418 3290 ad
432 3237 546 3307 gradm
560 3239 701 3290 aereorum
714 3243 743 3289 et
756 3234 940 3306 spiritualium
952 3239 1063 3287 ventum
1077 3240 1126 3297 est,
1134 3240 1192 3287 tum
1206 3232 1329 3303 prolecto
1343 3247 1360 3285 a
1373 3230 1498 3285 lancibus
1511 3230 1693 3295 destituimur,
1705 3237 1794 3301 atque
1807 3229 1858 3282 slis
1885 3292 1886 3299 ἵ

224 3317 303 3371 nobis
324 3317 456 3371 industria
472 3333 540 3387 opus
559 3316 619 3370 erit.
662 3315 827 3385 incipiemus
847 3320 937 3368 autem
960 3312 995 3365 ab
1014 3327 1089 3374 suro,
1104 3313 1176 3383 quod
1197 3310 1326 3376 omnium,
1346 3328 1408 3383 quaa
1428 3310 1571 3375 habemus,
1587 3312 1691 3381 (neque
1709 3311 1788 3364 enim
1805 3318 1857 3362 tam

225 3396 317 3451 adulta
331 3403 371 3450 est
381 3395 602 3467 philosophiam
611 3394 645 3448 de
654 3394 802 3449 visceribus
811 3401 891 3448 terrae
901 3400 1020 3446 statuere
1034 3390 1204 3461 debeamus)
1219 3389 1411 3462 gravissimum
1419 3398 1461 3444 est
1474 3398 1556 3461 atquc
1571 3388 1723 3460 plurimum
1737 3390 1858 3444 materie

225 3476 339 3530 minimo
352 3476 442 3546 spatio
461 3474 665 3545 complectitur3
687 3482 768 3544 atque
787 3474 822 3527 ad
842 3473 925 3541 hujus
939 3472 1061 3542 corporis
1074 3471 1210 3541 sphaeram
1224 3471 1393 3541 reliquorum
1410 3471 1530 3524 estimes
1549 3469 1773 3539 applicabimusr
1794 3467 1859 3522 illud

225 3564 374 3620 monentes,
390 3556 531 3610 historiam
550 3554 700 3625 ponderum
719 3554 765 3607 hic
786 3570 836 3608 nos
854 3552 968 3607 minime
982 3558 1106 3616 tractare,
1120 3551 1173 3605 nisi
1192 3558 1324 3621 quatenus
1339 3549 1375 3604 ad
1395 3566 1538 3620 corporum
1552 3550 1644 3619 spatia
1658 3550 1717 3605 sire
1732 3550 1859 3603 dimensa
1885 3540 1886 3553 ¹

225 3636 434 3690 demonstranda
446 3634 536 3690 lucem
550 3635 679 3705 prebeat.
721 3634 791 3687 Cum
799 3649 864 3686 vero
876 3648 930 3685 nou
937 3631 1072 3698 conjicere
1082 3643 1110 3685 ιι
1123 3628 1261 3694 hariolari,
1274 3630 1323 3684 sed
1336 3629 1460 3684 invenire
1469 3638 1496 3683 et
1505 3629 1584 3694 scire,
1593 3629 1675 3683 nobis
1688 3629 1859 3700 propositum

225 3716 268 3779 sit,
282 3716 334 3770 hoc
353 3724 444 3769 autem
463 3715 492 3769 iu
506 3715 633 3769 examine
648 3723 675 3768 et
694 3713 852 3783 probatione
866 3712 1114 3781 experimentorum
1133 3710 1283 3781 primonrm
1294 3726 1460 3780 magnopere
1480 3709 1601 3780 positum
1614 3726 1676 3763 esse
1697 3710 1859 3777 judicemus,
1885 3774 1886 3777 Ἴ

224 3812 335 3867 prorsus
348 3796 516 3849 decrevimus
530 3795 559 3849 in
573 3794 646 3849 omui
661 3794 848 3863 experimento
861 3791 1001 3845 subtiliore
1011 3791 1121 3845 modum
1135 3790 1324 3859 experimenti,
1335 3789 1443 3860 quossi
1457 3806 1559 3853 mmns,
1568 3796 1664 3859 aperte
1675 3789 1856 3859 subjungeres

225 3884 257 3928 nt
270 3884 413 3945 postquam
432 3875 597 3946 patefactum
611 3874 649 3928 sit
663 3872 798 3944 quomodo
812 3872 921 3941 singula
934 3871 1014 3925 uobis
1029 3869 1209 3934 constiterint,
1226 3869 1335 3923 videant
1347 3869 1472 3923 homines
1485 3875 1514 3923 ct
1528 3877 1666 3939 quatenus
1686 3869 1769 3923 fidem
1784 3867 1859 3921 adhi-

226 3955 315 4019 beant,
331 3964 358 4009 et
373 3955 437 4025 quid
450 3954 565 4009 ulterius
579 3954 734 4009 faciendum
749 3955 791 4018 sit,
806 3953 863 4006 sive
876 3950 911 4004 ad
925 3967 1031 4005 errores
1044 3949 1224 4019 corrigendos,
1236 3949 1282 4019 qui
1296 3948 1435 4003 adherere
1450 3949 1567 4019 possint,
1578 3948 1637 4002 sive
1651 3949 1688 4003 ad
1701 3946 1859 4003 excitandas
1885 3986 1886 4001 ,

226 4042 307 4105 atque
322 4034 508 4105 adoperandas
524 4033 697 4104 probationes
711 4032 800 4104 magis
815 4032 883 4085 fidas
897 4036 924 4085 ιι
937 4030 1097 4102 exquisitas.
1137 4027 1209 4090 Quin
1223 4036 1251 4083 et
1259 4028 1314 4099 ipsi
1328 4027 1362 4081 de
1375 4028 1418 4091 iis,
1434 4046 1494 4099 quae
1508 4028 1588 4082 nobis
1603 4029 1697 4083 minus
1711 4028 1858 4097 explorata,

227 4121 307 4184 atque
322 4114 407 4169 errori
420 4115 511 4185 magis
525 4114 659 4183 exposita,
674 4120 702 4167 et
715 4112 793 4183 quasi
807 4111 924 4165 finitima
933 4109 1103 4173 videbuntur,
1118 4108 1213 4163 sedulo
1226 4114 1255 4162 et
1264 4107 1370 4162 sincere
1384 4108 1564 4161 monebimus.
1606 4108 1761 4171 Postremo,
1772 4107 1860 4160 obses·

226 4193 350 4247 vationes
361 4201 466 4248 nostras
480 4197 523 4263 (nt
537 4193 618 4247 modo
627 4192 762 4259 diximus)
777 4191 944 4260 adjiciemus,
956 4197 987 4244 ut
999 4189 1064 4243 licet
1077 4188 1170 4243 omnia
1179 4189 1287 4259 integra
1299 4186 1485 4258 philosophiae
1498 4203 1647 4249 servemus,
1657 4194 1750 4243 tamen
1759 4187 1855 4240 taciem

228 4268 315 4341 ipsam
330 4272 453 4327 historiae
464 4272 597 4327 naturalis
611 4273 693 4326 ιιιιιιι
708 4274 736 4325 iu
750 4271 865 4324 transitu
879 4286 973 4324 versus
988 4267 1192 4339 philosophiam
1207 4267 1387 4322 obvertemus.
1416 4266 1506 4337 Atque
1519 4283 1602 4336 porro
1615 4266 1688 4321 iliud
1698 4267 1857 4327 curabimus,

228 4361 259 4406 ut
271 4368 437 4423 quaeeunque
462 4368 496 4405 ea
516 4353 579 4416 sint,
594 4352 651 4406 sive
670 4351 857 4421 experimenta
877 4350 935 4404 sive
954 4348 1167 4412 observationes,
1183 4365 1243 4418 quae
1264 4355 1365 4418 praeter
1382 4362 1494 4416 scopum
1515 4346 1704 4417 inquisitionis
1718 4352 1859 4403 occurrunt
1885 4376 1886 4417 1

228 4439 309 4502 atque
319 4432 510 4497 interveniunt,
525 4440 553 4485 et
567 4431 601 4485 ad
616 4432 685 4486 alios
699 4430 792 4486 titulos
805 4430 915 4502 proprie
930 4429 1074 4500 pertinent,
1089 4435 1223 4494 notemus,
1232 4444 1267 4482 ne
1281 4426 1423 4498 inquisitio
1436 4424 1627 4481 confundatur.
