3800 5875
227 286 285 347 478
862 277 1003 334 NOVUM
1024 275 1226 333 ORGANUM.
1740 273 1799 331 Ias
1813 275 1852 331 ll.

226 446 255 498 in
275 442 425 514 quantitate
443 439 618 501 animalium
639 436 721 501 emis,
745 438 774 490 in
794 436 892 500 odore,
914 436 1023 489 iniiam·
1059 434 1185 488 videlicet
1198 431 1272 497 solis,
1287 439 1314 488 et
1327 433 1462 501 recessm)
1476 447 1531 486 non
1544 432 1704 503 respective,
1718 432 1767 486 aad
1779 435 1853 503 qnasi

226 524 312 577 matio
325 521 445 592 pulveris
467 520 547 590 pyrii,
561 520 590 572 in
610 517 778 586 expansione
798 515 896 577 eeleri;
918 523 946 567 et
967 514 1023 567 slia
1060 513 1243 567 indifferenter
1256 511 1379 582 praebeat
1391 528 1502 565 musam
1515 520 1572 565 tam
1585 511 1758 582 generationi
1775 528 1853 582 quam

226 603 361 672 idgenus.
402 601 464 654 Nec
478 600 567 652 minua
581 595 735 651 exbibenda
753 604 815 648 sunt
828 610 869 656 ea,
883 611 945 664 quaa
958 598 1023 646 sunt
1059 592 1248 662 corruptioni:
1289 591 1507 661 qnandoquidem
1543 589 1717 661 inaequalitas
1752 592 1853 654 calcate,

226 680 322 734 ultima
336 680 420 751 gradu
433 680 534 741 infimo,
546 692 625 746 quarn
638 691 699 745 quae
710 688 855 743 supremos⁸
870 684 899 726 ut
910 673 1022 742 spiritus
1059 670 1228 741 generationi
1240 677 1269 723 et
1282 669 1447 740 corruptioni
1461 686 1567 732 rerumr
1581 668 1735 740 aequalitas,
1748 685 1853 724 conser-

226 760 293 824 vini,
318 759 347 812 in
372 759 503 828 pondere;
532 757 655 817 sericum,
679 755 707 807 in
729 752 859 815 mollitie;
880 751 1021 806 vermiculi
1061 750 1164 804 rationi
1178 758 1282 803 tantum
1296 749 1440 802 ministret.
1480 749 1532 802 Est
1553 756 1581 801 et
1594 759 1693 819 quarta
1705 749 1853 803 differentia

227 840 306 902 cuns,
317 838 347 891 in
360 838 511 908 quantitate
526 833 699 897 animalium
722 841 749 886 et
761 841 869 887 caetera.
1059 828 1129 883 inter
1142 827 1260 882 cslomrn
1272 827 1338 881 solis
1348 837 1376 882 et
1389 828 1473 899 ignis,
1483 827 1578 898 magni
1590 843 1701 897 prorsus
1712 831 1852 883 momenti:
1876 829 1877 868 l

1059 908 1109 961 ris.
1121 908 1192 978 quod
1203 907 1244 961 sol
1256 908 1425 976 operationes
1435 923 1499 961 suas
1509 907 1629 959 insinuet
1638 924 1689 976 per
1697 905 1781 976 longa
1793 915 1853 962 ters-
1876 899 1877 922 ¹

1060 987 1134 1056 poris
1143 988 1246 1057 spatiae
1260 986 1306 1040 ubi
1317 987 1487 1056 operationes
1496 985 1569 1056 ignis
1577 983 1707 1059 (urgente
1718 986 1853 1040 hominurn

269 1070 344 1124 Inter
359 1068 562 1141 praerogativas
583 1067 783 1128 instantiarum,
805 1079 938 1134 ponemus
960 1061 1022 1115 loco
1059 1060 1247 1139 impatientia)
1263 1082 1311 1135 per
1323 1064 1447 1119 breviora
1463 1064 1608 1118 intervalla
1622 1065 1780 1119 aderitum
1799 1082 1853 1135 per·
1876 1077 1877 1092 ¹

227 1150 332 1203 decimo
353 1149 433 1202 tertio
448 1145 720 1218 instantr'ossoederis
740 1144 797 1197 sive
811 1144 931 1195 uniaris.
973 1140 1022 1197 Ea
1059 1145 1198 1199 ducantur.
1239 1144 1316 1205 Quod
1330 1144 1353 1198 si
1371 1145 1432 1215 quis
1449 1145 1478 1198 id
1489 1143 1584 1198 sedulo
1596 1151 1670 1214 agat,
1689 1153 1720 1198 nt
1741 1144 1878 1200 ealoresni

227 1237 298 1292 sunt,
309 1243 369 1298 quae
380 1226 548 1280 contundunt
558 1233 587 1279 et
598 1225 715 1278 manant
728 1230 845 1286 naturas,
855 1239 916 1293 quaa
925 1220 1021 1275 existi·
1059 1223 1133 1295 ignis
1144 1230 1303 1294 attemperet
1313 1231 1341 1277 et
1350 1224 1460 1277 reducat
1470 1224 1504 1277 ad
1519 1224 1635 1294 gradum
1648 1223 1852 1278 moderatiorem

226 1315 337 1361 mantus
349 1323 409 1360 esse
429 1305 636 1375 heterogenere3
658 1311 686 1356 et
706 1318 756 1373 pro
774 1300 873 1355 talibus
895 1307 1022 1354 notantur
1060 1309 1087 1357 et
1108 1302 1238 1357 leniorem
1258 1303 1342 1373 (qnod
1362 1302 1454 1356 multis
1475 1302 1563 1356 modis
1581 1301 1664 1355 facile
1678 1303 1741 1369 fin:
1762 1303 1852 1356 deinde
1877 1323 1878 1360 ς

227 1394 256 1441 et
268 1387 411 1456 signantur
423 1401 472 1453 per
485 1384 631 1437 divisiones
646 1388 775 1450 receptas.
1060 1383 1144 1436 etiarn
1166 1383 1306 1452 inspergat
1324 1389 1351 1435 et
1371 1383 1519 1435 admisceat
1536 1380 1697 1436 nonnullam
1712 1381 1851 1436 humidita-

267 1465 302 1518 At
317 1466 457 1518 instantia
463 1463 582 1536 soederis
596 1461 741 1515 ostendunt
755 1458 927 1529 operationes
941 1464 970 1511 et
984 1457 1022 1512 ei·
1061 1470 1128 1525 tem;
1151 1463 1270 1516 manime
1284 1468 1374 1516 autem
1388 1462 1411 1514 si
1426 1461 1545 1515 imitetur
1565 1461 1686 1515 calorem
1710 1460 1776 1515 solis
1794 1462 1851 1516 ina⁴

226 1542 323 1609 tectus,
338 1561 399 1614 quae
412 1543 578 1612 deputantur
596 1540 677 1593 alicui
698 1556 734 1594 ex
755 1538 812 1592 illis
829 1537 1022 1606 heterogeneis
1061 1540 1205 1612 qualitates
1220 1548 1366 1611 postremo,
1377 1540 1402 1593 si
1413 1556 1518 1594 moram
1532 1540 1670 1610 patienter
1685 1539 1780 1593 toleret
1791 1545 1850 1608 (non
1878 1563 1879 1596 i

226 1631 256 1677 ut
265 1624 382 1692 propria,
391 1630 544 1690 competere
554 1621 636 1673 etiam
647 1619 709 1672 aliis
719 1636 754 1673 ex
765 1617 976 1686 heterogeneis3
991 1625 1022 1670 ut
1060 1628 1134 1673 certe
1148 1636 1217 1683 eam,
1228 1637 1289 1691 quae
1303 1620 1338 1674 sit
1352 1619 1555 1690 proportionata
1563 1620 1695 1689 operibus
1708 1618 1788 1680 nolin
1809 1621 1850 1673 sed

227 1704 403 1755 convincatur
416 1702 470 1753 ista
490 1700 672 1769 heterogenea
687 1696 764 1772 (quse
776 1697 806 1750 in
820 1697 947 1767 opinione
962 1691 1021 1768 est)
1060 1698 1214 1769 largiorem,
1229 1715 1310 1769 quam
1325 1698 1451 1752 homines
1471 1697 1601 1751 adhibere
1622 1697 1713 1752 solent
1730 1699 1759 1751 in
1771 1699 1849 1767 operi-

226 1797 291 1834 vera
311 1797 365 1834 non
386 1796 454 1842 ease,
476 1785 524 1831 aut
543 1776 714 1839 essentialis;
735 1775 784 1829 sed
799 1774 840 1830 nil
860 1774 1020 1837 aliudesse,
1059 1777 1111 1831 bus
1125 1777 1210 1848 ignis)
1226 1779 1250 1831 is
1266 1775 1344 1831 facile
1363 1777 1475 1831 missam
1497 1776 1579 1831 faciet
1599 1776 1805 1848 heterogeniam
1820 1778 1849 1832 il·

227 1876 309 1930 quam
323 1859 489 1913 modificatio
502 1866 605 1911 naturas
618 1856 777 1910 eommunis.
813 1853 917 1924 Optimi
927 1854 1021 1924 itaque
1059 1855 1116 1910 lam
1137 1855 1251 1922 salona:
1272 1864 1300 1910 et
1317 1857 1361 1910 vel
1383 1857 1505 1921 tentabit,
1519 1855 1564 1910 vel
1584 1857 1752 1927 exaequabit,
1766 1856 1849 1910 velin
1879 1877 1880 1902 i

227 1948 292 1993 sunt
305 1955 369 1992 usus
391 1938 426 1990 ad
446 1936 606 1991 elevandum
620 1941 647 1989 et
667 1932 834 1987 evehendum
855 1932 1021 1986 intellectum
1060 1935 1196 2006 aliquibus
1208 1931 1299 1990 'vincet
1312 1951 1394 2006 opera
1407 1935 1480 2000 solis,
1495 1952 1544 2005 per
1558 1934 1679 1990 calorem
1691 1936 1775 2007 ignia.
1813 1935 1848 1989 si-

227 2035 245 2069 a
258 2017 419 2071 differentiis
439 2016 474 2069 ad
492 2031 601 2085 genera,
615 2020 643 2068 et
662 2013 697 2066 ad
718 2010 866 2066 tollendum
885 2012 975 2065 larvas
995 2021 1022 2065 et
1060 2013 1134 2069 milis
1147 2016 1281 2068 instantia
1288 2015 1407 2089 sederis
1425 2023 1473 2078 est,
1488 2015 1661 2069 resuscitatio
1681 2015 1848 2086 papilionum,

227 2096 372 2150 simulacra
393 2111 490 2157 rerum,
505 2101 584 2164 prout
604 2100 745 2147 occurmnt
762 2099 791 2145 et
808 2092 940 2162 prodeunt
958 2108 1022 2161 per·
1060 2110 1096 2148 ex
1110 2093 1210 2165 frigore
1223 2096 1387 2164 stupentium
1408 2103 1436 2148 et
1455 2102 1584 2165 tanquam
1604 2103 1795 2158 emortuarum,
1808 2111 1850 2164 per

227 2183 331 2229 sonatis
343 2175 373 2227 in
385 2173 544 2228 substantiis
555 2171 695 2226 concretis.
1061 2173 1192 2244 exiguum
1204 2181 1325 2243 teporem
1336 2174 1409 2245 ignis
1419 2194 1434 2229 ·.
1446 2182 1478 2227 ut
1491 2173 1571 2227 facile
1585 2190 1692 2238 cernas,
1703 2190 1758 2227 non
1768 2174 1850 2242 magia
1880 2229 1881 2248 ἢ

267 2251 394 2323 Exempli
416 2253 518 2323 gratia:
554 2252 590 2306 sit
613 2259 710 2305 natura
733 2248 870 2321 inquisita,
894 2249 1020 2304 calidum.
1060 2261 1189 2323 negatum
1202 2269 1261 2307 esse
1280 2254 1347 2323 igni,
1361 2253 1498 2307 vivificare
1521 2253 1683 2317 animantia,
1699 2270 1779 2323 quam
1799 2270 1849 2305 ms·
1880 2285 1881 2300 .

228 2332 346 2386 Omnino
360 2332 465 2386 videtur
481 2348 541 2385 esse
558 2331 656 2384 divisio
677 2329 795 2383 solennis
815 2337 844 2382 et
857 2328 1021 2394 authentica,
1062 2339 1151 2386 turare
1173 2332 1347 2403 vegetabilis.
1393 2332 1484 2386 Etiam
1502 2332 1642 2386 inventurn
1664 2331 1735 2386 illud
1752 2332 1850 2385 celebre

227 2411 300 2483 quod
314 2411 369 2464 sint
382 2411 434 2464 tria
448 2427 549 2481 genera
563 2410 681 2465 calorist
702 2408 829 2462 videlicet
842 2407 916 2462 calor
929 2407 1022 2462 coeles·
1061 2410 1224 2465 Fracastorii
1238 2411 1271 2465 de
1286 2411 1425 2482 sartagine
1434 2412 1532 2465 acriter
1541 2409 1683 2475 calefacta,
1694 2429 1749 2482 qua
1755 2412 1851 2466 circam·

229 2491 306 2554 tium,
321 2489 394 2544 calor
408 2490 574 2555 animalium,
589 2498 617 2543 et
630 2489 705 2543 calor
725 2488 812 2559 ignis:
835 2488 960 2559 quodque
974 2488 1021 2542 isti
1060 2489 1125 2543 dant
1152 2491 1249 2544 medici
1273 2491 1363 2561 capita
1390 2490 1622 2561 apoplecticorum
1646 2491 1850 2561 desperatorum,

227 2568 332 2623 calores
347 2570 510 2639 (praesertim
524 2585 593 2624 unus
606 2586 642 2623 ex
655 2568 716 2632 illis,
727 2577 897 2637 comparatus
910 2566 944 2619 ad
959 2566 1022 2620 reli·
1061 2569 1195 2640 expandit
1207 2568 1349 2624 manifeste
1363 2571 1477 2640 spiritus
1491 2569 1634 2632 animales,
1649 2570 1686 2623 ab
1700 2569 1850 2625 humoribus

228 2665 296 2718 quos
310 2646 390 2715 duos)
405 2647 535 2718 sintipsa
548 2649 667 2702 essentia
686 2654 716 2701 et
735 2647 834 2717 specie,
849 2648 905 2700 sire
924 2654 1023 2700 natura
1061 2656 1090 2701 et
1103 2649 1331 2703 obstructionibus
1351 2649 1455 2702 cerebri
1473 2665 1644 2718 compressos
1664 2657 1692 2703 et
1715 2650 1793 2718 qusai
1808 2666 1850 2703 en·
1881 2645 1882 2648 '

228 2728 363 2798 specifica,
378 2728 532 2781 differentes
545 2736 573 2781 et
587 2726 668 2798 plane
688 2726 878 2797 heterogenei:
900 2725 1023 2786 Quando
1061 2727 1174 2792 tinctos;
1196 2727 1310 2798 illosque
1325 2728 1359 2781 ad
1373 2735 1475 2781 motum
1489 2729 1596 2790 excitat,
1612 2746 1668 2782 non
1683 2727 1765 2783 aliter
1777 2746 1849 2799 quarn

228 2807 339 2878 quidem
351 2807 424 2861 calor
437 2805 589 2861 coelestium
603 2815 631 2860 et
641 2805 799 2860 animalium
814 2813 926 2877 generet
939 2814 967 2859 et
981 2806 1022 2859 t‘o-
1060 2806 1135 2877 ignis
1153 2816 1280 2877 operatur
1300 2807 1329 2860 in
1347 2824 1446 2879 aquam
1467 2815 1513 2861 aut
1534 2810 1638 2870 a'e‘renu
1661 2816 1690 2861 et
1704 2817 1795 2862 tamen
1807 2824 1849 2877 per

228 2895 298 2951 seat
319 2894 347 2941 at
368 2886 442 2941 calor
462 2886 535 2959 ignis
558 2894 651 2941 eontra
670 2893 824 2956 corrumpat
844 2892 872 2940 et
893 2885 1020 2940 destrunt.
1060 2903 1227 2964 consequens
1248 2886 1372 2942 vivificat.
1413 2886 1504 2941 Etiam
1526 2902 1578 2940 ova
1599 2886 1750 2958 aliquando
1769 2887 1848 2943 exele
1882 2931 1883 2945 .

228 2966 281 3020 Est
302 2966 396 3038 itaque
419 2968 553 3020 instantia
570 2967 688 3040 soederis
711 2966 927 3035 experimentum
954 2963 1023 3018 illud
1061 2966 1160 3021 duntur
1174 2983 1224 3038 per
1244 2966 1363 3021 calorem
1376 2966 1462 3036 ignis3
1484 2965 1511 3019 id
1526 2967 1598 3037 quod
1612 2983 1726 3037 prorsus
1740 2968 1849 3021 imitatur

226 3047 294 3099 satis
308 3045 457 3117 vulgatum,
471 3063 532 3099 curn
546 3046 674 3116 recipitur
690 3061 781 3099 ramus
795 3044 894 3115 aliquis
907 3045 969 3096 vitis
983 3044 1023 3097 in·
1062 3045 1180 3099 calorem
1191 3045 1351 3110 animalem
1367 3054 1395 3100 et
1408 3045 1549 3115 complura
1562 3045 1717 3112 ejusmodi:
1740 3054 1770 3100 ut
1782 3063 1849 3099 nemo

228 3134 271 3178 tra
285 3124 394 3179 domum
410 3126 455 3179 ubi
471 3127 505 3178 sit
520 3124 596 3179 locus
615 3125 746 3189 assiduus,
762 3141 798 3178 ex
818 3141 872 3195 quo
892 3130 1022 3177 matures·
1061 3124 1184 3179 dubitare
1198 3126 1293 3196 possit,
1307 3125 1373 3197 quin
1387 3124 1461 3178 calor
1481 3124 1554 3195 ignis
1574 3124 1603 3178 in
1623 3124 1718 3179 multis
1732 3126 1850 3194 anbjenu

228 3212 295 3257 eunt
315 3221 382 3268 uvae,
399 3206 482 3258 etiam
504 3221 597 3258 mense
613 3204 720 3275 integro
740 3203 821 3256 citius
835 3219 916 3274 quarn
935 3202 1021 3256 toras:
1061 3204 1210 3258 modificari
1224 3204 1310 3275 possit
1322 3205 1356 3258 ad
1373 3204 1522 3276 imaginem
1543 3202 1641 3258 caloris
1660 3204 1811 3260 coelestium
1828 3212 1851 3257 et

230 3283 274 3337 Ita
291 3290 320 3337 ut
341 3284 484 3338 maturatio
505 3283 608 3338 fructus
629 3284 712 3337 etiam
730 3282 874 3352 pendentis
889 3299 970 3351 super
983 3297 1023 3334 ar·
1061 3282 1228 3338 animalium.

228 3362 323 3416 borem
342 3362 400 3416 fieri
422 3363 514 3434 possit,
530 3363 635 3417 scilicet
654 3362 688 3415 ab
702 3362 773 3432 igne,
788 3379 849 3415 cum
863 3360 915 3414 hoc
932 3361 1022 3429 ipsum
1102 3361 1233 3417 Similiter
1252 3362 1307 3417 sint
1327 3369 1430 3416 naturae
1450 3361 1595 3432 inquisitis,
1610 3370 1704 3417 motus
1727 3372 1755 3418 et
1775 3364 1849 3435 quiea

228 3440 352 3495 videatur
366 3459 424 3496 esse
439 3459 507 3512 opus
525 3442 664 3513 proprium
684 3440 758 3495 solis.
800 3442 895 3511 ltaque
916 3440 951 3492 ab
972 3439 1023 3493 hoc
1063 3441 1251 3496 videturesse
1266 3440 1364 3496 divisio
1378 3440 1497 3495 solennis
1510 3449 1592 3512 atque
1607 3460 1644 3495 ex
1658 3443 1758 3496 intima
1772 3443 1851 3512 pbilo-

228 3521 307 3574 initio
329 3520 408 3575 facile
433 3522 548 3592 insurgit
571 3520 731 3584 intellectus,
756 3519 897 3595 repudiata
920 3518 1025 3572 hetero-
1063 3520 1167 3590 sophis,
1180 3520 1253 3592 quod
1266 3536 1379 3590 corpora
1392 3519 1527 3573 naturalis
1540 3520 1583 3574 vel
1598 3529 1696 3587 rotent,
1712 3522 1757 3576 vel
1772 3525 1850 3577 leran-

229 3617 318 3670 genea
336 3601 483 3666 essentiali,
498 3601 533 3654 ad
548 3600 737 3672 inquirendum
756 3617 816 3671 quas
830 3599 883 3653 sint
900 3598 1024 3651 differen-
1062 3607 1104 3652 tur
1124 3609 1205 3663 recta,
1224 3598 1360 3653 velarent
1380 3599 1437 3653 sive
1459 3599 1606 3670 quiescant.
1648 3601 1706 3654 Aut
1724 3603 1797 3656 enim
1816 3610 1852 3655 est

229 3680 275 3734 tire
289 3679 351 3744 illie,
367 3697 427 3751 quae
441 3697 535 3734 revera
549 3680 719 3750 reperiuntur
737 3679 807 3733 inter
826 3677 943 3731 calorem
958 3676 1023 3730 solis
1062 3685 1149 3733 motus
1166 3679 1224 3733 sine
1239 3679 1362 3744 termino,
1376 3687 1422 3732 aut
1436 3678 1517 3732 statio
1537 3679 1566 3732 in
1586 3680 1714 3745 termino,
1729 3690 1777 3735 aut
1795 3679 1852 3733 latio

228 3767 258 3812 et
270 3760 351 3830 ignis,
362 3776 398 3813 ex
412 3760 509 3830 quibus
524 3759 561 3823 lit,
573 3768 601 3812 ut
615 3776 706 3812 eorum
720 3759 891 3828 operationes
902 3756 958 3811 sint
969 3766 1023 3810 tam
1062 3758 1097 3811 ad
1121 3759 1274 3813 terminum.
1329 3758 1364 3812 At
1383 3765 1472 3811 motus
1490 3756 1537 3811 ille
1559 3759 1689 3829 perennis
1712 3760 1851 3819 rotationis

229 3837 383 3903 dissimiles,
398 3848 534 3911 utcunque
556 3837 597 3892 illi
616 3838 669 3908 ipsi
692 3837 856 3908 participent
874 3854 910 3890 ex
927 3844 1024 3889 natura
1062 3836 1242 3891 videturesse
1263 3835 1412 3892 eoelestium
1426 3836 1566 3907 proprius:
1588 3836 1686 3901 Statio,
1702 3839 1761 3893 sire
1775 3839 1850 3911 quies

229 3918 376 3972 communi.
1062 3915 1167 3970 videtur
1179 3925 1332 3987 competere
1346 3916 1427 3988 globo
1446 3914 1501 3987 ipsi
1515 3923 1610 3970 terrie:
1633 3915 1670 3970 At
1683 3935 1798 3989 corpora
1808 3935 1852 3970 car-

271 3995 337 4055 Quae
354 3996 515 4051 differentia
529 3996 697 4065 reperientur
710 4003 838 4066 quatuor:
859 3994 910 4047 vis.
926 3993 1023 4065 primo,
1062 4001 1121 4049 tera
1133 3992 1245 4070 (gravia
1259 4013 1319 4066 quar
1329 4002 1434 4060 vocant,
1445 4003 1473 4049 et
1485 3994 1574 4058 levia;
1589 4003 1670 4050 extra
1681 3995 1742 4051 loca
1757 3997 1852 4052 scilicet

230 4074 302 4145 quod
324 4073 399 4129 calor
419 4075 493 4140 solis,
514 4082 639 4144 respectu
661 4074 760 4128 caloris
782 4074 862 4145 ignis,
881 4074 918 4127 sit
938 4073 1025 4143 gradu
1062 4075 1295 4128 connaturalitatis
1316 4091 1372 4130 aure
1391 4069 1460 4147 sita)
1478 4074 1600 4129 seruntur
1620 4084 1696 4129 reeta
1709 4076 1745 4130 sd
1758 4092 1852 4131 massas

230 4153 312 4224 longe
326 4154 487 4209 clementior
499 4162 527 4208 et
539 4154 639 4218 lenior,
661 4153 786 4217 secundo,
801 4152 873 4222 quod
890 4152 927 4206 sit
945 4155 1024 4221 (prce
1062 4154 1119 4208 sive
1134 4154 1357 4225 congregationes
1375 4153 1521 4217 similium
1541 4152 1614 4207 levia
1634 4172 1752 4221 misum,
1767 4171 1851 4211 versor

230 4233 324 4285 sertim
335 4241 367 4288 ut
380 4233 498 4288 defertur
507 4233 542 4287 ad
555 4251 605 4287 nos
619 4250 668 4303 per
681 4234 785 4300 adrem)
798 4231 926 4302 qualitate
941 4231 1025 4285 multo
1062 4233 1194 4287 ambitum
1208 4232 1285 4297 saniir
1306 4233 1399 4304 gravia
1413 4233 1547 4299 deorsum,
1562 4250 1657 4289 versus
1672 4245 1782 4292 terram.
1809 4236 1851 4289 At·

230 4310 382 4377 humidior,
404 4314 485 4367 tertio
500 4313 583 4384 (quod
597 4320 680 4381 eaput
693 4312 733 4366 rei
747 4314 799 4378 est)
816 4310 887 4382 quod
900 4311 937 4364 sit
949 4327 1022 4364 sum·
1063 4329 1115 4384 que
1130 4313 1184 4365 ista
1198 4312 1313 4383 pulchra
1325 4312 1398 4367 dictu
1412 4319 1482 4367 sunt.

230 4406 275 4444 me
289 4390 446 4462 inaequalis3
468 4402 549 4464 atque
563 4393 694 4446 accedens
708 4399 734 4445 et
748 4399 850 4455 auctus,
861 4399 888 4444 et
896 4389 1025 4459 deinceps
1103 4391 1140 4444 At
1151 4393 1284 4445 irretortis
1291 4392 1409 4466 soedm's
1423 4399 1465 4445 est
1477 4397 1583 4446 cometa
1596 4391 1697 4463 aliquis
1712 4390 1851 4451 humilior;

230 4470 360 4524 recedens
373 4477 401 4524 et
413 4470 577 4526 diminutus:
598 4471 628 4525 id
647 4470 720 4542 qnod
738 4470 858 4524 maxime
872 4469 977 4523 confert
991 4469 1025 4522 ad
1063 4470 1111 4542 qui
1124 4487 1186 4525 enm
1201 4471 1410 4540 sitlongeinira
1423 4469 1528 4534 coelurn,
1542 4476 1635 4525 tamen
1648 4479 1729 4526 rotat.
1771 4473 1852 4543 Atque

231 4551 435 4619 generationem
449 4567 600 4620 corporum.
642 4551 728 4604 Recte
740 4549 813 4603 enim
824 4549 939 4603 asseruit
954 4546 1025 4602 Aris·
1063 4558 1247 4604 commentum
1263 4550 1424 4615 Aristotelis,
1439 4550 1472 4604 de
1486 4549 1647 4620 alligatione
1662 4551 1722 4605 sire
1736 4550 1851 4623 sequaci·

230 4628 334 4692 tutelas,
357 4645 468 4682 causam
490 4628 669 4699 principalem
689 4629 892 4701 generationum
916 4634 945 4681 et
968 4644 1026 4681 oor—
1064 4637 1120 4682 tate
1140 4639 1252 4684 cometae
1266 4629 1301 4682 ad
1322 4637 1423 4685 astrum
1445 4628 1565 4699 aliquod,
1577 4629 1744 4701 jampridem
1766 4629 1851 4701 explo-

230 4707 392 4778 ruptionum,
408 4726 468 4779 quse
482 4710 549 4762 fiunt
562 4708 609 4762 bic
623 4708 696 4779 apud
709 4725 759 4761 nos
775 4707 803 4760 in
818 4706 960 4777 superficie
975 4714 1026 4760 ter·
1064 4724 1123 4762 sum
1137 4718 1195 4773 est;
1216 4725 1270 4762 non
1285 4715 1389 4764 tantum
1404 4709 1469 4780 quia
1482 4710 1551 4762 ratio
1565 4710 1624 4776 ejus
1637 4725 1694 4764 non
1708 4719 1750 4764 est
1763 4709 1851 4781 proba·

231 4804 276 4849 ree,
292 4803 351 4841 esse
366 4788 439 4840 siam
461 4788 598 4859 obliquam
621 4787 686 4842 solia
707 4804 756 4857 per
776 4787 933 4841 zodiacum:
955 4786 1026 4841 unde
1063 4785 1194 4850 bilis,sed
1208 4796 1317 4858 propter
1330 4788 1528 4860 experientiam
1538 4788 1712 4843 manifestam
1723 4789 1851 4843 discmsos

231 4867 305 4919 calor
325 4865 398 4930 solis,
418 4868 516 4938 partim
531 4883 580 4938 per
593 4867 791 4922 vicissitudines
804 4866 860 4920 diei
882 4874 910 4921 et
928 4866 1024 4930 noetis,
1064 4874 1091 4920 et
1103 4866 1261 4937 irregularis
1275 4876 1363 4921 motus
1376 4876 1541 4921 cometamm
1554 4884 1605 4938 per
1621 4869 1699 4922 varia
1712 4867 1774 4922 loca
1788 4864 1850 4920 coeli.

230 4946 328 5015 partim
341 4962 391 5016 per
403 4947 588 5001 successiones
600 4947 703 5001 astatis
713 4956 740 5001 et
753 4946 861 5010 hiemis,
872 4944 961 4999 evadit
972 4945 1026 4998 mi·
1104 4947 1140 4999 tlt
1153 4961 1246 5000 rursus
1259 4944 1314 4998 alia
1328 4947 1461 5001 instantia
1468 4946 1588 5020 soederis
1601 4946 1675 5000 circa
1689 4947 1743 5002 boc
1757 4947 1851 5014 snbjeo

232 5025 371 5079 rismodis
390 5026 540 5098 inaequalis.
582 5026 681 5097 Neque
700 5034 791 5079 tamen
805 5025 904 5079 desinit
917 5024 964 5078 ille
976 5024 1025 5088 vir,
1065 5032 1128 5087 tum,
1144 5035 1187 5078 est
1199 5032 1288 5080 motus
1302 5023 1391 5090 seris,
1413 5027 1460 5097 qui
1473 5026 1544 5079 intra
1558 5025 1676 5096 tropicos
1692 5026 1751 5094 (ubi
1765 5022 1850 5079 circuli

230 5104 259 5156 id
279 5104 351 5173 quod
369 5105 405 5158 ab
426 5122 459 5159 eo
472 5115 544 5159 recte
562 5106 704 5159 inventum
726 5105 785 5169 luit,
801 5105 892 5158 statim
910 5121 1027 5158 corrum-
1064 5103 1207 5158 rotationis
1228 5112 1291 5158 sunt
1312 5104 1441 5171 majores)
1460 5104 1565 5159 videtur
1583 5115 1611 5159 et
1631 5105 1692 5175 ipse
1713 5114 1800 5160 rotare
1820 5101 1850 5153 ab

231 5199 296 5252 pere
310 5190 338 5235 et
348 5182 504 5252 depravare.
545 5184 620 5238 Nam
634 5192 664 5237 ut
676 5183 778 5238 arbiter
799 5182 904 5237 scilieet
922 5192 1027 5237 naturce
1065 5184 1167 5238 oriente
1182 5184 1211 5238 in
1224 5183 1398 5239 occidentem

578 971 675 1010 XXXV·

231 5261 316 5332 (quod
337 5260 378 5314 illi
397 5264 425 5316 in
446 5264 589 5331 moreest)
605 5260 890 5332 valdemagiatraliter
906 5263 1028 5333 assignat
1105 5262 1140 5317 Et
1161 5261 1215 5316 alia
1234 5279 1325 5319 rursus
1346 5263 1479 5317 instantia
1498 5261 1568 5316 toret
1587 5262 1679 5317 [luxus
1701 5271 1728 5317 et
1740 5262 1850 5317 refluxus

231 5356 341 5393 causam
362 5342 544 5411 generationis
566 5341 687 5394 accessui
708 5339 789 5403 solis,
811 5357 920 5395 eausam
937 5349 1027 5396 autem
1066 5342 1188 5406 marisci
1203 5340 1696 5414 modosquaeiparadeprehendsntur
1708 5341 1850 5396 terrimotu

231 5418 422 5488 corruptionis,
444 5420 580 5476 recessui:
604 5435 667 5474 cum
689 5428 801 5489 utraque
821 5436 865 5474 res
890 5422 1028 5489 (accessus
1065 5420 1208 5476 rotationis
1217 5422 1295 5495 (licet
1308 5421 1386 5475 tardo
1399 5430 1427 5476 et
1439 5420 1567 5491 ernaldo)
1581 5421 1617 5475 ab
1630 5422 1734 5478 onente
1746 5422 1774 5475 in
1787 5414 1848 5473 ocal·
