3800 5875
242 306 301 371 710
798 308 850 364 DE
870 306 1077 365 sartensis
1100 307 1296 365 VETERUM.

241 484 291 523 nes
304 465 477 522 inimicorum
490 471 581 521 motus
589 463 706 533 cohibet,
721 471 805 538 atque
818 465 1038 522 malevolentiam
1073 466 1170 522 eadem
1197 467 1286 539 plebis
1305 474 1411 532 nature,
1431 463 1608 520 deterioribus
1626 463 1720 529 isrens,
1737 469 1765 518 et
1778 470 1834 520 uss

240 546 330 618 ipsam
343 546 479 617 stupidam
493 546 589 601 reddit.
1074 546 1218 617 quillitatis
1245 548 1398 616 impatiens,
1422 561 1545 600 mmores
1570 544 1664 615 gignit,
1686 552 1713 598 et
1733 558 1834 597 sumnus

1073 626 1217 696 malignos,
1232 636 1259 680 et
1275 626 1362 680 famae
1382 623 1516 697 querulas,
1529 631 1557 678 et
1574 624 1686 678 famosos
1703 620 1834 687 libelluset

1073 713 1172 759 cratera
1184 705 1213 760 id
1227 723 1321 778 genus,
1335 705 1370 758 ad
1387 704 1519 758 invidiam
1532 719 1623 757 eorum
1635 702 1681 772 qni
1692 702 1764 755 rebus
1778 717 1834 770 prs·

279 775 393 831 Psaros
406 775 561 845 Endymion
574 776 687 831 traditur
700 775 810 830 aLuns
824 774 907 830 inisse
923 776 1036 830 adama·
1072 793 1152 838 snut:
1190 792 1221 839 ut
1245 786 1366 839 actiones
1392 782 1543 847 rebellium,
1570 789 1598 836 ct
1622 781 1699 834 famus
1723 779 1834 834 udinese

240 861 300 911 tus:
325 872 424 910 novum
443 863 533 910 autern
553 862 582 909 et
598 856 736 926 singulare
757 862 816 909 erat
833 856 1035 910 consuetudinis
1072 879 1173 932 genere
1188 872 1216 917 cc
1228 864 1312 934 stirpe
1326 880 1380 917 nou
1397 863 1543 925 diffemr;
1562 859 1609 915 scd
1621 860 1701 914 sciuri
1718 876 1777 913 ccxc
1790 866 1835 913 tm

240 952 334 1006 genus,
349 934 483 1005 siquidem
496 933 543 989 ille
560 935 739 990 decumbebat
757 934 786 987 in
805 935 897 987 natiso
918 935 1034 1006 quadam
1072 950 1138 1008 mm,
1151 959 1214 997 cum
1228 943 1289 998 ιω
1302 942 1453 997 muliebres
1466 941 1616 1005 videantur,
1630 934 1683 994 illei
1694 937 1781 992 sicin

240 1030 322 1084 specu
336 1014 386 1069 sub
400 1015 475 1070 saxis
489 1013 620 1078 Latmiise
642 1014 722 1068 Luna
735 1022 824 1067 autem
838 1012 912 1067 haud
925 1031 988 1068 raro
1001 1016 1034 1069 de

240 1093 310 1148 coelo
320 1092 478 1164 perhibetur
491 1092 669 1158 descendisse,
681 1098 708 1147 et
718 1093 800 1162 sopiti
812 1092 906 1147 oscula
916 1095 1034 1162 petiisse,

240 1189 273 1227 se
293 1189 386 1227 rursus
406 1172 436 1226 in
459 1172 558 1228 coelum
580 1190 610 1227 se
633 1172 777 1242 recepisse.
817 1173 917 1243 Neque
941 1180 1033 1228 tamen
1112 1170 1284 1226 Cnsrosrrss
1311 1170 1433 1225 bumana
1462 1170 1492 1225 in
1525 1168 1636 1223 seeretis
1666 1167 1787 1229 rimandis.
1812 1171 1833 1221 st

240 1253 326 1307 otium
347 1251 420 1305 istud
435 1260 462 1306 et
479 1269 589 1307 somnus
609 1251 638 1306 in
656 1251 847 1306 detrimentum
866 1253 1034 1306 fortunarum
1071 1266 1164 1305 eorum
1186 1251 1283 1305 notitia
1305 1251 1428 1320 appetitu
1454 1248 1525 1303 male
1549 1263 1618 1303 sano
1643 1245 1831 1316 concupiendo,

239 1331 299 1400 ejus
312 1331 431 1396 cedebut,
446 1331 494 1386 sed
506 1331 586 1386 Luna
597 1330 706 1386 interim
721 1330 819 1395 effecit,
833 1339 864 1386 ut
876 1347 960 1401 pecus
974 1332 1034 1400 ejus
1071 1337 1100 1383 et
1116 1330 1278 1400 prensando,
1292 1328 1394 1400 duplici
1412 1327 1541 1397 exemplo
1557 1326 1630 1396 apud
1647 1325 1762 1395 antiquus
1776 1324 1832 1378 eoir-

238 1412 430 1484 pinguesceret
443 1410 594 1473 admodum,
609 1427 641 1464 ac
653 1427 766 1465 numero
779 1410 862 1465 etiam
876 1410 1033 1466 felicissime
1071 1416 1161 1463 cetur:
1196 1409 1282 1463 altero
1301 1408 1445 1472 Actreonis,
1466 1407 1554 1461 altero
1578 1404 1701 1460 Penthei.
1737 1404 1831 1469 Aetam,

239 1500 347 1546 aucmm
361 1496 441 1553 esset,
455 1498 486 1545 ut
499 1489 567 1544 nulli
581 1497 718 1561 pastorum
735 1505 834 1561 greges
853 1498 946 1545 essem
962 1490 1032 1546 larti-
1071 1505 1131 1542 cum
1143 1488 1262 1543 Dianam
1274 1488 1432 1559 imprudens
1452 1495 1480 1541 et
1499 1503 1565 1541 casu
1585 1486 1644 1540 sine
1656 1491 1727 1539 reste
1737 1482 1831 1545 sitisset,

239 1587 307 1635 ores,
322 1579 368 1625 aut
380 1570 586 1625 numerosiores.
1071 1568 1100 1621 in
1113 1585 1223 1623 cerrum
1236 1566 1498 1633 sersusscanibus,
1513 1582 1583 1636 quos
1595 1564 1691 1628 alebat,
1701 1562 1831 1616 dilmenms

278 1649 385 1705 Fabula
397 1649 433 1704 ad
445 1649 556 1721 ingenia
570 1657 597 1703 et
613 1665 704 1704 mores
723 1647 879 1719 priucipum
897 1648 1032 1718 pertinere
1070 1655 1119 1701 est
1161 1647 1308 1711 Pentheus,
1326 1664 1389 1701 cum
1409 1647 1606 1701 suentisiorum
1624 1642 1723 1699 Bacchi
1741 1640 1831 1696 struib-

238 1728 351 1785 ridetur.
393 1729 439 1784 llli
452 1730 532 1794 enirn,
547 1728 740 1799 cogitationum
758 1727 832 1797 pleni
852 1735 880 1782 et
898 1729 926 1781 in
944 1730 1032 1798 suspi-
1071 1743 1139 1790 rum,
1167 1742 1317 1781 conscensa
1343 1726 1447 1791 arbore,
1475 1733 1613 1795 spectator
1643 1739 1701 1778 esse
1724 1720 1831 1783 solum,

238 1809 331 1864 cinnes
347 1810 482 1880 propensi,
497 1825 551 1862 non
571 1807 651 1862 facile
673 1807 708 1862 ad
728 1807 950 1861 consuetudinem
970 1809 1032 1864 vitas
1071 1806 1161 1861 surore
1181 1808 1298 1875 percitus
1318 1812 1367 1860 est
1408 1805 1473 1860 Fuit
1490 1813 1583 1858 autem
1600 1802 1714 1857 Penthei
1726 1799 1832 1855 naemu

238 1888 396 1943 interiorem
413 1888 547 1958 recipiunt
564 1887 696 1951 homines,
711 1888 757 1958 qui
772 1894 838 1941 sunt
852 1887 1031 1956 perspicaces,
1070 1885 1130 1952 ejus
1150 1886 1266 1956 moeris,
1287 1892 1319 1938 ut
1341 1900 1385 1939 res
1405 1884 1616 1954 congeminasse
1637 1880 1833 1942 existimante

238 1976 267 2023 et
279 1968 387 2033 curiosi,
399 1975 427 2022 et
440 1968 516 2039 quasi
529 1966 620 2021 animo
633 1966 784 2038 vigilantes,
798 1966 856 2021 sire
871 1983 1030 2022 exsomnes:
1069 1963 1123 2018 duo
1135 1964 1207 2020 soles
1221 1973 1249 2019 et
1261 1980 1354 2018 rursus
1373 1965 1434 2017 duse
1453 1963 1559 2017 Thebe
1581 1962 1608 2016 ei
1622 1960 1658 2014 ob
1676 1957 1833 2014 oculoarmn·

219 2047 287 2102 'sed
301 2048 390 2118 potius
403 2064 457 2112 eos,
473 2047 520 2118 qui
533 2047 645 2116 ingenio
658 2054 720 2101 sunt
737 2046 831 2118 quieto
847 2053 875 2100 et
888 2047 1030 2117 morigero,
1069 2051 1177 2109 rentum
1212 2044 1280 2098 adeo
1302 2052 1339 2107 ut,
1361 2060 1424 2098 cunr
1450 2042 1562 2097 Thebes
1586 2047 1744 2112 properaret,
1764 2038 1834 2092 sein

238 2136 267 2181 et
280 2127 351 2198 quod
365 2125 495 2196 placitum
509 2132 552 2179 est
569 2125 625 2179 illis
642 2125 790 2194 patiuntur,
804 2134 832 2179 et
846 2125 886 2179 nil
900 2125 972 2179 ultra
988 2127 1031 2180 in·
1069 2122 1162 2178 alteris
1183 2122 1286 2177 Thebis
1311 2122 1464 2193 conspectis
1484 2120 1685 2176 rehaberetur:
1710 2127 1780 2188 atqua
1794 2116 1833 2169 but

239 2205 354 2277 quirunt,
375 2206 422 2260 sed
441 2222 470 2259 se
488 2204 571 2258 veluti
590 2204 706 2276 ignaros,
726 2212 754 2259 et
771 2203 811 2258 nil
828 2206 983 2270 sentientes,
1004 2214 1031 2260 et
1068 2203 1149 2257 modo
1171 2210 1303 2274 perpetuo
1329 2209 1359 2255 et
1380 2201 1528 2272 irrequiete
1553 2216 1663 2255 sursum
1687 2204 1713 2254 et
1735 2197 1833 2252 dem

239 2285 316 2356 quasi
337 2285 441 2355 sopitos
462 2284 602 2355 praebent3
623 2284 740 2355 denique
760 2284 849 2355 magis
873 2285 1031 2356 obsequium
1068 2282 1192 2339 ferretur.

238 2364 364 2434 ⁸imPle¹s
392 2378 475 2434 (imm
501 2363 701 2419 ⁰b⁸⁸m¹¹fi⁸m
728 2361 862 2426 ennidmu·
890 2372 1029 2434 Pffflam·
1113 2385 1298 2435 “Eumenidum
1308 2383 1487 2433 velutidemens
1497 2381 1563 2430 ridet
1573 2378 1791 2443 sgmiutPentbess,

237 2442 348 2497 Etenim
360 2460 423 2498 cum
436 2442 592 2512 hujusmodi
605 2442 762 2498 hominibus
775 2442 911 2513 principes
925 2444 960 2497 de
972 2459 1031 2497 ma·
1111 2443 1227 2492 Etmlsm
1235 2444 1399 2507 genitumst
1411 2441 1519 2504 duplices
1532 2456 1559 2487 se
1570 2440 1693 2489 ostendere
1701 2438 1802 2486 luebat

235 2522 336 2592 jestste
350 2539 407 2588 sus,
422 2522 505 2578 veluti
524 2523 605 2577 Luna
621 2522 655 2577 de
673 2521 739 2577 orbe
756 2522 902 2593 superiore,
917 2522 1028 2577 deseen-
1655 2497 1716 2578 ,Μ’
1730 2509 1761 2543 ¹''
1772 2493 1812 2542 ω·

238 2603 310 2668 dere,
333 2610 362 2657 et
387 2618 530 2673 personam
559 2604 653 2673 (quam
676 2608 807 2673 perpetuo
828 2618 922 2673 gerere
945 2601 1032 2657 instar
1108 2605 1718 2679 Fabulammprimsadsecretaprincipumr
1736 2601 1833 2663 seua

238 2682 479 2752 ffiifliffliffidflm
490 2679 1030 2752 iiildsslifflssreuetfssmffiflriiervemri,
1068 2688 1104 2742 ad
1115 2695 1219 2742 secreta
1232 2687 1325 2741 divina
1338 2688 1475 2758 pertinere
1487 2687 1608 2741 ridetur.
1650 2680 1835 2750 Quiesiupis-

189 2806 191 2810 ,
237 2762 352 2816 libenter
365 2768 568 2825 consueverunt,
578 2761 659 2832 idque
673 2777 703 2816 se
717 2767 774 2816 tuto
787 2760 876 2815 iacere
889 2777 969 2831 posse
983 2779 1031 2832 pu·
1069 2767 1175 2839 cipibus
1193 2783 1250 2822 non
1269 2766 1389 2832 admissi,
1409 2772 1439 2820 et
1463 2774 1563 2836 prseter
1587 2781 1682 2819 eorum
1701 2761 1836 2816 soluntstra

237 2849 306 2895 tant.
350 2841 381 2895 ld
394 2841 507 2912 quodin
521 2839 631 2895 Tiberio
645 2839 762 2904 Coeaare,
773 2840 895 2910 principe
908 2841 1030 2895 omnium
1069 2856 1231 2902 secretorum
1254 2847 1357 2900 conscii
1381 2852 1452 2909 sunt,
1475 2846 1567 2899 odium
1590 2843 1764 2899 certissimum
1780 2836 1835 2910 apud

237 2922 357 2977 mamma
379 2920 491 2987 difficili,
516 2920 652 2992 principue
675 2928 833 2976 anuotmum
855 2920 924 2975 tuis:
959 2921 1031 2991 spud
1069 2944 1116 2982 eos
1129 2932 1337 2997 consequuntur.
1378 2924 1476 2997 ltaque
1489 2925 1572 2996 gnari
1590 2941 1621 2980 sc
1640 2922 1703 2994 peti,
1716 2928 1742 2975 et
1755 2918 1835 2973 mss·

238 3018 318 3073 quem
340 3001 382 3056 illi
404 3000 571 3056 solummodo
591 3001 705 3071 gratiosi
728 3006 813 3066 erant,
835 3000 882 3071 qui
904 3001 1030 3056 notitiem
1069 3023 1135 3061 ones
1148 3007 1260 3076 capturi,
1274 3007 1359 3059 sitam
1370 3004 1481 3076 degunt,
1495 3021 1638 3059 cervorum
1651 2998 1835 3065 more,tinridsn

237 3098 342 3136 morum
367 3082 426 3149 eius
448 3096 544 3134 revers
566 3078 710 3144 habebant,
735 3079 791 3135 sed'
806 3079 981 3152 pertinaciter
1005 3089 1031 3135 et
1069 3094 1097 3141 et
1131 3085 1330 3156 suspicionibus
1355 3084 1475 3155 plenam.
1516 3084 1590 3145 Quin
1619 3089 1648 3138 et
1673 3080 1736 3135 illud
1758 3077 1836 3147 sepius

239 3162 316 3232 qussi
330 3160 437 3231 stupide
450 3158 665 3214 dissimulabant.
705 3159 783 3221 Quod
796 3159 879 3213 etiam
892 3158 1032 3215 Ludovico
1069 3165 1176 3229 accidit,
1189 3173 1251 3219 uta
1264 3163 1350 3218 serus
1364 3171 1393 3218 et
1406 3163 1572 3229 domesticis,
1591 3163 1622 3217 in
1636 3155 1836 3233 grstlsmprioti·

237 3240 380 3295 undecimo
402 3240 568 3294 Francorum
594 3239 662 3310 regi,
683 3238 801 3310 principi
824 3238 981 3293 cautissimo
1004 3247 1032 3293 et
1069 3262 1142 3316 pum,
1157 3244 1566 3298 accusenturetsubvcrtuntur.
1610 3241 1665 3296 Ubi
1678 3240 1746 3294 enim
1758 3235 1836 3307 princi·

237 3319 420 3383 callidissimo,
434 3318 463 3373 in
476 3319 596 3372 moribus
607 3324 674 3373 erat.
714 3317 1031 3389 Neqneinelegenterin
1068 3325 1112 3395 pis
1126 3324 1239 3378 offensio
1257 3323 1402 3377 manifesta
1415 3331 1474 3387 est3
1496 3328 1562 3393 quot
1580 3322 1661 3384 servi,
1676 3328 1714 3374 tot
1730 3318 1835 3386 icoeptt-

237 3398 331 3454 fabulo
344 3398 452 3469 ponitur
465 3408 573 3452 antrum
588 3396 657 3452 illud
673 3397 869 3468 Endymionis:
891 3397 956 3468 quis
972 3397 1030 3452 iere
1069 3404 1169 3458 ditores
1180 3419 1240 3458 esse
1254 3409 1466 3466 consueverunte
1486 3409 1518 3456 ut
1537 3400 1678 3455 actuosi·
1698 3399 1775 3453 iatum
1790 3393 1836 3447 illus

237 3477 499 3542 criminarentur,
514 3477 560 3548 qui
575 3476 729 3547 hujusmodi
744 3477 1031 3547 gratisapudprinci·
1068 3490 1184 3537 maneat
1227 3480 1289 3535 Alis
1312 3489 1354 3535 est
1379 3479 1498 3535 Penthei
1526 3478 1679 3534 calamitas
1718 3477 1764 3537 Qui
1781 3472 1836 3526 euin

237 3575 287 3628 pes
307 3559 410 3622 florent,
434 3557 535 3611 habere
557 3573 679 3612 secessus
700 3556 805 3628 aliquos
827 3572 956 3620 amoenos,
978 3574 1032 3627 quo
1069 3579 1137 3616 ausu
1160 3562 1310 3625 temerario,
1333 3559 1508 3615 mortalitatis
1530 3575 1630 3629 parum
1653 3571 1782 3618 memores,
1801 3566 1837 3622 per

236 3637 300 3693 illos
313 3639 430 3692 invitent
442 3637 476 3690 ad
490 3636 575 3691 otium
587 3645 614 3691 et
625 3636 709 3690 animi
720 3636 916 3700 remissionem,
928 3636 1031 3706 absque
1070 3641 1180 3696 excelsa
1200 3648 1305 3694 naturus
1328 3646 1358 3693 et
1380 3638 1566 3709 philosophiis
1590 3638 1700 3708 fasdgia
1723 3639 1837 3702 (tanqum

238 3718 354 3772 fortuma
367 3733 423 3771 sure
437 3715 516 3771 mole.
558 3714 609 3777 Qui
623 3724 714 3770 autem
727 3716 756 3769 in
770 3714 822 3769 hoc
836 3731 936 3785 genere
950 3717 1032 3785 grati·
1070 3721 1165 3775 arbore
1184 3719 1344 3786 conscensa)
1363 3718 1398 3771 ad
1417 3719 1547 3788 mysteria
1567 3719 1663 3772 divina
1681 3716 1795 3786 aspirant,
1805 3709 1837 3762 his

237 3798 279 3853 osi
301 3804 372 3861 sunt,
393 3795 552 3867 plerumque
571 3812 629 3850 rem
651 3812 728 3850 suam
747 3796 817 3849 bene
837 3802 939 3866 agunt:
967 3811 1030 3849 nam
1069 3816 1151 3870 poena
1163 3798 1301 3869 proposita
1314 3805 1363 3861 est,
1373 3805 1512 3868 perpetues
1522 3797 1717 3859 inconstantia,
1731 3802 1756 3847 et
1763 3785 1837 3861 judieii

237 3875 457 3948 principee,iicet
470 3875 583 3929 sortasse
597 3875 631 3929 ad
645 3874 762 3930 honores
775 3891 823 3928 eos
836 3890 891 3927 non
905 3872 1031 3940 evehant,
1069 3878 1220 3932 vacillantis
1240 3883 1268 3930 et
1288 3875 1422 3948 perplexi.
1463 3876 1534 3931 Cum
1548 3877 1624 3930 enim
1638 3875 1711 3930 aliud
1724 3871 1836 3926 sitlanstt

237 3964 336 4022 mmen,
349 3971 412 4010 cum
425 3971 490 4010 vero
503 3955 608 4020 affectu,
624 3971 674 4008 nec
694 3962 805 4025 propter
817 3953 962 4008 utilitatem
975 3961 1032 4008 tan·
1069 3967 1180 4021 naturus,
1195 3956 1268 4010 aliud
1287 3956 1424 4021 divinum
1444 3956 1485 4010 ita
1503 3973 1566 4010 cum
1587 3954 1645 4010 illis
1664 3956 1701 4019 fit,
1714 3970 1744 4006 ac
1756 3950 1776 4005 si
1787 3948 1838 4001 dett

237 4035 370 4091 tumillos
383 4035 507 4106 diligant,
520 4034 707 4090 munificentia
725 4049 774 4087 sua
792 4049 841 4088 eos
860 4032 948 4087 ditare
966 4048 1031 4087 con-
1070 4037 1141 4091 soles
1162 4035 1292 4091 siderent.
1333 4034 1458 4107 Cumque
1479 4034 1603 4090 actiones
1628 4034 1691 4089 vire
1711 4041 1737 4086 et
1754 4030 1838 4082 decreta

238 4121 391 4170 sueverunt.
1070 4116 1213 4170 voluntatis
1227 4115 1262 4169 ab
1276 4113 1416 4169 intellectu
1434 4113 1578 4185 pendeant,
1599 4114 1721 4183 sequitur
1737 4111 1837 4165 sumu

1070 4211 1125 4249 non
1145 4195 1235 4248 minus
1255 4194 1401 4259 voluntste,
1416 4209 1498 4264 quarn
1514 4192 1652 4263 opinione,
1667 4192 1789 4250 hennuc
1799 4200 1836 4238 cm

1071 4274 1124 4328 sibi
1137 4274 1248 4328 omniuo
1260 4279 1399 4328 constent:
1420 4273 1512 4344 itaque
1529 4280 1557 4326 et
1575 4272 1645 4326 duas
1665 4269 1768 4325 'l'bebas
1779 4261 1836 4320 riui·

278 4343 452 4399 MEMOBAli'l'
479 4344 575 4416 Ρθὲῑω,
597 4346 728 4416 Giganiefl
748 4361 764 4398 e
784 4352 857 4398 terra
876 4356 1033 4415 procreatos
1070 4353 1134 4407 liter
1146 4352 1244 4406 vident,
1285 4352 1339 4406 Per
1358 4351 1469 4406 Thebas
1489 4351 1562 4405 enim
1582 4351 1720 4404 actionum
1739 4342 1838 4401 finestlt·

237 4422 338 4477 bellum
352 4423 415 4478 Jovi
429 4433 456 4478 ei
469 4425 574 4494 superis
587 4425 720 4488 intulisse,
734 4430 762 4477 ei
779 4423 893 4478 fulmine
905 4424 1032 4493 disjectos
1071 4433 1224 4487 scribuntur
1234 4433 1309 4500 (cum
1321 4430 1426 4485 Thebis
1438 4429 1562 4485 Pentheo
1576 4437 1650 4485 met
1661 4430 1753 4483 domus
1764 4433 1837 4493 etptt·

237 4502 399 4557 etdevictos
413 4503 505 4557 iusisse.
546 4503 660 4559 Terram
678 4510 776 4565 sutem,
790 4502 901 4558 deorum
915 4503 1032 4558 irairri-
1072 4512 1201 4583 fugium).
1243 4511 1317 4564 Hinc
1330 4510 1367 4574 fit,
1383 4516 1414 4564 ur
1432 4509 1555 4564 nescisne
1568 4526 1625 4581 quo
1639 4525 1669 4563 se
1683 4498 1836 4569 censuisti,

238 4590 331 4645 tutam,
352 4583 380 4636 in
399 4582 544 4637 vindictam
564 4592 688 4637 natorum
709 4599 818 4636 suorum
838 4582 953 4637 Famam
972 4600 1033 4654 pro·
1070 4592 1104 4646 dc
1118 4606 1224 4645 summa
1236 4606 1327 4643 rerum
1340 4590 1437 4643 incerti
1450 4597 1479 4644 et
1492 4589 1662 4653 fluctuantes,
1677 4595 1774 4641 tannim
1785 4579 1838 4636 subi

237 4661 373 4735 genuisse,
389 4668 538 4716 extremam
552 4662 708 4733 gigantibus
727 4678 855 4718 sororem.
1071 4671 1107 4727 ci,
1121 4671 1220 4725 mentis
1232 4667 1395 4739 impulsibus
1407 4667 1438 4722 in
1450 4668 1566 4740 cingulis
1580 4669 1795 4737 circumaguntur.

386 682 447 723 vm.
469 683 632 732 subrutos,
650 683 714 722 stvtt
728 683 894 723 assumtus.

1157 1080 1185 1119 X.
1206 1079 1323 1119 ACTBON
1338 1078 1373 1119 rt
1387 1076 1543 1126 PENEEBU&
1558 1075 1622 1114 ΕΜ
1635 1073 1769 1114 custosne.

382 4254 421 4292 11.
443 4253 535 4292 SOROR
550 4252 709 4302 dissuluit,
723 4251 789 4290 SlVE
802 4250 887 4291 FAMA.

282 4783 298 4806 “
310 4778 380 4826 Illam
389 4778 465 4827 'l'erra
478 4795 570 4848 pareus,
582 4779 828 4837 imirritatadeorum,
1218 4808 1257 4848 xl.
1278 4807 1407 4847 mmm
1438 4807 1502 4847 m
1522 4807 1719 4848 mmmmm·

282 4837 422 4905 Extremam
434 4838 473 4898 (ut
482 4837 618 4899 perhibent)
629 4838 688 4886 cuso
699 4838 866 4899 Enceladoque
876 4853 987 4896 sororem,
1409 4831 1416 4857 '

279 5061 369 5131 Hujus
383 5061 481 5117 tubulus
495 5079 528 5117 ea
541 5062 676 5121 sententia
689 5063 795 5118 videtur
814 5080 892 5117 esse:
914 5079 966 5133 per
978 5070 1032 5117 ter·
1071 5063 1219 5133 imaginem
1228 5063 1328 5116 referre
1336 5062 1450 5117 videtur.
1478 5062 1682 5117 Pemonaenim
1691 5050 1837 5142 Orpbeinitl

237 5157 305 5205 rum,
319 5147 443 5196 naturam
456 5140 532 5213 vulgi
549 5141 742 5213 significarunt,
756 5150 888 5213 perpetuo
902 5142 1032 5196 tumidam
1070 5142 1223 5196 admirandi
1237 5149 1265 5195 et
1275 5141 1356 5211 plane
1366 5141 1460 5207 divini,
1471 5147 1499 5196 et
1511 5141 1598 5195 omnis
1610 5139 1759 5195 harmoniis
1766 5135 1836 5206 peno

237 5227 266 5273 et
279 5218 427 5291 malignam
440 5238 533 5275 versus
547 5221 764 5292 impendisset
782 5237 923 5276 resnosss
943 5230 1032 5291 partu·
1070 5228 1099 5275 et
1111 5222 1199 5276 modis
1217 5222 1344 5276 suavibus
1357 5228 1456 5275 cuncta
1474 5221 1612 5283 vincentis,
1627 5227 1658 5274 et
1671 5207 1837 5277 trabentistd

237 5297 370 5352 rientemr
403 5298 463 5354 haec
490 5300 558 5370 ipsa,
585 5301 755 5355 occasionem
782 5300 889 5371 adepta,
916 5300 1032 5355 rebelles
1070 5299 1254 5370 philosophiae
1267 5300 1476 5369 descriptionem
1490 5299 1689 5354 iccilitransitn
1707 5293 1838 5351 traducitur·

238 5377 351 5443 paritet
364 5377 514 5444 seditiosos,
528 5378 577 5449 qui
590 5379 726 5449 principes
744 5396 812 5434 ausu
824 5380 930 5433 nefario
943 5388 1031 5435 extur-
1071 5380 1191 5434 Labores
1204 5380 1277 5434 enim
1291 5379 1396 5450 Orphei
1416 5379 1524 5433 labores
1542 5377 1677 5442 Herculis,
1692 5372 1839 5445 quemadtatr

238 5453 304 5506 bare
332 5463 359 5507 et
385 5455 501 5524 dejicere
524 5457 729 5526 machinantem
764 5457 861 5530 quibus
885 5461 1030 5529 oppressis,
1069 5460 1133 5514 dum
1147 5476 1230 5530 opera
1242 5458 1385 5531 sapientire
1398 5474 1483 5529 opera
1496 5458 1665 5524 fortitudinis,
1683 5451 1838 5526 dignitstssi
