3800 5875
192 307 250 362 6⁸0
773 303 940 360 lhlPli'l'US
961 303 1245 362 Pfllbosorfflct.

190 484 273 537 prave
287 467 417 522 institutae
432 465 538 530 fuerint,
559 465 598 518 ita
611 481 655 519 res
669 469 696 516 et
714 463 812 517 effecta
824 479 854 517 sc
875 460 985 517 habent
1025 463 1087 516 dem
1100 461 1181 526 viem,
1196 479 1278 533 quam
1291 478 1342 517 nos
1354 462 1439 517 veluti
1452 479 1550 518 norem
1564 463 1722 518 indicamrts
1735 469 1766 516 et
1778 462 1832 533 ig·
1886 441 1887 450 ί

192 546 289 619 Itaque
304 547 327 601 si
347 546 421 600 modi
434 543 518 620 hujus
532 551 629 598 vestrae
643 542 826 612 philosophice
840 541 987 596 eondcudn
1025 558 1130 606 namus,
1145 558 1240 595 revera
1260 541 1357 596 iniine
1375 550 1404 597 et
1424 543 1583 606 confecisse,
1597 542 1670 596 adeo
1689 551 1720 596 nt
1741 549 1832 596 semar

190 641 242 680 nec
261 626 346 680 debiti
367 626 422 678 siut
443 641 493 678 nec
508 622 672 693 probabiles,
686 637 741 675 non
760 622 884 676 videmus
904 637 986 691 quam
1024 638 1106 691 agere
1120 621 1206 675 videri
1220 621 1375 691 posnmw
1396 632 1477 686 certe,
1487 622 1545 688 filii,
1557 623 1618 676 heac
1632 621 1667 675 dc
1682 621 1744 675 illis
1756 622 1831 692 cogi-

190 720 268 774 spem
282 705 405 768 foveatis,
415 704 469 758 uisi
479 703 617 757 credulam
627 709 655 755 et
663 701 759 755 levem.
801 699 892 770 Atque
902 707 985 764 certe,
1026 707 1084 754 tare
1105 708 1221 754 nonest
1239 701 1392 774 integrum:
1412 701 1527 756 formam
1547 703 1625 756 enim
1643 709 1676 755 et
1694 700 1831 755 ratim

190 782 248 847 filii,
263 785 288 838 si
302 783 437 838 obeliscus
451 782 550 852 aliquis
563 780 749 852 magnitudine
763 780 881 850 insignis
891 779 926 831 ad
940 780 987 833 tri-
1024 795 1101 833 suam
1114 779 1268 850 inquirendi
1283 788 1311 833 et
1330 779 1384 850 ipsi
1398 781 1558 850 prolitenter
1575 789 1604 836 et
1617 782 1724 851 scripta
1735 796 1830 834 enum

190 863 287 933 umphi
307 863 422 918 fortasse
435 870 483 916 aut
500 860 658 937 hujusmodi
678 859 888 929 magnificentias
904 859 986 913 decus
1024 859 1174 929 imaginem
1187 875 1348 929 expressam
1361 859 1573 929 praeseferunt.
1616 858 1665 914 llli
1687 859 1764 914 enim
1777 866 1830 914 sta·

191 942 392 997 transferendus
404 949 486 1004 essct,
497 949 579 1011 atque
593 941 621 993 id
631 938 757 994 homines
766 939 847 993 nudis
859 938 986 992 manibus
1025 938 1075 992 tim
1088 937 1124 990 ab
1137 938 1339 992 inductionibus
1358 938 1462 993 nullius
1478 941 1559 1008 pretii
1579 939 1616 994 ad
1636 938 1830 993 emotum

189 1028 336 1085 tentarent;
364 1037 454 1074 annon
470 1037 517 1074 eos
530 1019 671 1074 helleboro
687 1034 755 1087 opus
770 1017 986 1088 haberecogita·
1025 1017 1144 1072 maxim
1155 1016 1307 1088 generales,
1319 1027 1448 1087 tanquam
1457 1018 1676 1088 disputationum
1686 1017 1829 1089 paloaad·

189 1100 275 1155 retisl
296 1099 400 1169 quodsi
411 1115 553 1154 numerum
562 1098 747 1169 operariomm
756 1105 894 1168 augerent,
903 1105 986 1167 atque
1024 1096 1158 1162 volabant,
1172 1097 1207 1151 ad
1221 1114 1335 1169 quarum
1348 1107 1516 1152 constantem
1529 1107 1558 1153 et
1572 1098 1720 1152 immotam
1732 1098 1829 1152 verita·

189 1178 242 1233 hoo
255 1180 336 1233 modo
358 1196 387 1233 se
401 1178 491 1232 valere
514 1195 594 1248 posse
611 1177 786 1242 confiderent,
800 1192 890 1231 amon
911 1182 986 1230 tanto
1025 1182 1080 1230 mm
1090 1176 1196 1247 reliqua
1205 1176 1394 1246 expediebant.
1429 1177 1531 1232 Vanum
1541 1177 1661 1233 scientie
1670 1177 1827 1242 constituta,

189 1258 298 1329 magis?
348 1257 427 1319 Quot
449 1257 474 1313 si
497 1259 580 1312 etiarn
604 1257 741 1311 delectum
765 1255 934 1321 adhiberent,
958 1265 986 1310 et
1024 1263 1082 1309 tum
1099 1256 1209 1311 demum
1228 1257 1308 1327 siqua
1326 1257 1508 1311 connoversia
1526 1258 1561 1311 dc
1581 1256 1680 1328 aliquo
1700 1256 1827 1328 exempb

189 1337 373 1391 imbeciliores
382 1345 546 1407 separarent,
558 1346 586 1392 et
593 1336 712 1391 robustis
719 1342 824 1390 tantum
832 1343 860 1389 et
869 1335 986 1405 vigenti·
1023 1333 1068 1388 vel
1084 1334 1214 1389 instantia
1231 1344 1305 1389 mota
1323 1345 1403 1399 esset,
1420 1344 1448 1390 ut
1468 1336 1566 1406 positis
1579 1337 1640 1392 suis
1653 1336 1825 1408 indagante:

188 1415 240 1471 bus
250 1417 290 1470 uti
302 1416 412 1480 vellent,
425 1424 455 1470 et
465 1416 529 1472 hinc
537 1417 647 1471 demum
660 1431 690 1469 se
704 1415 759 1469 voti
772 1421 914 1485 compotes
927 1413 985 1468 fore
1022 1430 1078 1467 non
1096 1415 1126 1469 id
1145 1415 1264 1484 agebant
1278 1423 1308 1469 ut
1328 1415 1447 1485 positum
1460 1414 1529 1470 illud
1541 1416 1758 1479 emendantem
1777 1416 1827 1471 sed

189 1505 401 1564 praesumerem
427 1505 482 1560 aut,
504 1514 539 1551 ne
560 1495 613 1550 hoc
629 1494 739 1567 quidem
758 1494 887 1559 contenti,
902 1494 986 1548 etiam
1023 1494 1112 1563 posito
1125 1493 1202 1548 salvo
1214 1493 1371 1563 hujusmodi
1384 1495 1529 1550 innantias
1543 1514 1607 1566 quae
1627 1497 1770 1566 negotium
1783 1496 1824 1550 fa·

189 1582 275 1630 artem
284 1575 444 1631 athleticam
454 1574 632 1640 consulerent,
643 1591 675 1628 ac
686 1591 779 1629 omnes
788 1591 851 1628 cum
860 1573 985 1628 manibus
1023 1572 1138 1638 ciebant,
1153 1581 1201 1628 aut
1219 1590 1269 1643 per
1290 1574 1491 1628 distinctionem
1512 1574 1638 1647 aliquam
1655 1574 1783 1630 subtilem
1796 1584 1824 1630 et

189 1663 218 1707 et
232 1654 340 1710 lacertis
353 1664 380 1709 et
392 1656 483 1710 nervis
496 1672 533 1710 ex
546 1663 603 1709 arte
617 1654 687 1708 bene
700 1654 790 1708 unctis
803 1661 832 1707 et
844 1652 985 1707 medicatis
1023 1653 1175 1723 sapientem
1188 1653 1218 1706 in
1231 1652 1352 1707 ordinem
1366 1652 1533 1725 redigebant,
1549 1664 1598 1710 aut
1619 1671 1671 1726 per
1684 1656 1822 1726 exceptio·

189 1733 284 1788 adesse
303 1734 445 1802 juberent3
481 1751 571 1788 annon
591 1750 701 1804 prorsus
720 1749 767 1787 eos
783 1733 847 1787 dare
865 1749 985 1802 operam,
1024 1748 1088 1786 nem
1101 1731 1182 1802 plane
1195 1732 1334 1802 (homines
1350 1748 1407 1786 non
1427 1733 1508 1804 mali)
1521 1735 1708 1790 dimittebant
1749 1735 1824 1796 Quod

189 1821 219 1865 ut
242 1831 304 1868 cum
331 1814 436 1868 ratione
464 1815 580 1884 quadam
607 1819 636 1866 et
660 1813 802 1881 prudentia
827 1812 984 1877 insanirent,
1023 1812 1047 1865 si
1060 1812 1198 1866 instantis
1211 1819 1259 1866 aut
1279 1812 1450 1882 particularis
1469 1814 1509 1867 rei
1529 1830 1585 1868 non
1607 1814 1824 1870 contradictoriae

189 1891 369 1947 clamaretis?
411 1901 441 1947 et
468 1901 559 1946 tamen
586 1891 668 1946 simili
695 1890 820 1946 homines
845 1889 986 1946 musano
1023 1891 1213 1955 reconciliatio,
1228 1891 1276 1946 scd
1289 1892 1411 1946 obseura
1423 1892 1496 1947 ratio
1515 1901 1695 1964 quereretur,
1715 1894 1824 1948 mmsd

190 1972 294 2042 impetu
314 1972 436 2026 feruntur
448 1972 478 2025 iu
490 1970 725 2035 intellectualibus,
739 1972 803 2025 dum
817 1969 985 2025 intellectum
1023 1970 1220 2040 speculationes
1234 1988 1297 2025 suas
1311 1972 1474 2042 quandoque
1484 1973 1629 2044 ingeniose
1639 1973 1824 2027 accommoda-

188 2050 273 2105 veluti
287 2052 389 2106 nudum
403 2051 548 2120 applicant,
562 2061 589 2103 et
602 2051 638 2104 ab
652 2050 824 2120 ingeniorum
838 2049 881 2103 vel
895 2050 984 2104 multi·
1022 2049 1104 2104 bant:
1133 2050 1293 2121 quandoque
1314 2052 1412 2106 misere
1433 2052 1618 2123 torquebant:
1651 2070 1713 2122 quse
1737 2053 1823 2107 omnis

189 2130 281 2185 tudine
295 2129 340 2184 vel
353 2129 516 2185 excellentis
529 2146 629 2200 magua
642 2136 760 2199 sperant,
775 2128 818 2183 vel
833 2129 916 2183 etiam
929 2130 986 2184 dia·
1022 2128 1156 2184 industria
1168 2138 1196 2184 et
1208 2131 1346 2185 contentio
1359 2147 1404 2185 res
1422 2130 1482 2185 sine
1497 2132 1679 2186 hundameuto
1691 2133 1771 2187 nobis
1783 2133 1821 2186 vi·

188 2208 303 2272 lecticis,
314 2227 375 2280 quea
388 2210 486 2264 mentis
496 2209 620 2280 quaedttm
631 2208 761 2263 athletica
770 2208 876 2262 censeri
889 2210 983 2279 possit,
1023 2208 1108 2282 denir.

190 2289 362 2359 ingeniorum
376 2304 475 2343 nervos
488 2289 634 2343 roborant:
654 2304 742 2358 neque
755 2287 898 2343 machinas
908 2288 985 2343 adhi-
1064 2289 1159 2359 ltaque
1180 2288 1264 2343 nolite
1284 2290 1457 2355 commoveri,
1477 2291 1552 2362 quod
1573 2291 1705 2362 frequens
1724 2289 1822 2345 alieubi

188 2367 262 2432 bent,
277 2384 327 2437 per
340 2384 408 2438 quas
425 2368 497 2423 vires
520 2376 548 2422 et
571 2366 741 2439 singulorum
762 2367 943 2434 intendantur,
958 2378 985 2423 et
1022 2367 1095 2422 inter
1115 2367 1247 2423 nonnulla
1270 2368 1424 2423 Aristotelis
1443 2372 1545 2439 scripta
1559 2371 1717 2425 inveniatur
1730 2387 1821 2425 emm-

189 2447 311 2501 omnium
324 2449 430 2501 cudant.
1022 2446 1130 2517 plorum
1151 2455 1178 2502 ct
1198 2447 1405 2518 particularium
1426 2450 1537 2503 mentio.
1578 2448 1724 2504 Noveritis
1742 2450 1821 2515 adm,

229 2525 319 2598 Atque
332 2534 363 2582 ut
375 2527 460 2580 menti
473 2526 565 2582 debita
578 2526 682 2582 auxilie
695 2542 749 2581 nou
769 2525 983 2593 subministrant,
1022 2526 1051 2580 id
1064 2544 1133 2591 sero,
1147 2534 1175 2581 et
1189 2535 1332 2597 postquam
1342 2527 1482 2582 decretum
1493 2529 1599 2593 fuisset,
1609 2530 1712 2583 factum
1723 2529 1821 2584 fuisse:

188 2605 226 2660 ita
239 2623 290 2660 nec
304 2615 429 2661 naturam
439 2622 528 2661 rerum
538 2607 629 2660 debita
639 2606 810 2661 observantia
819 2623 985 2678 prosequun·
1022 2605 1064 2659 illi
1078 2607 1152 2661 enim
1164 2623 1225 2661 moa
1237 2614 1294 2660 erat
1307 2622 1362 2660 non
1383 2606 1498 2661 liberam
1511 2610 1714 2679 experientiam
1728 2625 1823 2662 corna·

188 2693 239 2741 tur.
280 2685 351 2747 Quid
362 2686 435 2740 enim
449 2686 579 2751 dicemus,
590 2702 626 2739 an
638 2685 710 2740 nihil
723 2684 798 2740 aliud
811 2693 853 2741 est
866 2686 984 2756 philoao
1021 2682 1086 2750 lere,
1101 2686 1149 2740 sed
1165 2686 1300 2755 captivam
1319 2693 1472 2750 ostentatae
1492 2703 1543 2741 nec
1565 2705 1628 2742 eam
1647 2689 1684 2742 ad
1703 2689 1823 2742 veritatis

150 2830 152 2833 y
188 2764 283 2836 phiam
297 2765 420 2830 condere,
431 2782 512 2837 quam
526 2783 563 2821 ex
576 2766 670 2835 panna
683 2764 840 2837 vulgaribus
854 2773 881 2820 et
895 2767 984 2822 obviis
1021 2763 1224 2834 inquisitionem
1238 2766 1421 2834 promiscuam
1441 2774 1470 2820 et
1489 2784 1610 2839 requam,
1625 2769 1676 2822 sed
1690 2768 1725 2821 ad
1738 2768 1822 2822 dieto-

188 2846 384 2915 experimentis
406 2845 440 2899 de
460 2853 558 2900 natura
575 2844 709 2912 iudicium
729 2845 836 2910 iacere;
865 2861 897 2899 ac
920 2846 983 2900 dein
1021 2862 1081 2898 rum
1095 2861 1204 2899 snorum
1221 2844 1301 2899 fidem
1317 2845 1482 2899 solicitatam
1500 2855 1528 2900 et
1544 2846 1664 2901 electam
1682 2847 1822 2902 adducere.

188 2931 245 2979 tota
259 2923 351 2980 secula
363 2925 391 2979 in
405 2925 625 2980 meditationibus
636 2924 780 2980 volutare?
815 2923 913 2996 Atque,
924 2925 982 2991 lilii,
1022 2923 1120 2996 Neque
1134 2941 1227 2980 rursus
1240 2923 1295 2979 tale
1314 2923 1426 2995 aliquod
1447 2925 1588 2981 vobiscum
1608 2927 1740 2998 cogitate,
1754 2944 1822 2993 eam,

187 3005 342 3060 nesciebam
355 3021 405 3059 nos
427 3013 483 3059 tam
503 3014 606 3060 namra
626 3005 709 3059 fuisse
730 3004 886 3069 familiares,
902 3015 931 3060 ut
947 3022 983 3061 ex
1022 3020 1105 3074 quam
1117 3021 1167 3059 nos
1180 3012 1319 3074 tantopere
1329 3004 1522 3068 desideramus,
1533 3006 1822 3061 differmnarumsab

188 3090 245 3138 tarn
259 3083 313 3139 levi
325 3093 353 3137 et
366 3085 549 3154 perfunctoria
562 3083 725 3139 salutatione
740 3101 773 3138 ea
786 3085 865 3138 nobis
879 3094 926 3139 aut
940 3103 983 3139 ar·
1022 3083 1147 3138 tilitatem
1167 3084 1197 3137 in
1216 3083 1436 3140 distinctionibus
1456 3084 1690 3155 philosophorum
1703 3084 1823 3140 scholas·

188 3180 258 3216 cana
271 3180 321 3218 sua
336 3163 489 3233 patefacere
503 3172 549 3218 sut
562 3163 694 3217 beneficia
707 3164 846 3233 impertire
860 3163 984 3235 dignare-
1022 3163 1137 3217 tinorum
1151 3163 1255 3227 haberi,
1272 3172 1354 3234 atque
1368 3163 1437 3218 adeo
1453 3164 1624 3219 elucescere:
1646 3166 1823 3235 nequeenim

189 3248 239 3297 tur.
281 3242 363 3297 Certe
377 3243 456 3298 nobis
476 3243 587 3313 perinde
608 3243 697 3297 facere
711 3243 836 3298 videntur
849 3242 982 3307 homines,
1022 3242 1185 3297 existimetis
1198 3242 1299 3297 abhuc
1314 3243 1744 3315 praeposterasubtilitateprimre
1756 3261 1822 3315 neg·

187 3337 220 3374 ac
233 3321 258 3375 si
271 3331 396 3376 naturam
410 3339 446 3376 ex
459 3322 609 3393 longinqua
622 3329 649 3376 et
663 3322 776 3392 praealta
789 3323 855 3377 turri
868 3323 984 3392 despici·
1022 3320 1144 3391 ligentiae
1158 3330 1185 3375 et
1198 3321 1367 3376 festinationi
1380 3329 1408 3376 et
1419 3324 1567 3377 temeritati
1578 3323 1744 3378 subventum
1755 3340 1821 3378 esse.

187 3408 236 3454 ant
249 3408 276 3455 et
290 3401 521 3472 contemplentur;
537 3419 598 3472 quoe
608 3401 757 3473 imaginem
767 3402 827 3469 ejus
838 3404 982 3473 quandam,
1021 3399 1117 3472 Longe
1131 3401 1214 3465 abest,
1229 3399 1286 3466 filii,
1301 3408 1331 3454 ut
1351 3401 1404 3455 hoc
1425 3402 1486 3455 fieri
1497 3403 1603 3472 possit,
1626 3404 1703 3475 quin,
1722 3403 1822 3457 credite

187 3496 236 3534 sen
254 3480 355 3534 nubem
377 3481 466 3551 potius
486 3481 602 3550 imagini
622 3480 747 3544 similem,
766 3481 802 3534 ob
820 3482 912 3536 oculos
932 3500 982 3553 pc·
1021 3479 1098 3544 mihi,
1113 3480 1231 3551 quodde
1244 3476 1351 3535 fortuna
1364 3481 1418 3535 dici
1433 3481 1511 3546 solet,
1522 3482 1550 3535 id
1561 3482 1595 3536 de
1605 3492 1707 3537 natura
1717 3482 1824 3537 verimi·

187 3565 251 3614 nat:
273 3576 362 3614 rerum
378 3568 468 3614 autem
483 3560 650 3614 differentias
669 3561 710 3630 (iu
724 3560 822 3632 quibus
836 3577 879 3615 res
893 3561 983 3616 homi·
1021 3577 1096 3613 mum
1106 3568 1156 3623 est,
1165 3577 1250 3614 eamn
1260 3559 1347 3614 fronte
1358 3559 1522 3630 capillatam,
1532 3561 1705 3632 aboccipitio
1718 3561 1823 3616 oelram

188 3655 255 3693 num
268 3646 296 3693 et
310 3639 425 3694 fortunae
439 3640 500 3694 sitrs
514 3642 588 3707 sunt)
600 3640 635 3692 ob
649 3656 742 3694 earum
752 3639 881 3695 minutias
891 3649 917 3694 et
930 3641 983 3695 dis
1021 3655 1090 3693 esse.
1131 3640 1227 3694 Omnis
1247 3639 1321 3693 enim
1334 3640 1463 3695 istasera
1476 3639 1613 3694 subtilitas
1627 3650 1656 3695 et
1669 3640 1822 3712 diligentis,

187 3718 281 3774 tantia
307 3718 480 3773 intervallum
507 3718 656 3773 confundat
681 3728 708 3773 et
734 3718 891 3775 abscondat.
946 3719 983 3774 Et
1021 3728 1165 3788 postquam
1185 3735 1279 3772 verum
1299 3725 1408 3788 tempus
1428 3719 1628 3774 observationis
1647 3721 1822 3790 praeterierit,

187 3804 278 3853 tamen
298 3797 423 3852 laborant
436 3808 462 3851 et
477 3798 606 3862 nituntur,
622 3806 649 3851 et
668 3797 836 3867 intellectum
853 3807 983 3870 tanquam
1021 3806 1147 3852 naturam
1167 3814 1295 3868 prensare
1309 3806 1355 3851 aut
1371 3806 1481 3868 captare
1502 3806 1600 3867 potest,
1615 3799 1664 3854 sed
1683 3816 1824 3872 nunquam

189 3877 283 3932 oculos
307 3878 476 3941 contrahunt,
500 3877 674 3948 ejusdemque
698 3878 786 3932 aciem
807 3877 982 3933 meditatione
1021 3877 1227 3946 apprehendere
1242 3884 1291 3930 aut
1304 3894 1413 3948 capere.

187 3956 282 4025 figunt,
296 3957 446 4027 agitatione
466 3966 573 4020 acuunt,
589 3957 737 4028 quinetiam
752 3965 824 4012 artes
838 3974 982 4028 argumen·
1060 3955 1195 4027 Equidem
1209 3957 1276 4010 satis
1290 3956 1355 4020 scio,
1369 3955 1451 4025 idque
1466 3972 1514 4011 vos
1527 3973 1582 4010 non
1598 3957 1640 4010 ita
1659 3956 1750 4012 multo
1764 3968 1824 4028 post

187 4036 270 4100 modi,
283 4036 366 4091 veluti
380 4036 491 4105 apecula
504 4036 657 4099 artificiosa,
670 4045 835 4106 comparant,
850 4046 880 4092 ut
894 4038 982 4092 istius
1021 4035 1215 4104 experiemini:
1237 4043 1460 4105 postquamverae
1469 4035 1604 4090 etnativse
1611 4053 1705 4091 rerum
1715 4038 1824 4092 subtili·

186 4114 260 4169 rnodi
273 4115 441 4170 differentias
461 4123 489 4172 et
502 4115 666 4170 subtilitates
684 4126 788 4171 naturae
803 4126 892 4170 mente
906 4134 981 4171 com·
1022 4115 1077 4178 tati,
1086 4122 1113 4168 et
1123 4114 1283 4168 differentiis
1292 4116 1321 4167 in
1331 4114 1503 4184 experientia
1513 4115 1665 4185 signatiset
1676 4118 1823 4187 expressis,

186 4192 354 4262 prehendere
369 4202 395 4248 et
409 4195 515 4248 vincere
526 4195 638 4265 possint
679 4195 769 4266 Atque
783 4195 897 4250 ridicula
909 4205 981 4252 certe
1021 4200 1048 4247 et
1062 4195 1153 4248 sensui
1166 4193 1303 4261 subjectis,
1318 4200 1365 4247 aut
1378 4192 1475 4247 saltem
1490 4211 1540 4263 per
1553 4210 1665 4249 sensum
1684 4197 1716 4250 in
1734 4196 1824 4250 lucem

188 4280 260 4326 esset
274 4280 302 4326 et
315 4272 457 4342 praefracte
477 4274 611 4344 sapientia
630 4283 658 4329 et
677 4275 814 4339 sedulitas,
828 4276 851 4329 si
867 4275 937 4345 quis,
952 4286 982 4330 ut
1021 4274 1156 4337 extractis,
1178 4271 1318 4343 paululum
1337 4273 1507 4336 insuevistise
1535 4273 1668 4328 continuo
1688 4275 1824 4329 subtilita-

186 4350 334 4422 pcriectiua
355 4360 385 4406 et
404 4352 558 4409 distinctius
581 4362 710 4417 cerneret,
735 4354 778 4407 vel
801 4354 896 4409 turrim
916 4372 982 4409 con·
1021 4361 1076 4407 tem
1091 4351 1167 4406 illam
1181 4351 1295 4406 alteram
1309 4352 1524 4421 disputationum
1538 4363 1566 4406 et
1586 4354 1743 4419 verborum,
1765 4373 1825 4425 qua

186 4431 305 4494 scendet,
321 4431 366 4485 vel
379 4431 490 4502 specula
504 4431 631 4503 applicet,
645 4433 690 4488 vel
703 4432 847 4504 palpebras
857 4434 981 4498 adducat,
1021 4432 1200 4503 cogitationes
1211 4441 1313 4487 vestras
1326 4447 1382 4485 non
1396 4432 1455 4485 sine
1469 4448 1570 4501 magna
1584 4432 1770 4488 admiratione
1784 4452 1825 4487 oc-

185 4526 249 4564 cum
260 4510 286 4564 ei
296 4510 386 4575 liceat,
400 4511 502 4582 absque
515 4513 640 4566 universa
650 4513 703 4567 ista
713 4529 827 4583 operosa
837 4520 864 4567 et
873 4522 982 4568 suenus
1020 4512 1130 4581 cupavit
1142 4520 1170 4565 st
1183 4512 1276 4574 tenuit,
1292 4510 1369 4582 quasi
1383 4528 1434 4582 pro
1447 4527 1476 4564 re
1489 4510 1602 4577 ludicra,
1617 4522 1647 4567 et
1666 4512 1745 4567 larva
1758 4531 1824 4586 qna·

185 4589 387 4644 machinatione
401 4599 429 4645 ct
443 4589 581 4656 industria,
596 4592 655 4646 fieri
668 4592 725 4647 voti
738 4608 849 4663 compos
862 4609 911 4663 per
924 4610 983 4648 rem
1020 4590 1091 4656 dam,
1106 4599 1133 4645 et
1146 4591 1335 4654 incantatione,
1350 4589 1471 4644 habituri
1484 4590 1553 4645 sitis

186 4668 303 4734 facilem,
317 4678 345 4725 et
366 4677 457 4724 tamen
469 4669 522 4725 ists
535 4672 628 4727 omnia
647 4672 779 4726 beneficio
796 4680 823 4725 et
836 4689 888 4727 usu
899 4672 981 4743 longe
1060 4670 1156 4734 Quare,
1171 4668 1262 4724 missis
1275 4670 1335 4724 istis
1354 4668 1539 4739 philosophiis
1559 4669 1715 4735 abnuatis,
1729 4689 1780 4726 vos
1798 4680 1825 4724 et

185 4759 374 4820 superantem:
395 4749 448 4804 hoc
463 4757 511 4815 est,
526 4759 555 4806 ut
569 4752 751 4807 descendatet
764 4751 799 4804 ad
813 4767 857 4805 res
870 4753 982 4822 propius
1020 4767 1080 4821 ego,
1101 4749 1160 4815 filii,
1180 4749 1262 4803 rebus
1284 4749 1352 4818 ipsis
1374 4765 1425 4804 uos
1445 4749 1649 4819 adjungamus=
1680 4767 1770 4823 neque
1791 4751 1823 4804 ad

185 4828 305 4886 accedat.
345 4832 436 4900 Atque
455 4837 527 4884 certe
547 4831 576 4885 in
589 4830 743 4886 intellectus
756 4848 808 4889 usu
821 4829 918 4885 similis
931 4848 982 4885 nos
1020 4839 1101 4884 secta
1120 4828 1266 4883 condendas
1284 4828 1401 4898 gloriam
1422 4829 1543 4882 animum
1564 4827 1747 4896 adjiciamue3
1777 4830 1824 4886 sed

186 4917 295 4963 exercet
309 4908 499 4980 imprudentia
1020 4908 1145 4963 utilitatis
1159 4916 1187 4962 et
1200 4906 1386 4978 amplitudinis
1400 4906 1528 4962 humanas
1539 4924 1635 4961 curam
1652 4911 1726 4964 serio
1739 4910 1822 4965 susd-

225 4988 331 5058 Neque‚
352 4988 410 5053 filii,
431 4987 567 5058 postulare
587 4989 716 5044 debemus
737 4996 767 5043 ut
786 4996 882 5045 natura
901 4988 982 5044 uobis
1021 4988 1145 5059 piamus3
1167 4996 1248 5057 atque
1261 4987 1333 5040 inter
1346 4995 1503 5042 mentemst
1515 4995 1644 5041 naturam
1658 4990 1822 5043 connubium

185 5066 293 5121 obviam
307 5076 364 5122 eat:
386 5068 434 5122 sed
455 5067 521 5121 satis
535 5067 676 5133 habemus,
691 5068 715 5122 si
729 5068 920 5124 accedentibus
933 5085 982 5122 no·
1020 5076 1125 5123 castum
1146 5076 1174 5121 et
1190 5066 1344 5137 legitimum
1359 5066 1495 5136 (pronuba
1514 5065 1706 5122 misericordia
1719 5067 1822 5131 divina)

184 5144 235 5211 bis,
249 5145 330 5217 idque
343 5146 418 5201 cultu
431 5146 531 5211 debito,
545 5162 575 5201 se
588 5146 808 5217 conspiciendum
822 5147 876 5202 det.
905 5147 983 5208 Quod
1020 5147 1174 5211 firmentum
1205 5146 1310 5216 precati
1329 5146 1414 5199 etiam
1438 5145 1536 5209 Deum,
1561 5146 1642 5215 cujus
1663 5148 1777 5201 numine
1796 5156 1823 5201 et

185 5223 209 5279 si
223 5225 267 5278 cui
280 5226 310 5279 in
323 5233 443 5283 mentem
453 5225 545 5279 veniat
555 5226 662 5296 opinari
673 5226 726 5279 tale
737 5226 889 5296 quippiam,
899 5227 982 5281 etiam
1020 5235 1089 5282 nutu
1109 5226 1168 5282 hcc
1190 5227 1265 5289 fiunt,
1287 5224 1388 5295 quique
1409 5231 1439 5278 ut
1457 5223 1600 5279 hominum
1621 5236 1650 5279 et
1672 5226 1822 5290 ranimiro

185 5302 311 5373 antiquos
324 5314 406 5375 atque
416 5305 507 5374 ipsum
520 5304 696 5360 Aristotelem
709 5304 914 5375 proculdubioa
927 5323 983 5360 me-
1019 5305 1153 5363 luminum
1166 5312 1194 5359 et
1207 5303 1424 5359 consolationum
1438 5310 1516 5374 pater
1529 5312 1578 5367 est,
1592 5313 1624 5358 nt
1638 5322 1676 5359 ex
1694 5305 1743 5360 illo
1758 5321 1821 5358 eon·

185 5379 345 5435 dilationum
355 5399 465 5437 suarum
474 5384 611 5453 principio
621 5400 749 5454 magnam
763 5384 820 5437 vim
833 5393 862 5438 et
874 5386 983 5455 copiam
1020 5385 1111 5447 cubio,
1126 5401 1183 5439 non
1202 5383 1356 5455 phantasia
1377 5392 1505 5448 monstra,
1525 5383 1574 5437 sed
1595 5385 1680 5456 stirps
1699 5384 1818 5445 berotha,

185 5457 372 5529 exemplorum
381 5462 439 5517 sive
447 5462 649 5531 particularium
664 5462 811 5533 paravisse,
824 5472 905 5535 atque
920 5481 983 5518 ean·
1020 5481 1081 5535 qun
1104 5470 1225 5523 monstra
1242 5463 1332 5521 domet
1354 5470 1382 5518 et
1398 5464 1549 5536 exmgust,
1564 5462 1618 5520 hoc
1639 5472 1689 5531 est,
1711 5465 1817 5519 inventa
