3800 5875
226 299 284 355 642
849 296 1039 354 000lest
1059 296 1108 353 ΕΤ
1129 296 1226 354 vtes.

226 459 296 513 sima
309 473 421 529 quaqua
434 474 467 511 ac
478 472 571 513 rursus
586 455 764 512 subtilissima
776 455 893 511 ducere.
934 455 1017 526 Sequi
1055 455 1115 510 sine
1129 470 1211 510 causa
1229 454 1321 520 fuisse,
1334 454 1407 527 quod
1424 456 1498 525 apud
1515 455 1659 527 AEgyptios
1677 454 1744 531 (qui
1762 472 1853 512 rerum

227 538 310 608 igitur
327 544 357 591 ut
375 536 410 591 ad
428 543 514 592 artem
533 536 750 606 confugiendum,
763 544 791 589 et
804 536 837 589 de
850 535 1018 591 demonstra·
1055 536 1216 599 inventores,
1229 550 1306 587 more
1326 535 1399 604 apud
1413 535 1607 606 antiquitatem
1627 543 1746 605 recepto,
1760 553 1854 591 conse·

227 618 309 680 tione,
324 634 385 686 quse
402 632 451 686 per
463 623 550 670 artem
563 616 675 685 regitur,
685 615 830 669 videndum
844 614 886 670 sit.
926 611 1017 685 Atque
1055 630 1131 668 crare
1145 608 1284 685 solebant)
1297 620 1337 667 tot
1349 612 1490 669 bmtorum
1504 614 1609 684 effigies
1627 615 1657 668 in
1677 615 1792 685 templis
1811 634 1853 670 re·

227 695 260 750 de
275 694 439 765 syllogismo,
454 695 499 766 qui
518 694 658 749 Aristoteli
672 692 773 748 oraculi
786 693 848 748 loco
860 699 909 759 est,
923 692 1017 763 paucis
1055 692 1224 762 perirentur;
1245 709 1306 745 cnm
1319 691 1450 746 animalia
1463 694 1576 747 rationis
1590 696 1715 763 expertia
1725 712 1763 749 ex
1775 712 1853 765 equo

227 775 388 829 sententiam
400 774 586 828 claudendam.
621 773 691 827 Rem
702 789 761 827 esse
770 773 898 827 ciminum
909 772 939 826 iu
953 772 1016 825 doc·
1055 772 1112 825 iere
1125 788 1187 825 cum
1200 770 1355 825 hominibus
1369 778 1473 826 naturre
1489 773 1679 842 operationum
1696 774 1853 829 inventores

227 854 313 916 trinis,
328 869 388 923 quse
400 853 429 906 in
443 853 615 923 opinionibus
628 852 767 906 hominum
782 851 878 922 posita
889 857 959 916 sunt,
973 867 1017 905 ve·
1055 850 1163 914 fuerint,
1177 866 1266 920 neque
1280 849 1314 903 sd
1328 848 1381 903 hoc
1393 849 1520 905 homines
1534 867 1583 905 sua
1602 854 1788 922 praerogativa
1805 853 1851 907 ad·

227 931 278 986 luti
291 931 437 986 moralibus
455 937 483 986 et
502 932 632 1001 politicis,
646 930 740 985 utilem
754 938 784 985 et
796 930 944 985 intellectui
957 945 1016 985 ma·
1054 929 1164 983 modum
1189 929 1233 982 nsi
1259 936 1338 982 sunt:
1372 929 1421 983 sed
1447 937 1538 984 tamen
1560 930 1594 985 de
1620 930 1664 995 iis,
1687 949 1752 1003 quae
1778 932 1852 998 fiunt,

227 1028 292 1066 num
312 1011 444 1081 quandam
464 1009 637 1076 auxiliarem
663 1026 754 1064 rerum
772 1025 837 1063 vero
853 1008 1016 1063 naturalium
1054 1007 1209 1062 ridendum.
1249 1007 1288 1061 Et
1303 1007 1438 1078 primode
1456 1008 1613 1063 inveniendi
1634 1010 1718 1064 modo
1734 1010 1852 1081 simplici

227 1089 370 1144 subtilitati
384 1097 411 1144 et
426 1089 582 1143 obscuritati
595 1089 727 1159 imparem
742 1095 771 1143 et
782 1088 1015 1158 incompetentem.
1054 1094 1083 1141 et
1094 1086 1277 1149 inartificioso,
1292 1087 1364 1156 quod
1376 1085 1533 1141 hominihus
1546 1087 1685 1143 familiare
1697 1097 1748 1151 est,
1760 1090 1788 1144 id
1799 1106 1852 1145 noa

228 1169 303 1223 Nam
315 1168 501 1238 syllogismum
513 1177 585 1222 certe
596 1185 632 1222 ex
645 1167 874 1239 propositionibus
883 1176 1015 1231 constare,
1055 1164 1129 1221 aliud
1150 1181 1217 1229 esse,
1239 1182 1320 1236 qnam
1340 1173 1372 1220 ut
1392 1166 1425 1230 is,
1445 1167 1491 1237 qui
1505 1183 1534 1220 se
1548 1167 1793 1224 adinveniendum
1806 1168 1852 1222 ali

227 1248 422 1318 propositiones
436 1265 472 1302 ex
485 1248 581 1313 verbis,
596 1247 679 1301 rerba
693 1247 833 1301 notionum
853 1246 911 1300 eive
931 1246 1016 1299 animi
1055 1244 1120 1316 quid
1141 1251 1282 1313 comparat
1301 1252 1329 1299 et
1351 1244 1512 1316 accingitur,
1534 1246 1625 1315 primo
1647 1264 1711 1316 quae
1735 1248 1772 1301 ab
1790 1248 1852 1304 aliis

227 1334 403 1396 conceptuum
422 1334 502 1381 testes
523 1333 550 1380 et
569 1326 708 1396 signacula
725 1342 794 1380 esse.
835 1325 1017 1386 Quamobrem
1054 1324 1128 1378 circa
1146 1323 1214 1378 illud
1235 1322 1308 1378 dicta
1328 1323 1390 1388 sint,
1410 1324 1531 1395 inquirat
1552 1332 1580 1378 et
1600 1325 1727 1380 evolvat:
1756 1326 1851 1382 deiude

227 1407 349 1461 nodones
370 1407 444 1477 ipsae,
462 1424 523 1477 quac
536 1406 677 1461 verborum
695 1406 793 1459 animae
810 1410 880 1469 suut,
894 1404 918 1458 si
931 1420 1015 1475 vagae,
1054 1403 1256 1457 meditationem
1274 1403 1412 1473 propriam
1429 1403 1519 1457 addat.
1560 1403 1664 1459 Verum
1682 1412 1715 1458 ut
1735 1407 1796 1477 quis
1809 1407 1850 1461 vel

227 1487 334 1551 nescim,
348 1502 397 1540 nec
411 1485 477 1539 estis
490 1485 608 1540 definite
623 1484 724 1539 fuerint
741 1483 826 1555 (quod
843 1484 872 1537 in
887 1483 1016 1538 naturali·
1054 1480 1169 1536 aliorum
1181 1481 1245 1535 fidei
1260 1497 1290 1536 se
1303 1483 1465 1549 committat,
1478 1482 1523 1536 vel
1540 1484 1670 1552 spiritum
1689 1502 1771 1540 susam
1787 1486 1850 1539 soli·

227 1564 279 1618 bus
291 1564 372 1636 longe
390 1565 510 1619 maxima
529 1572 659 1634 exparte
678 1562 737 1617 fieri
755 1562 905 1630 consuevit)
924 1562 1017 1616 omnia
1054 1560 1126 1626 citet,
1148 1568 1177 1616 et
1197 1559 1254 1614 t'ere
1273 1561 1386 1625 invocet,
1408 1570 1439 1616 ut
1460 1561 1513 1617 sibi
1535 1562 1647 1617 oracula
1666 1564 1781 1634 pandat,
1794 1582 1849 1619 rem

227 1661 313 1698 ruere.
358 1644 471 1697 Restare
490 1643 680 1707 inductionem,
700 1649 829 1712 tanquam
845 1641 970 1695 ultimum
989 1648 1017 1696 et
1054 1656 1163 1710 prorsus
1183 1640 1242 1693 sine
1269 1639 1445 1694 nodamenta
1470 1657 1539 1704 esse,
1559 1642 1639 1712 sequi
1666 1642 1849 1698 inventionem

227 1724 335 1778 unicum
353 1723 433 1777 rebus
449 1721 597 1777 subsidium
615 1730 643 1775 et
657 1720 826 1792 perfugium:
855 1736 944 1791 neque
964 1719 1016 1774 im·
1055 1736 1116 1790 quse
1129 1719 1202 1789 apud
1215 1718 1370 1773 dialecticos
1383 1728 1494 1791 recepta
1505 1720 1550 1775 sit.
1590 1720 1664 1775 Earn
1681 1720 1849 1777 solummodo

226 1803 324 1857 merito
336 1803 365 1856 in
379 1819 412 1856 ea
424 1817 486 1872 spes
499 1801 565 1855 sitas
579 1817 645 1864 esse,
659 1810 689 1854 ut
702 1817 762 1870 quoe
781 1815 865 1870 opera
881 1798 1017 1854 laboriosa
1054 1797 1163 1856 nomine
1177 1804 1262 1861 tenus,
1276 1797 1311 1850 ad
1328 1798 1365 1863 id,
1379 1798 1451 1869 qnod
1471 1799 1570 1870 agitur,
1588 1800 1741 1872 pertinere.
1788 1802 1849 1856 Noa

227 1890 256 1935 et
273 1881 326 1934 tide
343 1898 433 1936 rerum
451 1880 582 1950 suffragia
598 1878 734 1950 colligere,
752 1886 779 1933 et
797 1877 831 1931 sd
849 1877 1016 1933 intellectum
1054 1877 1127 1932 enim
1149 1876 1344 1947 principiorum
1364 1884 1393 1931 et
1412 1877 1579 1933 ιιιοιιιιιιιιιι
1599 1896 1670 1943 esse
1693 1897 1731 1934 ex
1755 1881 1849 1951 quibos

226 1961 346 2032 perferre
356 1961 449 2031 possit.
489 1960 590 2013 Verum
601 1967 629 2013 et
635 1957 716 2027 hujus
724 1973 822 2011 nomen
832 1958 1017 2013 tantummodo
1054 1964 1126 2010 artes
1138 1962 1269 2019 constant,
1283 1957 1330 2011 sed
1344 1963 1450 2010 tantum
1464 1973 1567 2021 eorum,
1582 1975 1646 2029 quae
1663 1958 1722 2013 illis
1739 1976 1849 2013 conm-

226 2047 319 2094 notsrm
332 2056 409 2104 essec
430 2039 523 2093 vimet
532 2054 612 2091 nsum
622 2036 747 2091 homines
756 2035 887 2091 hactenus
895 2036 1016 2092 latuisse.
1055 2042 1135 2089 tanea
1148 2035 1279 2089 videntur.
1319 2034 1496 2090 Dialecticam
1516 2037 1590 2091 enim
1611 2039 1704 2108 magis
1723 2039 1848 2102 curioeoa

227 2118 270 2173 De
283 2119 435 2173 inductione
456 2117 529 2171 enirn
549 2117 590 2171 ita
607 2115 819 2170 desumendum:
840 2116 870 2170 in
889 2132 939 2171 usu
958 2117 1017 2185 ejus
1054 2122 1081 2168 et
1094 2114 1271 2185 importunos,
1282 2121 1309 2168 et
1322 2114 1374 2168 sibi
1388 2116 1528 2187 negotium
1540 2116 1715 2180 [censentes
1725 2117 1762 2170 ad
1772 2117 1848 2172 fidem

227 2204 306 2268 atque
329 2198 412 2250 etiam
440 2196 526 2250 forma
552 2194 676 2250 homines
702 2193 845 2265 dupliciter
870 2211 1015 2265 peccasse3
1055 2200 1083 2247 et
1095 2193 1179 2247 veluti
1199 2200 1396 2248 sacramentum
1413 2194 1527 2249 cuilibet
1539 2196 1592 2249 arti
1605 2197 1791 2266 prestandum
1805 2214 1848 2250 ne-

226 2278 314 2346 primo
328 2276 399 2346 quod
413 2293 495 2330 murm
507 2274 679 2346 impatientes
692 2280 720 2328 et
738 2273 898 2343 compendia
912 2275 1016 2330 riarum
1054 2273 1160 2327 tissima
1184 2289 1315 2342 responso
1340 2272 1460 2341 rejicere.
1507 2274 1624 2329 Restare
1651 2276 1845 2345 experientiam

226 2356 346 2427 undique
359 2354 511 2419 lustrantes,
523 2361 551 2409 et
560 2354 684 2425 quadam
696 2353 725 2407 in
739 2360 813 2407 certo
825 2369 935 2423 ponere,
944 2354 1017 2408 circa
1054 2367 1247 2422 merumque,
1264 2352 1288 2405 si
1306 2353 1428 2417 occurrit,
1449 2368 1538 2417 casus,
1560 2354 1582 2407 si
1606 2356 1724 2425 qummta
1742 2355 1785 2420 sit,
1805 2372 1847 2409 ex·

228 2451 296 2504 qua,
310 2443 438 2504 tanquam
451 2434 524 2488 circa
535 2433 621 2504 polos,
634 2432 831 2504 disputationes
844 2440 1015 2499 verterentur,
1055 2430 1235 2500 perimentum
1259 2431 1421 2487 nominatur.
1476 2432 1566 2504 Atque
1592 2432 1667 2487 hanc
1694 2450 1751 2488 noo
1777 2432 1846 2489 aliud

226 2522 411 2584 properantes,
432 2531 493 2568 eam
510 2519 615 2567 tantum
633 2512 668 2565 ad
687 2510 825 2583 generalia
842 2512 1016 2568 scientiarum
1055 2526 1135 2580 quarn
1150 2510 1235 2581 (quod
1248 2508 1336 2581 aiunt)
1349 2526 1446 2580 scopas
1459 2511 1606 2566 dissolutas
1625 2528 1697 2567 esse.
1738 2513 1808 2573 Quin
1820 2522 1846 2567 et

226 2593 360 2662 principia
386 2593 573 2657 adhibuerunt,
600 2591 690 2646 media
716 2608 766 2661 per
796 2589 1016 2662 syllogismomm
1054 2605 1109 2654 eos,
1124 2589 1170 2660 qui
1184 2589 1214 2642 in
1227 2589 1319 2661 aliqua
1331 2598 1428 2645 natura
1439 2589 1483 2644 vel
1496 2592 1656 2662 operatione
1674 2608 1724 2662 per
1738 2593 1846 2647 multam

226 2672 404 2726 derivationes
431 2672 558 2743 expedire
585 2677 686 2725 temere
709 2678 855 2741 sperantes.
902 2671 1015 2737 Rursus,
1054 2668 1238 2722 eterraticam
1251 2668 1386 2739 quandam
1399 2669 1647 2740 experimentorum
1661 2672 1845 2734 rariafisnem,

226 2752 297 2822 quod
310 2751 344 2805 de
358 2751 516 2822 syllogismo
535 2759 668 2815 accurate,
682 2748 715 2804 de
729 2749 781 2804 hac
799 2756 889 2804 autem
903 2750 1015 2805 demon·
1054 2746 1199 2802 revelanda
1224 2758 1254 2802 et
1276 2747 1304 2801 in
1328 2746 1417 2804 lucem
1438 2749 1578 2804 educenda
1604 2750 1702 2805 sedulo
1724 2751 1845 2821 occupati

129 2823 130 2826 '
226 2831 355 2885 stratione
369 2831 468 2885 cursim
482 2837 511 2885 et
522 2829 693 2901 negligenter
711 2828 886 2899 inquirentes,
901 2828 1017 2886 formam
1054 2833 1125 2892 sunt,
1138 2834 1186 2880 aut
1198 2828 1325 2881 attonitos
1339 2836 1418 2891 stare,
1437 2836 1485 2883 ant
1497 2828 1682 2900 vertiginosos
1699 2831 1845 2894 circumire,

226 2910 345 2980 ejusdem
360 2910 482 2966 meditati
496 2917 557 2965 sunt
571 2908 715 2964 admodum
728 2907 879 2979 simplicem
893 2916 921 2963 et
934 2907 1016 2980 plane
1053 2905 1199 2978 aliquando
1212 2908 1365 2982 gestientes,
1380 2906 1527 2979 aliquando
1537 2907 1673 2974 confusos,
1685 2916 1768 2981 atque
1782 2926 1846 2964 sem·

225 2990 366 3060 puerilem,
381 3008 441 3061 quas
454 3006 503 3060 per
515 2988 745 3062 enumerationem
762 2995 866 3042 tantum
880 2989 1015 3058 procedat,
1053 3002 1102 3055 per
1114 2985 1233 3041 invenire
1246 2987 1318 3057 quod
1331 2988 1444 3042 ulterius
1456 2995 1586 3058 querant.
1626 2989 1728 3060 Neque
1742 3006 1845 3060 prorsus

226 3080 306 3140 atque
319 3079 463 3140 propterea
477 3068 600 3139 precario
618 3083 673 3144 npn
693 3067 847 3122 necessario
865 3066 1015 3124 concludat.
1053 3065 1133 3120 aliter
1146 3065 1205 3120 fieri
1219 3082 1306 3135 posse.
1349 3068 1466 3122 tusciam
1478 3069 1591 3122 enimet
1603 3067 1844 3139 imperitansmlde

227 3148 323 3219 ltaque
337 3165 399 3202 cnm
412 3149 484 3202 circa
498 3147 739 3202 demonstrationes
752 3145 819 3200 talia
838 3147 945 3218 cogitet,
964 3149 1016 3203 mi·
1054 3145 1246 3215 cogitationem
1266 3162 1333 3210 ease,
1357 3147 1474 3215 alicujus
1495 3147 1535 3202 rei
1558 3155 1686 3203 naturam
1707 3148 1737 3200 in
1760 3150 1844 3218 seipsa

226 3245 286 3282 rum
300 3227 402 3281 nemini
415 3228 500 3282 videri
515 3244 601 3297 posse,
616 3226 641 3280 si
659 3227 688 3280 iu
706 3224 882 3297 philosophia
899 3227 1016 3282 naturali
1054 3224 1255 3294 perscrutandi:
1276 3225 1476 3280 eandemenim
1493 3235 1619 3281 naturam
1635 3228 1665 3280 in
1687 3226 1842 3281 aliislaten·

226 3306 278 3360 sibi
286 3323 348 3361 cum
356 3305 425 3372 aliis,
433 3306 490 3361 sive
500 3306 697 3360 ueteribnssive
706 3305 792 3371 novis,
804 3321 858 3359 uon
866 3308 1015 3361 conveniat.
1055 3311 1117 3367 tem,
1130 3303 1160 3356 in
1174 3302 1418 3359 aliiamanit'eetam
1436 3311 1464 3359 et
1484 3306 1562 3378 quasi
1584 3305 1755 3377 palpabilem
1773 3323 1841 3370 resec

227 3385 327 3457 Neque
340 3385 413 3441 enim
426 3386 484 3439 fieri
497 3402 577 3456 posse
592 3384 676 3455 (quod
693 3384 740 3439 ille
756 3400 805 3454 per
822 3383 914 3452 jocum
934 3383 1016 3456 dixit)
1055 3391 1135 3453 atque
1148 3382 1178 3436 in
1192 3382 1247 3436 illis
1266 3383 1480 3449 admirationem,
1500 3386 1530 3439 ιιι
1550 3385 1596 3439 his
1615 3402 1651 3439 ne
1672 3386 1841 3440 attentitnent

225 3472 256 3518 nt
269 3465 340 3520 idem
360 3467 480 3519 sentiant
499 3465 545 3537 qui
564 3480 663 3535 aquam
683 3470 712 3517 et
731 3464 779 3535 qui
798 3464 890 3518 vinnm
910 3465 1014 3520 bibunt.
1055 3461 1163 3532 quidem
1179 3478 1302 3516 movere:
1322 3463 1407 3518 veluti
1417 3480 1478 3519 eam
1487 3480 1631 3534 corporum
1641 3473 1774 3531 namram,
1786 3483 1843 3536 qua

226 3544 293 3599 illos
306 3546 379 3600 enim
389 3544 522 3615 liquorem
532 3544 663 3598 imbibere
673 3543 784 3597 crudum
794 3550 866 3598 etex
880 3542 1018 3600 intellectu
1055 3542 1216 3611 separationi
1231 3542 1339 3606 resistit,
1353 3543 1382 3595 in
1396 3560 1526 3614 aquarum
1541 3543 1624 3599 hallis
1637 3562 1696 3599 rem
1710 3562 1775 3600 sane
1786 3545 1843 3598 asub

226 3624 270 3678 vel
278 3632 372 3695 sponte
381 3632 542 3688 manantem,
550 3622 594 3677 rel
603 3622 736 3677 industria
746 3622 862 3694 quadam
872 3622 1016 3678 haustumr
1055 3619 1138 3684 tilam,
1152 3627 1179 3674 et
1193 3620 1249 3675 lere
1262 3622 1430 3692 ingeniosam
1443 3623 1537 3686 videri,
1556 3641 1618 3694 quae
1637 3624 1722 3692 hujus
1736 3625 1774 3678 rei
1787 3641 1844 3694 gra-

158 3753 161 3756 ,
226 3720 255 3758 se
269 3712 361 3759 autem
379 3703 512 3775 liquorem
529 3718 626 3773 parare
642 3708 671 3757 et
686 3703 828 3772 propinare
848 3719 884 3755 ex
903 3702 1017 3758 infinitis
1056 3699 1095 3752 tia
1108 3699 1137 3754 in
1156 3699 1297 3770 pelliculas
1315 3702 1446 3771 quasdam
1465 3702 1495 3756 in
1514 3702 1713 3773 hemispherii
1735 3704 1842 3756 sornam

227 3783 295 3848 uvis
312 3783 400 3854 iisque
420 3783 533 3838 maturis
550 3789 578 3836 et
594 3781 770 3852 tempestivis,
783 3791 811 3835 et
829 3797 879 3851 per
895 3798 1017 3837 mcemos
1055 3779 1158 3834 effictas
1171 3796 1201 3834 se
1219 3779 1374 3849 conjiciunt.
1414 3781 1539 3835 Eandem
1558 3782 1587 3835 in
1603 3780 1683 3852 ligno
1696 3782 1740 3836 vel
1758 3783 1842 3852 lapide

225 3861 359 3934 decerptis
372 3869 400 3917 et
412 3861 540 3927 collectis,
555 3868 583 3916 et
596 3860 709 3915 subinde
722 3861 751 3914 iu
765 3859 892 3916 torculari
906 3862 1016 3931 pressis,
1055 3874 1107 3912 non
1121 3875 1286 3929 magnopere
1297 3860 1395 3925 notari,
1408 3860 1456 3914 sed
1473 3860 1553 3915 solidi
1567 3860 1750 3931 appellatione
1764 3872 1843 3916 nans·

226 3941 295 3996 etin
307 3958 370 3997 vase
384 3941 543 4013 repurgatis,
559 3947 587 3994 et
603 3939 764 4004 clarificatis,
779 3947 956 4006 constantem,
970 3941 1017 4012 qui
1056 3938 1136 3992 mitti.
1178 3937 1265 3998 Quare
1279 3940 1367 3995 visum
1381 3948 1422 3994 est
1440 3940 1475 4003 ei,
1489 3939 1646 3995 hominibus
1664 3957 1720 3994 non
1740 3949 1794 3995 mm
1806 3942 1843 4008 ig·

226 4026 318 4075 tamen
330 4021 365 4074 ab
378 4023 450 4077 omni
465 4020 616 4076 inebriandi
630 4018 760 4092 qualitate
775 4019 941 4082 rectificetur‚
956 4037 1018 4074 cum
1055 4016 1214 4080 noraotiam,
1236 4034 1318 4090 quam
1336 4019 1526 4074 infelicitatem
1545 4019 1691 4091 quandam,
1712 4019 1840 4091 imputari,

225 4099 266 4153 nil
296 4115 406 4170 prorsus
436 4100 640 4171 phantasiarum
665 4098 813 4168 vaporibus
841 4099 942 4153 tribuat
972 4107 1018 4153 aut
1055 4113 1117 4150 cum
1131 4110 1148 4150 a
1161 4097 1294 4150 curriculo
1312 4099 1398 4153 stria
1416 4115 1466 4169 per
1483 4098 1663 4154 infortunium
1682 4107 1728 4153 aut
1745 4100 1842 4154 blandi·

226 4177 369 4250 relinquat.
415 4180 503 4241 Quare
521 4178 609 4232 visum
628 4185 670 4232 est
688 4178 722 4241 ei,
741 4177 930 4248 philosophias
946 4177 1017 4242 illas,
1056 4185 1148 4230 menta
1161 4175 1328 4240 deflexerint,
1341 4194 1396 4232 non
1414 4178 1445 4232 iu
1457 4178 1579 4247 ejusdem
1598 4179 1696 4250 spatiis
1716 4180 1802 4234 minus
1814 4195 1842 4232 ss

228 4273 295 4329 quas
306 4258 462 4326 jamdudum
472 4258 599 4322 diximus,
609 4274 663 4311 non
673 4264 778 4312 tantum
787 4264 896 4327 propter
905 4273 1018 4327 operum
1056 4263 1179 4310 strenuos
1192 4255 1370 4324 praestiterint.

228 4336 406 4402 sterilitatem,
420 4337 468 4391 sed
482 4338 563 4391 etiarn
577 4344 687 4408 propter
704 4335 962 4391 demonstrationum
975 4337 1018 4391 in·
1096 4334 1233 4404 Cogitavit
1245 4341 1273 4388 et
1284 4334 1367 4401 illud;
1395 4335 1477 4390 finem
1491 4336 1638 4408 aliquando
1656 4337 1841 4407 desperationi,

228 4415 384 4471 firmitatem
409 4424 438 4471 et
463 4416 586 4471 fallacias
611 4415 697 4485 rejici,
720 4433 780 4470 cum
807 4432 863 4471 non
888 4414 975 4471 solum
1001 4433 1019 4469 a
1056 4419 1104 4468 aut
1117 4412 1215 4468 saltem
1236 4415 1410 4485 querimoniis
1428 4415 1639 4487 imponendum:
1660 4433 1694 4470 ac
1713 4416 1782 4471 illud
1800 4432 1843 4486 pe

227 4495 309 4549 rebus
327 4494 447 4560 deserta,
461 4495 508 4550 sed
526 4503 554 4549 et
573 4496 608 4549 ab
625 4494 819 4566 auxiliisque
838 4495 891 4549 sibi
903 4511 1018 4566 parare·
1058 4493 1110 4548 tius
1129 4492 1281 4558 videndum,
1303 4511 1338 4548 an
1358 4495 1468 4550 omniuo
1488 4496 1656 4559 cessandum,
1679 4503 1707 4549 et
1725 4496 1768 4560 iia,
1788 4513 1842 4567 qua

228 4579 297 4639 nant,
311 4574 445 4629 destitutae
458 4591 489 4629 ac
499 4575 612 4646 proditae
625 4575 687 4629 sint.
1057 4571 1197 4637 habemus,
1211 4573 1339 4629 utendum
1349 4574 1391 4637 sit,
1403 4590 1438 4627 an
1452 4574 1563 4645 aliquid.
1576 4582 1608 4629 ut
1620 4575 1720 4629 melius
1733 4591 1776 4630 res
1789 4591 1842 4645 pro·

268 4653 403 4724 Cogitavit
416 4661 444 4709 et
456 4653 537 4718 insu,
554 4654 636 4708 etiam
651 4654 684 4709 de
698 4653 854 4709 inveniendi
864 4652 961 4718 modis,
972 4652 1019 4725 qui
1056 4651 1162 4714 cedant,
1176 4652 1332 4708 tentandum
1345 4664 1373 4708 et
1385 4653 1559 4708 moliendum.
1600 4653 1642 4707 Ac
1656 4655 1774 4724 primum
1787 4654 1841 4708 finis

228 4733 258 4786 in
281 4750 332 4788 usu
358 4737 428 4799 sunt,
451 4733 597 4804 separatim
617 4733 770 4798 videndum,
791 4732 914 4787 simodo
934 4732 1019 4804 aliqui
1057 4731 1142 4801 ipsius
1156 4739 1184 4784 ct
1195 4733 1327 4803 propositi
1346 4733 1471 4788 meritum
1491 4740 1520 4786 et
1539 4732 1658 4803 pretium
1680 4734 1780 4788 intueri
1798 4749 1841 4803 par

228 4813 290 4867 sint.
331 4811 364 4867 In
378 4813 431 4867 hac
445 4813 516 4866 enim
534 4821 611 4883 parte
631 4830 685 4867 non
700 4820 755 4867 tam
769 4828 874 4867 errores
892 4812 1019 4876 etdesia,
1058 4826 1126 4874 esse,
1139 4817 1171 4863 ut
1187 4811 1216 4864 in
1231 4812 1345 4866 materia
1364 4812 1432 4867 dura
1448 4818 1476 4865 et
1495 4828 1577 4883 opere
1591 4813 1676 4866 arduo
1698 4814 1784 4881 major
1801 4813 1841 4864 ιιι

229 4909 310 4962 quam
327 4891 498 4947 solitudinem
517 4899 545 4946 et
562 4909 648 4947 vacua
661 4892 792 4955 inveniris
819 4891 890 4962 quod
910 4898 1020 4962 stupore
1057 4889 1196 4945 industrias
1210 4891 1341 4945 accensio.
1382 4890 1518 4945 Veniebat
1535 4899 1627 4946 ιιιιιιιι
1640 4891 1668 4946 ei
1682 4892 1839 4953 inmenten.

229 4970 344 5041 quodam
368 4971 488 5026 animum
510 4971 664 5041 perculerit.
711 4972 776 5026 Non
796 4969 847 5026 ulli
866 4970 1020 5025 mortalium
1058 4969 1176 5039 antiquis
1189 4970 1295 5034 seculis,
1313 4987 1403 5025 rerum
1421 4970 1610 5026 inventoribus
1630 4971 1755 5042 (modum
1771 4987 1841 5025 exce·

228 5051 301 5104 cordi
322 5058 457 5106 auteurs
478 5051 570 5115 fuisse,
592 5057 623 5104 ut
640 5050 745 5121 ingenii
765 5059 793 5104 et
805 5049 958 5105 intellectus
971 5049 1022 5104 hn·
1058 5048 1138 5102 dente
1152 5049 1292 5104 hominum
1305 5048 1404 5103 affectu
1417 5056 1445 5104 et
1461 5048 1582 5120 impetu)
1603 5049 1714 5105 divinos
1734 5050 1840 5106 honores

228 5130 303 5183 mani
316 5130 388 5184 vires
401 5130 436 5184 ad
449 5137 522 5184 artes
536 5137 565 5184 et
577 5130 705 5184 scientias
722 5128 897 5183 inveniendas
911 5138 938 5183 et
958 5145 1021 5200 pro·
1058 5129 1199 5182 attributos
1208 5146 1276 5183 esse.
1308 5128 1346 5182 lis
1356 5135 1454 5193 autem,
1466 5129 1512 5200 qui
1526 5129 1556 5183 in
1567 5129 1649 5184 rebus
1662 5129 1784 5184 civilibm
1795 5145 1842 5182 me·

228 5208 374 5262 movendas
393 5208 527 5280 dirigeret,
546 5224 631 5278 eoque
650 5209 722 5262 viam
740 5209 874 5263 muniret:
899 5207 947 5262 sed
966 5226 1022 5263 om·
1058 5208 1193 5270 rebantur,
1207 5206 1301 5278 quales
1315 5215 1392 5262 erant
1405 5208 1512 5262 urbium
1526 5216 1554 5262 et
1566 5208 1744 5279 imperiorum
1756 5207 1840 5261 coodi-

228 5286 276 5341 nia
289 5286 333 5340 vel
346 5287 517 5343 traditionum
531 5286 650 5357 caligini,
664 5286 708 5341 vel
727 5295 947 5357 argumentorum
961 5304 1021 5342 ves·
1058 5294 1139 5352 tores,
1152 5286 1328 5357 legislatores,
1342 5288 1490 5357 patriarum
1503 5304 1521 5340 a
1534 5288 1647 5343 diutinis
1662 5288 1742 5343 malis
1753 5288 1842 5342 libera·

229 5366 306 5436 tigiis
320 5372 347 5419 et
360 5367 467 5429 turbini,
483 5365 527 5430 vel
547 5383 626 5421 casus
648 5374 676 5420 et
697 5365 872 5435 experientia
894 5367 974 5422 undis
995 5374 1024 5422 et
1058 5373 1136 5431 tores,
1156 5366 1330 5434 tyrannidem
1347 5365 1534 5430 debellatores,
1551 5376 1579 5422 et
1597 5366 1645 5422 his
1662 5367 1769 5427 similes,
1780 5353 1847 5419 intrd

230 5444 389 5514 ambagibus
402 5446 534 5515 permissa
552 5460 613 5499 esse
634 5454 663 5499 et
682 5444 810 5516 permitti.
851 5444 947 5517 ltaque
968 5463 1023 5503 nou
1058 5445 1172 5500 heroum
1193 5445 1302 5502 modum
1325 5445 1443 5500 honores
1466 5447 1584 5500 stetisse.
1634 5447 1697 5503 Nec
1719 5445 1842 5502 immerito
