3800 5875
209 265 265 319 322
719 265 769 318 lm
791 262 1016 317 AUGMsNTls
1038 260 1313 316 SClEN'llARUM.
1714 259 1785 313 Lan.
1803 260 1841 314 11.

208 440 258 477 sua
271 423 436 487 honestum
459 423 536 491 cujus
553 424 623 476 liber
639 422 741 477 utinam
756 431 870 484 extaret,
885 437 947 474 cum
961 437 1000 484 ea,
1037 420 1089 474 sibi
1110 419 1267 484 satisfaciat,
1281 425 1380 489 praesto
1396 425 1438 473 est
1454 417 1553 489 poests,
1569 435 1632 490 quae
1654 419 1732 472 lacta
1749 418 1845 487 magis

210 520 270 572 quse.
283 519 398 572 usquam
415 501 548 556 habentur
566 502 595 555 in
613 501 665 555 hoc
684 518 791 571 genere,
806 500 885 554 nobis
906 516 1001 569 pamm
1037 500 1147 552 heroica
1174 499 1329 570 confingat:
1358 517 1420 552 cum
1451 497 1565 552 historia
1592 516 1659 552 vera
1692 515 1845 552 successus

209 599 271 635 cum
285 581 391 635 delectu
405 591 534 653 congesta
546 582 696 636 videantur.
1036 595 1135 642 rerum,
1156 578 1269 632 minime
1290 595 1340 648 pro
1362 578 1467 633 meritis
1489 577 1618 631 virtutum
1639 585 1668 631 et
1690 577 1845 640 scelerum,

249 658 339 730 Atque
353 661 412 715 haec
426 662 498 715 dicta
511 661 566 713 sint
578 660 612 714 de
627 659 746 722 historia,
758 675 792 712 ea
805 658 910 712 scilicet
923 669 1000 727 parte
1037 665 1142 719 narrem
1167 658 1277 728 corrigit
1297 675 1358 712 earn
1376 658 1475 728 po’e‘sis,
1495 665 1522 710 et
1542 658 1632 711 exitus
1653 663 1682 710 et
1705 657 1846 718 fortunas,

209 739 345 804 doctrinae,
361 757 421 809 quar
431 739 575 810 respondet
588 738 634 792 uui
648 738 771 793 excellis
784 739 841 791 sive
855 737 1001 791 domiciliis
1037 737 1184 791 secundum
1196 737 1293 790 merita
1304 744 1375 791 etex
1387 737 1449 806 lege
1462 737 1622 800 Nemeseos,
1631 736 1770 791 exhibet:
1783 753 1848 789 curn

208 818 369 884 intellectus,
384 836 444 888 quaa
459 827 499 873 est
509 818 650 873 memoria.
1038 815 1151 869 historia
1165 833 1238 880 vera,
1253 816 1334 869 obvia
1351 833 1442 870 rerum
1462 817 1587 869 satietate
1601 825 1629 869 et
1644 815 1848 879 similitudine,

1037 895 1136 948 animae
1148 895 1277 948 humanae
1284 895 1394 949 fastidio
1406 896 1457 958 sit3
1474 895 1560 949 reficit
1572 912 1634 949 eam
1649 895 1758 964 po'esis,
1768 896 1848 948 inex·

1037 981 1151 1042 pectata,
1171 982 1198 1027 et
1217 975 1301 1037 varia,
1323 983 1351 1028 et
1375 973 1591 1028 vicissitudinum
1614 974 1701 1043 plena
1725 991 1846 1027 canens.

338 1054 461 1110 CAPUT
481 1053 666 1109 DECIMUM
687 1053 871 1108 TERTIUM.
1039 1051 1114 1106 Adeo
1126 1053 1257 1122 utpoiisis
1270 1054 1393 1118 ista,non
1408 1052 1496 1106 solum
1509 1052 1785 1115 addelectafinnem,
1799 1053 1849 1106 sed

1037 1132 1120 1184 etiam
1132 1132 1166 1185 ad
1177 1133 1261 1186 animi
1274 1132 1500 1203 magnitudinem,
1511 1140 1539 1187 et
1552 1133 1588 1186 nd
1602 1148 1696 1187 mores
1707 1132 1847 1186 conferat.

210 1211 255 1266 Dc
268 1213 500 1267 secundomembro
509 1212 664 1284 principali
673 1212 810 1275 doctrines,
817 1228 907 1281 nempe
911 1211 998 1281 puisi.
1038 1209 1126 1270 Quare
1137 1219 1165 1263 et
1174 1212 1272 1267 merito
1280 1212 1363 1265 etiam
1371 1210 1521 1265 divinitatis
1531 1212 1689 1282 cujuspiam
1698 1213 1849 1282 particeps

249 1291 372 1346 Partitis
395 1296 503 1364 poiseus
525 1294 554 1344 in
578 1292 752 1353 sanativam,
773 1291 954 1354 dramaticum,
975 1298 1000 1341 et
1038 1288 1122 1343 videri
1138 1291 1240 1360 possit;
1267 1290 1332 1360 quia
1352 1293 1475 1345 animum
1496 1290 1584 1362 erigit,
1609 1298 1636 1345 et
1660 1290 1691 1343 in
1720 1291 1847 1345 sublime

245 1373 434 1443 parabolicam.
481 1370 613 1443 Exempla
634 1371 797 1442 parabolica
826 1370 881 1422 trio
904 1386 1001 1439 prope
1037 1370 1122 1438 rapit;
1143 1385 1233 1424 rerum
1250 1368 1394 1424 simulacra
1415 1370 1451 1423 ad
1472 1370 1558 1423 animi
1574 1370 1717 1424 desideria
1739 1387 1850 1424 accom-

245 1446 361 1505 huntur.
1038 1447 1180 1512 modando,
1200 1465 1255 1503 non
1275 1450 1395 1503 animum
1417 1450 1499 1504 rebus
1521 1449 1607 1520 (quod
1625 1450 1701 1503 ratio
1725 1449 1849 1512 incitet

1037 1525 1167 1596 historia)
1181 1528 1371 1582 submittendo.
1412 1529 1500 1599 Atque
1514 1528 1558 1582 his
1572 1529 1685 1599 quidem
1700 1527 1849 1583 illecebris

249 1608 310 1663 Jarr
323 1611 358 1664 ad
371 1609 466 1680 polisin
480 1609 630 1663 veniamus.
671 1607 767 1662 Petisia
780 1615 821 1662 est
838 1623 924 1677 genus
941 1606 1002 1659 doc·
1038 1613 1067 1658 et
1093 1608 1270 1677 congruitate,
1295 1623 1349 1678 qua
1371 1609 1493 1662 animum
1514 1607 1666 1662 humanum
1690 1608 1848 1672 demulcet,

211 1688 295 1752 trinta,
304 1690 394 1744 verbis
407 1689 557 1759 plerunque
570 1687 734 1749 adstrictum,
747 1684 828 1740 rebus
843 1686 960 1740 solutum
974 1693 1002 1739 et
1038 1683 1131 1738 addito
1158 1687 1242 1739 etiam
1264 1687 1399 1741 consortio
1420 1689 1544 1751 musices,
1565 1687 1637 1742 unde
1660 1688 1785 1742 suavius
1809 1690 1849 1741 in·

210 1767 393 1833 licentiosum
408 1769 509 1838 itaque,
519 1775 550 1821 ut
559 1767 637 1820 initio
646 1766 773 1830 diximus,
785 1766 818 1818 ad
826 1765 1001 1835 phantasiam
1038 1763 1140 1817 sinuati
1155 1766 1249 1834 possit,
1264 1766 1366 1820 aditum
1380 1767 1433 1820 sibi
1446 1766 1582 1836 patefecit,
1596 1774 1627 1819 ut
1639 1765 1751 1822 honori
1763 1768 1849 1821 luerit

210 1848 333 1912 refertur,
348 1865 408 1918 quen
425 1848 518 1917 iniqua
536 1854 564 1899 et
583 1845 680 1900 illicita
702 1861 812 1914 prorsus
832 1862 921 1898 rerum
940 1861 1002 1898 con·
1038 1843 1121 1897 etiam
1130 1843 1228 1898 seculis
1238 1845 1318 1914 plane
1327 1845 1437 1899 rudibus
1445 1854 1472 1898 et
1481 1846 1553 1915 apud
1562 1846 1688 1899 nationes
1696 1846 1848 1912 barbaras,

207 1927 286 1997 jugia
312 1935 340 1981 et
365 1927 479 1980 divortia
506 1924 674 1979 comminisci
697 1931 724 1977 et
750 1923 901 1977 machinari
923 1922 1000 1978 solet.
1038 1939 1099 1975 cum
1113 1922 1175 1976 alia
1188 1923 1317 1977 doctriua
1330 1940 1439 1994 prorsus
1454 1924 1573 1979 exclusae
1586 1932 1692 1979 essent.

210 2005 306 2059 Poetis
320 2012 411 2060 autem
430 2006 567 2076 (utsupra
585 1999 737 2069 innuimus)
752 2002 854 2072 duplici
870 2002 1001 2071 accipitur
1077 2000 1235 2056 Dramatica
1247 2011 1339 2057 autem
1352 2004 1523 2075 poenisque,
1537 2003 1677 2058 theatrum
1692 2004 1789 2058 habet
1800 2022 1850 2076 pro

211 2100 299 2149 sensu,
320 2095 452 2155 quatenus
472 2084 609 2146 adverus,
628 2083 671 2136 vel
692 2089 823 2151 quatenus
846 2081 941 2136 adres
962 2099 1001 2135 re-
1038 2080 1147 2145 mundo,
1162 2098 1213 2135 usu
1227 2082 1328 2136 eximin
1348 2091 1397 2145 est,
1413 2084 1436 2136 si
1456 2101 1523 2136 seua
1542 2081 1619 2138 foret.
1661 2084 1737 2137 Non
1755 2101 1849 2155 parra

210 2164 318 2232 spiciat.
360 2164 454 2217 Priore
476 2180 564 2227 sensu,
579 2162 710 2216 sermonis
731 2161 841 2231 quidem
859 2160 1002 2215 character
1038 2160 1112 2213 euim
1125 2177 1184 2214 esse
1200 2169 1292 2230 posset
1304 2161 1411 2224 theatri,
1419 2171 1448 2215 et
1460 2162 1611 2232 disciplina,
1623 2171 1652 2217 et
1661 2164 1849 2234 corruptela:

211 2251 268 2296 est:
289 2259 398 2296 carmen
413 2243 485 2296 enim
495 2241 560 2311 styli
574 2257 668 2313 genus,
678 2249 703 2294 et
714 2240 872 2294 elocutionis
887 2241 1002 2295 formula
1038 2247 1118 2310 atque
1145 2240 1357 2309 corruptelarum
1382 2242 1412 2295 in
1432 2242 1484 2296 hoc
1507 2258 1615 2313 genere,
1638 2243 1758 2296 abunde
1790 2255 1849 2309 est,

211 2322 350 2390 quaedam3
365 2338 415 2374 nec
430 2321 464 2374 ad
477 2337 521 2375 res
534 2321 667 2391 pertinet:
688 2336 752 2374 nam
765 2327 793 2374 et
806 2337 868 2373 vera
882 2321 1001 2375 narratio
1038 2318 1182 2389 disciplina
1205 2318 1286 2390 plane
1310 2322 1410 2374 nostris
1434 2322 1601 2392 temporibus
1625 2330 1669 2376 est
1697 2322 1849 2393 neglecta.

210 2401 336 2465 carmine,
356 2409 383 2454 et
407 2401 470 2454 ficta
496 2401 616 2455 oratione
639 2399 727 2453 soluta
748 2399 881 2453 conscribi
903 2406 1000 2469 potest.
1038 2398 1165 2451 Attamen
1185 2397 1250 2452 licet
1270 2400 1299 2453 iu
1323 2400 1520 2470 rebuspublicis
1543 2401 1682 2455 modernis
1705 2401 1852 2456 habeatur

210 2478 364 2534 Posteriore
379 2496 445 2533 vero
461 2496 549 2543 sensu,
563 2479 750 2533 constituimus
770 2495 838 2543 eam,
859 2479 895 2532 ab
912 2478 999 2544 initio,
1038 2493 1088 2546 pro
1109 2494 1138 2531 re
1158 2478 1263 2532 ludicra
1285 2479 1356 2533 actio
1381 2479 1530 2544 theatralis,
1550 2480 1603 2533 nisi
1627 2481 1701 2534 forte
1722 2482 1851 2536 nimium

210 2557 337 2613 doctrinm
353 2558 504 2613 membrum
524 2558 681 2629 principale,
696 2574 810 2628 eamque
823 2559 904 2626 juxta
917 2557 1001 2612 histc
1038 2556 1131 2610 trahat
1152 2573 1167 2610 e
1187 2557 1280 2621 satira,
1294 2566 1322 2612 et
1343 2559 1480 2625 mordeat;
1503 2568 1594 2613 tamen
1612 2560 1687 2630 apud
1712 2562 1853 2633 antiquos

211 2637 278 2691 riam
288 2637 484 2700 collocavimus,
494 2655 555 2692 cum
565 2637 635 2692 nihil
645 2637 718 2692 aliud
729 2638 770 2702 sit,
782 2654 864 2709 quam
877 2636 1000 2691 historia
1037 2652 1110 2689 curre
1123 2635 1182 2700 fuit,
1197 2643 1227 2691 ut
1240 2638 1345 2692 animos
1360 2637 1500 2693 hominum
1515 2638 1550 2692 ad
1563 2639 1696 2693 virtutem
1712 2640 1851 2695 institue·

210 2716 328 2772 imitatio
346 2717 380 2771 ad
401 2718 540 2787 placitum.
586 2719 645 2771 Nos
659 2718 743 2787 igitur
761 2718 790 2770 in
810 2716 1001 2787 partitionibus
1037 2724 1086 2769 ret.
1114 2714 1269 2775 Quinetiam
1281 2717 1346 2770 viris
1359 2718 1535 2787 pmdentibua
1550 2725 1578 2771 et
1591 2720 1704 2790 magnis
1721 2720 1852 2791 philoso

210 2798 316 2861 nostris,
331 2814 408 2851 veras
424 2796 605 2851 doctrinarum
619 2814 702 2850 venas
718 2797 878 2866 indagantes
898 2802 926 2849 et
941 2812 1001 2865 per-
1038 2793 1192 2863 phisveluti
1201 2797 1351 2850 animorum
1365 2795 1498 2866 plectrum
1512 2797 1648 2869 quoddam
1663 2800 1851 2855 censebatur.

210 2884 369 2946 sequentem
390 2893 478 2946 neque
499 2876 686 2931 consuetudini
710 2884 737 2930 et
760 2875 937 2930 divisionibus
959 2893 1000 2930 re·
1038 2874 1128 2945 Atque
1149 2890 1215 2929 saue
1238 2876 1409 2930 verissimum
1434 2885 1483 2944 est,
1498 2883 1527 2931 et
1548 2885 1681 2949 tanquam
1702 2891 1852 2935 secremm

210 2957 296 3025 ceptis
317 2958 359 3027 (in
383 2955 488 3026 multis)
507 2957 649 3021 cedentem
674 2957 779 3019 satiras,
799 2964 827 3011 et
847 2955 959 3027 elegias,
974 2965 1001 3011 et
1038 2955 1173 3024 quoddam
1188 2961 1300 3020 naturis,
1315 2955 1459 3012 hominum
1471 2958 1583 3021 animos,
1598 2975 1662 3011 cum
1675 2962 1852 3032 congregati

210 3036 415 3107 epigrammata,
439 3044 467 3090 et
490 3036 562 3100 odas,
586 3043 615 3089 et
635 3035 798 3103 hujusmodi,
819 3036 854 3089 ab
873 3035 1000 3089 instituto
1038 3035 1100 3097 siut,
1116 3034 1204 3105 magis
1216 3052 1369 3105 quamcum
1382 3036 1434 3090 soli
1447 3039 1508 3103 sint,
1520 3037 1664 3092 affectibus
1678 3047 1711 3091 et
1725 3040 1852 3113 impres·

210 3131 333 3169 sermone
348 3131 531 3180 removemus3
553 3124 633 3184 atque
647 3116 681 3169 ad
695 3114 874 3186 philologiam
889 3121 917 3167 et
929 3122 1000 3169 artes
1038 3114 1158 3167 sionibus
1172 3120 1274 3182 patere.

210 3194 340 3249 orationis
353 3194 498 3261 rejicimus.
541 3194 597 3248 Sub
610 3195 720 3249 nomine
734 3203 825 3248 autem
834 3196 999 3264 poeseos,de
1078 3192 1114 3245 At
1136 3193 1228 3262 poesis
1250 3194 1413 3263 parabolica,
1436 3195 1509 3250 inter
1531 3194 1653 3266 reliquas
1677 3198 1802 3262 eminet,
1824 3205 1853 3252 et

209 3271 321 3327 historia
330 3274 364 3327 nd
374 3273 504 3344 placitum
515 3274 637 3338 conficta,
651 3274 835 3329 tanmmmodo
846 3282 998 3328 tractamus.
1037 3279 1164 3342 tanquam
1185 3288 1228 3325 res
1249 3289 1327 3327 sacra
1345 3275 1458 3336 videtur,
1479 3283 1507 3328 et
1526 3285 1657 3345 augereta3
1681 3294 1753 3330 cum
1778 3295 1851 3348 prae·

249 3351 362 3407 Partitis
375 3355 489 3423 poeseos
500 3353 648 3417 verissima,
662 3362 742 3424 atque
757 3355 876 3407 maxime
888 3370 924 3406 ex
940 3369 1001 3422 pro
1037 3354 1129 3404 sertim
1143 3350 1241 3422 religio
1259 3352 1321 3421 ipsa
1341 3354 1400 3421 ejus
1421 3370 1504 3423 opera
1523 3353 1675 3426 plerunque
1697 3365 1807 3420 utatur,
1824 3368 1853 3411 et

209 3431 331 3500 prietate,
346 3440 444 3502 praeter
465 3431 528 3485 illas
549 3431 702 3496 divisiones,
722 3451 782 3503 quae
805 3439 869 3486 sunt
890 3433 916 3485 ei
937 3449 999 3485 cum
1038 3447 1086 3499 per
1106 3447 1166 3483 eam
1186 3432 1349 3486 commercia
1363 3432 1514 3486 divinorum
1528 3450 1590 3487 curn
1609 3433 1750 3489 humanis
1768 3453 1853 3490 exer·

209 3509 323 3565 historia
342 3528 498 3565 communes
520 3514 595 3581 (sunt
612 3512 685 3565 euim
705 3512 766 3565 licta
785 3511 921 3576 chronica,
936 3511 1000 3565 vitae
1037 3517 1104 3563 ceat.
1146 3510 1273 3563 Attamen
1297 3518 1326 3565 et
1347 3512 1406 3565 hoec
1427 3529 1541 3582 quoque,
1563 3512 1747 3582 ingeniorum
1771 3517 1853 3569 circa

209 3588 288 3653 fictis,
303 3592 372 3644 ficta
384 3591 467 3643 etiam
479 3589 635 3659 relationes)
650 3607 683 3643 ea
697 3598 746 3655 eat,
761 3598 792 3643 ut
802 3591 838 3644 sit
851 3598 897 3644 aut
909 3607 1000 3644 narra-
1037 3588 1182 3660 allegorias
1195 3587 1304 3644 levitate
1319 3597 1348 3643 et
1368 3591 1544 3661 indulgentia,
1558 3593 1755 3647 contaminata
1770 3595 1853 3649 inve-

210 3668 282 3733 tiva;
310 3677 357 3723 aut
384 3669 550 3732 dramatica3
571 3677 618 3722 aut
644 3669 810 3739 parabolica.
851 3670 1000 3723 Narrativa
1036 3669 1118 3722 nitur.
1160 3668 1313 3723 Estautem
1327 3686 1392 3723 usus
1407 3670 1538 3740 ambigui,
1551 3678 1632 3741 atque
1647 3673 1684 3725 ad
1699 3676 1852 3729 contraria

208 3762 317 3814 prorsus
332 3748 474 3802 historiam
488 3748 617 3813 imitatur,
632 3756 662 3803 ut
681 3749 737 3803 sere
759 3749 843 3812 sallat,
858 3749 912 3802 nisi
927 3750 999 3820 quod
1037 3747 1187 3801 adhibetur.
1226 3748 1306 3802 Facit
1324 3750 1397 3803 enim
1411 3749 1446 3803 ad
1464 3747 1648 3815 involucrum
1670 3753 1743 3806 facit
1757 3755 1853 3809 etism

209 3842 253 3878 res
280 3827 393 3881 extollat
417 3827 516 3896 saepius
545 3844 628 3898 supra
651 3828 741 3882 iidem.
782 3828 941 3881 Dramatica
959 3836 1000 3882 est
1037 3828 1070 3880 ad
1087 3826 1306 3882 illustrationem.
1349 3828 1383 3882 ln
1399 3827 1460 3893 hoc,
1475 3828 1587 3883 docendi
1605 3831 1738 3901 quaedam
1754 3835 1851 3897 ratio;

209 3903 293 3959 veluti
308 3906 421 3960 historia
435 3906 609 3977 spectabilia3
623 3907 837 3962 namconstituit
850 3908 999 3977 imaginem
1036 3907 1065 3959 in
1085 3906 1141 3970 illo,
1162 3905 1314 3960 occultandi
1337 3908 1481 3962 artificium
1502 3908 1588 3979 quaeri
1602 3909 1724 3965 videtur.
1771 3913 1851 3968 Haec

209 4000 298 4037 rerum
323 3992 451 4055 tanquam
474 3987 667 4055 praesentium
689 3986 806 4041 historia
829 3994 920 4040 autem
942 3994 999 4040 tan-
1036 3992 1126 4038 autem
1150 3984 1264 4039 docendi
1287 3986 1362 4050 ratio,
1386 4005 1448 4058 quoe
1469 3986 1536 4040 facit
1556 3988 1592 4041 ad
1613 3987 1852 4058 illustrationem,

209 4079 291 4132 quam
310 4064 517 4133 praeteritarum.
565 4064 724 4119 Parabolica
739 4083 804 4120 vero
825 4073 868 4119 est
885 4065 1000 4120 historia
1036 4063 1154 4134 antiquis
1165 4064 1264 4118 seculis
1277 4065 1425 4136 plurimum
1439 4066 1630 4123 adhibebatur.
1674 4070 1752 4125 Cum
1768 4074 1854 4128 enim

208 4158 270 4194 cum
285 4150 357 4212 typo,
373 4161 433 4213 quaa
447 4144 641 4198 intellectualia
653 4144 760 4199 deducit
775 4145 809 4197 ad
823 4162 943 4198 sensum.
1036 4143 1148 4196 rationis
1162 4142 1290 4199 humanae
1303 4146 1421 4209 inventa,
1431 4154 1459 4200 et
1472 4145 1662 4201 conclusiones
1676 4149 1784 4219 (etiam
1797 4169 1853 4218 eae,

248 4219 336 4292 Atque
356 4222 388 4275 de
403 4223 479 4292 palisi
496 4224 640 4289 narrative,
655 4224 712 4278 sive
726 4240 787 4276 eam
800 4224 939 4278 heroicam
953 4241 999 4294 ap
1036 4240 1096 4292 quae
1109 4239 1180 4275 nunc
1195 4223 1264 4277 tritae
1279 4232 1307 4277 et
1317 4224 1434 4295 vulgatae
1447 4226 1521 4293 sunt)
1535 4234 1598 4279 tunc
1611 4230 1752 4297 temporis
1762 4247 1854 4287 ncsae

208 4298 311 4368 pellare
325 4299 421 4369 placet,
439 4302 532 4371 (modo
550 4301 602 4356 hoc
616 4302 754 4373 intelligas
768 4304 801 4356 de
815 4304 929 4356 materia
943 4320 997 4357 non
1035 4309 1064 4354 et
1083 4301 1197 4356 insuetae
1217 4311 1314 4368 esseut,
1328 4304 1376 4358 vix
1395 4305 1471 4357 illam
1490 4304 1671 4359 subtilitatem
1689 4309 1856 4378 capiebant

208 4379 241 4432 de
255 4379 355 4450 versu.)
369 4396 433 4434 esa
453 4380 627 4435 fundamento
648 4398 757 4451 prorsus
775 4381 859 4435 nobili
880 4382 999 4436 excitata
1035 4380 1146 4450 ingenia
1168 4381 1296 4446 humana,
1314 4383 1368 4436 nisi
1387 4384 1499 4454 propius
1523 4400 1562 4438 cta
1586 4383 1622 4437 ad
1643 4401 1774 4451 sensum,
1797 4406 1855 4459 per

208 4458 322 4523 videtur,
337 4459 408 4529 quod
422 4459 456 4512 ad
471 4460 632 4531 dignitatem
647 4460 774 4514 humanm
787 4469 892 4514 natnrte
906 4462 998 4532 impri-
1035 4459 1189 4528 hujusmodi
1225 4460 1370 4516 simulacra
1400 4469 1428 4515 et
1460 4461 1593 4532 exempla,
1624 4464 1854 4524 deducerentur.

208 4538 260 4589 mis
274 4545 387 4607 spectat.
422 4538 490 4592 Cum
506 4540 578 4592 enirn
586 4541 701 4594 muudus
715 4539 850 4594 sensibilis
864 4540 999 4595 situnima
1035 4538 1123 4599 Quare
1138 4539 1230 4593 omnia
1243 4541 1314 4609 apud
1330 4540 1400 4604 illos,
1411 4540 1562 4595 fabularum
1576 4543 1810 4614 omnigenarum,
1823 4558 1857 4603 et

208 4616 333 4670 rationali
353 4617 485 4687 dignitate
505 4619 624 4683 inferior,
638 4619 744 4673 videtur
764 4618 855 4688 polisis
875 4618 934 4672 haec
949 4619 999 4673 hu·
1035 4617 1232 4688 parabolarum,
1240 4626 1268 4672 et
1282 4621 1463 4690 aenigmatum,
1475 4630 1503 4673 et
1518 4620 1745 4690 similitudinum,
1757 4628 1855 4695 plena

207 4710 295 4748 manta
314 4703 418 4751 naturae
436 4696 538 4768 largiri,
556 4716 616 4768 quta
637 4697 895 4768 historiadenegat3
917 4705 998 4769 atque
1036 4698 1151 4751 luerunt.
1206 4697 1280 4751 Hinc
1321 4708 1429 4754 tesserae
1470 4698 1644 4770 Pythagorae,
1686 4705 1855 4776 renigrnata

207 4774 298 4828 animo
324 4775 426 4829 umbris
453 4794 543 4831 rerum
576 4788 711 4846 utcunque
741 4777 908 4841 satisfacere,
935 4794 998 4832 cum
1036 4775 1175 4847 Sphingis,
1202 4777 1298 4847 AEsopi
1325 4777 1432 4843 fabulae,
1460 4787 1489 4831 et
1515 4777 1625 4832 similia.
1678 4781 1852 4842 Quinetiam

207 4853 293 4908 solida
306 4854 465 4908 haberiuon
478 4855 590 4925 possint.
621 4856 650 4909 Si
665 4857 725 4926 quis
739 4857 812 4910 enim
825 4872 882 4910 rem
894 4857 998 4911 acutius
1035 4856 1270 4926 apophthegmata
1283 4864 1405 4911 veterum
1425 4858 1577 4928 sapientum
1599 4860 1658 4914 iere
1673 4877 1727 4929 per
1742 4864 1853 4920 simili-

207 4931 383 5004 introspiciat,
398 4936 504 4988 firmum
528 4951 563 4988 ex
581 4936 658 5003 palisi
672 4935 785 4989 sumitur
799 4941 997 5005 argumentum,
1035 4935 1444 4991 tudinesremdemonstrabant.
1467 4937 1539 4989 Hinc
1547 4936 1697 4993 Menenius
1711 4941 1853 5015 Agrippa

206 5013 423 5083 magnitudinem
432 5029 521 5067 rerum
532 5014 620 5082 magis
628 5012 768 5078 illustrem,
779 5014 900 5069 ordinem
910 5016 998 5085 magis
1035 5014 1106 5084 apud
1116 5010 1255 5067 Romanos
1266 5014 1390 5084 (gentem
1404 5033 1437 5069 eo
1450 5015 1543 5069 seculo
1552 5018 1669 5073 minime
1684 5020 1851 5093 literatum)

206 5093 363 5159 perlectum,
387 5098 415 5145 et
436 5092 595 5145 varietatem
619 5094 707 5161 magis
730 5092 879 5161 pulchram,
899 5094 998 5147 animia
1035 5093 1194 5147 seditionem
1215 5092 1308 5147 fabula
1325 5095 1462 5165 repressit.
1503 5095 1630 5167 Denique
1646 5108 1677 5152 ut
1696 5098 1851 5173 hierogly-

207 5168 332 5223 humanee
359 5170 536 5240 complacere,
563 5187 645 5238 quam
665 5171 694 5224 iu
721 5179 818 5226 natura
844 5174 913 5243 ipsa,
936 5181 999 5243 post
1034 5172 1117 5244 phica
1139 5172 1236 5237 literis,
1254 5173 1294 5226 ita
1317 5173 1454 5243 parabolae
1476 5176 1646 5243 argumentis
1667 5186 1748 5232 mant
1769 5184 1851 5236 anti·

205 5246 321 5315 lapsum,
333 5249 452 5319 reperire
462 5247 519 5301 ullo
529 5248 609 5301 modo
623 5249 716 5318 possit.
757 5249 926 5320 Quapropter
935 5269 997 5306 cum
1035 5251 1152 5322 quiores.
1195 5250 1285 5323 Atque
1299 5251 1381 5305 hodie
1396 5254 1478 5306 etiam
1493 5262 1520 5306 et
1532 5270 1642 5325 semper
1654 5258 1779 5313 eximius
1789 5271 1849 5325 est,

207 5342 249 5378 res
262 5335 355 5396 gestes,
367 5336 394 5380 et
407 5334 526 5389 eventus,
536 5328 583 5396 qui
593 5344 663 5381 veroe
677 5327 799 5382 historice
809 5331 997 5398 subjiciuntur,
1035 5337 1062 5384 et
1075 5330 1133 5394 luit,
1148 5330 1337 5400 parabolamm
1351 5333 1437 5401 vigor,
1452 5349 1514 5386 eum
1528 5349 1579 5385 nec
1593 5345 1761 5407 argumenta
1781 5347 1848 5395 tam

206 5420 259 5457 uon
282 5407 335 5459 sint
356 5406 414 5473 ejus
436 5406 628 5475 amplitudinis,
644 5407 673 5461 in
693 5423 747 5475 qna
764 5409 856 5463 anima
877 5408 998 5465 humana
1035 5409 1184 5480 perspicua,
1199 5425 1249 5464 nec
1263 5428 1326 5465 vera
1339 5411 1468 5482 exempla
1482 5418 1538 5465 tam
1553 5421 1620 5483 apta
1634 5432 1697 5473 esse
1719 5422 1846 5487 possint.
