3800 5875
649 318 833 376 HISTORIA
852 319 1080 376 vultuosum,
1622 324 1680 380 523

101 478 143 532 22
163 477 244 531 Venti
256 475 341 532 tribus
351 476 518 548 temporibus
527 475 662 531 frumento
672 486 700 532 et
710 477 847 548 segetibus
885 478 930 532 vel
943 478 1090 533 stinctum
1102 477 1245 548 regionum
1260 494 1310 547 per
1323 494 1391 549 quas
1409 485 1615 548 pertranseunt:
1635 483 1681 538 vel

67 564 168 622 nocent;
187 556 216 610 in
234 556 301 611 flore
319 557 467 626 aperiente,
487 565 514 610 et
532 556 733 621 deflorescente,
752 564 779 610 et
797 559 848 612 sub
885 556 921 610 ab
942 557 1094 628 originibus
1117 556 1250 611 localibus
1274 558 1338 622 suis,
1352 560 1382 612 in
1403 557 1467 623 alto,
1481 558 1532 612 sub
1552 569 1629 625 terra,
1649 563 1680 616 in

67 637 251 700 mauritatemr
273 645 329 691 tum
347 636 421 689 enim
439 635 600 690 exinaniunt
617 636 716 690 aristas
735 637 846 703 dejectis
884 636 996 700 medior
1018 653 1079 707 quae
1093 638 1185 690 omnia
1199 645 1342 706 sequentes
1355 636 1462 691 articuli
1476 637 1573 693 melius
1586 639 1680 710 expla-

68 715 162 785 grsnis:
182 721 209 768 at
229 716 363 785 prioribus
380 715 484 769 duobus
504 715 671 785 temporibus
689 716 783 770 florem
798 724 847 770 aut
885 715 995 769 nabunt
1717 765 1719 769 ,

67 797 91 848 in
101 794 198 848 calamo
210 795 399 865 consuingunt
411 801 458 848 aut
472 794 618 848 decutiunt.
924 794 971 849 38.
1001 795 1082 848 Venti
1103 810 1197 848 omnes
1213 793 1317 848 babent
1335 802 1497 863 potestatem
1515 794 1676 861 desiccandi,

100 874 142 927 25.
161 873 259 927 Flante
274 884 364 928 austro
384 873 520 927 anhelitus
540 873 682 927 hominum
695 873 784 942 magis
798 875 845 928 ιω-
883 874 966 927 etiam
973 874 1060 944 magis
1068 873 1217 943 quamipse
1224 873 1277 937 sol;
1293 874 1524 943 quiasolvapores
1532 873 1676 941 elicitsed,

68 962 106 1015 tet,
119 954 252 1023 appetitus
267 952 425 1008 animalium
438 952 566 1021 dejicitur
580 952 676 1022 magis,
687 953 773 1005 morbi
784 970 844 1024 pes-
882 953 936 1006 nisi
947 953 1092 1007 admodum
1105 953 1211 1006 fervens
1222 951 1311 1016 fuerit,
1322 968 1376 1006 non
1389 953 1521 1022 dissipst3
1543 961 1572 1007 at
1580 964 1677 1010 ventus

68 1034 161 1086 tilentes
174 1039 338 1103 grassantur,
359 1032 520 1102 gravedines
537 1030 705 1094 incumbunt,
719 1030 845 1087 homines
883 1047 930 1085 eos
944 1042 973 1085 et
986 1031 1061 1085 elicit
1074 1038 1101 1085 et
1114 1031 1240 1085 abducit:
1261 1039 1380 1085 attamen
1394 1040 1484 1086 auster
1495 1032 1606 1087 minime
1621 1049 1678 1088 om·

68 1112 142 1182 magis
154 1112 225 1181 pigri
246 1119 310 1165 sunt
323 1119 350 1166 et
362 1110 493 1165 hebetes:
514 1111 638 1164 stflante
651 1110 740 1174 borea,
756 1112 845 1183 magis
882 1110 959 1164 nium
978 1110 1030 1165 hoc
1053 1110 1132 1175 facit,
1155 1110 1303 1180 quinetiam
1325 1127 1393 1164 saxa
1416 1119 1444 1163 et
1465 1110 1556 1165 trabes
1579 1112 1677 1168 sudant

69 1190 165 1255 ductes,
176 1190 243 1254 sani,
255 1190 389 1245 avidiores
399 1190 462 1244 cibi.
503 1189 844 1245 Phthisicistamsnnocet
881 1190 971 1259 magis
984 1191 1067 1243 flante
1081 1189 1206 1243 nonnihil
1219 1199 1317 1254 suano,
1332 1206 1414 1261 quam
1427 1190 1456 1242 in
1469 1190 1623 1260 tranquillo.

67 1268 156 1333 boreas,
170 1277 197 1324 et
211 1268 386 1334 tussiculcsis,
401 1276 430 1323 et
442 1268 611 1340 podagricos,
626 1276 654 1322 et
667 1268 743 1323 omni
756 1270 843 1324 fluxui
921 1265 970 1323 39.
991 1267 1088 1323 Martii
1106 1268 1195 1339 magis
1216 1268 1298 1338 longe
1311 1269 1455 1333 desiccant,
1475 1285 1557 1338 quam
1571 1271 1674 1334 aesfivi3

67 1358 141 1403 acuto.
550 1344 553 1351 ’
881 1347 949 1402 adeo
962 1356 993 1403 ut
1011 1348 1128 1402 artifices
1146 1348 1383 1402 instrumentorum
1401 1348 1567 1403 musicorum
1579 1357 1675 1403 ventos

97 1427 138 1481 26.
157 1427 246 1482 Eurus
260 1427 355 1492 mesas,
370 1427 491 1493 mordax,
505 1426 686 1492 mortificans3
707 1425 841 1495 zephyrus
880 1427 991 1481 martios
1005 1434 1148 1496 expectent
1160 1427 1346 1481 admateriam
1360 1427 1599 1482 instrumentorum
1612 1446 1675 1483 sno·

65 1504 184 1571 humidus,
198 1507 326 1570 clemens,
341 1506 436 1561 almus.
879 1522 939 1559 rum
962 1506 1158 1571 desiccandam,
1178 1523 1294 1577 eamque
1315 1506 1478 1561 reddendam
1498 1523 1624 1577 porosum
1645 1515 1674 1562 et

99 1584 140 1646 27.
159 1587 254 1650 Eurus,
277 1587 384 1657 spirans
400 1603 464 1640 vere
487 1586 587 1651 adulto,
610 1584 751 1640 calamitas
772 1584 841 1640 imc-
879 1600 1015 1639 sonoram.

66 1670 137 1729 mam,
149 1664 298 1719 inducendo
311 1682 406 1719 emcss
421 1673 448 1719 et
459 1681 573 1730 vermes,
588 1670 619 1719 ut
631 1665 679 1720 vix
693 1663 765 1718 toliis
780 1682 841 1735 par-
918 1664 967 1719 40.
988 1665 1071 1719 Venti
1084 1664 1172 1720 omnis
1184 1664 1293 1736 genem
1312 1672 1430 1736 purgant
1443 1666 1541 1728 adrem,
1556 1682 1672 1736 eumque

66 1750 145 1809 estur,
171 1761 220 1797 nee
243 1761 337 1815 aquus
358 1744 503 1799 admodum
527 1744 684 1815 segetibus:
705 1743 840 1814 nepbyms
879 1744 1050 1812 aputredine
1064 1744 1209 1807 vindicant,
1223 1750 1255 1797 ut
1270 1745 1342 1809 anui,
1356 1745 1385 1797 in
1407 1744 1505 1814 quibus
1518 1745 1594 1799 venti
1615 1744 1670 1799 ire·

66 1834 150 1888 conus
163 1822 262 1887 herbis,
285 1824 404 1887 floribus,
419 1832 447 1877 et
461 1825 535 1878 omni
552 1822 705 1894 vegetabili,
720 1823 839 1877 maxime
879 1824 1005 1891 quentius
1019 1822 1131 1892 spirent,
1145 1824 1200 1877 sint
1215 1823 1335 1877 maniam
1350 1823 1479 1878 salubres.

66 1903 181 1971 pmpitius
194 1910 220 1956 et
233 1903 346 1957 amicus.
387 1903 423 1956 At
440 1920 522 1957 eurus
535 1919 641 1974 quoque
663 1902 736 1956 circa
757 1904 840 1974 aqui·
918 1901 966 1956 41.
987 1902 1035 1956 Sol
1043 1902 1339 1976 principumiortunam
1353 1902 1440 1967 subit,
1463 1901 1623 1972 quibuscum
1632 1904 1672 1958 ita

66 1982 168 2036 nutum
181 1981 334 2037 autumnale
346 1982 412 2036 satis
426 1983 569 2052 gratiosus.
877 1996 950 2050 saepc
964 1981 1063 2051 agitur,
1076 1988 1106 2035 ut
1117 1980 1247 2051 presides
1256 1981 1285 2034 in
1298 1981 1445 2051 provinciis
1458 1981 1569 2036 remotis
1582 1984 1671 2054 magis

97 2057 137 2114 28.
156 2060 235 2114 Venti
255 2061 291 2114 ab
304 2061 442 2115 occidente
456 2061 593 2131 spirantes
615 2067 678 2116 sunt
695 2059 839 2114 vehemen-
878 2060 1009 2114 obnoxios
1023 2060 1143 2114 habeant
1158 2059 1286 2123 subditos,
1302 2068 1329 2115 et
1343 2060 1441 2130 quibus
1454 2060 1583 2130 obsequia
1603 2078 1671 2131 pres-

67 2137 134 2192 tiores
146 2156 223 2210 quam
235 2139 278 2194 illi
292 2140 328 2194 ab
342 2140 455 2205 oriente,
469 2147 499 2194 et
511 2141 599 2212 magis
610 2147 729 2203 curvam,
738 2146 765 2193 ct
774 2156 838 2193 con·
877 2146 981 2193 stentur
993 2139 1089 2210 magis,
1104 2156 1187 2210 quam
1200 2138 1317 2209 principi
1328 2138 1390 2209 ipsi.
1432 2138 1512 2193 Certe
1525 2140 1607 2204 venti,
1622 2141 1670 2211 qni

66 2222 172 2285 torquent
184 2218 303 2273 arbores.
877 2224 1040 2287 potestatem
1053 2227 1082 2272 et
1096 2218 1229 2289 originem
1240 2217 1342 2272 habent
1356 2218 1535 2289 stolamque
1550 2227 1597 2273 aut
1607 2220 1669 2290 plus

97 2293 137 2350 29.
162 2296 320 2367 Tempestas
347 2297 479 2368 pluviosa,
508 2315 570 2367 quas
594 2298 692 2368 incipit
718 2297 839 2368 spirante
877 2297 1030 2366 gubernant
1050 2305 1243 2367 temperaturas
1261 2297 1402 2368 regionum
1422 2306 1450 2352 et
1463 2299 1575 2353 affectus
1589 2300 1669 2364 airis,
1702 2362 1705 2369 ¹

67 2389 126 2438 curn,
137 2374 241 2446 longius
258 2377 339 2430 durat
359 2395 440 2448 quam
458 2394 519 2447 quta
535 2378 654 2447 spirante
669 2377 796 2447 zephyro,
811 2383 839 2432 et
877 2392 959 2446 quam
978 2377 1038 2447 ipse
1056 2376 1105 2440 sol,
1120 2377 1149 2429 in
1163 2385 1267 2431 tantum
1281 2385 1311 2429 ut
1333 2377 1450 2431 Peruvia
1465 2379 1539 2448 (ques
1560 2387 1670 2448 propter

67 2451 112 2505 lere
123 2454 153 2507 ad
166 2455 235 2509 diem
248 2457 385 2527 integrunt
399 2456 561 2511 extenditur.
876 2456 1106 2526 propinquitatem
1120 2456 1224 2520 oceani,
1238 2456 1392 2510 vastitatem
1407 2458 1535 2521 amnium,
1550 2466 1578 2510 et
1591 2456 1668 2511 altis·

98 2532 138 2588 30.
157 2534 242 2589 Eurus
265 2536 326 2605 ipse
347 2543 377 2589 et
398 2536 502 2598 boreas,
527 2542 672 2606 postquam
684 2534 839 2606 inceperint
876 2534 959 2588 simos
974 2534 1150 2589 et'maximos
1164 2543 1270 2589 montes
1286 2534 1400 2599 nivales,
1414 2537 1564 2590 maximam
1584 2536 1670 2591 babet

67 2610 127 2676 flare,
147 2614 309 2669 constantius
330 2615 413 2670 flant:
434 2622 526 2670 auster
547 2623 574 2669 et
593 2614 729 2686 zephyrus
748 2615 838 2686 magis
876 2615 983 2683 copiam
995 2622 1138 2668 ventorum
1151 2621 1179 2668 et
1198 2631 1324 2668 summm
1346 2615 1523 2686 spirantium)
1536 2633 1598 2669 cum
1614 2616 1670 2670 Eu-

67 2691 196 2746 mutabiles.
875 2710 944 2763 ropa
956 2694 990 2748 de
1004 2700 1218 2762 temperamento
1231 2700 1260 2746 et
1272 2693 1416 2748 clementia
1430 2693 1502 2749 a'e'ris
1516 2703 1608 2749 certet

98 2769 137 2825 31.
156 2772 248 2827 Flante
259 2790 326 2827 euro
336 2773 456 2828 visibilia
465 2774 557 2828 omnia
570 2773 674 2843 majora
687 2779 836 2843 apparent:
914 2773 962 2826 42.
982 2772 1032 2827 Nil
1054 2774 1153 2827 mirum
1169 2772 1193 2827 si
1214 2780 1354 2827 veutomm
1374 2780 1465 2827 tantus
1487 2774 1524 2828 sit
1542 2774 1668 2844 impetus,

68 2849 170 2904 atlante
184 2852 304 2924 zephyro
318 2853 469 2919 audibilia;
489 2854 571 2907 etiam
584 2854 695 2923 longius
709 2853 835 2907 deserun-
876 2860 991 2923 qusntus
1007 2852 1152 2916 invenitur,
1172 2853 1391 2922 quandoquidem
1404 2853 1477 2906 venti
1493 2852 1670 2908 vehementes

68 2934 101 2981 tar
111 2930 169 2985 soni.
875 2932 930 2986 sint
942 2940 1071 3005 tanquam
1085 2932 1284 2996 inundationes,
1293 2941 1374 3004 atque
1384 2939 1516 2986 torrentes
1529 2940 1558 2986 et
1571 2933 1669 2987 fluctus

99 3008 139 3063 32.
159 3015 173 3041 ‘⁸
183 3008 302 3067 Cariam
318 3012 450 3068 nubesad
463 3030 493 3068 se
502 3013 636 3078 trahere,”
646 3013 719 3083 apud
727 3012 837 3068 Groecos
875 3014 969 3084 magni
990 3014 1069 3068 a'e'ris.
1110 3013 1210 3083 Neque
1227 3019 1327 3074 tamen,
1347 3012 1371 3065 si
1390 3011 1517 3065 attemius
1535 3011 1668 3076 advertas,

68 3085 255 3156 inproverbium
278 3093 394 3156 transiit,
415 3093 597 3163 comparando
611 3093 637 3148 ei
651 3093 835 3157 soeneratores,
874 3108 1003 3163 magnum
1018 3093 1145 3164 quiddam
1159 3099 1202 3146 est
1215 3108 1308 3146 eorum
1322 3092 1452 3161 potentis.
1491 3090 1610 3146 Possunt
1622 3091 1668 3145 de-

69 3166 105 3233 qui
114 3171 230 3235 pecunias
239 3171 377 3243 erogando
386 3173 510 3227 sorbente
530 3172 679 3226 vehemens
688 3179 730 3226 est
740 3180 837 3227 ventus
872 3170 958 3239 jicere
973 3172 1089 3236 arbores,
1104 3190 1165 3243 quas
1176 3171 1345 3225 cacuminum
1360 3185 1449 3234 onere,
1460 3177 1588 3241 tanquam
1597 3170 1669 3224 velis

69 3251 90 3293 et
100 3244 164 3311 latus,
179 3257 207 3302 ut
224 3267 278 3304 non
303 3251 391 3320 possit
408 3268 577 3306 summovere
599 3252 685 3306 nubes
703 3259 759 3306 tam
773 3252 835 3316 cito,
875 3252 1012 3320 expansis,
1026 3251 1123 3306 iisdem
1137 3250 1356 3305 commoditatem
1371 3249 1499 3319 praebent,
1514 3258 1584 3304 etse
1599 3251 1667 3319 ipsas

70 3338 134 3391 quam
152 3327 203 3382 illa
222 3330 375 3384 renitantur
391 3337 419 3383 et
440 3347 469 3384 se
483 3339 605 3396 vertant,
627 3331 698 3401 quod
711 3332 741 3384 iit
754 3331 836 3386 etiam
875 3340 1006 3392 onerant:
1038 3338 1151 3400 possunt
1177 3330 1259 3383 etiam
1286 3328 1401 3383 aedificia
1427 3329 1590 3394 infirmiora3
1619 3329 1668 3383 sed

69 3400 230 3474 lautioribus
251 3409 394 3474 incendiis,
416 3420 589 3480 quocontra
600 3417 710 3465 ventum
722 3409 837 3465 invales-
874 3416 1020 3464 stmcturss
1040 3409 1188 3474 solidiores,
1202 3409 1257 3463 nisi
1277 3410 1343 3462 fiant
1363 3425 1426 3462 cum
1443 3416 1522 3463 terras
1540 3408 1668 3473 motibus,

69 3489 126 3536 cunt.
874 3489 1100 3543 nonsubvertunt
1140 3488 1667 3560 Nivesquandoquetanquamintegrss

100 3560 139 3615 33.
158 3563 234 3620 Venti
253 3566 414 3631 cardinales,
433 3575 481 3621 aut
500 3569 582 3623 etism
606 3567 834 3635 semicardinales,
874 3568 1005 3642 dejiciunt
1016 3585 1052 3623 ex
1063 3568 1207 3632 montibus,
1215 3574 1245 3622 ut
1258 3566 1399 3637 planitiem
1412 3567 1596 3636 subjacentem
1609 3567 1668 3621 fere

70 3653 112 3692 aon
123 3653 177 3695 sunt
190 3654 243 3699 tam
258 3644 411 3715 procellosi,
425 3663 507 3717 quarn
520 3648 649 3703 mediani.
874 3647 1016 3717 sepeliant,
1032 3649 1104 3718 quod
1116 3648 1214 3702 accidit
1235 3646 1403 3715 Solymanno
1419 3648 1448 3700 in
1461 3648 1565 3718 campis
1580 3647 1668 3702 Sulta-

100 3717 140 3774 tt.
158 3721 283 3790 Mediani,
298 3725 410 3780 eborea
427 3727 462 3780 ad
483 3728 679 3792 euro-boream,
693 3727 782 3798 magis
795 3744 836 3782 se·
873 3726 947 3792 nim
978 3727 1061 3782 etiam
1079 3743 1192 3798 magnas
1209 3727 1370 3798 quandoque
1390 3726 1538 3780 immittunt
1555 3726 1668 3781 inunda-

70 3797 130 3860 mis
156 3802 188 3855 ab
207 3805 364 3858 euroborea
386 3804 421 3858 ad
441 3821 544 3869 eurum,
566 3807 655 3877 magis
681 3806 833 3876 procellosi.
874 3806 961 3860 tiones
974 3822 1114 3876 aquaram.
1492 3830 1497 3840 ·

72 3872 180 3934 Similiter
195 3882 229 3936 ab
248 3899 316 3938 euro
336 3883 371 3937 ad
391 3892 597 3950 euro-austrum,
620 3886 709 3955 magis
729 3886 833 3949 sereni,
912 3884 960 3940 43.
982 3885 1084 3940 Amnes
1108 3885 1269 3956 quandoque
1284 3892 1413 3957 tauquam
1427 3885 1456 3938 in
1470 3885 1543 3939 sicco
1564 3894 1668 3954 ponunt

71 3952 258 4041 {beamamtro
272 3962 308 4016 ad
322 3963 548 4034 austrum,magis
562 3963 714 4033 procellosi.
755 3965 835 4018 simi·
872 3965 955 4029 venti,
978 3973 1005 4019 et
1027 3965 1125 4019 fundos
1146 3965 1267 4033 ipsorum
1291 3964 1508 4034 discooperiunt:
1531 3964 1560 4017 Si
1583 3964 1665 4029 enim,

70 4027 119 4086 hter
135 4037 166 4090 ab
182 4048 268 4096 anmro
283 4041 319 4095 ad
333 4042 594 4113 zephyroaustrum,
613 4043 702 4114 magis
726 4043 833 4109 sereni3
873 4050 935 4112 post
947 4061 1075 4115 magnam
1097 4045 1255 4106 siccitatem,
1275 4050 1372 4097 ventus
1387 4043 1512 4098 mbuatus
1532 4043 1561 4096 in
1575 4060 1668 4098 conse·

72 4114 306 4199 azepbymaustro
328 4122 363 4174 ad
388 4121 546 4192 nephymm,
571 4122 659 4193 magis
682 4122 833 4193 procellosi.
873 4122 980 4176 cutione
1002 4122 1041 4177 fili
1065 4140 1150 4193 aqua,
1171 4122 1294 4192 pluribus
1321 4122 1417 4176 diebus
1440 4122 1559 4192 spirarit,
1582 4123 1620 4176 ita
1637 4130 1668 4177 ut

72 4185 178 4278 Similiter
193 4200 340 4269 arephyro
353 4200 388 4254 ad
401 4201 649 4271 zephyroboream,
664 4202 751 4271 magis
765 4219 835 4256 sere-
873 4217 959 4271 aquas
973 4203 1068 4267 amnis,
1080 4210 1208 4273 tauquam
1222 4202 1376 4267 evertendo,
1387 4201 1528 4256 devexerit
1540 4202 1569 4255 in
1583 4219 1666 4268 mare,

72 4280 108 4354 9¹3
124 4288 139 4324 a
155 4276 359 4347 zephyroborea
377 4280 412 4333 ad
433 4280 551 4344 boream,
567 4281 655 4351 magis
673 4280 833 4350 procellosis
873 4297 958 4352 aquas
984 4283 1104 4336 marinas
1131 4280 1308 4351 prohibuerit,
1332 4281 1362 4335 tit
1385 4282 1496 4336 siccatio
1523 4282 1610 4336 amnis
1636 4282 1668 4336 iu

72 4351 102 4398 ur
112 4358 136 4402 ut
147 4357 334 4424 progrediendo
347 4360 494 4414 secundum
509 4360 630 4414 ordinem
640 4360 712 4425 coeli,
727 4377 835 4431 semper
873 4359 965 4415 multis
974 4359 1042 4415 locis
1055 4359 1180 4415 insolitis.

73 4426 168 4485 mediani
185 4435 279 4504 prioris
298 4438 485 4492 semicardinis
497 4439 674 4510 disponantur
686 4440 722 4493 ad
735 4440 835 4494 sereni·

951 4439 1033 4495 Verte
1054 4440 1140 4511 polos,
1154 4448 1182 4494 et
1194 4445 1267 4493 verte
1284 4437 1366 4493 simul
1379 4440 1469 4494 obser-

73 4509 153 4574 nlffltt
171 4515 329 4581 posterioris,
344 4517 378 4569 ad
392 4524 573 4587 tempestates.

912 4519 1041 4584 vationes,
1057 4527 1188 4591 quatenus
1202 4519 1236 4572 ad
1250 4525 1371 4572 austrum
1384 4519 1469 4572 etbo·
1510 4482 1629 4526 mmmm

83 4660 88 4671 ι
103 4585 141 4641 35.
159 4589 289 4660 Tonitrus,
301 4603 328 4649 et
340 4595 455 4666 fulgura,
466 4605 493 4651 et
504 4597 644 4667 ecnephiae
654 4597 723 4651 fiunt
731 4597 834 4667 spiran-

73 4660 129 4717 tibur
145 4672 224 4727 renas
243 4673 358 4745 frigidis,
380 4677 480 4747 quique
503 4677 667 4746 participant
688 4693 724 4730 ex
744 4677 834 4741 borea,

74 4742 148 4826 quales
160 4760 216 4804 tunt
232 4769 318 4818 corus,
332 4754 473 4819 thrascias,
488 4757 594 4820 circius,
608 4771 704 4821 meses,
718 4757 832 4811 caecias:

74 4817 166 4894 litoque
179 4829 281 4901 fulgura
296 4833 395 4903 sapius
406 4835 548 4889 comitatur
562 4836 673 4906 grando.

104 4899 142 4956 36.
159 4906 244 4963 Etiam
262 4912 366 4967 nivales
387 4915 459 4967 venti
480 4932 497 4968 a
518 4916 700 4984 septentrione
717 4914 834 4978 veniunt,

75 4977 112 5028 ted
128 4982 200 5040 abiis
212 4991 341 5046 medianis
356 4993 403 5062 qui
421 5009 476 5046 non
498 5002 561 5047 sunt
583 4992 735 5064 procellosi,
749 4993 834 5047 veluti

75 5068 138 5113 coms
149 5071 173 5116 et
185 5082 277 5123 meses.

106 5135 146 5196 37.
166 5142 276 5202 Omnino
288 5150 360 5204 venti
375 5151 494 5222 quinque
508 5152 596 5206 modis
608 5159 720 5207 naturas
734 5160 836 5206 suaset

75 5220 226 5284 propnetam
238 5231 433 5284 nanciscuntur.
474 5230 527 5284 Vel
536 5232 700 5285 ababsentia
709 5239 757 5285 sut
766 5248 835 5302 prar-

76 5296 145 5349 unna
156 5300 228 5387 solis3
248 5307 289 5361 vel
302 5325 319 5363 a
332 5326 464 5364 consensu
477 5319 504 5363 et
513 5311 636 5365 dissensu
646 5328 708 5365 cum
720 5309 836 5365 naturali

77 5379 225 5437 monstris:
245 5386 286 5440 vel
299 5405 316 5442 a
328 5388 484 5442 diversitate
499 5391 620 5445 materies
634 5389 759 5444 fomitum
773 5406 837 5444 suo·

77 5463 124 5506 ΝΜ
135 5470 150 5509 ⁸
161 5461 251 5529 quibus
264 5474 433 5537 generantur,
443 5468 534 5536 maris,
545 5470 622 5537 nivis,
637 5469 776 5541 paludum,
787 5477 837 5525 etc.

912 4613 995 4652 ream.
1037 4598 1106 4653 Cum
1124 4600 1195 4652 enim
1210 4597 1334 4651 absentia
1346 4603 1374 4651 et
1393 4597 1539 4668 prasentia
1552 4597 1617 4653 solis
1637 4599 1667 4652 in

913 4692 995 4731 causa
1013 4678 1055 4742 sit,
1071 4678 1158 4731 variat
1177 4693 1228 4748 pro
1248 4677 1353 4731 ratione
1373 4677 1508 4748 polorum.
1549 4676 1587 4730 At
1600 4677 1667 4731 illud

913 4765 1040 4811 constans
1053 4774 1097 4810 res
1107 4773 1166 4811 esse
1177 4757 1271 4826 possit,
1281 4756 1352 4826 quod
1362 4757 1423 4828 plus
1433 4760 1470 4812 sit
1483 4756 1666 4812 marisrersus

913 4843 1041 4900 austmm,
1051 4835 1112 4906 plus
1126 4837 1161 4890 sit
1175 4845 1253 4890 terroe
1266 4853 1360 4891 versus
1373 4837 1492 4902 boream,
1502 4837 1574 4908 quod
1585 4837 1666 4890 etiam

914 4915 1055 4968 adventus
1067 4932 1122 4969 non
1137 4931 1232 4985 parum
1246 4916 1321 4970 iacit.

953 4993 1032 5046 Mille
1053 4995 1142 5048 modis
1156 4995 1224 5048 fiunt
1236 4996 1318 5061 venti,
1332 5004 1363 5050 ut
1376 5013 1413 5051 ex
1429 4997 1468 5050 in·
1517 5037 1626 5079 Maritum

914 5073 1058 5142 quisitionc
1067 5074 1191 5144 sequenti
1199 5075 1318 5144 patebit:
1336 5076 1469 5146 itaquein
1628 5067 1633 5077 ’

914 5168 943 5205 re
959 5150 1102 5206 tam'varia
1120 5153 1203 5225 figere
1217 5155 1418 5208 observationes
1436 5152 1510 5207 haud
1522 5151 1603 5205 facile
1616 5158 1666 5205 est

914 5229 1043 5285 Attamen
1056 5249 1117 5302 quae
1131 5249 1148 5285 a
1160 5233 1239 5287 nobis
1259 5234 1350 5305 posita
1371 5240 1440 5298 sunt,
1454 5248 1505 5303 pro
1518 5239 1592 5286 certo
1611 5229 1668 5302 ple·

913 5326 1027 5381 rumque
1042 5312 1172 5367 obtinent.
