3800 5875
50 288 120 345 Car.
137 289 176 343 ll.
569 287 621 344 DE
641 286 867 344 AUGMENTIS
888 287 1162 345 sctsnrraautt.
1617 290 1672 348 391

49 447 123 502 deria
137 446 255 501 humilia
268 453 297 501 et
313 446 407 500 inania
420 444 664 521 (quemadmodum
677 447 782 501 cithara
796 447 848 502 fuit
884 447 923 502 vit
933 447 1066 516 indicium
1077 447 1226 511 hominum,
1241 445 1342 516 partim
1355 446 1457 501 omissa
1470 453 1513 503 est
1526 448 1675 519 inquisitio.

49 527 163 591 Neroni,
184 525 349 597 gladiatoria
370 526 528 591 Commodo,
542 524 682 580 Antonino
703 527 845 597 aurigatio,
884 527 955 581 Boni
971 527 1106 598 siquidem
1126 526 1271 589 fruitionis,
1292 526 1358 588 siue,
1381 526 1453 596 quod
1471 526 1555 597 vulgo
1572 527 1676 595 dicitur,

48 615 75 662 et
87 606 143 661 alia
152 605 230 675 aliis)
244 622 307 676 qua
322 612 414 660 tamen
427 604 495 675 ipsis
509 604 609 659 luerint
622 605 696 659 omni
710 606 847 660 affluentia
881 606 994 675 jucundi
1014 607 1133 678 dignitas
1151 612 1178 660 et
1192 604 1397 669 commendatio,
1415 612 1462 660 aut
1478 606 1507 659 in
1525 605 1677 664 sinceritate

48 685 217 757 voluptatum
232 685 401 740 remelium
421 684 534 755 potiora
575 685 666 739 'lanto
679 685 847 755 voluptatem
885 686 1022 739 fruitionis
1042 685 1094 739 sita
1112 694 1160 751 est,
1174 692 1221 739 aut
1243 684 1273 738 in
1292 684 1412 752 ejsudem
1435 684 1544 756 vigore:
1566 702 1678 758 quorum

49 766 177 835 majorem
191 766 279 829 effert,
289 772 319 819 ut
331 763 437 836 aliquid
450 781 571 835 agamrm
582 780 663 835 quam
674 771 705 817 ut
718 765 846 819 fruamur.
885 765 1000 819 alterum
1013 765 1116 818 inducit
1125 771 1152 819 et
1165 771 1275 834 praestut
1285 762 1442 855 aequalitas,
1463 763 1577 819 alterurn
1588 772 1678 821 autem

89 843 178 898 lllud'
170 844 283 899 autenm
291 845 376 914 paulo
384 844 514 899 attentius
524 844 673 898 notandum
687 851 736 906 est,
744 843 846 897 bonum
885 844 1001 899 varietas
1014 844 1225 899 etvicissitudo.
1245 843 1361 899 alterum
1372 843 1504 898 minorem
1518 843 1678 900 habetmix·

49 924 174 989 activum,
194 923 371 988 individuale,
392 923 501 978 abono
521 923 717 978 communionis
736 939 847 993 prorsus
886 931 974 977 turam
988 922 1062 989 mali,
1081 923 1217 979 alterum
1209 924 1416 995 impressionem
1430 923 1519 995 magis
1540 924 1636 979 fortem
1649 932 1678 979 et

50 1002 177 1065 differree
199 1019 357 1073 quanquam
373 1018 565 1073 nonnunquam
585 1003 667 1056 ambo
687 1002 845 1057 coincidunt.
885 1004 1004 1058 vividam
1017 1002 1091 1058 boni.
1132 1003 1275 1068 Caeterum,
1288 1003 1386 1057 horum
1400 1011 1490 1057 utrum
1502 1002 1608 1069 melius,
1623 1020 1678 1058 am·

51 1082 180 1143 Quamne
207 1082 282 1136 enim
302 1083 405 1136 bonum
428 1080 501 1136 istud
524 1081 697 1147 individuale,
721 1082 846 1148 aeduum,
885 1083 1004 1154 bigiturr
1026 1082 1096 1147 dein,
1109 1100 1175 1137 num
1195 1091 1293 1137 natura
1306 1081 1426 1137 humana
1439 1089 1582 1153 utrumque
1596 1083 1678 1139 simul

49 1178 120 1231 sepe
133 1178 222 1231 opera
234 1160 422 1215 δειειιοιιιιιω
436 1162 510 1232 (qua
524 1178 559 1216 ex
572 1162 716 1217 virtutibus
729 1178 846 1215 commu·
885 1162 958 1233 apud
972 1178 1001 1216 se
1015 1163 1131 1216 retinere
1145 1164 1237 1231 possit,
1252 1177 1306 1216 non
1319 1161 1475 1232 inquiritur.

49 1242 136 1295 aionis
150 1243 207 1309 est)
222 1241 314 1312 pariat
326 1249 356 1295 et
372 1240 519 1313 producam
541 1241 607 1296 illud
621 1251 713 1295 tamen
726 1242 846 1305 interest,
924 1241 1014 1313 Atque
1029 1249 1158 1312 quantum
1172 1242 1206 1296 ad
1219 1243 1255 1306 id,
1270 1242 1302 1296 de
1317 1258 1371 1311 quo
1384 1240 1538 1311 ambigitur,
1552 1240 1678 1296 ventilari

49 1320 120 1390 quod
140 1319 193 1374 ills
216 1337 301 1391 opera
322 1319 357 1373 ab
374 1319 530 1374 hominibus
553 1320 677 1390 plurimis
700 1321 773 1384 fiant,
793 1336 847 1374 nou
885 1322 968 1391 coepit
987 1320 1036 1374 illa
1050 1322 1233 1376 controversia
1246 1321 1317 1375 inter
1335 1321 1473 1375 Socratem
1487 1328 1514 1374 et
1527 1318 1678 1390 sophistam

49 1400 141 1454 animo
153 1400 227 1454 alios
238 1399 352 1469 jurandi
361 1407 409 1453 aut
418 1398 582 1466 beandi,sed
596 1399 675 1470 plane
689 1408 799 1470 propter
808 1416 845 1462 se,
886 1401 1028 1473 quendam.
1069 1400 1109 1454 Ac
1130 1401 1254 1456 Socrates
1268 1400 1377 1471 quidem
1390 1400 1535 1464 asserebat,
1549 1398 1677 1454 Felicita-

48 1480 331 1551 atquepatentiamet
339 1478 544 1550 amplitudinem
552 1481 697 1551 propriam.
733 1478 848 1550 ldquod
886 1489 942 1535 tem
956 1482 1035 1534 sitam
1050 1496 1109 1535 esse
1123 1479 1152 1534 in
1167 1480 1251 1535 animi
1265 1496 1332 1549 pace
1346 1486 1492 1541 constante,
1505 1485 1534 1532 et
1546 1479 1677 1550 tranquil-

49 1559 153 1628 optime
171 1560 298 1624 cernitar,
321 1558 429 1630 quando
445 1558 547 1612 bonum
565 1559 681 1613 activum
696 1559 724 1612 in
744 1557 848 1629 aliquid
885 1560 979 1614 litate:
999 1559 1123 1629 sophista
1132 1575 1197 1614 vero
1206 1560 1235 1613 in
1245 1557 1306 1625 hoc,
1318 1559 1358 1612 Ut
1368 1558 1428 1629 quis
1438 1557 1550 1612 multum
1559 1564 1676 1628 appetat,

48 1639 195 1710 impinget,
213 1638 287 1710 quod
310 1639 346 1693 sit
363 1637 435 1692 bono
453 1638 649 1693 communionis
670 1638 845 1692 contrarium.
886 1649 913 1694 et
927 1637 1041 1693 multum
1061 1639 1172 1693 fruatur.
1215 1638 1286 1700 Quin
1301 1646 1328 1693 et
1341 1637 1376 1692 ab
1390 1637 1556 1707 argumentis
1571 1636 1677 1708 delapsi

50 1717 193 1789 Siquidem
202 1719 333 1790 gigantea
346 1716 395 1771 illa
407 1718 490 1771 animi
505 1718 630 1782 conditio,
646 1735 699 1789 qua
712 1717 849 1787 abripiun·
886 1727 948 1773 sunt
958 1718 992 1772 ad
1002 1718 1136 1783 convicia;
1158 1718 1262 1772 dicente
1274 1717 1404 1788 sophista,
1415 1715 1571 1771 felicitatem
1582 1716 1677 1771 Socra·

49 1804 94 1852 tur
107 1798 204 1869 magni
224 1797 269 1851 isti
290 1797 364 1852 orbis
382 1804 512 1853 terrarum
534 1798 732 1867 perturbatores
747 1796 848 1867 (qualia
887 1799 929 1863 tis,
957 1798 1058 1868 stipitis
1077 1797 1120 1851 vel
1142 1797 1241 1866 lapidis
1265 1813 1325 1851 esse
1347 1796 1519 1860 felicitateme
1547 1803 1677 1850 econtra

49 1876 104 1969 fuit
116 1876 151 1932 Ia
167 1876 255 1968 Sylla,
270 1884 298 1931 et
318 1875 426 1946 plurimi
447 1875 503 1939 alii,
516 1877 582 1931 licet
597 1878 625 1931 in
638 1876 747 1931 modulo
766 1876 847 1946 longe
887 1878 1006 1943 Socrate,
1013 1876 1142 1947 sophistae
1149 1876 1313 1941 felicitatem
1322 1875 1479 1930 felicitatem
1486 1875 1677 1940 essescabiosi

49 1952 174 2028 minore)
198 1956 247 2027 qni
268 1955 396 2011 videntur
417 1955 452 2009 ad
474 1955 526 2009 hoc
547 1955 733 2019 anhelarent
754 1973 848 2009 omnes
887 1959 933 2027 qui
955 1965 1085 2026 perpetuo
1105 1956 1221 2026 pruriret
1239 1964 1267 2011 et
1286 1955 1428 2026 scalperet.
1469 1955 1567 2026 Neque
1586 1962 1678 2009 musea

50 2034 146 2091 felices
160 2035 352 2091 amoniaca
366 2036 427 2099 srnt,
436 2042 517 2105 prout
526 2036 579 2089 srbr
594 2034 692 2089 fuerint
704 2052 794 2098 amrcr
805 2034 849 2088 vel
886 2036 983 2091 desunt
1012 2037 1117 2105 utruque
1142 2037 1282 2090 sententiae
1303 2051 1353 2089 sua
1376 2035 1553 2089 firmamenta
1602 2035 1677 2089 Nam

50 2114 170 2179 inimici3
191 2123 274 2186 atque
281 2122 313 2169 ut
322 2114 437 2168 mundus
451 2115 601 2185 tauquam
594 2132 712 2184 ipsorum
724 2115 849 2184 praeferat
887 2115 991 2170 Socrati
1001 2116 1145 2170 assentitur
1157 2114 1201 2168 vel
1215 2114 1326 2184 Epicuri
1336 2112 1451 2168 schola
1442 2130 1511 2185 ipsu,
1523 2130 1584 2185 quta
1593 2114 1677 2168 virtu·

50 2194 203 2266 imaginem
217 2198 294 2266 (qum
308 2211 372 2249 vera
386 2201 428 2247 est
440 2192 626 2261 theomachia)
645 2194 733 2257 ιιιιι,1
726 2210 848 2266 mquam,
888 2196 931 2260 tis,
946 2196 980 2249 ad
995 2194 1161 2260 felicitatem,
1174 2203 1266 2264 partes
1287 2210 1346 2248 esse
1360 2193 1571 2259 maximenon
1585 2191 1678 2247 diffite-

49 2274 111 2343 ipsa
124 2274 233 2345 aspirat
248 2274 284 2327 ad
300 2274 402 2327 bouum
419 2273 544 2338 aeduum,
559 2272 732 2336 individuale,
752 2273 848 2327 saltem
887 2274 974 2329 batur.
1014 2274 1091 2335 Quod
1114 2274 1137 2328 si
1162 2274 1201 2327 ita
1221 2274 1263 2339 sit,
1287 2281 1361 2327 certo
1382 2273 1482 2328 certius
1504 2277 1554 2338 est,
1573 2273 1679 2328 virtutis

50 2368 203 2424 appueasr
226 2352 386 2407 etsiabono
395 2353 594 2407 communionis
602 2353 722 2407 omnium
730 2354 848 2408 maxime
888 2355 1020 2423 majorem
1040 2369 1100 2407 esse
1120 2370 1199 2408 usum
1219 2353 1247 2406 in
1270 2352 1516 2424 perturbationibus
1545 2351 1678 2417 sedandis,

50 2433 170 2488 recedat
888 2450 968 2504 quam
989 2433 1069 2488 rebus
1090 2432 1188 2503 cupitis
1209 2431 1399 2503 adipiscendis.
1441 2431 1575 2502 Sophiste
1588 2439 1679 2486 autem

88 2513 127 2566 At
139 2513 243 2566 bmnm
261 2510 398 2581 passivum
418 2512 574 2580 partiemur,
588 2512 617 2564 in
631 2512 731 2566 bonum
745 2527 849 2566 couser·
887 2513 1012 2567 nonnihil
1026 2512 1169 2582 suffragari
1180 2511 1287 2566 videtur
1300 2511 1413 2566 assertio
1425 2510 1481 2575 illa,
1491 2512 1567 2580 cujus
1577 2511 1680 2565 anobis

50 2591 333 2656 vatirnm,etbonum
346 2590 530 2660 perfectivum.
571 2590 679 2644 Etenim
692 2591 795 2644 inditus
809 2599 850 2644 est
887 2594 991 2646 mentio
1003 2591 1084 2646 modo
1104 2592 1176 2645 facta
1195 2599 1243 2654 est,
1265 2590 1336 2661 quod
1355 2589 1481 2644 videlicet
1500 2590 1601 2645 bouum
1620 2607 1680 2660 per-

51 2672 199 2742 unieuique
213 2670 254 2725 rei
273 2669 375 2739 triplex
388 2671 534 2741 appetitus,
553 2679 685 2741 quatenus
700 2671 734 2722 ad
749 2670 849 2724 bonum
888 2672 1016 2725 factivum
1042 2672 1113 2725 bono
1136 2671 1321 2724 conservativa
1347 2669 1384 2722 sit
1409 2667 1549 2740 superium
1578 2670 1679 2740 quippe

51 2750 171 2815 mitatis,
192 2750 253 2805 sire
273 2749 413 2803 individui.
459 2749 573 2813 Pmmus,
592 2758 622 2803 ut
641 2766 670 2803 se
690 2757 849 2803 conservet:
888 2752 954 2822 quis
967 2752 1119 2820 cupitarum
1132 2748 1389 2819 rerumadeptiones
1402 2756 1527 2802 naturam
1540 2748 1680 2804 videantur

51 2831 198 2894 madae,
212 2838 243 2884 ut
261 2845 292 2884 se
311 2829 450 2900 perficiat:
472 2829 575 2892 tertius,
592 2836 623 2882 ut
641 2845 670 2882 se
690 2829 851 2899 multiplicet
888 2831 991 2884 sensim
1004 2831 1151 2899 perficere:
1173 2828 1244 2898 quod
1255 2828 1453 2882 licetverenon
1467 2827 1577 2894 iaciant,
1588 2836 1680 2883 tamen

52 2909 109 2965 sive
127 2908 273 2965 diffundat.
314 2908 404 2981 litque
425 2907 470 2962 hic
490 2916 641 2978 postremus
658 2908 795 2979 appetitus
816 2910 850 2963 ad
889 2916 916 2964 et
931 2919 1020 2965 motus
1034 2910 1092 2980 ipse
1106 2909 1136 2963 in
1149 2908 1259 2977 circulo,
1274 2908 1394 2980 speciem
1407 2904 1636 2980 nonnullamprre
1650 2924 1679 2963 se

52 2989 153 3044 ιιοιιιιιιι
169 2990 288 3043 activum
303 2988 425 3053 refertur,
439 2988 473 3042 de
488 3005 542 3058 quo
553 2989 609 3056 jam
624 2988 704 3043 modo
723 2988 849 3044 diximus.
889 2990 941 3044 fert
955 2995 1044 3044 motus
1058 2988 1232 3060 progressivi.

51 3066 207 3140 Supersunt
228 3068 313 3139 igitur
333 3067 437 3139 reliqua
451 3076 555 3122 tantum
572 3067 634 3133 duo,
649 3086 709 3138 quie
723 3068 849 3132 diximus,
928 3069 966 3123 At
979 3069 1095 3123 secunda
1110 3068 1223 3139 quaestio
1236 3064 1317 3143 (num
1332 3066 1436 3122 scilicet
1449 3072 1547 3122 natura
1558 3065 1681 3122 humana

50 3148 139 3202 bona:
154 3147 641 3219 exquibusprrecellitperfectivum.
673 3147 851 3202 Minusenim
888 3165 942 3203 non
957 3149 1043 3220 possit
1055 3157 1083 3203 et
1096 3148 1180 3203 animi
1194 3144 1425 3218 tranquillitatem,
1440 3153 1469 3201 et
1481 3145 1587 3214 fruendi
1601 3147 1679 3218 vigo-

51 3228 184 3299 qaiddam
208 3233 258 3290 est,
278 3243 435 3281 conservare
454 3244 509 3281 rem
531 3227 561 3279 in
580 3243 629 3280 suo
650 3235 736 3281 statur
764 3229 851 3295 maius
889 3245 955 3294 rem,
970 3228 1051 3283 simul
1063 3225 1191 3298 retinere)
1205 3228 1256 3282 rite
1270 3226 1389 3292 definita,
1403 3227 1521 3296 priorem
1534 3225 1609 3281 illam
1620 3227 1681 3281 red·

50 3324 123 3371 vero,
137 3306 255 3361 andem
270 3305 305 3360 ad
318 3313 440 3360 naturam
454 3305 638 3360 sublimiorem
654 3306 776 3361 evehere.
799 3307 851 3361 lle·
889 3308 928 3361 dit
945 3308 1059 3362 otiosam
1075 3314 1103 3362 et
1118 3323 1353 3378 supervacaneam.
1395 3305 1492 3360 Annon
1513 3305 1586 3361 enim
1606 3306 1680 3361 vide·

50 3386 195 3457 perduntur
209 3385 343 3456 siqnidem
358 3402 408 3455 per
421 3401 464 3439 res
474 3386 622 3448 universas,
635 3394 739 3440 naturae
752 3385 851 3458 aliquae
890 3405 957 3452 mus,
978 3387 1051 3441 haud
1071 3403 1132 3441 raro
1151 3387 1256 3442 animos
1275 3384 1466 3441 nonnullorum
1489 3384 1529 3439 ita
1549 3384 1635 3440 factos
1654 3394 1683 3444 et

50 3465 209 3529 nobiliores,
230 3465 266 3517 ad
287 3482 401 3536 quarum
421 3465 582 3536 dignitatem
603 3472 630 3519 et
654 3465 850 3530 excellentiam,
889 3467 1060 3536 compositos,
1082 3474 1112 3521 ιιι
1125 3466 1310 3536 voluptatibus
1330 3465 1483 3520 alliciantur
1496 3464 1540 3519 vel
1561 3465 1680 3521 maxime

50 3553 158 3601 naturae
169 3543 316 3598 inferiores
328 3544 456 3614 aspirant,
465 3544 547 3598 veluti
558 3546 592 3597 ad
604 3544 720 3615 origines
728 3546 851 3600 etfontes
889 3562 950 3601 eum
971 3546 1066 3610 adsint,
1081 3553 1213 3601 ettamen
1236 3562 1327 3600 earum
1344 3545 1479 3612 jacturam
1498 3561 1554 3599 non
1573 3551 1682 3616 gravate

51 3640 124 3680 auce.
168 3624 216 3679 Sic
230 3623 264 3677 de
279 3622 496 3677 hominibusnon
511 3623 582 3678 male
596 3624 694 3677 cecinit
707 3624 770 3679 ille:
891 3626 997 3680 ferenti
1019 3623 1061 3680 Ita
1070 3632 1101 3681 ut
1113 3626 1198 3681 series
1212 3625 1261 3680 illa
1274 3623 1472 3695 philosophica,
1487 3630 1503 3656 ‘⁴
1513 3624 1579 3679 Non
1592 3624 1640 3689 uti,
1651 3633 1683 3679 ut

889 3720 943 3759 non
954 3712 1082 3776 appetam
1103 3722 1157 3762 non
1167 3713 1302 3776 appetere,
1313 3713 1345 3759 ut
1358 3720 1411 3757 non
1421 3705 1551 3769 metuas,''
1560 3704 1683 3759 uidemur

892 3801 952 3839 esse
974 3784 1065 3854 pusilli
1086 3785 1225 3853 cujusdam
1246 3784 1339 3849 animi,
1355 3789 1383 3837 et
1401 3783 1560 3838 diffidentis.
1602 3782 1682 3849 Sane,

54 3866 170 3922 Homini
187 3866 275 3929 enim,
290 3866 439 3935 assumptio
455 3875 502 3920 aut
522 3866 721 3937 approximatio
734 3867 768 3920 ad
783 3866 851 3920 diri·
890 3863 1019 3919 doctrinae
1052 3862 1189 3936 pleraeque
1220 3862 1445 3935 philosophorum
1470 3862 1595 3917 ridentur
1619 3878 1681 3919 esse

53 3962 115 4001 uam
130 3952 179 3999 aut
188 3945 342 4015 angelicam
353 3953 485 4009 naturam,
495 3953 537 3999 est
547 3945 850 4015 formoesnaeperfeetio.
890 3943 972 4013 paulo
985 3943 1141 4006 timidiores,
1155 3950 1183 3997 et
1195 3960 1289 3997 cavere
1306 3941 1462 3997 hominibus
1475 3941 1619 4013 plusquam
1633 3959 1683 3997 ua·

54 4025 141 4094 Cujus
160 4024 274 4095 quidem
295 4025 359 4078 boni
382 4025 523 4093 perfectivi
543 4041 627 4094 prava
641 4031 668 4078 et
686 4032 852 4095 praepostera
891 4030 1046 4077 tnrarerum
1060 4022 1185 4092 postulat
1227 4021 1327 4084 Veluti,
1335 4038 1397 4076 cum
1409 4023 1502 4077 mortis
1510 4021 1682 4077 formidinem

54 4104 179 4168 imitatio,
194 4103 280 4173 pestis
294 4114 335 4158 est
349 4105 410 4174 ipsa
424 4104 486 4159 vitre
502 4105 639 4169 humanae,
654 4112 682 4159 et
696 4105 775 4158 turbo
790 4105 850 4174 qui·
890 4101 1022 4155 medendo
1032 4108 1140 4172 augent.
1172 4101 1290 4166 Etenim,
1298 4117 1360 4155 cum
1371 4100 1439 4155 nihil
1448 4101 1520 4155 aliud
1530 4100 1587 4155 fere
1598 4101 1682 4157 vitam

54 4184 116 4238 dam
129 4183 252 4254 rapidus,
262 4185 309 4254 qui
323 4184 414 4238 omnia
427 4182 526 4254 abripit
540 4191 569 4237 et
581 4184 721 4238 subvertit.
763 4184 851 4238 Nimi·
890 4180 1038 4236 humanam
1059 4179 1167 4245 faciant,
1184 4198 1264 4253 quam
1285 4180 1379 4235 mortis
1393 4180 1529 4251 quandam
1542 4197 1681 4252 praepara·

55 4263 204 4326 rumdam
220 4262 354 4327 homines,
367 4261 540 4317 exaltationis
553 4263 612 4317 vice
633 4263 755 4318 formalis
770 4272 851 4335 atque
891 4260 993 4315 tionem
1007 4267 1035 4315 et
1054 4259 1233 4330 disciplinam,
1248 4259 1384 4333 quomodo
1401 4260 1459 4314 fieri
1475 4260 1570 4332 possit,
1585 4267 1615 4315 ut
1633 4260 1681 4316 ille

54 4340 218 4403 ementiahs.
231 4359 304 4396 caca
313 4342 458 4396 ambitione
473 4342 600 4396 advolant
614 4342 648 4396 ad
660 4343 851 4398 exaltationem
890 4340 977 4394 hostis
991 4340 1089 4394 mirum
1103 4340 1131 4393 in
1145 4340 1254 4394 modum
1267 4356 1322 4394 nou
1334 4338 1456 4394 videatur
1469 4338 1607 4406 terribilis,
1620 4356 1682 4394 con·

55 4420 242 4475 tanmmmodo
263 4420 385 4476 localem.
425 4422 656 4483 Quemadmodum
679 4425 751 4477 enim
773 4424 850 4494 regri,
891 4428 932 4474 tra
953 4437 1034 4491 quem
1053 4419 1190 4474 muniendi
1210 4419 1300 4474 nullus
1320 4418 1357 4473 sit
1376 4419 1459 4475 finiti
1479 4418 1582 4475 Melius
1602 4423 1682 4490 poeta

55 4501 205 4554 remedium
221 4499 286 4554 mali
301 4502 342 4554 sui
356 4518 410 4556 non
420 4502 594 4566 inuenientes,
603 4502 636 4556 de
646 4500 707 4555 loco
720 4503 748 4555 in
762 4501 851 4557 locum
891 4502 934 4572 (ut
946 4500 1018 4554 inter
1031 4498 1153 4553 ethnicos
1162 4497 1184 4568 ι)

55 4596 154 4649 eorpus
168 4580 276 4651 agitant
289 4587 316 4633 et
329 4580 453 4646 volvunt;
475 4582 552 4654 quasi
564 4598 600 4636 ex
612 4581 758 4635 mutatione
772 4580 852 4636 lucia

55 4659 155 4729 seipsis
169 4658 324 4723 aboeedrre,
338 4668 366 4714 et
383 4660 519 4716 internum
531 4661 633 4715 malum
648 4661 769 4731 effugere
788 4677 851 4733 pos·

54 4739 127 4792 sint:
149 4739 247 4793 eodem
264 4739 347 4792 modo
359 4741 448 4794 evenit
462 4741 492 4794 in
504 4740 659 4806 ambitione,
675 4750 704 4794 ut
718 4740 850 4805 homines,

54 4818 224 4873 simulachro
248 4818 364 4890 quodam
392 4818 461 4873 falso
485 4828 590 4875 naturae
617 4836 674 4874 sua
699 4819 851 4874 exaltanda
891 4821 1023 4876 Similiter
1037 4829 1065 4876 et
1083 4822 1113 4876 in
1126 4820 1251 4876 omnibus
1265 4820 1354 4875 annisi
1371 4829 1435 4877 sunt
1447 4821 1605 4893 philosophi
1625 4821 1682 4876 ani-

55 4898 172 4967 abrepti,
182 4897 256 4952 nihil
270 4898 344 4952 aliud
357 4898 547 4969 adipiscantur,
557 4915 638 4970 quam
648 4898 702 4952 loci
716 4899 851 4971 quandam
890 4918 965 4956 mum
978 4901 1127 4956 humanum
1140 4900 1251 4955 reddere
1264 4900 1346 4955 nimis
1359 4901 1522 4956 uniformem
1534 4909 1563 4955 et
1575 4900 1682 4955 harmo-

55 4975 245 5031 eelsitnffinem
260 4984 288 5030 et
301 4977 447 5048 fastigium.
890 4980 995 5036 uicum:
1017 4997 1078 5036 eum
1092 4979 1210 5035 motibus
1225 4980 1368 5035 contrariis
1381 4989 1410 5034 et
1423 4979 1551 5035 extremis
1569 4979 1681 5035 minime

94 5055 203 5111 Bonam
218 5073 284 5110 vero
297 5058 512 5112 conservativum
529 5056 600 5110 nihil
620 5056 694 5112 aliud
707 5065 755 5123 est,
771 5074 851 5130 quam
890 5060 1103 5115 assuefacienda
1147 5059 1232 5128 Cujus
1251 5075 1362 5115 causam
1375 5059 1491 5114 arbitror
1504 5058 1595 5124 fuisse,
1609 5058 1682 5129 quod

56 5137 179 5206 receptio
192 5144 222 5191 et
239 5135 335 5190 fruitio
355 5153 444 5191 rerum
463 5144 567 5192 natura
585 5144 683 5193 nostne
703 5155 853 5208 congruen·
890 5140 944 5210 ipsi
952 5140 1015 5194 vitae
1029 5156 1058 5194 se
1073 5140 1185 5209 privata
1198 5138 1390 5204 dedicarunt,a
1401 5138 1518 5210 negotiis
1529 5145 1557 5191 et
1566 5136 1682 5194 aliorum

56 5214 131 5270 tium.
177 5216 241 5270 Hoc
256 5232 322 5269 vero
340 5215 450 5280 bonum,
469 5215 534 5271 licet
553 5217 672 5272 maxime
686 5217 721 5271 sit
734 5217 852 5288 simplex
890 5218 1028 5289 obsequiis
1042 5218 1154 5273 immuni
1168 5225 1197 5271 et
1208 5219 1313 5274 liberm.
1354 5218 1426 5279 Quin
1440 5217 1529 5288 potius
1543 5215 1682 5272 imitantur

56 5301 84 5347 et
101 5295 237 5359 andrum,
258 5302 351 5349 tamen
379 5311 415 5349 ex
434 5294 513 5350 bonis
532 5295 637 5351 videtur
663 5295 853 5352 mollissimum
890 5297 1015 5352 homines
1035 5297 1204 5368 prudentiam
1226 5297 1451 5369 gemmariorum;
1474 5295 1519 5366 qui
1533 5296 1558 5349 si
1571 5294 1639 5350 forte
1652 5297 1682 5351 ιιι

56 5380 137 5446 atque
158 5375 298 5429 intimum
338 5372 410 5435 Quin
423 5372 515 5429 ethos
537 5375 627 5446 ipsum
640 5375 743 5430 bonum
756 5377 854 5448 recipit
890 5393 999 5448 gemam
1018 5378 1172 5431 inveniatur
1191 5377 1326 5433 nubecula
1345 5376 1443 5446 aliqua,
1458 5382 1504 5428 aut
1524 5373 1680 5445 glscieeula,

56 5451 240 5510 differentiam
253 5451 429 5520 nonnullam
450 5454 521 5508 circa
533 5471 613 5526 quam
631 5457 732 5526 partim
745 5457 854 5511 vacilla-
890 5473 951 5527 quae
971 5455 1010 5511 ita
1029 5463 1121 5528 posset
1141 5456 1234 5522 eximi,
1256 5465 1287 5512 ut
1306 5453 1487 5527 magnitudini
1507 5452 1608 5526 lapidis
1627 5472 1681 5511 non

175 3745 192 3767 “
203 3740 294 3803 lgneus
301 3741 396 3789 estollis
406 3741 479 3803 vigor,
491 3741 622 3790 etcoelestis
632 3742 721 3802 origo.’'

977 4633 1100 4740 ‘NQtui
1057 4633 1129 4682 tinam
1139 4633 1192 4682 vita
1200 4639 1330 4682 orhemum
1339 4633 1402 4682 intur
1409 4648 1508 4683 munera
1518 4641 1590 4697 ponat

1003 4707 1017 4739 a
1028 4694 1100 4739 uroel'
