3800 5875
237 298 296 358 592
789 293 974 351 HISTORIA
996 292 1094 347 Vl'l'AE
1114 292 1163 347 ΕΤ
1184 290 1340 349 Moants.

237 463 283 517 Ex
305 460 351 515 his
374 461 475 531 ltaque,
498 477 559 531 quas
581 462 722 525 assumpta
744 462 814 520 sunt,
838 453 891 508 hoc
917 453 976 521 jam
1003 452 1038 506 sd
1073 451 1188 523 reliquis
1201 451 1283 522 longe
1297 449 1443 517 minorem)
1458 450 1867 524 eommqusssuntasmiugen

237 541 443 613 inquisitionem
458 544 620 612 praesentem
631 534 830 590 concludemus.
1074 533 1130 595 tier
1151 547 1206 584 non
1224 538 1340 593 austera
1360 536 1409 583 aut
1425 529 1533 593 acerba,
1547 530 1598 583 scd
1614 538 1743 585 uucmcsa
1762 541 1792 585 et
1809 550 1865 586 con

278 623 305 675 b.
327 619 412 674 Actus
433 620 494 690 ipse
516 616 722 672 assimilationis
741 614 879 684 perficitur
900 611 1036 682 precipue
1075 610 1211 676 fortantia,
1233 618 1264 664 ut
1288 610 1353 663 dum
1376 608 1486 678 reliqua
1507 608 1564 662 duo
1587 617 1739 677 operentur,
1762 612 1884 667 interitu¹

236 700 268 754 in
281 716 378 755 somno
391 705 419 753 et
433 698 529 769 quiete,
544 696 693 768 pracsertim
708 710 800 749 versus
817 707 950 755 summm,
965 690 1037 744 iacta
1074 689 1250 760 prohibeatur
1263 686 1410 762 (quantum
1424 687 1483 741 fieri
1498 682 1606 760 potest)
1626 688 1767 743 exhalatio
1785 709 1803 744 e
1814 709 1864 745 cor·

234 781 293 848 jam
306 778 518 834 distributiones
538 792 594 830 non
606 774 740 829 habemus
758 772 844 843 igitur
862 769 943 834 alind,
963 771 1036 840 quod
1073 785 1147 839 pore,
1172 785 1234 840 quae
1260 769 1390 822 virtutem
1416 767 1651 821 malacismutinm
1677 769 1793 837 perdet}
1825 772 1864 825 sed

236 859 273 912 ad
287 856 499 928 preacipiendum
512 854 636 918 occurrit,
649 853 703 907 nisi
716 858 747 906 ut
759 851 884 906 homiues
902 850 1037 904 dormiant
1073 848 1163 917 potius
1176 858 1207 902 ut
1224 864 1274 917 per
1292 847 1478 901 astrictionem
1491 847 1571 909 cutis,
1584 854 1614 901 et
1630 846 1786 902 daummm
1799 868 1863 904 mea

237 939 267 992 in
281 938 388 1001 calido;
408 942 491 1007 atque
504 935 623 1004 iusuper,
632 939 664 987 ut
673 948 767 987 versus
779 946 903 985 auroram
913 936 1036 983 sumatur
1073 935 1157 992 tuum,
1170 934 1260 982 motus
1274 926 1310 980 ad
1322 926 1395 979 intra
1408 933 1600 996 promoveatur
1612 932 1642 978 et
1656 927 1776 993 juretur.

237 1016 331 1087 aliqua
353 1016 483 1080 inunotio‚
508 1013 553 1068 vel
574 1011 713 1066 indusium
736 1010 888 1073 intinctum,
911 1008 1035 1063 excitans
1115 1006 1161 1061 10.
1182 1004 1419 1061 consubstantiale
1432 1005 1554 1059 maxime
1572 1006 1684 1074 corpori
1697 1006 1864 1062 humanoest

236 1097 373 1151 moderate
393 1094 518 1160 calorem,
532 1100 612 1162 atque
629 1099 691 1162 pust
708 1089 776 1144 illud
794 1095 932 1158 sumptum
946 1087 1035 1141 redin-
1072 1087 1185 1157 smguis
1197 1085 1313 1155 tepidus,
1327 1084 1369 1138 vel
1384 1101 1421 1139 ex
1432 1084 1552 1147 homine,
1563 1083 1609 1137 rel
1622 1100 1661 1139 ex
1673 1085 1738 1140 aliis
1749 1087 1864 1141 :sinuli

237 1182 360 1246 tegretur
378 1189 499 1229 somnus.
547 1171 636 1243 Atque
653 1170 687 1225 de
706 1176 769 1224 actu
786 1167 883 1223 ultimo
900 1167 1035 1221 mimile-
1071 1165 1138 1219 bus:
1159 1172 1188 1219 at
1202 1165 1290 1219 Ficiui
1305 1163 1374 1218 illud
1387 1170 1578 1227 commendam,
1592 1162 1629 1217 ad
1647 1162 1863 1222 instaurationem

236 1255 327 1321 tiords,
342 1253 403 1308 haec
416 1250 548 1325 inquisita
560 1258 632 1306 sunt.
1072 1245 1171 1299 virium
1184 1245 1214 1298 in
1232 1245 1350 1307 senibus,
1370 1243 1404 1297 de
1421 1242 1582 1297 exsuctioue
1598 1244 1744 1313 sauguinis
1762 1241 1863 1300 hnmani

1072 1340 1107 1379 ex
1132 1323 1247 1378 brachio
1273 1322 1453 1377 adolescentis
1475 1321 1544 1385 sani,
1565 1321 1628 1376 lere
1647 1322 1794 1379 admodum
1812 1335 1863 1379 est:

614 1425 654 1463 ιχ,
1072 1403 1181 1468 etenim,
1195 1404 1267 1474 quod
1284 1419 1334 1473 per
1350 1401 1465 1455 interius
1482 1401 1575 1465 sunit,
1592 1401 1672 1457 nullo
1692 1404 1775 1457 modo
1792 1405 1863 1458 debet

237 1554 374 1594 oeaaarro
388 1551 481 1592 suess
501 1535 762 1591 lusauaasmonaa'r
780 1546 856 1596 urus,
870 1546 949 1591 ouon
964 1547 1034 1586 aaa·
1070 1483 1271 1617 ξῗῶξξηῗὲἇ
1282 1480 1652 1633 Ἐςξὲῗὲζηξᾚῗ
1660 1486 1863 1628 ff&

305 1634 380 1672 rrum
401 1631 501 1680 umere,
524 1630 588 1668 srva
606 1628 806 1669 uiuacissimo
827 1626 974 1665 consonis.
1071 1648 1101 1695 ut
1121 1602 1213 1713 subigi
1230 1641 1331 1711 mitt
1362 1647 1393 1694 a,
1409 1640 1438 1693 in
1457 1639 1577 1694 emim
1596 1640 1754 1710 applicati&
1772 1653 1861 1715 ΜΟ

471 1726 514 1780 De
525 1724 722 1779 inteueratione
731 1721 907 1793 perinteriua,
916 1737 1034 1791 quarper
1071 1721 1225 1775 substantia
1237 1729 1280 1775 est
1293 1719 1416 1784 similior,
1430 1724 1506 1772 tanto
1518 1735 1673 1774 consensus
1686 1721 1794 1778 melior.

432 1804 534 1858 multas
548 1804 678 1874 ambages
692 1810 721 1856 et
730 1801 857 1856 circuitus
867 1801 904 1865 fit,
915 1808 972 1855 tam
985 1800 1033 1854 ali·
1114 1801 1158 1855 ll.
1178 1800 1343 1871 Abantiqno
1352 1805 1492 1868 receptum
1501 1805 1550 1862 cst,
1559 1798 1862 1873 balneumexssugmne

236 1884 418 1948 mentationis,
431 1901 512 1954 quam
525 1882 688 1937 detentionis
701 1882 820 1952 spiritus,
831 1880 959 1951 (ideoque
973 1896 1033 1934 seu·
1070 1879 1214 1935 infantium
1235 1896 1332 1934 sanare
1354 1877 1467 1948 lepram,
1490 1885 1519 1931 et
1535 1894 1634 1932 menes
1653 1881 1713 1947 jam
1736 1891 1862 1950 corrupus

237 1965 290 2019 sim
299 1962 459 2035 perficimu)
470 1963 595 2033 superius
604 1961 764 2033 inquisitum
774 1969 830 2024 est3
845 1959 879 2013 de
889 1975 923 2013 ea
932 1966 1032 2024 autem,
1070 1960 1227 2023 restituerer
1247 1960 1317 2013 adeo
1328 1964 1360 2013 ut
1372 1958 1425 2012 hoc
1438 1957 1531 2028 ipsum
1544 1956 1629 2013 inerit
1639 1960 1753 2031 regibus
1766 1961 1863 2032 quibus

238 2060 299 2113 quae
311 2043 342 2096 fit
354 2059 404 2113 per
417 2042 545 2106 exterius,
560 2048 587 2095 et
601 2040 679 2112 quasi
694 2039 792 2104 subito,
802 2039 859 2094 sive
872 2039 907 2093 de
920 2055 1032 2109 corpore
1070 2039 1132 2093 dam
1145 2039 1255 2093 invidiae
1268 2039 1342 2109 apud
1355 2037 1472 2108 plebem.

237 2121 444 2187 malacissando,
456 2122 515 2190 jam
528 2120 672 2175 videndum
684 2124 736 2175 est
1114 2118 1159 2173 12.
1174 2118 1314 2173 Proditum
1322 2127 1364 2172 est
1372 2115 1552 2180 Heraclitum,
1560 2115 1687 2187 hydrope
1695 2115 1862 2182 laborantem,

1071 2214 1101 2252 se
1113 2198 1143 2251 in
1157 2206 1250 2252 venne
1264 2197 1354 2252 calido
1366 2197 1452 2260 boris,
1466 2212 1555 2265 nuper
1568 2196 1663 2260 occisi,
1678 2197 1846 2253 immersisse

476 2278 501 2333 l.
522 2277 556 2333 In
570 2277 662 2333 iabula
674 2277 709 2331 de
722 2274 892 2332 restitutione
903 2274 990 2330 Pelias
1004 2276 1033 2330 in
1113 2275 1157 2332 13.
1180 2278 1214 2332 ln
1227 2295 1278 2332 usu
1292 2284 1335 2332 est
1346 2277 1459 2348 ungeris
1473 2275 1583 2345 tepidus
1596 2275 1755 2331 catulorum
1764 2276 1823 2332 ielis
1834 2277 1863 2331 ad

431 2356 607 2426 juventutem,
629 2357 737 2421 Medea,
758 2372 821 2410 cum
840 2355 870 2409 id
893 2371 922 2410 se
942 2354 1032 2410 moliri
1071 2356 1242 2427 erysipelate,
1256 2364 1285 2411 et
1297 2355 1486 2412 instaurandas
1499 2371 1598 2410 carnes
1612 2364 1642 2431 et
1655 2364 1757 2413 cutem.

236 2434 361 2505 lingeret,
382 2451 443 2490 eam
466 2437 608 2508 proposuit
628 2437 759 2491 rationem
780 2436 820 2490 rei
841 2435 1032 2501 conficienda,
1115 2436 1160 2490 14.
1180 2436 1336 2501 Brachium,
1351 2444 1399 2490 aut
1410 2435 1564 2490 membrum
1581 2435 1697 2506 aliquod
1714 2437 1863 2498 abarim.

236 2519 267 2567 nt
286 2530 384 2585 corpus
404 2516 477 2571 senis
500 2516 530 2571 iu
552 2516 637 2571 frusta
659 2515 857 2579 concideretur3
884 2515 983 2569 deinde
1004 2517 1033 2569 in
1071 2523 1118 2570 ant
1138 2533 1176 2571 ex
1198 2533 1252 2587 quo
1272 2516 1385 2586 sanguis
1402 2515 1471 2568 alias
1493 2515 1612 2568 nimium
1629 2515 1753 2585 profluit,
1773 2516 1864 2570 utiliter

236 2592 324 2648 lebete
344 2612 405 2649 cum
424 2595 630 2651 medicamentis
649 2596 810 2666 quibusdam
827 2595 1031 2665 decoqueretur.
1070 2596 1198 2650 inseritur
1210 2597 1239 2650 iu
1253 2605 1374 2650 uentrem
1390 2595 1507 2662 alicujus
1527 2592 1658 2647 animalis
1674 2611 1764 2665 nuper
1777 2596 1863 2650 dissue

237 2672 334 2727 Coctio
347 2674 462 2730 sortasse
476 2675 569 2746 aliqua
583 2675 618 2729 ad
636 2674 689 2729 hoc
707 2674 865 2746 requiretur,
879 2674 1032 2729 concisione
1071 2683 1142 2739 tum;
1157 2692 1220 2729 nam
1229 2682 1489 2746 potenteroperatur
1496 2674 1689 2728 adsistentium
1696 2677 1862 2746 sanguinem

236 2751 266 2806 in
280 2754 366 2807 frusta
379 2754 485 2809 scilicet
497 2771 552 2809 nou
567 2761 609 2809 est
622 2771 698 2825 opus.
1071 2754 1203 2828 sanguine
1216 2756 1332 2810 membri
1345 2755 1460 2809 abscissi
1480 2753 1645 2823 sanguinem
1666 2766 1805 2809 recentem
1816 2756 1863 2809 aui-

277 2831 304 2887 2.
326 2833 453 2888 Attamen
476 2834 558 2888 etiam
580 2835 699 2888 concisio
720 2833 750 2888 in
771 2832 858 2887 frasta
879 2832 1033 2888 adhibenda
1071 2834 1151 2890 malis
1169 2851 1220 2905 per
1242 2851 1405 2889 consensum
1427 2834 1554 2888 sorbente
1575 2843 1605 2886 et
1621 2834 1658 2886 ad
1678 2850 1710 2888 se
1732 2836 1863 2890 rehem»

236 2910 408 2984 aliquatenus
418 2914 530 2980 videtur,
542 2930 597 2969 non
607 2913 686 2978 ferro,
697 2913 745 2968 sed
755 2912 872 2982 judicio:
887 2931 947 2968 cum
959 2914 1032 2969 enirn
1071 2921 1113 2970 ter
1124 2914 1265 2981 trahente;
1286 2915 1359 2969 unde
1373 2914 1474 2988 etipse
1487 2913 1593 2968 sistitur
1610 2920 1640 2967 et
1654 2915 1758 2969 refluit.

236 2992 373 3047 viscerum
386 3000 414 3047 et
425 2995 543 3064 partium
556 2994 593 3048 sit
605 2993 781 3048 consistentia
789 2992 905 3048 multum
917 2993 1032 3059 diversa,
1113 2993 1157 3050 15.
1178 2994 1299 3050 Multum
1321 2995 1350 3049 in
1371 3011 1422 3049 usu
1444 2993 1538 3048 estin
1556 2992 1662 3047 morbis
1685 2995 1824 3059 extremis,
1841 3005 1864 3048 et

236 3086 348 3125 necesse
362 3080 411 3138 est,
423 3081 452 3128 ut
464 3074 629 3128 inteneratio
641 3073 761 3143 ipsorum
771 3088 825 3126 non
835 3073 934 3127 iisdem
945 3075 1032 3128 modis
1071 3075 1148 3146 quasi
1162 3075 1319 3144 desperatis,
1333 3081 1365 3128 ιιι
1377 3073 1510 3128 columbas
1529 3073 1632 3136 scissa,
1646 3073 1714 3128 atie
1734 3076 1863 3145 poetelius

237 3151 399 3217 absolvamur,
414 3154 461 3206 sed
474 3159 506 3208 nt
520 3153 677 3208 instituatur
689 3168 755 3207 cura
768 3152 944 3223 singulorum,
966 3169 1032 3222 prrs-
1071 3162 1187 3218 ninutas,
1202 3155 1237 3207 ad
1250 3153 1359 3224 plantas
1370 3154 1471 3224 pedum
1482 3151 1580 3223 egroti
1592 3162 1785 3221 apponanturr
1805 3157 1863 3210 mdc

237 3236 279 3283 ter
291 3247 325 3284 ea
338 3248 400 3302 quae
414 3232 549 3302 pertinent
558 3231 593 3285 ad
606 3233 831 3286 inteuerationem
840 3232 921 3286 totius
934 3249 1032 3288 massae
1071 3235 1194 3305 sequitur
1211 3234 1346 3287 interdum
1364 3232 1500 3287 auxilium
1516 3231 1662 3297 mirabile,
1684 3234 1715 3286 id
1730 3235 1810 3306 vulgo
1820 3237 1863 3288 im·

236 3311 373 3378 corporis;
394 3312 428 3365 de
442 3329 496 3382 qua
509 3318 601 3365 tamen
617 3311 742 3381 primum.
1070 3321 1187 3384 putatur,
1202 3314 1280 3384 qussi
1294 3313 1417 3384 maligna
1429 3312 1517 3366 morbi
1530 3310 1689 3376 traherent;
1713 3315 1764 3368 sed
1783 3323 1864 3370 uem-

277 3388 306 3443 3.
329 3389 402 3444 Huic
422 3391 572 3462 operationi
592 3407 642 3462 per
658 3390 763 3454 balnea,
784 3389 936 3455 unctiones,
951 3400 980 3445 et
998 3392 1033 3446 si·
1071 3410 1124 3464 qne
1138 3400 1221 3462 caput
1233 3393 1302 3464 petit
1319 3392 1373 3446 ista
1387 3390 1541 3456 medicatio,
1560 3397 1589 3445 et
1606 3390 1726 3461 spiritus
1744 3394 1864 3449 ammes

237 3467 322 3532 milia,
338 3468 374 3535 (ai
388 3471 470 3525 modo
483 3471 520 3525 sit
534 3470 594 3538 ejus
603 3469 644 3524 rei
655 3469 747 3540 aliqua
756 3472 897 3539 potestas.)
906 3471 1032 3525 satisfieri
1070 3471 1211 3527 confortat.

237 3548 387 3602 verisimile
405 3556 463 3616 est3
484 3549 558 3603 circs
575 3565 636 3620 quas
653 3549 821 3604 observanda
838 3556 900 3603 sunt
916 3566 957 3614 ee,
972 3568 1033 3622 quae
1113 3551 1158 3607 16.
1182 3552 1284 3606 Verum
1293 3548 1646 3605 balneaistaetnnctioues
1657 3552 1864 3622 sanguinulenta

236 3635 395 3698 sequnntur.
1070 3631 1148 3685 uobis
1170 3631 1296 3685 ridentur
1318 3629 1435 3685 sordidas
1457 3637 1486 3683 et
1513 3629 1632 3694 odiosa,
1667 3630 1814 3686 ridendum
1837 3632 1864 3683 ds

276 3707 304 3762 4.
325 3708 390 3762 Νοιι
407 3707 490 3763 nimis
510 3707 705 3779 indulgendum
727 3714 770 3762 est
790 3707 857 3779 spei,
879 3708 951 3779 quod
973 3708 1032 3763 hac
1071 3710 1140 3776 aliis,
1169 3726 1229 3782 quas
1255 3711 1345 3765 minus
1372 3710 1485 3763 fortasse
1512 3708 1618 3763 habeut
1645 3709 1761 3777 fastiffii,
1787 3727 1864 3781 neque

236 3803 281 3841 res
294 3787 390 3841 confici
406 3788 498 3857 possit,
512 3795 623 3858 propter
642 3804 758 3858 eaquae
777 3788 836 3842 fieri
855 3789 991 3842 cernimus
1003 3789 1032 3842 iu
1072 3799 1162 3844 tamen
1172 3791 1262 3844 minus
1272 3788 1433 3857 juramenti.

236 3865 453 3921 imbibitionibus
467 3873 495 3921 et
507 3866 736 3922 macerationibus
752 3868 969 3932 inanimatorum,
984 3884 1034 3939 per
1116 3869 1159 3930 17.
1179 3869 1247 3924 Post
1260 3870 1421 3939 sanguinem
1434 3868 1521 3939 igitur
1533 3876 1674 3923 recentem
1692 3872 1797 3926 similia
1815 3871 1865 3923 sub

238 3961 306 4015 quas
319 3945 368 3999 illu
380 3946 580 4010 intenerantur;
602 3946 679 4015 cujus
698 3946 790 4017 aliqua
807 3945 935 4018 exempla
954 3963 1034 4018 supe·
1071 3950 1179 4003 stantia
1192 3947 1435 4019 corporishumaui
1445 3955 1509 4001 sunt
1521 3948 1697 4014 alimentosa,
1709 3968 1807 4006 carnes
1817 3951 1865 4020 piu

237 4025 295 4077 rius
309 4025 479 4081 adduximus.
520 4025 640 4080 Facilior
654 4026 726 4079 enim
746 4034 788 4079 est
802 4026 925 4096 operatio
939 4026 1033 4095 hujus·
1072 4029 1189 4099 gulones,
1204 4028 1318 4092 bovina,
1340 4027 1435 4090 suilla,
1454 4027 1588 4090 cervium
1611 4037 1707 4083 ostrea
1727 4032 1799 4085 inter
1817 4030 1864 4099 pis-

237 4103 311 4156 modi
338 4121 420 4176 super
447 4105 605 4170 inanimata,
629 4106 694 4175 quia
715 4105 855 4160 attrahunt
881 4113 911 4160 et
932 4113 1034 4176 sugunt
1072 4123 1133 4171 σοις
1161 4106 1213 4171 lac,
1233 4107 1374 4177 butyrum,
1394 4104 1488 4160 vitella
1505 4122 1635 4172 osorum3
1658 4109 1757 4177 pollen
1775 4110 1863 4170 tritici;

237 4180 372 4252 liquores:
392 4191 420 4238 at
432 4184 584 4254 incorpore
598 4184 709 4238 animali
719 4167 860 4250 difficilior,
872 4184 1034 4257 quiamotus
1073 4187 1164 4240 vinum
1177 4187 1264 4252 dulce,
1278 4195 1325 4241 aut
1335 4186 1531 4250 saccharatum,
1546 4195 1594 4239 aut
1607 4186 1741 4244 ιιιιιΙειιιιι.

237 4261 267 4314 in
281 4261 316 4316 iis
331 4262 415 4317 fertur
427 4264 518 4333 potius
531 4264 566 4316 ad
579 4263 832 4319 circumferentiam.
1115 4265 1159 4321 l8.
1181 4266 1246 4327 Quas
1257 4266 1400 4320 admisceri
1414 4266 1514 4320 debent
1527 4265 1562 4319 ad
1573 4266 1797 4337 impressionem,
1805 4277 1864 4328 suut,

278 4340 305 4394 5.
328 4341 394 4395 Ideo
401 4342 507 4406 balnea,
517 4360 578 4413 quar
587 4343 616 4396 in
627 4358 678 4397 usu
686 4351 755 4407 sunt,
764 4342 1033 4415 emolliendaparum
1071 4345 1132 4400 loco
1151 4347 1278 4410 omnium,
1292 4344 1372 4409 sales,
1386 4345 1538 4415 prasertim
1559 4346 1654 4416 niger3
1678 4349 1766 4404 etiam
1783 4351 1864 4402 sium

237 4426 359 4489 prosunt,
378 4421 426 4474 sed
446 4422 545 4476 obsunt
561 4422 668 4492 potius:
690 4423 755 4493 quia
770 4422 919 4478 extrahunt
936 4425 1033 4493 magis,
1073 4428 1147 4496 (cum
1154 4424 1252 4496 spiritu
1264 4424 1386 4496 turgeat)
1396 4425 1529 4494 imprimit
1538 4432 1566 4479 et
1574 4426 1644 4480 utile
1655 4438 1699 4482 est
1710 4429 1864 4484 vehiculum.

239 4515 320 4569 quam
343 4499 519 4568 imprimunt,
544 4509 572 4556 et
592 4501 701 4556 solvunt
721 4519 882 4574 compagem
903 4504 1033 4573 corporis,
1115 4502 1159 4559 19.
1179 4504 1369 4575 Astringentia
1382 4505 1441 4572 ejus
1461 4505 1577 4575 generis,
1592 4523 1657 4575 quas
1671 4508 1865 4580 descripsimus,

237 4578 329 4649 potius
344 4595 425 4649 quam
438 4579 614 4635 consolidant.
1072 4592 1204 4638 unctuosa
1217 4584 1322 4639 scilicet
1335 4590 1363 4638 et
1382 4583 1570 4648 confortantia,
1583 4593 1659 4650 sunt,
1680 4604 1787 4654 crocus,
1804 4603 1864 4642 mee

279 4656 306 4712 6.
326 4657 431 4712 Balnea
450 4666 479 4713 et
494 4660 644 4725 unctiones,
659 4678 721 4731 quoe
737 4660 887 4731 operationi
907 4661 1034 4730 prasenti
1073 4663 1154 4726 tielre,
1168 4674 1196 4719 et
1208 4662 1327 4732 myrrha,
1339 4670 1368 4716 st
1380 4663 1471 4716 baccae
1484 4664 1577 4731 myrti.

239 4733 363 4809 (corpori
378 4737 483 4792 scilicet
495 4738 564 4792 bene
578 4746 606 4794 et
625 4740 710 4796 solide
728 4735 936 4813 malacissaudi)
951 4741 1035 4795 inser·
1112 4742 1159 4797 20.
1179 4743 1225 4797 Ex
1237 4743 1290 4807 his,
1303 4758 1354 4812 pro
1372 4750 1464 4797 nostro
1478 4742 1590 4811 judicio,
1605 4745 1712 4813 optime
1727 4747 1774 4802 fiet
1787 4748 1864 4801 bdne

237 4816 295 4871 vire
308 4817 421 4888 possint,
435 4825 489 4872 tres
503 4817 601 4873 debent
613 4818 715 4874 habere
729 4820 916 4891 proprietates.
1073 4839 1126 4885 um,
1142 4822 1222 4893 quale
1235 4822 1427 4877 desideramus
1468 4821 1571 4877 Medici
1585 4831 1614 4878 et
1633 4828 1743 4895 posteri
1763 4827 1864 4883 melius

279 4893 305 4956 7.
326 4895 420 4951 Prima
433 4904 462 4951 et
474 4896 612 4968 praecipua
626 4905 675 4964 est,
689 4905 720 4954 ut
732 4907 857 4953 constent
871 4916 907 4953 ex
920 4899 963 4964 iis,
974 4917 1035 4970 quar
1073 4902 1218 4971 reperient

238 4980 295 5028 tota
313 4976 466 5030 substantia
487 4975 590 5031 similia
610 4984 672 5032 sunt
690 4979 796 5048 corpori
811 4987 839 5033 et
852 4979 926 5033 carni
940 4978 1036 5033 huma·
1113 4979 1160 5035 21.
1181 4980 1277 5052 Longe
1290 4988 1380 5036 autem
1394 4982 1530 5051 potentior
1548 4983 1598 5036 fiet
1618 4986 1798 5054 operatio,si
1817 4982 1863 5038 bel

237 5053 290 5117 nis,
305 5071 420 5138 quaeque
442 5055 497 5110 sint
518 5063 647 5126 tauquam
665 5056 739 5112 alma
756 5065 785 5112 et
804 5057 970 5113 nutricantia
986 5075 1036 5129 per
1074 5076 1165 5121 neum,
1181 5061 1261 5131 quale
1274 5061 1464 5131 proposuimus
1475 5059 1565 5132 (quod
1578 5072 1664 5133 caput
1677 5066 1719 5119 rei
1733 5084 1796 5121 esse
1807 5065 1864 5118 arbe

239 5133 369 5187 exterius.
1074 5136 1192 5214 tramnr)
1207 5141 1350 5195 comitetur
1360 5140 1531 5212 quadruplex
1540 5145 1711 5212 operationis
1722 5148 1806 5201 series
1819 5147 1865 5198 ἀπ

279 5210 306 5263 8.
328 5211 453 5267 Secunda
465 5222 515 5278 est,
529 5220 560 5267 ut
573 5213 692 5269 habeant
711 5215 827 5270 admista
842 5233 883 5280 ea,
898 5234 959 5288 quae
972 5219 1035 5273 suh·
1074 5220 1147 5274 ordo.
1397 5238 1401 5244 ·

238 5288 338 5344 tilitate
347 5292 477 5346 nonnulla
485 5292 651 5361 imprimant,
661 5294 754 5348 utvirn
765 5296 924 5351 nutritivam
935 5315 1035 5364 eorum,
1113 5299 1160 5353 22.
1182 5298 1284 5363 Primo,
1296 5306 1325 5354 ut
1338 5300 1465 5354 balneum
1476 5300 1615 5368 praecedat
1626 5302 1737 5357 fricatio
1746 5305 1867 5374 emporis.

240 5366 338 5436 quibus
352 5369 542 5435 admiscentur,
555 5371 695 5440 insinuent
712 5378 740 5425 et
752 5373 897 5429 inculcent
1074 5384 1101 5431 et
1113 5377 1235 5431 inunctio
1249 5395 1285 5432 ex
1298 5378 1366 5443 oleo,
1381 5395 1443 5433 cum
1458 5378 1550 5449 aliquo
1564 5381 1767 5450 spissamento3
1782 5391 1811 5436 ut
1823 5383 1869 5434 rir-

280 5441 307 5497 9.
328 5445 428 5514 Tertia,
441 5458 473 5503 ut
481 5449 616 5520 recipiant
629 5451 788 5507 nonnullam
803 5453 945 5510 misturam
960 5455 1038 5525 (licet
1074 5463 1116 5511 tus
1131 5464 1158 5511 et
1170 5456 1245 5511 calor
1259 5457 1419 5513 humectans
1439 5457 1529 5513 balnei
1553 5461 1646 5529 potius
1666 5463 1801 5517 subintret
1812 5477 1867 5514 cor·

261 1772 382 1814 connexio.

269 2320 378 2365 Historia
