3800 5875
610 354 778 411 IMPETUS
798 354 1084 412 PlllLOSOPHlCl.
1609 357 1668 413 688

26 512 127 568 Artem
146 512 306 567 inveniendi
326 529 389 567 cum
412 513 523 567 invento
546 511 702 568 adolescere
724 520 834 568 statuat
871 513 931 568 hec
945 530 1000 569 uon
1015 520 1079 569 aute
1093 512 1146 568 hoc
1159 521 1267 586 tempus
1279 512 1309 567 iu
1327 520 1503 582 conspectum
1516 529 1545 568 εε
1563 514 1669 571 dedisse

26 595 72 649 Sit
86 593 172 648 etiam
186 594 216 647 iu
235 593 359 656 scientis,
374 610 454 663 quarn
475 592 591 662 adeptus
610 602 725 658 estnec
744 592 835 647 occul-
871 592 924 658 aio,
938 610 974 647 an
988 593 1039 647 tibi
1052 600 1223 663 compertum
1241 600 1283 648 est
1302 599 1432 664 quantum
1452 593 1529 647 omui
1549 595 1668 665 antiqui·

25 673 113 728 tanda
126 689 179 728 uec
193 671 503 743 profereudarsuus,sed
516 672 651 742 ingenuus
661 679 689 727 et
703 672 834 743 prudens:
872 673 931 737 tati,
948 672 993 727 vel
1011 673 1136 727 omnibus
1154 672 1183 726 in
1202 673 1366 743 regionibus,
1387 671 1431 727 rel
1451 673 1533 727 ειιω
1554 673 1670 744 siugulis

26 753 176 824 tradatque
197 752 308 806 inventu
328 767 382 804 non
404 751 549 806 ambitiose
569 760 616 806 aut
635 751 765 824 maligne,
785 751 834 805 sed
871 750 1027 806 hominibus
1045 751 1212 807 innotuerit?
1234 752 1290 807 Sed
1308 752 1366 806 fere
1386 752 1521 807 nuntior
1542 752 1600 816 tibi,
1620 752 1668 818 tili,

26 832 112 886 modo
131 832 252 903 primum
272 830 393 885 maxime
411 830 499 885 vivaci
518 837 547 884 et
566 839 673 902 vegeto,
687 831 715 885 id
735 838 784 896 est,
799 830 833 884 ad
871 837 951 901 teque
975 831 1058 886 altius
1081 846 1165 885 manu
1190 831 1296 886 ducam.
1337 831 1403 885 Non
1427 830 1536 885 dubitas
1558 831 1623 902 quin
1645 832 1669 886 si

26 912 146 981 injurias
156 910 287 981 temporis
301 909 491 976 munitissimo,
502 910 574 964 etad
584 911 726 965 scientiam
737 926 834 981 propa·
871 909 998 966 homiues
1023 926 1080 964 nou
1103 911 1200 976 forent,
1228 910 1314 965 mults
1334 926 1522 980 eorumquae
1545 918 1603 965 arte
1627 912 1670 979 (ιιι

25 990 151 1063 gaudum
166 989 323 1055 fortissimo,
337 989 436 1044 deiude
449 988 485 1044 ad
504 1004 610 1044 errores
627 989 773 1060 pariendos
793 990 833 1043 iu·
870 987 1032 1060 loquuntur)
1046 990 1119 1044 faeta
1135 996 1203 1055 sunt,
1223 989 1348 1045 defutura
1364 987 1487 1053 tuissent,
1505 995 1536 1044 ut
1554 996 1670 1045 metuam

26 1070 237 1134 nocentissimo,
261 1076 290 1123 et
313 1075 377 1124 unte
403 1069 504 1136 omnis,
527 1069 576 1140 qui
600 1069 654 1126 sibi
680 1068 832 1142 legitimum
871 1084 1058 1134 mmmoream,
1072 1068 1222 1140 stragulam
1234 1077 1345 1124 vestem
1386 1067 1447 1140 Age
1460 1076 1566 1123 verost
1580 1068 1670 1124 homi·

26 1149 162 1206 lectorem
176 1154 301 1220 seponat.
871 1164 927 1213 nes,
941 1164 978 1202 au
994 1165 1048 1202 non
1065 1149 1169 1203 habent
1186 1157 1214 1203 et
1232 1148 1286 1219 ipsi
1305 1164 1368 1203 suos
1385 1155 1483 1211 motus,
1502 1146 1600 1218 quibus
1620 1148 1670 1202 ob·

870 1228 1043 1298 temperanti
1070 1243 1145 1293 sane,
1160 1227 1207 1294 fili,
1222 1228 1311 1298 magis
1325 1226 1445 1291 subtiles,
1460 1234 1487 1281 et
1501 1226 1639 1282 difficilius
1652 1243 1670 1281 a

871 1306 984 1361 scientie
997 1307 1217 1376 comprehensos,
1231 1308 1280 1362 sed
1300 1322 1378 1377 aque
1398 1313 1494 1361 certos.
1535 1306 1669 1372 Profecto,

72 1383 120 1440 lo.
143 1383 191 1439 lta
203 1389 324 1438 moratus
336 1388 365 1437 et
377 1391 550 1453 comparatus
563 1380 698 1451 interpres
711 1380 833 1435 adhunc
870 1385 985 1456 inquies,
998 1386 1125 1441 homines
1141 1385 1273 1441 voluntati
1290 1392 1395 1456 parcnt
1436 1385 1535 1452 Audio,
1550 1385 1597 1441 sed
1616 1384 1669 1439 boe

27 1463 143 1519 modum
162 1462 302 1533 procedat.
342 1460 535 1517 conditionem
551 1460 672 1514 hominis
689 1460 831 1529 reputabit,
870 1464 941 1519 nihil
969 1472 1019 1521 est.
1060 1464 1155 1526 Qualis
1178 1482 1261 1521 causa
1285 1473 1327 1519 est
1351 1465 1458 1519 fonuua
1480 1465 1510 1518 in
1533 1464 1669 1531 universo,

28 1543 231 1614 impedimenta
239 1539 472 1611 interpretationis
481 1539 639 1604 removebit,
651 1548 707 1593 tum
718 1540 754 1594 ad
764 1556 833 1609 opus
871 1543 934 1598 talis
947 1552 988 1598 est
1002 1543 1126 1599 voluutas
1139 1545 1167 1598 iu
1181 1545 1300 1601 homine.
1341 1544 1372 1599 Si
1385 1544 1451 1615 quid
1464 1560 1531 1615 ergo
1544 1560 1596 1599 nec
1610 1545 1670 1599 sine

28 1623 172 1677 aductus
191 1620 335 1675 historiam
354 1619 462 1690 parabit
477 1627 505 1674 ει
522 1619 661 1674 ordinatas
677 1618 831 1673 chartarum
871 1623 981 1678 bomine
995 1625 1158 1694 producitur,
1167 1633 1194 1679 et
1206 1626 1280 1694 jacet
1290 1624 1373 1678 etiam
1383 1631 1461 1679 extra
1474 1623 1593 1679 hominis
1602 1624 1669 1688 rias,

29 1700 171 1773 sequelae,
190 1716 300 1769 unaque
318 1714 391 1764 usus,
402 1698 639 1762 coordinationes,
652 1698 833 1753 occurrentiss
870 1718 905 1757 an
920 1720 975 1757 non
988 1703 1076 1759 nihilo
1089 1704 1194 1774 aequale
1208 1705 1270 1759 est?
1292 1704 1386 1758 Homo
1400 1702 1485 1757 etiam
1499 1703 1527 1756 in
1544 1704 1669 1773 quedam

28 1789 57 1835 et
79 1779 228 1835 schedulas
247 1778 381 1834 instituet.
422 1778 526 1832 Rerum
545 1777 722 1832 solitudinem
744 1785 772 1831 ει
789 1777 832 1832 sui
871 1782 953 1837 veluti
968 1784 1137 1838 occurrentia
1150 1783 1286 1856 impingit,
1301 1782 1356 1837 alia
1372 1783 1426 1836 fine
1439 1781 1557 1852 praeviso
1572 1789 1600 1836 er
1613 1798 1670 1837 me.

29 1858 241 1915 similitudinem
254 1857 466 1928 rrproeteniflbit·
508 1856 579 1918 Quin
594 1865 621 1911 et
638 1874 728 1911 rerum
746 1855 833 1911 delet·
870 1861 923 1915 diis
937 1862 1055 1933 cognitio
1069 1863 1234 1933 exsequitur.
1276 1862 1670 1917 Mediorumtamennotitiam

30 1948 88 1994 tum
102 1938 227 2003 hebebit,
241 1953 355 2008 quaeque
370 1936 489 1991 maxime
503 1937 647 2007 primitivus
661 1944 724 1991 sunt
736 1934 781 1991 vel
793 1936 833 1990 iu·
871 1957 907 1994 ex
920 1941 1009 1996 obviis
1023 1941 1114 1996 sumit
1154 1942 1215 2004 Quo
1228 1942 1313 2014 igitur
1325 1942 1354 1996 in
1371 1956 1486 1995 numero
1506 1948 1670 2011 reponentur

29 2026 145 2082 ειειιιεε,
169 2017 199 2071 id
222 2023 272 2081 est,
295 2016 339 2070 vel
362 2033 453 2071 rerum
473 2016 588 2071 aliarum
610 2016 767 2081 inventioni,
789 2016 833 2070 vel
870 2037 912 2087 es,
926 2038 987 2091 qua
999 2037 1051 2075 nec
1064 2022 1191 2077 effectum
1201 2021 1317 2085 obvium,
1326 2038 1377 2076 uec
1386 2018 1551 2091 operationis
1560 2020 1670 2075 modum

29 2097 160 2153 humanis
173 2095 380 2151 necessitatibus
398 2096 535 2167 precipue
553 2095 715 2159 conducunt,
735 2111 833 2166 proeor·
871 2110 899 2155 et
911 2099 1001 2156 lucem
1015 2119 1050 2156 ex
1064 2101 1150 2156 obviis
1164 2102 1317 2156 sortiuntur.
1359 2099 1439 2155 Talis
1460 2117 1543 2170 opera
1563 2099 1671 2170 Epicte-

30 2177 145 2233 dinsbit.
187 2176 381 2231 Instantiarum
400 2175 482 2231 etiam
502 2174 723 2246 praeeminentias
743 2175 833 2230 obser·
871 2180 1109 2245 midesrocantur,
1124 2182 1216 2247 idest,
1231 2181 1352 2236 scientia
1369 2179 1442 2245 ulio,
1458 2178 1671 2250 quauonslias

30 2258 115 2324 rabit,
128 2272 192 2328 quse
205 2255 240 2309 sd
250 2255 340 2326 operis
349 2254 540 2325 compendium
550 2253 698 2325 plurimum
709 2262 831 2325 possunt
871 2261 899 2314 in
921 2267 1011 2315 actum
1024 2263 1144 2326 veniunt,
1159 2278 1239 2332 quam
1261 2277 1312 2332 per
1331 2259 1473 2314 scientim
1494 2265 1522 2314 ει
1540 2260 1671 2329 interpre-

31 2336 123 2408 Atque
138 2336 178 2390 itt
190 2335 338 2390 intimem!
351 2335 576 2390 Μιᾶίΰιιὶῠῦιῦ
587 2333 704 2397 demum.
716 2342 744 2388 et
756 2333 833 2389 char·
871 2340 1001 2394 tationem
1016 2358 1127 2405 meram,
1139 2358 1201 2395 curn
1215 2340 1287 2395 nihil
1300 2340 1374 2393 obrii
1384 2340 1552 2393 contineant.
1594 2339 1670 2392 luter

31 2423 75 2470 tas
86 2414 219 2480 novellas,
234 2431 266 2469 ac
280 2415 369 2486 ipsam
382 2413 634 2484 interpretationem
648 2413 757 2468 facilem
774 2414 832 2482 jam
872 2419 931 2473 brec
949 2427 1041 2474 antem
1056 2428 1084 2474 et
1105 2420 1184 2474 obvia
1205 2426 1271 2491 quot
1291 2419 1392 2491 gradus
1409 2419 1547 2473 numerari
1567 2417 1670 2490 potas?

31 2504 59 2551 et
82 2504 182 2567 spuute
207 2500 373 2565 sequentem,
396 2494 453 2548 imo
471 2499 564 2548 ments
584 2494 641 2548 fere
661 2500 832 2563 praereptam,
871 2499 956 2563 Tene,
970 2498 1016 2564 tili,
1031 2509 1060 2554 et
1073 2499 1196 2570 obsigna

31 2582 138 2631 mature
160 2580 190 2630 ει
210 2573 328 2629 feliciter
344 2573 519 2645 aggredietur
537 2579 566 2627 et
586 2573 714 2643 perficiet.
754 2572 834 2634 Quod
915 2580 959 2633 12.
979 2577 1121 2633 Postremo
1141 2577 1203 2633 loco
1223 2577 1273 2632 tibi
1294 2578 1413 2644 consulo,
1435 2577 1484 2643 fili,
1505 2577 1577 2649 qnod
1599 2577 1671 2631 facto

32 2656 80 2710 ubi
93 2654 199 2718 fecerit,
213 2653 341 2709 contiuuo
350 2669 436 2718 veros,
447 2660 570 2718 aeternos,
581 2660 608 2707 et
617 2652 833 2723 simplicissimos
871 2657 1007 2728 imprimis
1026 2675 1094 2729 opus
1114 2665 1162 2722 est,
1176 2657 1230 2712 hoc
1250 2664 1291 2713 est
1310 2664 1340 2712 ut
1360 2664 1450 2712 mente
1470 2656 1624 2711 illuminate
1642 2662 1670 2711 et

31 2742 138 2790 naturas
151 2742 249 2798 motus,
263 2751 300 2788 ex
312 2749 427 2805 quorum
441 2732 565 2788 ordinato
579 2740 608 2786 et
621 2730 834 2787 calculatissimo
872 2738 963 2791 sobria
977 2738 1227 2808 interpretationem
1241 2754 1331 2792 rernm
1345 2736 1497 2791 divinarum
1513 2743 1541 2790 et
1559 2742 1670 2789 natura·

32 2831 181 2886 progressu
201 2813 309 2867 infinita
327 2811 388 2869 brec
410 2819 467 2867 tum
491 2811 640 2883 proesentis,
663 2821 720 2866 tum
745 2814 834 2867 omnis
871 2816 938 2871 lium
953 2817 1112 2889 distingues,
1127 2834 1196 2871 neve
1210 2817 1262 2872 has
1282 2816 1339 2870 ullo
1358 2816 1439 2871 modo
1459 2815 1530 2869 inter
1549 2831 1579 2869 se
1599 2830 1670 2869 com·

33 2894 86 2949 reri
98 2893 219 2949 varietas
233 2893 356 2965 emergit,
371 2910 440 2965 pura
453 2899 482 2948 ει
499 2892 592 2947 satim
610 2892 672 2948 luce
685 2891 788 2949 ridebit
806 2899 834 2948 et
872 2897 942 2952 mitti
965 2898 1078 2968 patiare.
1120 2896 1192 2952 Satis
1220 2904 1339 2952 erratum
1365 2903 1408 2951 est
1434 2895 1463 2950 in
1484 2894 1537 2950 boc
1558 2910 1668 2965 genere.

32 2974 198 3030 numerabit
240 2973 407 3045 interimque
431 2973 467 3027 ab
489 2972 568 3027 initio
592 2973 683 3043 operis
705 2972 833 3027 humenis
872 2977 953 3032 Nihil
967 2977 1012 3032 bic
1025 2977 1079 3031 uisi
1093 2993 1143 3047 per
1156 2994 1246 3032 rerum
1259 2978 1330 3031 inter
1338 2993 1368 3031 se
1376 2974 1567 3029 similitudines
1581 2973 1669 3028 addis·

32 3054 115 3109 rebus
127 3052 215 3108 multa
227 3060 256 3107 et
268 3053 416 3124 incognita,
430 3052 515 3107 veluti
530 3052 626 3119 frenus,
640 3053 748 3108 assidue
762 3053 832 3107 reci·
872 3058 957 3111 citur:
992 3057 1059 3119 Qua
1079 3056 1143 3111 licet
1162 3055 1352 3111 dissimillima
1372 3055 1521 3118 rideantur,
1542 3060 1670 3123 premunt

33 3149 168 3204 pereum
181 3133 300 3188 omittet.
342 3131 397 3187 Sed
410 3131 474 3187 hinc
493 3132 583 3187 denuo
596 3138 669 3188 totus
687 3133 716 3187 in
734 3132 832 3187 huma·
872 3144 963 3190 umen
991 3135 1196 3192 similitudinem
1224 3152 1382 3207 germanam
1404 3132 1545 3203 interpreti
1566 3140 1669 3206 notem.

33 3229 162 3268 uosusus
174 3228 320 3283 rerumque
334 3213 509 3282 presentium
528 3219 628 3267 statum
646 3228 792 3267 conversus
805 3219 834 3268 et
871 3215 948 3270 Deus
969 3222 1060 3271 autem
1081 3214 1133 3269 tibi
1153 3221 1257 3270 tantum
1279 3214 1378 3269 similis
1398 3220 1439 3268 cst
1459 3214 1561 3284 absque
1581 3219 1669 3283 tropo.

33 3294 161 3357 intentus,
175 3292 268 3346 omnia
280 3291 388 3347 diversa
400 3291 446 3345 ria
460 3299 488 3346 ct
501 3291 536 3344 ad
549 3291 685 3346 actionem
698 3292 834 3347 ordinabit
871 3295 960 3357 Quare
974 3294 1079 3350 nullam
1093 3294 1200 3364 adeius
1213 3294 1399 3366 cognitionem
1419 3292 1483 3347 hinc
1504 3291 1574 3347 lucis
1595 3292 1670 3348 suffi-

33 3379 63 3425 ει
75 3371 211 3443 disponet.
252 3370 369 3426 Naturis
385 3370 575 3426 secretissimis
595 3370 665 3426 alias
682 3370 833 3427 declarato-
871 3375 1001 3431 cientiam
1015 3382 1153 3448 exspecta
1194 3374 1240 3430 Da
1252 3373 1323 3440 fidei,
1339 3390 1400 3444 quas
1414 3372 1477 3427 fidei
1491 3379 1562 3428 sunt.

35 3451 99 3515 rias,
113 3458 141 3504 et
154 3450 354 3505 absentissimis
367 3449 436 3504 alias
449 3449 698 3521 superinductorias
714 3451 834 3523 assigna·

34 3530 83 3585 bit.
123 3530 161 3585 Et
175 3528 273 3584 deiude
288 3529 397 3584 tandem
409 3529 494 3584 veluti
508 3528 595 3584 altera
607 3536 705 3585 natura
716 3530 834 3602 plerum·
1184 3560 1309 3619 CAPUT
1330 3562 1343 3617 Ι

35 3609 153 3680 quitates
166 3609 271 3673 condet,
291 3624 406 3681 quanuu
422 3624 528 3664 errores
551 3625 603 3679 pro
622 3610 751 3667 monstris
769 3610 833 3679 sint,
1347 3603 1354 3618 ’

35 3687 667 3761 ⁸²1¹'²0¹5l¹¹²¹⁸¹¹¹¹²¹¹⁸ibi⁸¹¹i⁸lllb⁵³⁰8t¹tira
1031 3719 1182 3761 ramnum
1202 3719 1301 3760 sonos
1322 3699 1510 3759 neotericos!

240 1289 279 1329 D!
297 1289 409 1330 orricio
429 1287 626 1329 inmeante.

280 3828 320 3868 »Β
341 3827 466 3869 PR⁰V¹³⁰
487 3828 598 3869 mmi-
912 3845 1054 3912 arcano,
1068 3846 1116 3911 fili,
1131 3844 1285 3917 complures
1298 3844 1329 3899 iu
1341 3860 1431 3898 rerum
1445 3841 1568 3907 scientia,
1587 3857 1669 3913 quam

77 3923 126 3980 ll.
146 3924 191 3980 'l'u
203 3931 295 3980 autem
307 3941 357 3996 spe
371 3930 400 3980 ει
412 3925 502 3980 studio
514 3924 651 3997 languidis
661 3922 721 3981 hac
730 3924 833 3990 hauris,
872 3924 925 3981 sibi
939 3925 1065 3981 ridentur
1079 3925 1178 3997 adepti,
1187 3923 1231 3979 vel
1245 3923 1413 3995 proferenda,
1424 3922 1467 3976 vel
1478 3938 1572 3977 rursus
1582 3919 1670 3976 occul·

37 4003 83 4069 tili,
97 4003 300 4075 mirarisquesi
318 4011 395 4059 tanta
411 4004 530 4076 supersit
547 4021 660 4075 operum
678 4003 834 4059 fructuosis·
872 4005 955 4059 tanda
974 4006 1134 4076 neutiquam
1155 4022 1171 4060 e
1192 4005 1245 4059 fide
1269 4020 1319 4059 sua
1341 4020 1373 4057 ac
1395 4003 1484 4057 officio
1506 4018 1536 4055 se
1561 4017 1667 4072 gerere.

36 4084 167 4139 simorum
189 4091 217 4138 ει
237 4100 346 4153 prorsus
365 4083 565 4156 incognitorum
588 4084 704 4149 ubertas,
725 4099 759 4139 ea
778 4101 833 4138 nou
871 4084 977 4139 Eodem
990 4085 1097 4149 damno,
1111 4084 1176 4139 licet
1192 4083 1274 4154 culpa
1291 4083 1407 4137 fortasse
1427 4082 1540 4145 minore,
1555 4089 1669 4151 peccaut

37 4163 161 4229 antehac,
176 4171 224 4218 aut
241 4164 299 4232 jam
312 4163 404 4219 subito
419 4179 480 4218 esse
493 4163 614 4228 inventa,
638 4162 719 4219 simul
740 4164 832 4229 etism,
872 4171 899 4217 et
912 4163 961 4227 illi,
976 4164 1024 4236 qui
1038 4165 1122 4235 probe
1137 4163 1247 4234 quidem
1261 4162 1366 4226 morati,
1387 4161 1435 4215 sed
1448 4161 1539 4216 miuus
1552 4160 1669 4231 prudeu-

37 4242 191 4311 cnjosmodi
209 4259 244 4297 es
263 4243 326 4308 siut,
340 4243 500 4297 nominatim
523 4243 647 4314 requiris,
668 4243 762 4315 risque
783 4243 833 4298 tibi
871 4250 913 4298 tes
926 4252 998 4308 sunt,
1012 4260 1063 4298 nec
1077 4250 1162 4298 artem
1176 4259 1209 4296 sc
1222 4248 1356 4313 pmcepta
1371 4247 1471 4305 teuent,
1486 4256 1540 4311 quo
1553 4256 1669 4311 quaque

37 4329 83 4375 aut
95 4321 336 4388 immortalitatem,
347 4330 394 4377 aut
407 4321 593 4387 indolentiam,
606 4327 654 4376 aut
667 4321 833 4393 uoluptatem
872 4323 954 4378 modo
967 4324 1021 4377 siut
1038 4322 1220 4393 proponenda.
1261 4322 1360 4392 Neque
1379 4328 1469 4375 tamen
1489 4320 1522 4373 de
1541 4318 1593 4373 hac
1612 4328 1668 4374 tra·

37 4407 263 4471 uansportautem
276 4401 408 4473 promitti.
448 4401 550 4457 Verum
559 4407 588 4456 tu
602 4401 652 4455 tibi
666 4401 774 4473 largire,
785 4401 832 4468 fili,
872 4402 994 4457 dentium
1007 4402 1135 4457 scientias
1149 4401 1206 4456 sire
1219 4399 1390 4471 malignitate
1404 4400 1461 4454 sire
1479 4399 1588 4453 inscitia
1602 4415 1669 4471 que·

37 4496 168 4552 ερειιιειιιε
188 4498 225 4536 ex
246 4481 361 4536 scientia
379 4481 556 4552 aucupsbere,
575 4487 607 4535 ut
626 4498 663 4535 ex
681 4481 834 4552 ignorantia
872 4482 929 4536 rela
938 4489 980 4536 est
991 4482 1163 4537 instituenda
1204 4480 1410 4536 Sanesirerum
1421 4478 1541 4549 pondera
1551 4477 1669 4533 docendi

36 4559 255 4631 desperationem
269 4560 384 4631 coepisti.
425 4561 469 4615 du
484 4561 567 4615 etism
582 4560 834 4630 artesdoptandum
872 4561 1010 4632 imperitia
1024 4561 1176 4633 fregissent,
1190 4576 1246 4614 nou
1265 4559 1403 4613 immerito
1421 4558 1482 4629 quis
1501 4557 1666 4628 indignetur.

37 4640 189 4711 europus?
219 4639 257 4694 At
280 4640 440 4695 dubitationi
464 4645 525 4706 tua,
546 4639 636 4711 quoad
658 4639 731 4704 licet,
753 4641 833 4695 satis·
873 4640 976 4696 Rerum
990 4658 1054 4695 vero
1067 4640 1178 4710 ineptiis
1188 4638 1302 4694 docendi
1312 4638 1543 4709 importunitatem
1552 4636 1597 4690 vel
1606 4637 1668 4704 jnre

37 4717 144 4783 faciam,
166 4735 326 4791 moremque
348 4719 399 4773 tibi
420 4735 523 4790 geram.
565 4718 641 4779 Quod
663 4718 722 4773 haec
745 4719 834 4775 subito
872 4719 965 4774 deberi
980 4720 1189 4775 existimandum
1204 4727 1254 4773 est.
1296 4718 1358 4789 Ego
1371 4725 1462 4772 autem
1475 4717 1557 4787 louge
1574 4716 1610 4769 ab
1623 4715 1668 4769 bis

37 4807 101 4851 ncta
114 4799 178 4862 sint,
191 4798 232 4853 nil
250 4800 358 4863 mirum,
376 4798 424 4853 tili.
465 4798 585 4854 Scientia
602 4797 708 4862 celeris,
728 4804 834 4869 tempos
872 4800 994 4854 diversus
1009 4807 1035 4853 te
1049 4799 1244 4870 impertiturus,
1258 4814 1311 4852 uon
1325 4797 1428 4869 ingenii
1443 4803 1602 4858 commenta,
1616 4811 1668 4848 nec

38 4877 106 4931 tardi
119 4886 214 4947 partus
227 4886 279 4933 est.
320 4878 412 4932 Etiam
429 4878 617 4948 nobiliaque
633 4884 695 4932 ante
716 4876 832 4931 brucin-
873 4879 1014 4933 verborum
1027 4879 1146 4944 umbras,
1159 4895 1210 4933 nec
1224 4877 1384 4950 religionem
1398 4874 1669 4938 admistamnecob·

37 4965 117 5011 venta
130 4965 200 5022 suut
214 4973 270 5012 non
287 4957 348 5012 luce
361 4956 460 5028 prioris
478 4957 641 5028 cognitionis
661 4956 771 5022 sensim,
786 4958 836 5012 sed
872 4959 1038 5012 servationes
1066 4959 1197 5028 quasdam
1222 4956 1376 5029 populares,
1406 4955 1450 5011 vel
1479 4953 1669 5024 experimenta

37 5052 101 5091 cam
122 5036 166 5103 (ut
186 5035 345 5109 loquuntur)
365 5035 469 5091 affatim
488 5037 598 5091 inventa
616 5043 686 5092 sunt.
729 5036 761 5090 ln
780 5052 834 5090 mc·
873 5038 997 5108 quadam
1010 5037 1114 5092 nobilia
1127 5038 1155 5092 in
1169 5036 1281 5091 theoriae
1296 5035 1401 5091 fabulas
1419 5034 1597 5096 concinnata;
1619 5032 1668 5087 sed

38 5113 159 5170 cbauieis
172 5124 265 5171 sutem
279 5123 322 5171 est
341 5116 465 5187 quiedam
479 5115 518 5171 rei
536 5116 595 5185 jam
612 5116 729 5171 iuventte
742 5121 835 5170 exten·
872 5134 966 5172 revera
979 5123 1104 5171 naturam
1121 5133 1183 5172 cum
1204 5116 1315 5171 fretibus
1332 5116 1389 5171 suis
1403 5114 1453 5169 tibi
1471 5111 1628 5167 addicturus
1641 5119 1669 5165 et

38 5194 85 5259 sio,
98 5195 148 5250 sed
161 5212 239 5252 uorse
251 5196 417 5251 inventionis
426 5211 525 5252 nomen
535 5212 591 5250 nou
603 5202 730 5250 meretur.
769 5195 835 5249 Non
873 5197 1083 5266 mancipaturos,
1096 5213 1163 5251 num
1173 5195 1268 5251 videor
1280 5196 1392 5267 dignum
1406 5198 1596 5265 argumentum
1609 5208 1668 5261 pras

39 5272 158 5348 lmgnm,
175 5274 224 5341 iili,
243 5277 291 5331 sed
310 5276 469 5348 ambiguum
485 5282 528 5332 est
545 5276 604 5332 iter.
645 5275 723 5337 Quod
743 5281 834 5330 autem
872 5276 1000 5331 manibus
1018 5276 1128 5341 habere,
1148 5274 1220 5348 quod
1238 5274 1371 5329 tractandi
1386 5271 1429 5326 rel
1448 5271 1605 5339 ambitione,
1623 5270 1668 5325 rel

67 5413 81 5438 ¹
98 5409 213 5471 qupriori
221 5409 324 5457 editione
334 5409 475 5472 caputistud
484 5411 519 5457 sic
527 5410 675 5459 inscribitur:
930 5411 951 5460 l.
969 5412 985 5434 “
996 5408 1125 5470 Perpolitio
1134 5414 1157 5456 et
1168 5407 1295 5469 applicatio
1304 5405 1416 5472 mentis.”
1525 5463 1530 5474 ι
1564 5464 1570 5473 .

67 5468 84 5493 ⁸⁴
95 5466 157 5514 'i'esu
174 5467 321 5536 'ris'partus
335 5467 480 5526 musculus,”
495 5469 546 5515 sive
562 5470 577 5494 ‘⁸
588 5467 627 5515 De
644 5467 835 5531 interpretatione
929 5467 950 5514 2
970 5470 986 5492 “
997 5466 1090 5513 Lumen
1100 5475 1205 5535 naturum
1221 5481 1261 5512 sen
1272 5461 1371 5532 formula
1382 5466 1608 5525 interpretationis.”

41 5529 151 5585 tumn?
181 5525 250 5575 bin.
929 5525 950 5572 3.
970 5529 984 5551 ‘⁴
996 5524 1089 5573 Natura
1099 5525 1246 5581 illuminata5
1263 5536 1313 5569 srre
1322 5526 1408 5568 ventas
1418 5523 1522 5569 rerum.”
