3800 5875
194 335 253 400 730
834 334 941 393 NOVA
960 334 1159 395 ntntntls.

192 512 276 561 ruere,
290 511 376 567 usque
389 494 425 551 sd
436 510 513 551 reare
532 493 773 559 Mediterraneum,
786 492 830 548 illi
849 500 943 550 autern
956 494 990 550 de
1028 499 1099 561 seut,
1111 501 1208 564 postea
1220 501 1313 551 eutem
1324 495 1354 549 in
1366 494 1467 553 vellen
1478 493 1684 560 desceudmea
1698 495 1825 553 intueo-

193 574 271 645 Coya
289 592 339 646 per
358 592 432 630 mare
454 575 590 640 amuda,
612 591 699 646 usqne
721 573 757 627 ad
779 572 851 628 hanc
872 573 991 629 insulam
1028 573 1097 628 biles
1117 574 1157 629 ibi
1178 574 1297 630 fervores
1316 574 1385 630 terre
1404 591 1459 629 nou
1477 582 1595 645 posunt,
1608 591 1701 646 neque
1714 577 1826 631 rufium

193 663 325 710 nostram.
365 653 407 709 De
421 655 512 725 priore
526 660 617 709 autem
627 653 800 724 expeditione
810 653 916 707 videtur
929 669 990 707 auc·
1027 654 1116 723 magis
1129 653 1231 709 levium
1244 653 1302 708 ulla
1313 654 1394 723 copia
1407 655 1449 709 eis
1462 663 1561 723 presto
1569 662 1653 719 esset,
1664 656 1754 709 coacti
1767 665 1827 711 snut

192 739 235 790 tor
254 732 302 787 ille
322 740 412 790 vester
431 733 536 804 aliquid
555 750 573 786 a
592 733 730 789 secerdote
749 732 886 801 AEgyptio,
907 749 989 802 quem
1026 748 1130 786 morem
1150 733 1221 787 uude
1240 732 1383 788 incedendi
1401 734 1580 797 introducere,
1602 734 1652 805 qui
1673 735 1747 803 apul
1766 734 1827 789 illos

192 813 266 877 citat,
281 811 414 868 hausisse.
455 811 508 867 Pro
520 820 595 867 certo
608 812 682 866 enim
695 811 834 881 expeditio
851 811 915 865 talis
929 810 987 865 luit.
1027 812 1155 882 usquein
1169 812 1331 868 hodiernum
1348 812 1422 869 diem
1442 813 1473 867 iu
1491 830 1540 867 usu
1557 821 1608 867 est
1650 812 1825 869 Solummodo

194 891 293 947 Utrum
300 908 365 947 vero
372 890 554 947 Athenienses
564 892 669 963 antiqui
678 891 721 946 illi
727 889 833 954 luerint,
842 891 889 961 qui
894 894 988 960 copies
1025 906 1127 961 magne
1139 891 1284 962 voluptate,
1299 900 1328 947 et
1340 892 1477 947 desiderio
1490 892 1646 947 afficiuntur
1659 892 1753 947 ariam
1764 893 1824 963 pln-

192 969 255 1027 illas
268 970 427 1040 repulerunt
440 981 469 1025 et
481 972 666 1041 profligarunt,
680 978 762 1040 atque
775 969 834 1024 baec
849 970 889 1024 eis
900 968 989 1039 gloria
1025 986 1085 1023 mss
1097 972 1235 1040 gestauffls
1257 980 1339 1043 etque
1352 970 1405 1025 hoc
1419 971 1597 1041 proculdubio
1607 988 1625 1024 e
1635 972 1787 1036 traditione,
1798 982 1825 1027 et

191 1050 342 1113 tribuenda,
352 1066 406 1106 nou
415 1050 504 1105 babeo
514 1051 579 1121 quid
588 1051 694 1105 dicem:
714 1048 783 1104 illud
792 1056 870 1104 extra
880 1064 987 1104 omnem
1025 1049 1154 1119 exemplo
1166 1051 1306 1120 majorum,
1320 1049 1367 1122 qui
1380 1051 1410 1104 in
1422 1051 1560 1105 moudbus
1573 1050 1747 1113 habitabant,
1760 1051 1823 1106 ban

192 1129 396 1193 dubitationem,
409 1146 460 1184 neo
474 1146 581 1194 navem,
594 1146 645 1183 neo
658 1130 755 1192 virum,
768 1144 890 1199 uuquam
904 1128 941 1182 ab
954 1146 988 1183 ea
1025 1136 1131 1193 serunt;
1153 1130 1199 1200 qui
1212 1129 1336 1185 adhunc
1356 1131 1424 1184 sorte
1445 1146 1524 1184 usum
1544 1128 1637 1184 allecti
1658 1131 1771 1185 fuerunt
1788 1150 1822 1187 ex

192 1208 364 1280 expeditione
374 1208 495 1273 rediisse,
504 1226 594 1280 neque
603 1209 716 1263 meliore
730 1208 837 1263 fortuna
850 1225 901 1262 usa
914 1218 988 1263 esset
1024 1206 1167 1263 innumera
1187 1209 1279 1264 avium
1299 1209 1481 1272 multitudine,
1503 1208 1560 1263 alta
1580 1210 1743 1279 petentium,
1764 1228 1822 1265 cerm

192 1287 288 1344 classis
305 1287 354 1342 illa
371 1288 464 1357 coya,
486 1306 547 1360 quse
567 1305 618 1342 uos
637 1286 744 1351 invasit,
766 1287 820 1341 uisi
843 1287 872 1340 in
893 1286 987 1342 hostes
1024 1285 1080 1341 ima
1092 1286 1171 1358 aquis
1184 1295 1354 1359 stagnareut.
1395 1289 1501 1343 Videtis
1521 1289 1645 1357 (moes)
1666 1305 1719 1357 per
1732 1306 1821 1344 casum

191 1366 381 1423 clementiores
400 1367 550 1423 incidisset.
590 1367 702 1421 Etenim
719 1383 770 1420 rex
788 1365 884 1421 insule
903 1365 986 1435 bujus
1024 1363 1096 1421 bunc
1114 1369 1252 1438 majorem,
1266 1376 1294 1422 et
1315 1368 1446 1438 temporie
1465 1369 1545 1438 quasi
1562 1366 1737 1430 miraculum,
1750 1387 1820 1423 com-

192 1446 314 1517 (nomine
328 1447 452 1515 Altebiu)
467 1447 510 1501 eir
521 1447 647 1516 prudens,
662 1454 689 1501 et
706 1446 854 1515 imperator
869 1444 899 1499 in
912 1445 985 1500 bello
1023 1446 1154 1501 mercium
1166 1456 1286 1503 nostrum
1299 1464 1361 1502 cum
1372 1447 1542 1502 Americauis
1551 1463 1685 1511 cessasse,
1696 1466 1759 1502 curu
1770 1448 1820 1518 ipsi

191 1527 319 1596 optimus,
337 1525 381 1581 cui
401 1533 459 1582 tum
477 1522 604 1590 bostium,
623 1533 680 1581 tum
697 1526 812 1596 propriu
826 1525 905 1589 uires,
919 1525 985 1580 satis
1023 1525 1142 1595 amplius
1154 1541 1209 1581 uon
1224 1535 1322 1592 esseut,
1335 1543 1397 1581 curn
1412 1526 1518 1598 quibus,
1531 1543 1617 1597 supra
1635 1543 1736 1581 omues
1753 1545 1819 1581 mor·

191 1605 341 1676 explorator
354 1615 438 1669 eraut,
449 1607 488 1660 ita
500 1622 559 1660 rem
572 1605 666 1675 gessit,
677 1613 708 1660 ut
721 1604 814 1675 copies
827 1620 920 1658 eorum
934 1613 985 1660 ter-
1023 1603 1100 1669 tales,
1120 1606 1312 1661 commercium
1329 1614 1409 1660 antea
1429 1605 1583 1671 babuimus,
1601 1612 1697 1676 utpote
1719 1607 1819 1677 regioni

190 1691 298 1750 restres,
319 1692 462 1755 postquam
481 1685 511 1739 in
532 1692 632 1739 terram
651 1684 841 1747 descendisset,
861 1700 879 1738 a
898 1683 985 1740 classe
1023 1691 1122 1740 nostre
1135 1686 1276 1755 proximis.
1317 1685 1454 1747 Quantum
1461 1688 1529 1740 tero
1542 1686 1577 1739 ed
1589 1685 1662 1740 aliae
1676 1686 1753 1741 orbis
1765 1704 1819 1757 per·

191 1780 286 1819 eorum
303 1763 502 1828 intercluderet,
515 1771 598 1836 atque
611 1763 696 1819 veluti
713 1762 842 1834 indagine
856 1771 985 1835 utrasque
1023 1769 1070 1826 tes.
1085 1764 1335 1819 manifestissimum
1349 1773 1398 1830 est,
1412 1764 1513 1819 seculis
1533 1765 1755 1828 succedentibus,
1767 1767 1820 1820 sire

190 1843 286 1915 copias
299 1843 420 1913 cingeret
437 1842 536 1910 majori
553 1843 682 1907 exercitu,
696 1859 779 1914 quam
798 1842 907 1896 illorum
925 1843 984 1908 suit,
1022 1850 1133 1912 propter
1146 1843 1219 1897 bella
1231 1852 1312 1907 mota,
1328 1845 1385 1898 sive
1403 1861 1441 1899 ex
1458 1843 1573 1913 periodo
1592 1854 1622 1898 et
1635 1845 1820 1900 vicissitudine

191 1929 219 1977 et
232 1923 351 1978 terrestri
365 1930 394 1978 et
405 1922 505 1985 navali,
518 1922 613 1995 sicque
631 1939 678 1977 cos
695 1923 731 1976 sd
744 1922 908 1976 deditionem
922 1923 985 1978 ubs-
1023 1929 1181 1991 temporum,
1194 1924 1384 1994 navigationes
1397 1922 1498 1994 ubique
1511 1924 1646 1991 majorem
1667 1924 1700 1977 iu
1712 1926 1820 1979 modum

189 2018 245 2073 que
262 2000 357 2071 pretio
375 2000 565 2072 compelleret:
595 2018 710 2072 conique
729 2001 759 2055 iu
780 2008 914 2071 potestate
935 2018 985 2057 sua
1022 1999 1192 2071 elanguisse:
1226 2002 1363 2073 precipue
1385 2009 1477 2056 sutem
1501 2003 1697 2074 navigationes
1716 2003 1821 2075 longis,

190 2088 289 2145 cuent,
313 2079 388 2135 baud
407 2080 529 2135 duriores
552 2080 720 2137 conditiones
742 2081 878 2151 imposuit,
901 2097 984 2151 quam
1022 2097 1104 2151 quaes
1126 2089 1269 2151 propterea
1282 2082 1355 2152 quod
1367 2082 1498 2146 triremes,
1513 2089 1540 2136 et
1562 2083 1699 2151 ejusmodi
1713 2084 1818 2147 mriuu,

188 2159 378 2228 jusjurandum
390 2159 472 2213 abiis
485 2159 630 2231 exigendo,
644 2176 675 2216 se
688 2160 718 2214 iu
731 2167 877 2231 posterum,
889 2168 985 2215 contra
1023 2175 1084 2229 que
1101 2176 1232 2215 oceanum
1245 2160 1293 2215 vix
1310 2160 1426 2215 tolerare
1446 2167 1567 2230 poscent,
1586 2161 1617 2215 iu
1635 2179 1718 2217 usum
1732 2164 1820 2219 venire

189 2238 427 2309 illurn,uunquam
441 2238 649 2294 armelsturosz
671 2239 809 2311 quoiucto
822 2238 984 2296 eosiucolu·
1021 2249 1168 2309 coeperunt
1210 2239 1283 2293 Hinc
1306 2239 1396 2309 igitur,
1418 2255 1501 2311 quam
1523 2240 1560 2295 ob
1583 2258 1705 2307 cauum,
1728 2242 1820 2296 uotiua

190 2333 249 2372 ures
268 2333 362 2371 ornnes
381 2317 493 2372 dimisit.
539 2318 724 2375 Veruntamen
744 2318 864 2373 vindicta
882 2318 983 2384 divina,
1021 2316 1070 2371 illa
1093 2317 1212 2389 regionis
1234 2327 1341 2383 nosue
1366 2337 1427 2390 quse
1453 2336 1471 2373 a
1492 2320 1691 2390 mvigmnbua
1716 2322 1752 2375 ad
1772 2338 1818 2377 nos

189 2398 343 2456 nonmulto
352 2405 424 2470 post,
437 2396 570 2469 superbos
586 2398 648 2453 illos
666 2413 747 2453 ausus
765 2398 821 2453 ulta
833 2405 882 2463 est,
896 2398 982 2470 siqui·
1022 2398 1126 2468 acquiri
1139 2398 1236 2469 potuit,
1249 2397 1343 2454 multis
1361 2398 1461 2453 abhinc
1480 2399 1581 2453 seculis
1593 2399 1736 2465 deiecerit,
1750 2400 1818 2456 clare

190 2481 261 2545 dem,
275 2482 348 2535 intra
360 2481 524 2536 curriculum
543 2486 653 2533 centnnr
665 2494 806 2542 annorum,
820 2478 979 2545 autminus,
1021 2477 1147 2543 cerutus,
1168 2477 1222 2531 nisi
1235 2477 1326 2532 forsan
1340 2495 1403 2532 raro
1420 2487 1519 2532 eventu
1537 2478 1602 2533 talis
1620 2478 1757 2550 appulsus
1774 2481 1818 2534 ob·

190 2556 599 2631 Atlantiaillarnagusomuino
611 2558 716 2629 perdite
729 2565 757 2612 et
769 2557 982 2613 memorauit:
1021 2555 1123 2626 tigerit,
1134 2556 1359 2628 quemadmodum
1369 2567 1431 2611 aute
1442 2558 1501 2612 dies
1510 2573 1613 2627 paucos
1623 2568 1727 2613 vester.
1757 2560 1816 2614 lam

189 2653 245 2693 non
259 2646 339 2694 terrie
350 2646 424 2694 motu
437 2639 572 2709 absorpta,
587 2644 618 2693 ut
631 2637 672 2692 rir
689 2635 736 2693 ille
755 2644 846 2692 vester
858 2638 983 2702 affirmet,
1022 2651 1086 2689 vero
1098 2635 1133 2690 de
1146 2636 1328 2708 navigationis
1337 2644 1438 2691 nostre
1447 2637 1476 2691 in
1486 2635 1555 2691 alias
1565 2646 1661 2707 partes
1670 2640 1818 2693 ceantione

190 2717 304 2788 (etenim
316 2726 417 2773 tractus
435 2717 482 2773 ille
503 2725 576 2773 totus
594 2725 673 2773 terrre
691 2716 808 2772 motibus
827 2733 923 2786 parum
942 2725 984 2771 est
1021 2714 1191 2770 alianvobis
1205 2732 1314 2771 musam
1326 2716 1466 2787 assignare
1476 2724 1591 2787 oportet.
1633 2718 1817 2788 Nequeeuiru

182 2797 345 2865 ¹obnoxium)
360 2798 409 2852 sed
421 2814 471 2869 per
483 2796 644 2867 particulare
653 2796 792 2861 diluvium,
801 2796 858 2851 sire
872 2796 983 2851 inunda
1021 2795 1156 2866 denegare
1169 2811 1280 2865 possum
1294 2791 1334 2869 (ai
1345 2812 1439 2851 rerum
1453 2795 1532 2850 fateri
1546 2793 1675 2871 cupiam)
1691 2799 1757 2868 quin
1771 2815 1818 2868 ap-

190 2876 293 2931 tionem
303 2900 311 2944 ι
332 2876 550 2949 qnandoquidem
560 2877 643 2932 etiam
655 2876 787 2931 hodierno
799 2876 843 2930 die
857 2875 983 2947 regiones
1021 2883 1130 2945 paratus
1143 2883 1172 2929 et
1180 2875 1324 2929 instructio
1333 2882 1425 2930 nostra
1434 2874 1548 2942 uernis
1558 2893 1677 2933 numero
1687 2886 1716 2931 et
1726 2878 1819 2933 rome

189 2955 245 3012 illm
267 2958 386 3026 majores
406 2957 525 3012 babeant
547 2973 649 3022 amnes,
670 2966 751 3028 atque
772 2956 854 3011 etiam
877 2963 983 3012 montes
1020 2956 1137 3020 navium,
1147 2955 1476 3022 abundantiamutarum,
1486 2956 1588 3026 peritia
1596 2957 1818 3028 gubernatorum,

189 3035 307 3102 altiores,
322 3038 369 3108 qui
383 3052 469 3108 squas
485 3037 515 3091 in
532 3036 659 3107 plenium
672 3036 818 3101 effundant,
832 3052 915 3107 quam
928 3035 984 3090 alis
1021 3043 1050 3089 et
1070 3033 1132 3090 aliis
1153 3034 1234 3089 rebus
1254 3034 1469 3106 quibuscunque,
1490 3052 1568 3106 reque
1589 3036 1675 3092 bodie
1695 3037 1775 3103 ruht,
1786 3055 1819 3091 ac

188 3131 253 3185 pers
266 3132 432 3187 quacunque
446 3116 519 3171 orbis
533 3116 640 3172 veteris.
680 3115 735 3171 Sed
747 3114 814 3170 illud
824 3132 919 3171 verum
932 3122 982 3181 est,
1021 3112 1086 3168 olim
1105 3112 1222 3170 valebat
1264 3115 1368 3185 ltaque,
1390 3114 1457 3186 quid
1479 3114 1509 3169 in
1531 3132 1561 3170 re
1581 3115 1626 3180 sit,
1650 3117 1726 3188 quod
1746 3118 1817 3172 domi

188 3193 480 3251 inundationemillsm
496 3211 552 3250 non
570 3194 656 3251 fuisse
677 3195 845 3265 profundam,
858 3210 914 3249 uon
927 3212 983 3250 am·
1017 3193 1077 3262 jam
1101 3193 1251 3258 sedeamus,
1275 3195 1422 3264 seperatim
1444 3194 1523 3249 vobis
1546 3194 1711 3251 declarabo:
1739 3206 1819 3269 atque

189 3272 262 3344 plius
275 3275 374 3339 forsan,
393 3274 423 3329 in
436 3274 559 3344 pluribus
572 3273 647 3340 loeis,
661 3292 743 3347 quam
755 3274 790 3328 nd
803 3274 983 3346 quadraginta
1020 3272 1073 3327 boc
1087 3272 1199 3344 propius
1215 3274 1326 3328 accedet
1342 3274 1377 3328 sd
1396 3273 1575 3345 qwtiouem
1587 3284 1718 3340 nestum,
1737 3294 1819 3348 quam

188 3353 288 3423 pedere
322 3354 393 3409 uude
417 3354 525 3418 motum,
545 3362 577 3409 ut
598 3353 663 3409 licet
683 3354 809 3409 homines
833 3361 861 3408 et
882 3353 983 3408 bestiam
1020 3352 1099 3406 initio
1112 3352 1300 3422 proposuistis,
1314 3351 1511 3408 elucidandam.

188 3432 307 3503 undique
314 3433 480 3497 demerserit,
489 3433 627 3488 silvestres
634 3432 982 3489 nibilominushabitatorea
1060 3437 1077 3464 “
1091 3431 1229 3503 Regnavit
1241 3431 1269 3485 in
1283 3431 1337 3486 hac
1356 3432 1454 3498 insula,
1468 3440 1532 3488 ente
1551 3449 1639 3488 annos
1659 3434 1739 3490 mille
1754 3452 1820 3490 unn-

189 3511 299 3581 quidem
318 3512 450 3568 montium
471 3513 616 3568 ermriot.
655 3512 728 3568 Ares
747 3529 855 3585 quoque
872 3513 903 3567 in
923 3519 983 3568 tuto
1019 3518 1122 3582 gentos,
1149 3527 1207 3575 rex,
1232 3512 1309 3580 cujus
1331 3513 1492 3567 memoriam
1519 3529 1603 3583 supra
1626 3512 1698 3568 elios
1725 3532 1819 3571 omues

188 3590 245 3647 iere
259 3593 374 3656 suerunt,
388 3591 542 3648 adurentes
556 3599 603 3647 aut
616 3593 866 3663 arboresprrealtas
882 3608 981 3646 convo·
1019 3591 1138 3645 maxime
1158 3590 1273 3645 colimus
1294 3599 1321 3645 et
1341 3608 1517 3647 veneramur:
1544 3609 1599 3646 uon
1618 3595 1818 3663 superstitione,

188 3671 277 3727 lando.
319 3671 453 3726 Homines
466 3687 537 3736 vero,
552 3671 617 3725 licet
633 3672 662 3726 in
679 3670 817 3743 aliquibus
833 3670 901 3725 loeis
914 3671 981 3727 edi·
1019 3670 1068 3724 sed
1094 3680 1223 3741 tauquam
1250 3670 1334 3724 divini
1361 3671 1504 3740 cujusdam
1536 3672 1719 3739 instrumenti,
1753 3673 1819 3729 licet

188 3749 251 3805 ficia
274 3751 408 3806 heberent
431 3749 535 3814 altiora,
557 3767 639 3821 quarn
661 3767 716 3821 quo
739 3768 817 3822 mun
839 3751 981 3821 pervenire
1019 3748 1139 3804 bominis
1151 3748 1282 3805 mortalis.
1322 3750 1431 3804 Nomen
1445 3751 1472 3805 ei
1485 3750 1536 3805 suit
1549 3750 1707 3808 Salomone.
1747 3754 1818 3810 Eum

187 3830 309 3900 possint3
323 3829 466 3885 inundatio
476 3828 632 3894 tameuilln,
643 3829 709 3884 licet
718 3830 830 3886 minime
840 3830 981 3900 profonda,
1019 3837 1109 3884 autem
1122 3845 1173 3898 pro
1185 3828 1340 3900 legislatore
1359 3830 1441 3898 hujus
1460 3830 1550 3900 gentis
1568 3830 1704 3886 ducimue
1747 3834 1818 3906 Regi

187 3908 313 3965 butorus
331 3918 403 3964 certe
421 3909 482 3966 tuit.
522 3910 611 3976 Unde,
630 3909 678 3981 qui
697 3910 727 3964 in
743 3910 815 3964 valle
835 3910 981 3980 degebant,
1019 3908 1065 3963 isti
1078 3925 1125 3963 cor
1138 3908 1214 3964 Deus
1227 3909 1324 3963 indidit
1336 3908 1430 3974 latum,
1444 3919 1471 3964 et
1487 3911 1516 3964 in
1529 3909 1609 3964 bouis
1621 3911 1817 3969 inscrutabiles

187 3998 300 4058 propter
313 3989 455 4059 penurimn
470 3989 533 4055 cibi,
548 3997 576 4043 et
592 4005 683 4044 rerum
700 3987 815 4044 abarum
832 3989 981 4044 necwari·
1019 3988 1066 4059 qui
1079 3988 1108 4042 in
1121 3987 1189 4041 illud
1201 3996 1272 4042 totus
1285 3988 1466 4052 incumbebat,
1477 3996 1508 4044 ut
1517 4006 1633 4059 reguum
1643 3998 1674 4045 et
1687 3992 1818 4061 populum

187 4083 273 4132 arum,
287 4069 358 4124 tarne
373 4076 401 4122 et
413 4068 642 4138 inopiaperirent.
683 4068 779 4139 ltaque
789 4086 824 4123 ue
834 4067 980 4133 miremini,
1018 4084 1098 4122 sunm
1114 4066 1215 4121 bearet
1257 4067 1361 4138 ltaque,
1375 4084 1436 4121 cum
1455 4085 1547 4123 aecum
1568 4079 1717 4138 reputaret,
1738 4090 1817 4142 quam

187 4146 213 4200 si
225 4146 350 4201 Amerina
363 4146 547 4203 habitatorum
558 4154 615 4202 tam
628 4163 690 4203 rara
703 4147 746 4213 sit,
759 4164 848 4219 neque
860 4148 885 4202 si
897 4164 982 4218 popu·
1019 4146 1165 4211 sufficiens,
1179 4152 1207 4201 et
1225 4145 1269 4216 (ut
1286 4146 1390 4216 dicam)
1409 4147 1585 4212 substantiva,
1605 4158 1682 4203 terra
1701 4149 1762 4205 been
1783 4169 1816 4206 ex

187 4226 231 4279 lus
245 4225 364 4294 ejusdem
378 4226 446 4281 adeo
458 4225 577 4298 simplex
589 4234 618 4282 et
630 4227 760 4282 barbarus
773 4229 882 4282 existat.
916 4227 981 4282 Ete·
1018 4242 1078 4280 reae
1092 4226 1176 4281 fuerit
1187 4225 1221 4279 ad
1234 4225 1354 4296 seipsam
1374 4226 1585 4290 ermentrudem,
1598 4228 1707 4299 absque
1721 4232 1816 4301 opibus

187 4304 245 4360 nim
255 4305 387 4360 rationem
398 4305 438 4360 sic
448 4306 588 4362 instituere
598 4306 716 4371 debetis3
737 4305 868 4376 populum
880 4306 982 4360 Ameri-
1019 4310 1066 4359 eut
1076 4306 1164 4374 copiis
1178 4313 1332 4360 exterorum
1342 4327 1349 4371 ς
1371 4306 1472 4376 quippe
1487 4323 1549 4376 quar
1562 4306 1591 4359 in
1604 4307 1725 4363 circuitu
1738 4311 1814 4381 quin-

187 4399 284 4438 canum
294 4401 393 4439 novum
402 4401 471 4448 esse,
481 4393 509 4439 et
519 4394 654 4440 recentem
664 4386 799 4456 (inquam)
811 4402 868 4455 prae
875 4386 981 4440 ceteris
1019 4385 1098 4455 quies
1113 4383 1187 4439 mille
1201 4394 1228 4438 et
1238 4391 1370 4438 sexcenta
1390 4384 1526 4449 milliaria,
1538 4383 1601 4456 plus
1614 4386 1719 4451 miuus,
1732 4389 1816 4444 cauti·

187 4462 261 4517 orbis
280 4462 485 4529 habitatoribus,
503 4465 582 4520 anuis
601 4482 655 4519 uon
674 4465 764 4519 miuus
784 4463 869 4520 mille.
910 4465 981 4520 Tan-
1019 4472 1111 4529 neret;
1131 4473 1161 4518 et
1173 4464 1294 4517 maxima
1308 4481 1345 4518 ex
1357 4471 1435 4532 parte
1448 4464 1526 4519 ferax
1539 4464 1679 4534 imprimis
1692 4476 1775 4533 esset,
1788 4477 1815 4522 et

187 4543 333 4597 tamenim
347 4542 476 4612 temporis
492 4543 682 4599 intercesserat
691 4543 908 4598 interdiluvium
919 4545 981 4598 uui·
1018 4543 1136 4597 bonitate
1158 4542 1209 4597 soli
1231 4551 1389 4612 prestaret:
1420 4549 1502 4614 atque
1523 4560 1618 4599 rursus
1643 4548 1816 4617 perpendens

186 4621 300 4686 versele,
324 4630 354 4676 et
376 4621 445 4677 illud
467 4621 601 4678 American
627 4622 797 4693 particulare.
839 4623 981 4694 Siquidem
1018 4621 1133 4677 classem
1155 4629 1184 4676 et
1203 4639 1287 4676 naves
1311 4622 1397 4692 regni,
1416 4638 1472 4676 nou
1491 4623 1611 4693 seguiter
1631 4626 1769 4696 applicari
1788 4633 1816 4680 et

186 4707 282 4756 tennes
295 4701 351 4757 ille
365 4709 393 4756 et
406 4718 475 4756 rare
487 4701 600 4758 humani
611 4704 720 4774 generis
730 4702 860 4773 reliquiae,
875 4721 936 4774 que
950 4702 980 4756 iu
1018 4702 1139 4756 exerceri
1148 4710 1301 4771 porcetum
1310 4719 1359 4771 per
1370 4702 1557 4771 piscationem,
1568 4719 1652 4772 quam
1666 4721 1719 4775 per
1730 4714 1815 4761 trans·

186 4782 325 4835 montibus
345 4789 508 4845 manserant,
528 4783 559 4837 in
581 4782 725 4838 inferiores
746 4782 866 4853 regionis
887 4790 980 4851 partes
1018 4782 1199 4851 portationem
1212 4788 1391 4835 mercturam
1410 4781 1444 4834 de
1457 4789 1537 4851 portu
1557 4780 1588 4836 iu
1606 4790 1736 4853 portum
1757 4803 1816 4840 neo·

186 4860 262 4915 tarde
283 4859 406 4915 sobolem
427 4860 576 4926 dederont,
604 4879 719 4933 eumque
740 4869 832 4916 esseut
855 4861 980 4917 homines
1018 4877 1073 4915 non
1086 4877 1135 4930 per
1148 4859 1380 4931 navigationesad
1394 4858 1815 4932 insulasquasdamadjaeeutee,

187 4938 246 5002 feri,
260 4947 288 4995 et
301 4940 422 4994 omnium
435 4957 525 4994 rerum
539 4940 619 4996 rudes
634 4942 805 5012 (neutiquam
819 4940 943 5004 Noaoho,
954 4948 981 4995 et
1018 4947 1047 4993 et
1062 4939 1179 5009 imperio
1201 4939 1265 4994 huic
1284 4947 1312 4993 et
1331 4937 1439 5010 legibus
1458 4940 1599 4994 subditas:
1621 4951 1683 4997 turn
1702 4960 1769 4998 vero
1785 4943 1815 4998 in

186 5018 252 5073 liliis
265 5018 325 5085 ejus
337 5018 448 5084 similes,
460 5020 507 5091 qui
521 5019 626 5074 familia
639 5029 723 5084 eraut,
734 5037 770 5075 ex
780 5021 905 5075 universo
915 5021 980 5075 orbe
1018 5020 1176 5074 memoriam
1195 5034 1332 5082 revocans,
1347 5035 1430 5090 quern
1451 5017 1518 5074 felix
1531 5027 1559 5072 et
1572 5018 1684 5084 florens,
1698 5040 1735 5078 eo
1747 5031 1814 5077 tem·

186 5096 285 5166 electa)
309 5098 344 5152 ad
371 5098 472 5164 literas,
495 5105 575 5163 artes,
597 5105 627 5152 et
648 5099 710 5153 viter
733 5099 842 5163 cultum,
863 5099 980 5169 posteris
1018 5097 1181 5169 pore,regni
1194 5097 1276 5165 hujus
1290 5106 1377 5152 status
1395 5096 1489 5162 luerim
1523 5100 1562 5151 its
1581 5109 1613 5153 ut
1629 5100 1710 5156 mille
1728 5101 1813 5156 modis

185 5177 431 5242 bmsmittendum,
454 5194 510 5232 uon
530 5177 707 5232 sufficiebant
748 5178 839 5249 Atque
860 5179 980 5248 iusuper,
1018 5179 1046 5232 in
1070 5177 1196 5242 deterius,
1215 5177 1264 5232 sed
1283 5177 1332 5232 vix
1351 5176 1409 5231 ullo
1430 5177 1510 5232 modo
1530 5176 1560 5231 in
1584 5178 1695 5245 melius,
1715 5181 1812 5237 mutati

186 5272 248 5309 curn
257 5255 510 5312 inhabitationibus
519 5257 576 5311 suis
586 5257 721 5312 moumnis
733 5259 856 5327 (propter
865 5257 980 5328 asperri-
1018 5264 1127 5328 posset,
1148 5255 1219 5312 nihil
1232 5257 1343 5311 omniuo
1356 5257 1450 5311 deesse
1463 5257 1585 5327 putabat,
1599 5274 1654 5329 quo
1668 5261 1739 5316 fines
1752 5276 1813 5316 snos

186 5351 262 5388 mum
288 5333 374 5405 trigru
399 5335 539 5405 regionem
559 5334 682 5406 illorum)
706 5334 824 5406 pellibus
847 5353 980 5402 ursorum,
1017 5336 1123 5391 nobiles
1134 5335 1215 5406 plene
1229 5344 1258 5391 et
1270 5336 1396 5391 heroicos
1404 5338 1664 5406 assequeremr,nisi
1677 5348 1708 5394 nt
1719 5341 1812 5412 (quan-

186 5410 326 5479 tigridum,
349 5419 379 5466 et
400 5430 543 5484 caprorum
568 5430 728 5484 magnorum
755 5421 783 5467 et
807 5414 994 5481 hirsutorum
1019 5423 1077 5470 turn
1098 5416 1219 5470 bumana
1237 5415 1407 5486 providentia
1426 5415 1533 5470 efficere
1553 5419 1658 5485 posset)
1681 5418 1810 5480 residat,

187 5487 235 5558 qui
246 5488 277 5544 in
289 5488 344 5544 illie
360 5492 483 5560 partibas
498 5492 645 5560 abundant,
657 5492 756 5549 restire
777 5509 807 5549 se
825 5495 981 5550 consueris·
1018 5512 1079 5565 que
1099 5512 1148 5550 suo
1171 5502 1292 5566 tempore
1311 5501 1367 5549 tam
1389 5493 1505 5549 feliciter
1524 5505 1618 5551 essem
1642 5495 1760 5553 sandeta
1780 5507 1809 5552 et
