3800 5875
749 315 799 370 DE
820 312 1045 371 AUGMENTIS
1067 311 1341 368 selanitarum.
1694 309 1756 366 Iun
1776 310 1846 365 lllll.

1069 470 1122 524 nisi
1148 479 1206 526 tota
1228 472 1290 543 lege
1311 476 1463 541 perspecta,
1490 468 1524 522 de
1546 476 1623 539 parte
1647 467 1708 537 ejus
1731 468 1848 535 judicare,

1070 550 1156 605 multo
1176 551 1264 622 magis
1285 550 1339 605 hoc
1360 549 1451 604 valere
1472 548 1553 602 debet
1571 549 1600 601 iu
1622 546 1772 618 exemplis;
1799 566 1848 618 qua

280 629 434 684 Solennitas
447 628 589 682 verborum
608 636 634 683 et
652 635 773 683 aetorum
795 645 849 683 nou
861 628 959 699 recipit
982 645 1031 682 ex·
1069 630 1198 699 ancipitis
1211 639 1276 685 sunt
1286 646 1361 694 usus,
1374 629 1429 683 nisi
1442 626 1520 682 valde
1534 628 1677 698 quadrent.

239 709 391 764 tensionem
405 709 439 762 sd
453 707 561 762 similia.
600 707 695 762 Perdit
708 708 781 761 enim
795 720 919 762 naturam
940 706 1030 761 suen-

239 789 290 853 nis,
305 787 377 858 quod
388 788 484 841 transit
497 804 513 840 a
524 803 599 841 mors
610 787 645 840 ad
655 787 810 841 arbitrium:
831 795 860 841 et
869 786 1032 841 introductio

239 884 379 933 uovorum,
394 867 543 937 corrumpit
556 868 726 934 majestatem
739 873 869 920 veterum.
1110 864 1142 917 In
1156 862 1289 935 exemplis
1308 861 1455 934 plurimum
1474 862 1596 923 interest,
1615 876 1665 930 per
1685 876 1753 930 quse
1766 875 1848 913 nauus

1070 943 1228 996 transierim
1240 951 1267 996 et
1280 950 1415 996 transacta
1427 941 1490 995 sint.
1530 940 1561 995 Si
1580 941 1654 994 enim
1674 940 1747 1010 apud
1760 938 1848 992 acribus

603 537 662 576 xlx.

1422 767 1513 807 xxvn.

611 1008 657 1044 ΚΧ·
1070 1027 1182 1085 tautum,
1194 1029 1222 1076 et
1234 1021 1371 1076 ministros
1381 1020 1502 1089 justitiis,
1517 1036 1552 1074 ex
1565 1035 1646 1074 cursu
1659 1018 1751 1081 euriae,
1760 1018 1847 1087 Μ’*

280 1098 412 1153 Proclivis
426 1105 468 1153 est
481 1099 605 1153 extensio
618 1099 689 1168 legis
707 1097 742 1151 ud
764 1113 843 1150 casus
865 1102 1030 1167 post-natos,
1069 1101 1167 1155 notitia
1180 1101 1324 1155 manifesta
1333 1099 1510 1170 superiorum,
1521 1098 1704 1162 obtinuerint,
1725 1096 1847 1152 autetiam

240 1176 286 1249 qui
300 1180 329 1232 iu
342 1195 432 1233 rernm
446 1187 606 1232 natursnon
620 1179 861 1246 fuerunttempure
875 1175 1030 1247 legislstae.
1070 1179 1143 1249 apud
1165 1196 1286 1234 errorum
1312 1180 1473 1251 magistrum
1499 1176 1646 1248 populum3
1681 1175 1848 1230 conculcanda

241 1258 295 1311 Ubi
310 1258 383 1312 enim
396 1274 475 1312 casus
486 1258 603 1327 exprimi
617 1274 671 1310 non
685 1262 799 1327 poterat,
814 1256 878 1327 quia
888 1262 952 1309 tunc
966 1254 1030 1310 nul·
1070 1267 1141 1323 sunt,
1164 1268 1193 1313 et
1213 1259 1290 1329 parri
1310 1258 1442 1312 facienda.
1483 1256 1531 1312 Sin
1553 1256 1626 1327 apud
1647 1264 1790 1318 senatores,
1808 1262 1848 1309 sut

240 1337 282 1390 lus
305 1345 371 1400 erat,
395 1353 473 1390 casus
498 1337 612 1391 omissus
634 1336 749 1390 habetur
772 1352 823 1405 pro
844 1350 986 1403 expresso,
1007 1334 1031 1388 si
1067 1337 1182 1405 judices,
1197 1338 1346 1392 autcarius
1360 1334 1532 1408 principales,
1551 1336 1591 1389 ita
1605 1335 1657 1389 sub
1675 1333 1848 1403 oculisposita

239 1416 336 1470 similis
350 1416 432 1470 fuerit
442 1416 520 1470 ratio.
1071 1417 1178 1482 fuerint,
1192 1425 1223 1471 ut
1235 1433 1347 1471 neeesse
1361 1416 1444 1470 fuerit
1457 1414 1514 1480 illa,
1528 1414 1727 1485 approbatione
1740 1414 1847 1481 judicum

279 1494 367 1565 Atque
381 1496 414 1548 dc
429 1494 632 1549 extensionibus
645 1493 745 1564 legum,
757 1493 785 1546 in
795 1491 903 1546 casibus
913 1492 1031 1556 omissis,
1070 1495 1167 1550 saltem
1177 1497 1266 1560 tacita,
1278 1496 1381 1550 munita
1394 1495 1486 1561 fuisse,
1497 1493 1558 1565 plus
1572 1494 1741 1566 dignationis
1752 1492 1847 1546 babent

239 1573 298 1629 baec
313 1574 382 1628 dicta
396 1575 466 1628 sint:
488 1590 558 1627 nuuc
572 1574 606 1627 de
620 1589 670 1627 usn
680 1571 866 1643 exemplorum
877 1571 1030 1626 dicendum.

1416 1651 1517 1691 xxrur.

402 1762 439 1800 ns
459 1761 607 1811 exemeras,
630 1762 667 1800 ur
687 1760 742 1800 usu
763 1760 872 1800 sonora
1109 1745 1260 1817 Exemplis,
1274 1765 1335 1818 qun
1349 1747 1487 1818 publicata
1501 1746 1610 1810 fuerint,
1623 1754 1759 1817 utcunque
1770 1745 1848 1799 miuus

1071 1825 1172 1879 fuerint
1185 1826 1214 1878 in
1227 1843 1285 1890 usu,
1300 1842 1362 1880 cum
1381 1835 1472 1880 tamen
1492 1825 1662 1880 sermonibus
1684 1834 1712 1878 et
1732 1825 1848 1894 dissepta

1071 1904 1188 1959 tionibus
1210 1903 1352 1959 hominum
1376 1906 1482 1976 agitata
1505 1913 1534 1959 et
1559 1904 1694 1959 ventilata
1718 1905 1847 1965 extiterint,

278 1978 320 2032 De
344 1978 479 2051 exemplis
498 1981 555 2048 jam
577 1981 719 2035 dicendum
740 1987 845 2043 estex
867 1980 965 2053 quibus
986 1981 1032 2049 jus
1071 1982 1132 2053 plus
1150 1984 1315 2038 auctoritatis
1334 1984 1520 2040 tribuendum:
1542 2002 1603 2055 quae
1620 2000 1688 2038 reru
1708 1984 1736 2037 in
1754 1985 1848 2038 seriam

240 2057 418 2113 hauriendum
434 2059 477 2123 sit,
491 2060 537 2113 ubi
557 2059 604 2114 lex
621 2060 720 2113 delicit.
761 2058 850 2129 Atque
868 2059 902 2114 de
923 2077 1033 2115 consue·
1071 2071 1097 2116 et
1110 2063 1228 2118 archivis
1242 2074 1398 2118 manserunt
1412 2071 1541 2134 tanquam
1555 2062 1673 2134 sepulta,
1689 2071 1717 2117 et
1729 2062 1848 2133 pslamiu

240 2137 339 2199 tudine,
354 2154 415 2207 quse
430 2137 501 2208 legis
519 2140 624 2208 species
641 2146 691 2201 est,
705 2138 794 2210 deque
812 2138 956 2210 exemplis,
971 2157 1032 2210 quer
1071 2141 1234 2197 oblivionem
1260 2143 1431 2206 transierunt,
1464 2143 1562 2196 minus.
1617 2141 1753 2213 Exempla
1776 2143 1848 2205 enin,

240 2230 289 2285 per
303 2216 473 2286 frequentem
486 2234 564 2272 usum
582 2217 845 2272 inconsuetudinem
860 2219 1032 2283 transierunt,
1071 2222 1141 2275 sicut
1154 2237 1240 2294 aquae,
1254 2222 1284 2275 in
1298 2223 1448 2292 profluente
1463 2222 1616 2276 sanissima.

240 2303 369 2363 tanquam
388 2294 478 2365 legem
496 2297 613 2360 tacitam,
631 2313 681 2350 suo
699 2296 760 2350 loco
780 2296 910 2353 dicemus.
950 2298 1033 2352 Nunc

240 2379 331 2426 auteur
345 2372 378 2427 de
400 2375 534 2445 exemplis
553 2375 696 2447 loquimur,
712 2393 773 2446 quse
788 2392 851 2430 raro
870 2383 899 2430 et
916 2378 1033 2448 sparsim

239 2450 428 2517 interveniunt,
448 2471 498 2508 nec
515 2455 545 2508 in
565 2455 635 2527 legis
649 2455 704 2509 rim
723 2453 897 2520 coalueruut;
925 2456 1033 2528 quando
1110 2452 1254 2522 Exempla,
1269 2470 1330 2523 quae
1343 2451 1378 2506 ad
1398 2452 1474 2524 leges
1491 2458 1624 2523 spectant,
1645 2468 1703 2507 uon
1722 2452 1805 2522 placet
1821 2452 1849 2504 ab

241 2538 335 2601 etqua
348 2532 481 2599 cautione,
501 2551 596 2589 norma
617 2534 686 2602 iuris
706 2533 742 2587 ab
763 2533 832 2604 ipsis
853 2535 970 2604 petenda
988 2536 1032 2601 sit,
1072 2531 1209 2586 historicis
1223 2532 1287 2601 peti,
1301 2531 1349 2585 sed
1367 2531 1402 2585 ab
1420 2532 1490 2587 actis
1504 2532 1620 2602 publicis
1634 2541 1664 2585 et
1678 2531 1850 2586 traditionibus

241 2626 303 2664 cum
316 2608 362 2664 lex
373 2610 490 2667 deficiat.
1071 2610 1296 2682 diligentioribus.
1337 2611 1467 2665 Versatur
1484 2612 1557 2665 enim
1576 2610 1726 2665 infelicitas
1741 2611 1848 2681 quadam

1071 2690 1141 2744 iuter
1153 2689 1298 2744 historicos
1308 2688 1353 2743 vel
1366 2690 1489 2760 optimos,
1504 2696 1532 2745 ut
1545 2689 1654 2759 legibus
1667 2699 1697 2744 et
1711 2692 1777 2744 actis
1787 2690 1849 2759 juii-

1071 2768 1186 2824 cialibus
1199 2785 1256 2823 nou
1269 2769 1334 2823 satis
1347 2769 1543 2834 immorenturs
1565 2776 1612 2824 aut
1625 2770 1650 2823 si
1665 2769 1735 2824 forte
1746 2769 1849 2841 diligen·

280 2845 621 2917 Exemplaatemporibus
631 2846 710 2900 bonis
723 2851 750 2899 et
761 2844 905 2900 moderatis
916 2846 1034 2916 peteuda
1071 2848 1138 2902 tium
1162 2848 1296 2920 quandam
1321 2848 1505 2913 adhibuerint,
1529 2848 1681 2903 tamenab
1704 2848 1850 2904 authenticis

240 2933 310 2990 sunt,
330 2944 386 2981 nou
407 2926 564 2997 tyrannicis,
585 2934 633 2981 aut
660 2925 789 2990 factiosis,
816 2932 865 2981 aut
887 2924 1032 2981 dissolutis.
1071 2927 1152 3001 longe
1165 2928 1279 2983 varient.

242 3006 404 3074 Huiusmodi
419 3006 546 3075 exempla
560 3005 689 3075 temporis
703 3015 798 3075 partus
811 3005 898 3076 spurii
910 3012 990 3072 sunt;
1005 3012 1032 3060 et

240 3085 330 3157 magis
342 3092 449 3151 nocent,
464 3103 544 3157 quum
558 3086 663 3140 docent.

505 1887 687 1927 aenontsuus
705 1886 764 1925 XXI.

1428 2359 1507 2399 mx.

610 2754 681 2792 xxti.

1430 3071 1499 3110 XXX.

1110 3163 1283 3233 Exemplum,
1298 3163 1369 3234 quod
1387 3171 1453 3219 aetas
1470 3170 1704 3235 contemporanea
1720 3173 1767 3220 aut
1784 3181 1849 3237 pron

1071 3244 1127 3297 iura
1141 3243 1251 3312 respuit,
1262 3260 1324 3297 curn
1337 3259 1415 3298 casus
1425 3244 1538 3298 subinde
1548 3258 1708 3309 recurreret,
1718 3264 1772 3301 nou
1784 3243 1848 3298 facile

281 3317 314 3371 ln
328 3318 471 3388 exemplis,
485 3318 634 3372 recentiora
647 3316 774 3371 habenda
788 3323 849 3372 sunt
863 3329 914 3388 pro
927 3316 1032 3372 tutiori·
1072 3322 1265 3376 admittendum
1278 3331 1328 3376 est
1358 3324 1457 3394 Neque
1471 3323 1544 3377 enim
1556 3331 1661 3377 tuntum
1671 3341 1724 3394 pro
1733 3324 1779 3380 illo
1789 3324 1848 3382 fecit.

240 3397 301 3451 bus.
341 3397 417 3458 Quod
431 3396 505 3451 euim
519 3395 601 3465 paulo
615 3403 676 3450 ante
699 3396 799 3450 factum
816 3402 867 3461 est,
881 3396 954 3450 unde
973 3396 1034 3451 nul·
1072 3403 1143 3472 quod
1164 3401 1289 3456 homines
1309 3400 1377 3455 illud
1395 3402 1554 3472 quandoque
1572 3413 1755 3473 usurparunt3
1783 3419 1848 3475 quam

240 3475 298 3531 lum
312 3476 348 3530 sit
361 3484 481 3531 secutum
496 3475 704 3538 incommodum,
720 3475 824 3546 quidni
842 3475 939 3529 iterum
954 3492 1033 3546 repe·
1072 3491 1173 3547 contra,
1189 3480 1260 3552 quod
1274 3480 1380 3551 experti
1394 3480 1570 3552 reliqnemut.

242 3556 337 3610 tatur?
358 3555 414 3610 Sed
428 3564 518 3609 tamen
533 3554 622 3608 minus
636 3553 740 3608 habent
758 3554 925 3608 auctoritatis
943 3572 1034 3609 recen·

241 3635 287 3689 tia.
328 3634 364 3688 Et
387 3635 411 3689 si
439 3634 510 3688 forte
535 3649 578 3687 res
600 3634 628 3687 in
653 3633 751 3687 melius
775 3633 880 3687 restitui
902 3649 970 3703 opus
990 3635 1033 3699 sit,

241 3713 361 3767 recentia
388 3712 516 3783 exempla
543 3712 632 3784 magis
660 3712 781 3767 seculum
809 3729 887 3766 suum
915 3713 1033 3784 sapiunt,
1111 3712 1246 3782 Exempla
1259 3712 1288 3765 iu
1301 3711 1445 3766 consilium
1458 3709 1630 3777 adhibentur,
1646 3729 1703 3767 non
1718 3714 1806 3785 utique
1817 3711 1849 3778 ju·

242 3811 323 3863 quam
336 3801 437 3846 rectam
452 3793 595 3846 rationem.
1073 3792 1144 3855 bent,
1158 3801 1206 3846 aut
1219 3792 1359 3861 imperant.
1402 3790 1489 3861 Igitur
1501 3790 1540 3843 ita
1557 3800 1696 3861 regantur,
1711 3804 1743 3846 ut
1755 3789 1850 3847 sumon-

1074 3878 1114 3924 tas
1127 3869 1257 3941 praeteriti
1271 3869 1400 3940 temporis
1414 3871 1538 3924 flectatur
1551 3871 1587 3923 ud
1600 3887 1679 3925 usum
1694 3872 1831 3943 presentis

1112 3950 1201 4021 Atque
1214 3950 1248 4003 de
1262 3949 1453 4004 informatione
1466 3949 1501 4002 ab
1518 3949 1663 4019 exemplis,
1678 3953 1726 4006 ubi
1740 3951 1785 4005 lex
1795 3948 1849 4002 deti·

282 4027 318 4082 At
330 4030 477 4084 vetustiora
491 4028 618 4097 exempla
631 4035 711 4083 caute
731 4033 834 4083 etcum
848 4028 955 4083 delectu
969 4032 1036 4084 reci·
1073 4029 1117 4094 cit,
1132 4029 1191 4083 haec
1209 4028 1280 4083 dicta
1294 4029 1356 4084 sint.
1397 4027 1459 4083 Jaur
1479 4028 1621 4082 dicendum
1640 4031 1675 4084 de
1695 4031 1778 4086 curiis
1794 4045 1850 4100 pra*

242 4107 355 4177 pientia:
377 4108 505 4162 decursus
527 4108 660 4179 siquidem
680 4108 767 4162 aetatis
786 4108 871 4162 multu
890 4115 983 4172 mutat,
1006 4117 1036 4164 ut
1073 4109 1148 4162 toriis
1162 4115 1191 4162 et
1203 4108 1341 4162 censoriis.

243 4185 314 4257 quod
328 4192 448 4255 tempore
467 4187 591 4241 videatur
610 4187 759 4256 antiquum,
778 4187 806 4240 id
824 4187 1034 4256 perturbatione,

241 4273 269 4317 et
289 4265 508 4319 iucouformitate
532 4264 567 4319 ad
588 4267 740 4336 prasentia,
762 4266 800 4320 sit
822 4265 904 4336 plane
925 4283 1033 4322 norum.
1186 4280 1224 4319 nr
1243 4280 1341 4320 cnarrs
1362 4279 1577 4319 camoenam
1596 4281 1760 4320 cansoans.

243 4341 331 4397 Medii
352 4345 444 4415 itaque
469 4345 600 4414 temporis
622 4346 749 4415 exempla
772 4352 835 4399 sunt
857 4347 969 4415 optima,
991 4346 1034 4400 vel

242 4422 327 4477 etiarn
350 4421 413 4476 talis
436 4423 573 4492 temporis,
594 4423 666 4494 quod
687 4441 750 4479 curn
771 4432 891 4494 tempure
909 4433 1034 4480 currente

242 4500 388 4572 plurimum
402 4503 566 4566 conveniat;
585 4504 656 4574 quod
676 4502 822 4574 aliquando
842 4511 953 4573 preestat
969 4511 1034 4559 tem·
1113 4494 1202 4549 0⁰¹1&
1223 4500 1303 4549 ⁸¹¹¹¹¹0
1322 4501 1350 4549 ei
1370 4494 1577 4563 ἱΰῐὶῦᾶῑῦῐὶῠῦθῦ,
1602 4513 1665 4566 1111ae
1687 4502 1804 4552 statuant
1822 4508 1849 4544 ΒΧ

242 4597 294 4651 pus
308 4581 445 4645 remotius,
459 4581 548 4652 magis
561 4599 643 4652 quam
656 4581 686 4635 iu
699 4582 832 4651 proximo.
1073 4573 1185 4627 arbitrio
1197 4574 1261 4628 boni
1271 4573 1323 4628 viri
1333 4581 1362 4628 et
1371 4574 1531 4629 discretione
1542 4591 1617 4640 sana,
1628 4576 1675 4629 ubi
1688 4576 1761 4648 legis
1772 4588 1849 4629 uuna
1871 4603 1872 4636 3

1072 4652 1169 4707 deficit
1209 4652 1271 4707 Lex
1283 4653 1356 4707 enim
1370 4653 1414 4724 (ut
1426 4661 1507 4707 antea
1520 4653 1621 4709 dictum
1635 4658 1692 4720 est)
1706 4672 1760 4710 nun
1769 4652 1849 4709 suffieit
1871 4647 1872 4664 ¹

1073 4732 1195 4796 casibua3
1217 4731 1264 4786 ssd
1278 4731 1313 4786 ed
1326 4748 1367 4796 sa,
1387 4750 1447 4803 qun
1466 4731 1615 4803 plerunque
1633 4734 1769 4799 accidunt,
1786 4739 1847 4800 apta·

283 4812 358 4865 Intra
370 4813 439 4867 fines
452 4814 580 4884 exempli,
594 4813 638 4868 vel
652 4813 721 4868 citra
742 4814 841 4882 potius,
856 4831 885 4868 se
899 4814 1034 4881 cohibem,
1074 4817 1132 4865 tur:
1153 4810 1352 4880 sapientissima
1366 4819 1456 4866 autem
1470 4827 1514 4865 res
1523 4821 1631 4882 tempus
1641 4817 1685 4880 (ut
1700 4814 1738 4867 ab
1750 4809 1847 4879 antiquis

242 4908 292 4946 uec
306 4890 368 4946 illos
381 4891 530 4947 ullomodo
544 4893 675 4947 excedito.
717 4892 771 4946 Ubi
790 4894 862 4947 enim
885 4911 939 4948 nou
960 4895 1036 4950 adest
1073 4889 1242 4956 dictumest)
1261 4898 1289 4944 et
1308 4907 1439 4946 novorum
1459 4907 1569 4945 casuum
1589 4892 1711 4962 quotidie
1730 4899 1813 4948 auctor
1826 4893 1848 4938 ⁰²

242 4987 337 5024 norma
363 4972 442 5042 legis,
466 4972 558 5026 omnia
582 4971 658 5042 quasi
682 4987 733 5042 pro
753 4974 887 5041 suspectis
909 4973 1036 5030 habenda
1073 4969 1204 5024 inventor·

242 5057 320 5104 sunt:
341 5049 433 5122 itaque
446 5059 477 5105 ut
489 5051 518 5104 iu
533 5050 661 5116 obscuris,
676 5050 818 5106 minimum
831 5052 958 5123 sequitor.

599 3225 679 3263 xxiii.

1427 3620 1507 3660 1111.

600 3931 681 3971 XXIV.

1319 4402 1504 4442 APHORISHUS
1525 4403 1617 4442 11111.

604 4723 671 4761 m.

1418 5114 1519 5153 xxxin.

602 5188 682 5227 ¹¹⁹¹·
1114 5204 1300 5259 Interveniunt
1314 5212 1406 5260 autem
1418 5205 1482 5259 nori
1496 5219 1575 5258 casus
1587 5209 1616 5257 et
1630 5203 1661 5259 in
1672 5196 1846 5259 enatemus

283 5279 440 5336 Cavendum
464 5282 500 5335 ab
522 5281 707 5350 exemplorum
730 5281 891 5353 fragmentis
915 5283 1036 5339 etcum·
1075 5283 1120 5354 qui
1141 5299 1224 5352 poena
1243 5283 1387 5354 indigent,
1422 5292 1449 5338 et
1471 5285 1500 5338 in
1522 5281 1657 5347 civilibus,
1680 5285 1727 5356 qui
1750 5274 1845 5335 auxilio·

242 5358 366 5427 pendiis:
399 5368 481 5431 atque
502 5361 636 5430 integrum
659 5361 822 5429 exemplum,
847 5368 875 5415 et
896 5362 1036 5416 universus
1074 5362 1178 5424 Curias,
1206 5379 1267 5432 qum
1294 5363 1329 5416 sd
1352 5363 1444 5434 priora
1463 5362 1511 5417 ilis
1532 5361 1691 5432 respiciunt,
1712 5355 1845 5418 caunum

244 5436 301 5505 ejus
313 5454 454 5506 processus
467 5438 702 5510 introspiciendus.
744 5438 774 5494 Si
785 5441 857 5495 euim
869 5439 980 5496 incivile
991 5440 1035 5506 sit,
1074 5458 1135 5512 quas
1149 5443 1183 5495 ud
1196 5443 1352 5511 posteriora,
1365 5443 1504 5513 pretoriae
1518 5439 1699 5513 appellemus.
