3800 5875
621 310 804 368 HISTORIA
824 311 923 384 Vl'l'AE
944 312 993 368 ΕΤ
1014 312 1167 369 MORTIS.
1647 312 1704 374 579

68 471 305 527 rursusindantur
318 470 436 542 spiritus,
450 472 546 542 quales
563 477 627 526 sunt
644 471 673 525 in
690 472 810 538 juvener
831 486 872 524 ro
909 487 1007 536 cenum
1029 471 1182 542 fugueuim
1195 471 1339 541 spirituum
1352 469 1437 536 malm
1467 471 1641 528 condensatio
1655 488 1704 527 au-

67 561 127 607 tam
147 551 223 606 hanc
244 568 373 622 magnum
387 559 462 606 rotas
478 551 599 622 reliquas
618 551 737 605 minores
756 551 870 605 circum·
909 559 967 604 tem
977 567 1071 605 eorum
1084 566 1102 603 a
1116 549 1182 622 fuga
1194 551 1273 605 bons.

67 647 163 703 agere,
187 639 217 685 et
239 638 344 686 nature
364 647 474 685 cursum
498 631 684 702 renogradum
702 629 761 684 fieri
781 645 870 701 posse,
948 621 998 685 20.
1021 629 1110 684 Grreci
1123 629 1237 685 multum
1251 635 1405 700 punierunt,
1419 629 1497 685 etad
1509 629 1661 695 sanitatem,
1678 639 1706 686 et

67 717 286 765 consentaneum
299 718 349 766 est.
909 708 944 762 ad
967 708 1202 779 prolongationem
1226 709 1296 774 vitre,
1318 710 1348 764 in
1371 709 1487 780 opistis:
1514 709 1619 764 Arabes
1640 727 1706 764 vero

110 789 139 844 3.
163 791 198 844 lu
219 790 295 844 omni
313 788 529 859 consumptione,
543 788 601 843 sire
625 804 675 858 per
697 788 798 858 ignem,
813 788 870 842 sive
908 787 1114 859 sdhncmagis;
1135 788 1469 845 intantumutmedicinae
1479 806 1537 845 snae
1547 788 1704 860 grandiores

67 885 120 939 per
132 877 253 934 aetatem,
268 885 322 939 qun
335 868 397 940 plus
413 868 525 938 spiritus
538 866 587 932 rei,
598 868 656 921 sive
670 866 752 932 calor,
766 867 871 938 deprse-
909 869 993 941 (quas
1007 866 1129 923 Deorum
1141 885 1236 922 munus
1253 868 1363 939 vocant)
1377 884 1428 940 pro
1440 868 1500 923 basi
1515 884 1565 922 sua
1574 874 1603 921 et
1612 868 1704 939 ingre-

67 948 149 1002 detur
162 948 317 1014 humorem,
331 965 365 1004 eu
377 947 486 1003 brevior
501 953 544 1002 est
557 946 663 1001 duratio
673 946 722 1002 rei.
764 946 798 1001 Id
809 947 871 1001 ubi·
908 945 1000 1001 dieme
1014 945 1161 1018 principali
1178 945 1300 1001 habeant
1319 947 1428 1018 opium;
1449 947 1564 1018 reliquie
1580 948 1705 1002 admistio

67 1028 255 1098 queoccnrrit
268 1033 297 1081 et
310 1034 394 1097 patet
908 1024 1014 1093 udejus
1024 1025 1122 1080 noxias
1132 1024 1276 1096 qualitates
1286 1027 1466 1082 retundendas
1475 1034 1503 1081 et
1511 1026 1702 1098 corrigendum

107 1108 139 1161 4.
163 1107 284 1177 Spiritus
297 1107 326 1160 in
340 1106 390 1160 tuli
410 1111 624 1174 temperamento
637 1111 666 1160 et
677 1104 764 1177 gradu
778 1104 872 1158 activi-
909 1104 1004 1174 quales
1017 1111 1081 1160 sunt
1093 1104 1224 1170 theriaca,
1239 1106 1445 1171 mithridatium,
1459 1114 1487 1161 et
1499 1114 1605 1161 crotera.

65 1186 134 1242 tutis
144 1185 267 1256 ponendi
277 1181 869 1259 sunt,utsuccosccrpnris(utaitille)non
948 1184 997 1238 21.
1019 1184 1154 1255 Quicquid
1173 1185 1204 1238 in
1223 1201 1291 1239 cura
1312 1186 1467 1240 morborum
1479 1184 1704 1257 pestilentialium

65 1266 168 1320 bibant
181 1273 211 1320 et
224 1266 358 1330 sorbeant,
372 1264 421 1320 sed
431 1263 566 1334 pirissam
909 1269 937 1317 et
948 1262 1131 1334 malignorum
1144 1263 1262 1319 feliciter
1275 1264 1428 1330 exhibetur,
1442 1272 1472 1320 ut
1482 1264 1593 1334 spiritus
1607 1265 1705 1320 sistan-

108 1345 140 1400 S.
162 1345 228 1400 Duo
249 1351 312 1400 sunt
334 1359 436 1417 genua
459 1343 646 1406 flammarum
673 1359 730 1397 una
749 1342 821 1397 acris
844 1350 871 1398 et
908 1350 953 1397 tur
966 1350 995 1399 et
1008 1343 1165 1410 frenentur,
1178 1359 1213 1398 ne
1226 1344 1335 1399 turbent
1347 1352 1376 1399 et
1388 1344 1597 1409 tumultuentur,
1620 1344 1648 1398 id
1658 1361 1704 1415 op

66 1425 217 1496 impotens,
242 1442 304 1495 quus
327 1423 452 1479 tenuiora
478 1422 586 1478 evolare
610 1420 684 1487 facit,
707 1422 737 1476 iu
761 1422 869 1477 duriora
908 1422 976 1478 time
989 1422 1198 1478 transferturad
1212 1423 1445 1494 prolongationem
1457 1423 1537 1490 vitaer
1557 1416 1704 1479 cumidem

65 1520 170 1574 purum
184 1510 291 1574 potest;
312 1511 343 1559 ut
360 1504 472 1558 flamma
488 1518 524 1556 ex
537 1501 669 1558 stramine
683 1501 727 1556 vel
741 1503 870 1558 mmeritis
907 1501 991 1557 facist
1000 1503 1035 1557 ud
1044 1509 1206 1574 utrumque;
1228 1502 1402 1558 condensatio
1412 1501 1540 1558 videlicet
1551 1503 1703 1573 spirituum.

65 1583 157 1655 ligni:
180 1585 267 1639 ultera
275 1584 352 1638 fortis
362 1591 390 1638 et
403 1588 539 1645 constans,
552 1599 614 1653 quus
627 1581 710 1637 etiarn
720 1582 870 1653 insurgitin
909 1580 942 1635 Id
956 1589 1047 1637 sutem
1060 1589 1191 1652 praestant
1203 1588 1266 1636 ante
1279 1583 1372 1637 omnis
1385 1582 1486 1652 opiata

66 1663 140 1717 dura
153 1670 183 1718 et
196 1662 349 1729 obstinats;
370 1660 459 1733 qualis
472 1669 516 1715 est
530 1660 668 1733 lignorum
687 1661 869 1733 grandiorum,
947 1661 997 1716 22.
1017 1661 1113 1716 Turcae
1139 1661 1232 1733 opium
1256 1662 1442 1733 experiuntur,
1465 1662 1549 1716 etium
1575 1661 1605 1715 in
1631 1662 1704 1716 bons

66 1749 99 1797 et
112 1742 259 1797 similium.
909 1741 1068 1811 quantitate,
1095 1741 1239 1796 innoxium
1266 1748 1294 1796 et
1320 1741 1544 1806 confortativnmr
1579 1742 1648 1795 adeo
1673 1749 1704 1794 ut

110 1821 140 1876 6.
164 1822 300 1876 Flammas
321 1821 447 1885 acriores,
468 1826 498 1873 et
520 1825 614 1876 tamen
633 1819 725 1874 miuus
744 1819 870 1886 robuste,
908 1820 993 1874 etiarn
1015 1828 1078 1875 ente
1102 1820 1200 1891 proelis
1220 1819 1256 1874 ad
1278 1820 1466 1877 fortitudinem
1489 1819 1557 1874 illud
1577 1827 1701 1886 sumant;

66 1918 189 1972 corpora
208 1901 355 1966 desiccant,
369 1908 398 1955 et
415 1900 530 1955 reddunt
543 1899 635 1953 etl‘oeta
650 1905 679 1953 et
692 1907 820 1965 exsucter
841 1909 871 1955 st
908 1899 989 1954 nobis
1010 1915 1083 1964 vero,
1104 1900 1158 1954 nisi
1180 1899 1210 1955 in
1228 1916 1313 1970 parva
1333 1900 1491 1971 quantitate,
1506 1907 1611 1955 etcum
1624 1898 1703 1954 bouis

68 1981 200 2035 fortiores
213 1978 659 2051 corporaintenerantetliquant.
908 1979 1073 2043 correctivis,
1087 1978 1189 2034 lethale
1203 1988 1255 2034 est.

111 2057 140 2120 7.
161 2059 256 2114 Etiam
269 2077 306 2115 ex
320 2059 464 2114 medicinis
481 2057 677 2128 dissipantibus
690 2057 828 2113 nonnullae
841 2060 870 2113 in
948 2058 996 2113 23.
1016 2057 1119 2129 Opinm
1142 2067 1170 2113 et
1191 2059 1285 2129 opista
1298 2058 1443 2114 manifesto
1464 2057 1704 2128 deprehenduntnr

67 2139 226 2193 tumoribus
235 2139 328 2194 tenuia
336 2146 443 2193 mutum
454 2137 591 2201 emittunt,
602 2137 718 2208 ideoque
729 2138 869 2205 indurunt;
908 2137 1030 2192 excitare
1051 2154 1197 2203 venerem3
1226 2137 1298 2209 quod
1321 2144 1434 2214 testatur
1451 2138 1509 2193 vim
1528 2138 1650 2208 ipsorum
1669 2137 1704 2191 ud

68 2218 213 2273 nonnulla
226 2226 349 2288 potenter
361 2217 517 2281 discutiunt,
531 2217 647 2287 ideoque
659 2217 810 2272 emolliunt
908 2217 1073 2274 roborandos
1086 2218 1207 2288 spiritus.

110 2299 141 2352 8.
161 2298 257 2353 Etiam
269 2298 299 2352 in
322 2297 501 2369 purgantibus
514 2303 543 2352 et
561 2296 780 2369 abstergentibns
794 2314 869 2368 qure-
948 2299 997 2353 24.
1018 2297 1097 2368 Aqua
1110 2297 1246 2352 stilletitia
1259 2314 1295 2352 ex
1307 2296 1432 2367 sylvestri
1447 2311 1583 2367 papavere
1596 2295 1632 2349 sd
1644 2311 1704 2350 cra·

68 2377 135 2432 dam
147 2376 240 2448 magis
252 2377 338 2432 fluida
350 2377 451 2447 raptim
463 2383 619 2446 asportant3
640 2376 766 2448 quaedam
780 2378 870 2450 magis
908 2376 1009 2448 pulum,
1023 2378 1121 2441 febres,
1134 2383 1164 2432 et
1176 2377 1267 2432 uarios
1281 2376 1389 2431 morbos
1411 2376 1529 2432 feliciter
1541 2375 1703 2440 adhibetur;

67 2456 246 2512 contumacia
255 2463 284 2511 et
295 2457 402 2511 viscosa
414 2455 535 2511 trahunt.
909 2474 972 2528 quae
984 2456 1162 2527 proculdubio
1175 2463 1219 2512 est
1233 2463 1414 2526 temperatum
1430 2471 1518 2526 genus
1531 2455 1635 2524 upiati:
1655 2470 1704 2508 ne·

111 2534 140 2589 9.
162 2535 280 2605 Spiritus
300 2535 349 2590 tali
362 2536 453 2590 calore
466 2534 542 2589 indui
555 2541 584 2589 et
603 2534 704 2590 armari
719 2537 826 2602 debent,
839 2545 872 2592 ut
909 2553 962 2608 que
982 2536 1016 2591 de
1039 2536 1169 2590 varietate
1189 2552 1257 2591 usus
1278 2535 1337 2604 ejus
1358 2535 1472 2589 miretur
1495 2533 1647 2604 quhpiam3
1674 2533 1704 2586 id

68 2616 164 2685 potius
177 2623 271 2670 ament
283 2615 351 2670 dura
367 2622 395 2670 et
407 2614 544 2670 obstinata
557 2614 711 2669 convellere
729 2625 757 2672 et
777 2617 871 2672 subru-
909 2616 985 2671 enim
1000 2616 1100 2685 opietis
1122 2615 1256 2670 familiare
1269 2622 1326 2679 est,
1359 2613 1423 2685 quis
1437 2614 1549 2685 spiritus
1563 2613 1704 2669 roboratus

69 2712 125 2760 ere,
138 2711 224 2766 quam
233 2696 324 2750 tenuis
336 2702 364 2750 et
376 2701 530 2765 praeparata
537 2694 663 2749 emittere
676 2703 704 2749 et
717 2703 870 2767 asportare:
909 2701 937 2751 et
949 2694 1079 2750 deumtus
1089 2694 1207 2766 insurgit
1216 2695 1244 2748 in
1256 2710 1444 2765 quemcunque
1455 2693 1587 2748 morbum

69 2775 192 2829 enesim
205 2774 439 2846 modotitcorpus
448 2773 535 2828 viride
549 2771 712 2830 etsolidum.
948 2774 996 2831 25.
1017 2774 1113 2830 'furcas
1136 2775 1240 2829 habent
1263 2773 1347 2829 etium
1370 2773 1400 2827 in
1418 2789 1470 2828 usn
1493 2771 1587 2826 herboe
1609 2785 1704 2840 genus,

116 2853 163 2909 10.
184 2853 305 2924 Spiritus
318 2854 357 2908 ita
369 2852 514 2924 subigendi
528 2860 556 2907 et
568 2854 749 2923 componendi
760 2861 831 2919 sunt,
840 2861 872 2911 ut
909 2870 994 2925 quam
1013 2861 1114 2909 vocant
1127 2853 1231 2925 Caphe,
1247 2870 1329 2925 quam
1341 2851 1505 2907 desiccatum
1526 2849 1704 2921 pulverizant,

71 2934 140 2988 dant
153 2933 309 2988 substantia
325 2933 411 2999 densi,
424 2949 479 2987 non
500 2932 571 2997 rari;
598 2932 689 2988 calore
708 2935 870 3005 pertinaces,
909 2934 988 2989 etin
1010 2952 1082 3007 equs
1106 2933 1195 2989 calida
1217 2933 1378 3004 propinantr
1409 2948 1492 3004 quam
1515 2930 1609 2985 dicunt
1631 2927 1706 2984 hand

69 3030 128 3068 non
142 3030 237 3078 acrem
257 3013 337 3083 copis
351 3020 453 3084 quauta
465 3011 565 3067 suffieit
577 3012 613 3066 sd
628 3013 721 3068 munis
734 3014 871 3079 vitoe,ncn
909 3029 1023 3084 parvum
1044 3021 1174 3085 praestare
1197 3013 1253 3068 illis
1273 3012 1403 3084 rigorem,
1423 3021 1452 3066 et
1465 3012 1495 3066 in
1518 3010 1618 3064 animis
1631 3016 1660 3063 et
1675 3007 1705 3062 in

69 3093 256 3147 redundantes
264 3100 312 3148 aut
322 3092 440 3163 turgidi:
459 3100 534 3146 motu
543 3091 640 3158 sedati,
650 3108 706 3147 nnn
715 3093 872 3149 subsultorii
909 3092 1044 3164 ingeniis:
1066 3110 1127 3164 quau
1136 3099 1236 3157 tumen,
1246 3092 1349 3164 largius
1359 3099 1474 3162 sumpta,
1486 3095 1605 3145 mentem
1615 3095 1706 3143 movet

70 3179 100 3225 et
112 3170 274 3243 inequales
910 3179 938 3227 et
951 3173 1057 3239 turbat,
1088 3173 1158 3228 unde
1178 3172 1354 3227 manifestum
1371 3178 1413 3226 est
1436 3187 1498 3226 eam
1521 3185 1582 3225 esse
1605 3166 1705 3223 similis

118 3250 164 3304 11.
186 3250 277 3321 Super
299 3250 410 3320 spiritns
432 3249 581 3321 plurimum
603 3250 712 3321 operari
737 3258 766 3305 et
789 3268 871 3322 posse
910 3258 1016 3307 naturas
1029 3269 1091 3307 cum
1105 3252 1213 3323 opiatis.

71 3345 200 3399 vapores,
224 3347 261 3384 ex
287 3345 390 3395 mnino,
418 3336 447 3384 et
473 3329 615 3396 ebrietate,
643 3339 672 3384 et
698 3332 872 3401 passionibus
950 3328 999 3386 29.
1021 3331 1222 3387 Celebraturin
1235 3330 1477 3386 universouriente
1487 3328 1566 3383 radix
1580 3327 1705 3399 quaedam

71 3408 291 3473 melancholicis,
305 3418 335 3463 et
346 3406 553 3472 letificantibus,
571 3417 598 3462 et
611 3410 779 3464 recreatione
793 3412 872 3481 spiri·
910 3419 1008 3465 vocata
1020 3411 1107 3476 Betel,
1122 3428 1204 3482 quam
1219 3411 1288 3475 lndi,
1305 3418 1334 3465 et
1346 3408 1446 3480 reliqui
1459 3409 1488 3463 in
1502 3424 1548 3462 ore
1561 3407 1664 3462 hebere
1678 3414 1707 3459 et

70 3498 148 3542 tunm
163 3504 216 3559 per
234 3488 331 3543 odores
343 3489 372 3543 in
386 3486 521 3560 deliquiis,
535 3494 564 3542 et
585 3487 771 3559 languoribus,
785 3498 869 3560 patet.
910 3491 1038 3545 mandere
1051 3498 1265 3563 consueveguntr
1287 3496 1370 3560 atqua
1384 3506 1419 3543 es
1433 3504 1467 3543 ea
1480 3487 1621 3543 mansione
1634 3486 1703 3539 mire

115 3568 162 3623 12.
185 3568 305 3638 Spiritus
325 3576 440 3640 quatuor
461 3567 549 3621 modis
568 3567 774 3623 condensantur.
815 3573 872 3625 Aut
910 3576 1073 3634 sectemur,
1085 3577 1114 3625 et
1127 3570 1162 3623 sd
1176 3569 1283 3624 labores
1296 3567 1457 3632 tolerandos,
1471 3576 1500 3621 et
1512 3566 1547 3621 ad
1560 3566 1706 3635 languores

71 3646 208 3718 agendo,
239 3655 289 3701 ant
305 3647 506 3718 refrigerandnr
535 3653 583 3701 eut
603 3647 795 3712 demulcend03
825 3656 873 3703 aut
910 3646 1099 3714 discutiendos,
1121 3656 1149 3705 et
1171 3649 1206 3703 ad
1233 3648 1335 3703 coitum
1358 3646 1573 3711 fortificandum;
1598 3644 1705 3699 videtur

70 3718 203 3781 oednndn
251 3726 343 3799 Atque
356 3726 476 3798 primum
490 3725 524 3780 de
536 3727 748 3783 condensatione
762 3744 812 3798 per
827 3728 871 3784 fu·
910 3735 1076 3785 autemesse
1090 3745 1126 3784 ex
1144 3727 1298 3792 namoticis,
1313 3727 1378 3798 quia
1395 3741 1562 3797 magnopere
1580 3722 1706 3796 denigrat

71 3823 137 3877 garn
151 3805 309 3861 videndum
910 3806 1013 3862 dentes

115 3885 162 3940 13.
185 3885 321 3957 Quicquid
333 3884 412 3957 fugat
423 3883 612 3956 undequaque,
626 3886 702 3957 cogit
723 3902 822 3958 corpus
842 3887 872 3942 in
949 3884 998 3947 27.
1019 3886 1120 3957 Incipit
1137 3894 1229 3942 nocuo
1242 3885 1335 3941 seculo
1355 3884 1384 3939 in
1405 3884 1568 3939 immensum
1584 3897 1705 3936 crescere

72 3973 198 4019 centrum
211 3981 299 4028 sunm,
314 3972 395 4035 atque
409 3965 472 4019 ideo
485 3964 641 4019 condensat.
910 3982 976 4021 usus
989 3966 1101 4021 tobacco
1109 3988 1117 4030 t
1132 3973 1215 4037 utque
1229 3965 1314 4020 afficit
1326 3965 1451 4019 homines
1466 3962 1573 4018 occulte
1590 3961 1706 4031 quedam

116 4043 163 4099 14.
185 4043 230 4097 ad
242 4043 480 4099 condensationem
493 4043 639 4113 spirituum
652 4060 703 4114 per
712 4045 805 4116 fugam
814 4045 872 4100 lon·
910 4045 1097 4109 delectatione,
1110 4052 1140 4100 ut
1163 4047 1210 4117 qui
1230 4044 1273 4099 illi
1293 4042 1378 4099 semel
1397 4042 1497 4097 assueti
1519 4041 1581 4106 sint,
1596 4040 1706 4095 difficile

73 4138 108 4192 ge
130 4123 353 4192 potentissimum
373 4129 403 4178 et
415 4122 632 4178 efficacissimum
652 4130 696 4177 est
712 4125 823 4194 opium;
844 4130 873 4179 et
910 4131 1006 4193 postea
1023 4125 1194 4189 abstineant,
1218 4131 1247 4179 et
1267 4123 1332 4178 fucit
1348 4120 1534 4193 proculdubio,
1555 4121 1590 4175 ud
1609 4136 1707 4190 corpus

73 4202 173 4257 mium
188 4202 290 4272 cpiatu,
303 4208 388 4274 atque
401 4201 568 4274 generaliter
581 4202 740 4273 soporifera
911 4202 1089 4269 allevandum,
1104 4212 1133 4258 et
1153 4202 1287 4258 tollendas
1310 4201 1499 4265 lassitudines,
1522 4207 1603 4271 atque
1624 4199 1707 4270 vulgo

59 4283 66 4297 ‘
116 4282 163 4337 15.
183 4281 315 4336 Efficacia
337 4283 394 4354 opii
413 4281 450 4337 sd
468 4281 707 4337 condennationem
728 4282 873 4352 spirituum
910 4282 996 4337 virtus
1009 4284 1191 4352 ejusrefertur
1204 4298 1245 4346 eo,
1254 4281 1325 4352 quod
1336 4281 1443 4351 aperiat
1455 4288 1567 4343 meatus,
1578 4287 1607 4334 et
1615 4278 1708 4333 eliciat

74 4360 222 4415 admndm
235 4360 352 4433 insignis
365 4368 423 4427 est,
444 4378 507 4416 cnm
521 4361 574 4415 tria
586 4361 700 4416 fortasse
714 4378 802 4433 mana
812 4362 872 4430 ejus
912 4360 1059 4418 humores:
1080 4369 1199 4417 attamen
1213 4361 1312 4416 rectius
1324 4360 1419 4416 referri
1439 4367 1530 4430 potest
1544 4359 1579 4413 ad
1592 4359 1708 4413 conden-

74 4439 187 4510 spiritns
208 4439 292 4510 paulo
314 4447 377 4510 post
399 4441 438 4495 ite
461 4440 614 4511 coagulent,
632 4448 729 4496 utnon
752 4441 872 4506 redeant,
911 4441 1209 4512 sationemspiritnumr
1223 4457 1285 4495 cum
1299 4440 1336 4494 sit
1345 4438 1504 4510 hyoscyami
1519 4439 1653 4510 quoddam
1662 4454 1708 4508 ge·

74 4518 122 4573 sed
134 4520 340 4590 extinguantur,
354 4526 383 4573 et
395 4519 540 4574 reddantur
552 4519 714 4575 immobiles.
910 4536 970 4584 nus,
978 4528 1006 4574 et
1019 4520 1255 4591 capntmanifestn
1267 4519 1365 4583 turbet,
1371 4518 1598 4590 quemadmodum
1606 4518 1707 4588 opiuta.

115 4597 162 4653 16.
184 4598 285 4669 Opium
300 4608 327 4654 et
338 4598 440 4653 similia
452 4615 507 4654 nnn
525 4598 622 4671 fugant
638 4599 749 4671 spiritus
762 4606 873 4669 propter
951 4600 1000 4655 28.
1022 4600 1090 4655 Sunt
1103 4599 1250 4671 aliquando
1263 4597 1392 4654 humores
1407 4598 1531 4670 generati
1544 4599 1707 4667 incorpore,

75 4676 161 4748 frigus
172 4694 259 4743 mum,
274 4675 392 4753 (hebent
402 4677 476 4733 enim
485 4686 578 4749 partes
588 4678 732 4733 manifesto
744 4675 872 4753 calidas.)
912 4679 1006 4750 quiet
1025 4679 1080 4748 ipsi
1099 4686 1304 4748 sunttanquam
1316 4678 1420 4749 opiutir
1441 4686 1473 4732 ut
1485 4678 1516 4732 fit
1528 4676 1557 4731 in
1571 4676 1708 4747 aliquibus

75 4756 122 4810 sed
135 4773 152 4810 e
167 4773 298 4812 converso
311 4757 473 4828 refrigerant
485 4766 597 4829 propter
610 4756 706 4829 fugam
719 4758 872 4828 spirituum.
911 4757 1110 4824 melancholiis,
1119 4758 1219 4829 quibus
1232 4757 1329 4828 siquis
1343 4757 1512 4829 corripiatur,
1523 4755 1667 4811 admodum
1677 4754 1709 4808 fit

118 4834 163 4896 17.
185 4836 265 4908 Fuge
285 4838 431 4907 spirituum
451 4854 487 4892 ex
510 4838 574 4908 opio
594 4845 622 4892 et
645 4837 746 4909 opietis
769 4838 873 4909 optime
911 4837 1061 4908 longevus.

76 4917 193 4969 cernitur
207 4916 236 4970 in
261 4915 318 4971 illis
338 4916 460 4971 exterius
484 4917 644 4988 supplicatim
673 4916 740 4988 qiaiu
758 4915 872 4971 subinde
952 4916 1001 4971 26.
1023 4916 1125 4988 Opiata
1153 4917 1228 4988 (quae
1255 4916 1338 4971 etiam
1365 4916 1502 4971 narcutica
1527 4922 1657 4968 vocantur
1681 4922 1709 4967 et

77 4994 187 5060 spiritus
201 4996 292 5049 statim
311 5012 341 5050 se
364 4995 522 5062 subducunt,
536 5014 587 5052 nec
606 4995 725 5066 amplius
744 4995 872 5050 accedam
911 4994 1104 5067 stupefactira)
1118 4995 1254 5067 simplicis
1273 5004 1342 5059 sunt,
1357 4995 1451 5066 opium
1470 4995 1567 5063 ipsum,
1582 4990 1654 5061 quod
1667 4999 1709 5046 est

77 5071 177 5138 volunt,
201 5074 250 5130 sed
278 5074 454 5130 mortificatur
480 5092 551 5146 pars,
580 5083 608 5131 et
631 5075 721 5146 vergit
748 5074 784 5129 ud
807 5091 874 5147 gan-
912 5091 1009 5130 succus
1022 5076 1180 5146 pepererim
1201 5091 1322 5147 papaver
1331 5082 1474 5145 utrunque,
1489 5079 1517 5126 et
1529 5072 1558 5124 in
1572 5069 1667 5135 herbe,
1681 5079 1710 5125 et

78 5168 207 5221 mnam.
911 5154 941 5208 in
963 5154 1083 5219 samium
1107 5153 1303 5225 hyoscyamum
1325 5153 1519 5224 mandragore;
1541 5150 1646 5213 ciculsst
1667 5156 1709 5205 10·

120 5231 163 5285 18.
184 5231 284 5301 Opiata
304 5233 337 5289 in
358 5232 467 5305 magnis
487 5233 634 5297 doloribus,
658 5233 742 5289 veluti
765 5231 872 5298 calculi,
912 5233 1015 5297 baccar
1031 5232 1166 5289 solanum.

79 5310 176 5363 autin
196 5309 360 5368 abscissione
382 5312 574 5379 membrorum,
596 5313 704 5369 dolores
728 5313 872 5383 mitigant3
951 5312 998 5366 30.
1020 5312 1121 5382 Opiata
1142 5313 1294 5382 composita
1316 5318 1387 5374 sunt,
1409 5309 1538 5372 theriaca,
1561 5307 1709 5363 Mithrida·

80 5390 196 5443 maxime
209 5407 259 5460 per
272 5392 365 5463 fugam
379 5391 531 5462 spirituum.
911 5392 987 5456 dum,
1007 5392 1116 5455 triferam
1136 5392 1262 5446 ladanum
1286 5388 1431 5453 Paracelsi,
1454 5386 1615 5454 diacndium,
1635 5389 1708 5445 dias·

121 5467 165 5523 19.
188 5470 289 5541 Opiata
308 5473 458 5528 sortiuntur
479 5471 580 5526 bonum
602 5472 729 5528 effectum
743 5489 779 5527 ex
800 5469 875 5527 mala
911 5471 1042 5539 cordium,
1057 5471 1223 5537 Philonium,
1238 5468 1374 5541 pilulaede
1389 5468 1562 5540 cynoglossa.

414 5548 433 5601 2
455 5548 511 5602 1³2
