3800 5875
521 332 751 392 DESCRIPTIO
772 332 887 389 GLOBI
909 332 1250 392 INTELLECTUALIS.
1644 336 1703 393 653

904 499 1029 549 naturam
1045 510 1101 548 non
1126 496 1262 549 lucentem
1283 494 1331 548 sed
1354 511 1476 566 opacam,
1500 512 1565 552 suos
1587 515 1702 570 quaeque

904 574 1009 629 sortitae
1030 573 1135 644 globos,
1156 584 1184 628 et
1204 575 1306 629 iormas
1325 576 1478 645 primarias,
1492 592 1542 646 per
1556 580 1702 647 expansio·

368 652 493 708 CAPUT
513 653 563 708 Vi.
904 671 967 709 nem
981 655 1068 718 istam,
1083 671 1164 725 quam
1178 655 1349 725 suspicimus,
1363 656 1534 724 immensam,
1547 658 1604 712 sive
1623 660 1702 715 vacui

904 734 961 788 sivo
975 735 1096 802 eorporis
1110 735 1251 804 cujusdam
1266 735 1354 790 tenuis
1368 746 1395 790 et
1409 737 1466 791 iere
1483 738 1633 808 adiaphori‚
1645 747 1702 792 tan-

64 812 148 876 Quod
160 813 324 886 quoestr'ostes
334 813 533 885 philosophicae
551 816 626 868 circu
643 814 773 879 coelestr'o,
784 816 864 868 etism
904 831 987 884 quam
1001 813 1097 869 insulse
1110 815 1139 869 in
1154 815 1253 885 pelago
1267 815 1401 870 immenso
1414 826 1579 889 spargantur
1592 827 1620 872 et
1635 836 1702 889 pen·

102 913 167 967 quoe
178 906 284 966 prester
293 895 442 966 opinionem
456 903 564 957 suntet
578 894 764 966 qrsodcmmodo
776 896 862 958 dures,
903 894 993 959 deant,
1008 903 1089 964 atque
1103 911 1185 964 super
1200 904 1322 949 centrum
1342 913 1396 950 non
1419 913 1562 953 commune
1581 897 1700 969 aliquod,

100 977 193 1047 recipi
207 976 340 1028 debeant.-
357 984 549 1046 proponuntur
564 993 625 1028 uero
638 976 757 1046 qrsinquc
778 993 864 1046 quea·
903 974 951 1028 sed
966 991 1079 1045 qumque
1094 973 1167 1045 globi
1182 975 1225 1029 sui
1245 975 1349 1045 proprii
1368 975 1476 1037 volente
1497 978 1559 1033 alise
1571 977 1701 1049 simplici-

100 1058 191 1110 tiones
206 1057 281 1109 circo
299 1064 413 1124 systema
428 1056 534 1126 speum.-
555 1055 691 1117 uidelicet,
707 1072 742 1107 on
755 1057 793 1109 sit
807 1074 864 1123 sys-
903 1054 1099 1119 marliacum
1114 1064 1188 1110 motu
1201 1055 1332 1109 nonnullo
1344 1058 1430 1111 centri
1440 1058 1618 1129 progressiso.
1653 1059 1702 1112 stt·

101 1139 202 1190 temo!
224 1145 258 1200 et,
272 1137 300 1189 si
318 1136 364 1197 sit,
379 1135 448 1206 quod
461 1136 499 1189 sit
514 1143 633 1187 centrum
647 1136 716 1203 ejus,
731 1142 756 1187 et
773 1137 863 1206 quatis
903 1151 956 1204 que
970 1133 1038 1188 illud
1052 1136 1171 1189 maxime
1185 1135 1281 1189 durum
1296 1141 1339 1190 est
1358 1136 1387 1190 in
1402 1136 1454 1191 bac
1475 1137 1612 1207 opinione,
1628 1139 1701 1210 quod

95 1217 290 1291 profunditas,
307 1224 333 1268 et
347 1215 437 1287 quotis
450 1216 585 1280 ominosis,
600 1222 626 1268 et
640 1216 863 1286 quoiispcrtium
902 1213 1001 1268 tollunt
1021 1216 1141 1285 quietem
1163 1216 1220 1271 sive
1243 1215 1417 1270 immobiles
1437 1225 1543 1272 natura.
1585 1218 1702 1274 Videtur

99 1295 266 1351 collocutio?
902 1302 1000 1359 autem,
1016 1294 1243 1365 quemadmodum
1256 1303 1320 1351 sunt
1332 1296 1361 1350 in
1371 1296 1497 1352 universo
1506 1313 1627 1368 corpora,
1639 1317 1701 1370 quse

901 1382 999 1438 rotant,
1014 1375 1043 1428 id
1057 1382 1105 1439 est,
1115 1383 1190 1429 motu
1203 1376 1325 1430 ieruntur
1338 1375 1445 1431 infinito
1458 1383 1485 1431 et
1498 1385 1646 1447 perpetum
1660 1379 1700 1432 ita

97 1457 344 1512 Exrsrssmmsrua
360 1461 452 1509 autem
463 1453 601 1526 plerisque
614 1452 793 1524 proculdubio
802 1452 862 1508 reli·
901 1462 929 1508 ct
942 1472 979 1509 ex
992 1455 1120 1525 opposito
1132 1455 1232 1510 debere
1246 1473 1307 1510 esse
1316 1472 1414 1526 corpus
1427 1456 1544 1528 aliquod,
1556 1459 1628 1528 quod
1641 1460 1700 1529 qui-

58 1539 140 1610 quias
154 1536 338 1609 quaestionum
345 1546 476 1599 veterum,
488 1534 653 1604 jampridem
665 1534 743 1605 quasi
759 1534 863 1588 tumulo
901 1542 992 1588 esest:
1013 1535 1112 1606 quibus
1126 1536 1306 1606 interponitur
1319 1536 1410 1590 media
1423 1544 1520 1591 natura
1533 1554 1699 1610 eorumquae

57 1618 186 1672 conditas
208 1626 238 1670 et
260 1615 387 1687 sepultas,
403 1632 496 1669 rursus
516 1631 620 1680 eruere,
636 1623 664 1669 et
686 1615 743 1669 iere
764 1631 860 1668 manes
901 1614 1024 1669 feruntur
1036 1624 1117 1679 recta,
1132 1632 1195 1670 cum
1209 1624 1297 1671 motus
1312 1625 1402 1671 rectus
1417 1617 1540 1687 partibus
1555 1617 1698 1688 globorum

56 1715 155 1752 earum
180 1713 307 1760 evocare,
335 1696 423 1766 iisque
448 1711 532 1749 novas
559 1696 671 1764 insuper
699 1693 862 1765 questiones
901 1695 1053 1758 conveniat,
1068 1702 1096 1750 et
1110 1695 1190 1751 rebus
1210 1695 1384 1750 exulantibus
1404 1704 1482 1750 extra
1503 1698 1606 1766 patrias
1626 1715 1698 1763 suas,

57 1778 235 1848 adspergere.
278 1775 332 1830 Sed
346 1793 408 1831 cum
428 1792 469 1837 en,
484 1792 545 1847 qum
559 1775 647 1829 adhuc
660 1774 777 1829 habetur
790 1774 862 1828 circu
901 1792 962 1845 quse
976 1774 1010 1827 ad
1024 1773 1121 1845 globos
1134 1775 1368 1830 connaturalitatis
1388 1791 1443 1830 suae
1458 1785 1574 1841 movent,
1588 1785 1619 1831 ut
1635 1794 1698 1833 cnm

56 1854 382 1927 eoelestia,philosophia
395 1854 774 1919 nihilhabeatfirmitudinis;
789 1871 862 1909 cum·
900 1854 935 1908 iis
963 1854 1045 1910 unitae
1069 1855 1138 1926 ipsae
1162 1873 1270 1927 quoque
1294 1863 1342 1910 aut
1364 1862 1455 1910 rotent
1477 1865 1524 1911 aut
1547 1858 1698 1928 quiescant.

57 1957 111 2010 que
126 1937 196 1991 illud
218 1937 297 1991 nobis
312 1943 442 2006 perpetuo
460 1943 551 1989 ratum
565 1944 592 1988 et
613 1935 697 1989 fixum
711 1936 755 1998 sit,
770 1935 862 1988 omnia
900 1933 1004 1990 Verum
1028 1935 1092 1990 huic
1118 1938 1258 2007 quaestioni
1284 1938 1395 2006 (nempe
1423 1953 1458 1990 an
1485 1938 1522 1992 sit
1544 1939 1697 2006 systemai)

58 2036 131 2071 novo
144 2016 279 2088 legitimae
292 2015 457 2070 inductionis
466 2015 570 2084 judicio
584 2015 695 2079 sistere3
710 2031 826 2084 cumque
837 2014 861 2070 si
900 2014 982 2069 finem
996 2015 1098 2069 dabunt
1111 2031 1151 2079 ca,
1167 2034 1228 2086 quae
1241 2017 1314 2070 circa
1327 2022 1431 2069 motum
1442 2026 1530 2081 terras,
1544 2034 1580 2071 an
1593 2018 1698 2072 scilicet

58 2098 132 2152 iorte
148 2097 313 2169 quaestiones
326 2095 425 2166 aliquas
443 2108 460 2148 a
480 2104 558 2166 tergo
577 2095 772 2166 relinquantur,
787 2101 861 2150 tanto
900 2103 972 2149 terra
984 2102 1037 2150 stet
1049 2104 1096 2150 aut
1109 2097 1199 2150 rotet?
1219 2104 1300 2167 atque
1321 2096 1394 2150 circa
1414 2096 1591 2151 substantiam
1612 2107 1697 2152 astro·

56 2180 152 2232 minus
169 2194 260 2246 operas
280 2186 307 2230 et
325 2176 475 2246 diligentia
495 2185 668 2230 consumetur
683 2176 713 2229 in
734 2174 860 2240 historia,
900 2192 968 2240 rum,
988 2192 1023 2229 an
1044 2176 1080 2230 sit
1102 2174 1188 2230 solida
1207 2185 1255 2231 aut
1275 2176 1423 2230 flammea?
1444 2185 1471 2231 et
1491 2176 1564 2230 circa
1585 2177 1697 2242 aethera,

57 2268 209 2330 propterea
231 2256 301 2328 quod
320 2273 515 2326 supervacuum
538 2254 653 2309 tortasse
673 2254 809 2309 videbitur
829 2271 862 2310 ea
900 2256 958 2309 sive
980 2257 1069 2326 spatia
1089 2256 1152 2311 coeli
1165 2255 1366 2317 interstellaria,
1380 2273 1416 2310 an
1430 2256 1486 2311 sint
1499 2273 1630 2326 corporea
1651 2267 1699 2312 sut

57 2339 208 2409 inquirere,
224 2336 368 2408 dequibus
388 2336 502 2406 quaestio
521 2352 576 2389 non
597 2335 678 2389 tuerit
698 2342 791 2398 mota;
813 2351 861 2390 ne·
900 2336 1010 2389 vacua?
1036 2336 1145 2391 decerni
1168 2344 1301 2408 poterunt.
1342 2337 1418 2391 Nam
1442 2336 1465 2391 si
1490 2344 1561 2391 terra
1584 2345 1646 2401 stet,
1670 2346 1698 2393 et

56 2436 136 2472 cesse
160 2417 294 2471 habemus
311 2418 483 2486 quaestiones,
498 2433 566 2487 quas
579 2416 678 2487 ubique
692 2414 806 2486 porrigit
818 2432 861 2470 re·
900 2413 962 2469 coeli
985 2424 1060 2470 motu
1074 2416 1172 2471 diurno
1193 2415 1445 2480 circumvolvantur,
1459 2416 1637 2489 proculdubio
1655 2425 1699 2473 est

56 2515 120 2553 rum
141 2505 247 2561 natura,
267 2497 296 2550 in
318 2513 414 2551 manns
432 2497 564 2567 accipere.
606 2495 677 2556 Quin
698 2495 861 2567 quominus
900 2502 1036 2565 systemaz
1065 2495 1137 2567 quod
1161 2497 1184 2550 si
1206 2505 1278 2551 terra
1295 2504 1373 2561 rotet,
1397 2503 1488 2551 tamen
1512 2514 1566 2552 non
1588 2515 1698 2568 prorsus

56 2578 127 2632 certi
141 2595 236 2631 sumus
250 2576 283 2631 de
304 2577 498 2647 quaestionibus
519 2593 568 2646 per
589 2576 661 2629 vium
680 2583 800 2629 nostram
817 2574 862 2630 de·
900 2577 1034 2631 evincitur
1050 2591 1105 2629 non
1132 2593 1191 2630 esse
1215 2582 1342 2646 systema,
1367 2584 1510 2647 propterea
1532 2579 1604 2647 quod
1622 2578 1698 2633 aliud

56 2658 250 2720 terminandis,
261 2674 294 2711 eo
307 2674 357 2711 nos
372 2659 461 2711 minus
475 2655 599 2710 difficiles
610 2654 763 2726 praebemus
776 2654 805 2708 in
816 2655 862 2709 iis·
900 2657 988 2726 possit
1007 2656 1072 2726 poni
1097 2664 1220 2710 centrum
1240 2657 1404 2726 systematis,
1429 2656 1556 2711 videlicet
1579 2657 1628 2722 sol,
1651 2667 1698 2713 aut

56 2738 122 2793 dem
136 2737 310 2808 recipiendis.
351 2737 465 2791 Exitum
481 2737 551 2789 enim
570 2737 609 2790 rei
626 2735 757 2790 videmus.
799 2734 860 2789 Pri·
900 2736 974 2790 nliud
989 2735 1140 2806 quippiam
1181 2735 1293 2800 Rursus,
1308 2737 1332 2790 si
1348 2736 1443 2791 unicus
1458 2737 1556 2809 globus
1570 2744 1648 2792 terrm
1662 2739 1698 2793 sit

56 2837 104 2873 ma
118 2819 205 2890 igitur
219 2834 253 2871 ea
265 2817 380 2887 quaestio
393 2826 441 2880 est,
454 2816 498 2870 An
508 2817 542 2870 sit
552 2816 691 2885 systema?
733 2816 794 2870 Hoc
810 2822 860 2880 est,
900 2816 1000 2869 densus
1024 2824 1052 2870 et
1076 2815 1185 2880 solidus,
1213 2816 1318 2870 videtur
1338 2817 1453 2871 materia
1477 2818 1596 2872 universi
1624 2818 1697 2872 coire

56 2899 102 2953 An
117 2898 235 2954 mundus
249 2897 306 2952 sire
320 2896 485 2952 universitas
498 2914 589 2952 rerum
599 2896 633 2952 sit
645 2894 758 2968 globosa
768 2912 862 2952 secun·
900 2903 927 2951 et
947 2895 1054 2951 densari
1076 2897 1111 2952 ad
1131 2903 1252 2951 centrum
1273 2895 1356 2952 illud:
1387 2896 1460 2969 qnod
1483 2899 1505 2952 si
1526 2897 1698 2953 inveniantur

55 2980 125 3034 dum
138 2988 235 3040 totum,
250 2979 326 3047 cujus
346 2977 382 3032 sit
395 2986 516 3032 centrum
537 2977 672 3050 aliquod?
712 2977 756 3031 An
770 2977 862 3048 potius
899 2976 964 3032 luna
984 2983 1032 3031 aut
1051 2976 1099 3031 alii
1117 2993 1152 3031 ex
1167 2977 1286 3048 planetis
1298 2984 1421 3033 constare
1436 2978 1517 3032 etiam
1532 2994 1568 3032 ex
1583 2979 1698 3033 materis

55 3058 134 3132 globi
149 3057 327 3128 particulares
341 3065 419 3112 terras
440 3066 467 3111 et
487 3068 620 3112 astrorum
634 3067 813 3129 spargantur;
835 3065 861 3111 et
900 3058 983 3112 densa
997 3064 1024 3111 et
1039 3056 1134 3121 solida,
1148 3058 1274 3113 videntur
1287 3075 1322 3113 ex
1343 3074 1376 3111 eo
1395 3059 1468 3113 coire
1484 3059 1569 3112 densa
1587 3074 1642 3111 non
1662 3060 1698 3113 sd

56 3139 162 3210 singuli
186 3140 242 3193 suis
264 3137 387 3192 haereant
411 3138 554 3203 radicibus,
577 3138 681 3208 absque
705 3144 860 3206 systemate,
899 3145 1020 3191 centrum
1048 3136 1166 3209 aliquod,
1195 3137 1243 3192 sed
1270 3137 1387 3209 sparsim
1414 3145 1442 3191 et
1470 3138 1549 3209 quasi
1577 3137 1696 3193 iortuito.

56 3229 85 3274 et
100 3220 194 3273 medio
207 3219 264 3271 sive
282 3228 377 3272 centro
390 3218 535 3273 communi.
577 3217 666 3289 Atque
689 3224 760 3270 certe
773 3217 860 3286 jacta·
900 3216 1049 3281 Postremo,
1061 3218 1084 3272 si
1100 3227 1216 3288 ponatur
1229 3234 1344 3271 vacuum
1357 3227 1544 3273 coacervatum
1558 3218 1586 3272 in
1601 3219 1697 3288 spatiis

55 3301 97 3353 sit
113 3298 211 3354 schola
224 3297 374 3352 Democriti
396 3305 424 3351 et
445 3298 566 3369 Epicuri,
581 3306 705 3352 auctores
719 3314 781 3351 suos
796 3313 861 3351 mos·
899 3297 1132 3363 interstellaribus,
1153 3298 1277 3352 videntur
1292 3297 1367 3369 globi
1386 3297 1487 3370 singuli
1508 3298 1610 3352 habere
1625 3299 1697 3352 circa

54 3382 105 3433 nia
117 3379 211 3434 mundi
221 3379 345 3432 diruisse.
375 3378 472 3450 Neque
481 3387 572 3433 tumen
582 3377 609 3431 id
619 3394 727 3447 prorsus
738 3386 860 3432 secutum
899 3395 929 3432 se
944 3378 1051 3434 effluvia
1066 3378 1197 3443 tenuiora,
1211 3378 1348 3433 etdeinde
1363 3395 1487 3434 vacuum.
1528 3378 1605 3440 Quod
1626 3379 1648 3432 si
1669 3391 1697 3433 et

55 3469 100 3515 est
115 3477 154 3513 ex
168 3460 211 3522 iis,
222 3476 283 3529 qua
293 3458 328 3511 ab
341 3457 397 3511 illis
408 3458 482 3512 dicta
492 3466 563 3513 sunt.
602 3459 678 3513 Nam
688 3457 861 3511 Democritus
898 3456 947 3511 illa
961 3458 1049 3528 spatia
1064 3475 1175 3528 corpore
1190 3457 1335 3530 replentur,
1350 3458 1531 3513 videturesse
1553 3460 1617 3512 unio
1631 3458 1696 3512 den-

54 3559 121 3595 cum
137 3540 280 3593 materiam
301 3538 358 3592 sire
377 3539 483 3593 semina
504 3537 583 3609 copia
597 3537 711 3601 infinita,
726 3538 861 3592 attributis
899 3555 990 3592 sorum
1005 3538 1034 3591 in
1048 3538 1146 3603 medio,
1162 3546 1189 3593 et
1203 3537 1316 3615 rejectio
1329 3538 1481 3594 tenuiorum
1504 3538 1538 3592 sd
1552 3539 1696 3593 circumie-

55 3630 84 3676 ιι
97 3627 237 3691 potestate
253 3618 335 3682 finita,
350 3618 499 3690 eademque
517 3619 627 3689 agitata,
641 3634 690 3671 neo
710 3617 746 3671 ab
759 3626 861 3672 aterno
899 3619 1022 3672 rentiam.
1056 3617 1207 3674 Plurimum
1219 3629 1311 3674 autem
1325 3620 1429 3673 confert
1443 3620 1478 3674 ad
1492 3618 1627 3681 scientias,
1637 3635 1697 3672 nos-

55 3700 158 3773 quovis
172 3700 253 3754 modo
264 3697 360 3761 locuta,
372 3700 514 3768 posuisset,
525 3700 552 3751 vi
562 3699 623 3768 ipsa
636 3697 710 3752 illius
724 3697 861 3769 opinionis
899 3715 929 3753 se
957 3698 1165 3768 conjugationes
1193 3699 1380 3771 questionum,
1404 3706 1548 3770 propterea
1572 3697 1643 3770 quod
1667 3699 1696 3752 in

54 3782 193 3835 adductus
207 3787 255 3843 est,
270 3790 299 3833 ut
313 3780 427 3833 mundos
441 3779 626 3843 multiformes,
641 3778 711 3833 ortui
725 3785 753 3833 et
767 3779 860 3832 interi·
899 3777 1037 3850 aliquibus
1051 3779 1186 3833 invenitur
1204 3780 1321 3834 historia
1342 3779 1400 3834 sive
1424 3779 1540 3834 materia
1557 3778 1697 3832 inductiva

55 3861 98 3916 tui
112 3859 257 3925 obnoxios,
272 3859 341 3913 alios
359 3859 457 3913 melius
471 3858 615 3921 ordinatos,
636 3857 704 3912 alios
718 3857 788 3912 male
802 3858 861 3914 bre·
899 3859 992 3913 adeas
1005 3858 1177 3924 dirimendas,
1190 3858 1508 3930 inaliquibusnonitem.
1548 3858 1697 3913 Datosero

56 3950 161 4005 rentes,
178 3940 263 3994 etiam
281 3947 450 3994 tentamenta
464 3939 624 3994 mundomm
638 3946 666 3993 et
679 3936 861 3992 intermundia
899 3945 1055 4008 systemate,
1066 3941 1189 4010 proxime
1203 3939 1308 3994 accedit
1322 3940 1436 4011 quaestio
1446 3957 1479 3994 ea
1489 3939 1614 4002 secunda,
1625 3941 1697 4011 quod

56 4028 201 4077 statueret.
243 4019 298 4073 Sed
312 4028 403 4074 tamen
419 4028 449 4074 ut
461 4019 514 4074 hoe
525 4029 664 4089 receptum
676 4018 780 4084 fuisset,
790 4018 861 4074 nihil
899 4019 935 4072 sit
949 4028 1072 4073 centrum
1086 4020 1261 4090 systematis?
1291 4018 1698 4090 Enimverosialiquisexglo-

57 4101 199 4156 officiebat
219 4101 283 4171 quin
307 4098 355 4153 illa
371 4116 433 4169 pars
447 4098 577 4163 materiis,
592 4116 652 4170 quae
671 4098 799 4169 deputatu
820 4108 861 4154 est
899 4098 942 4153 bis
963 4098 1053 4153 iocum
1074 4100 1159 4154 centri
1181 4116 1312 4169 occupare
1332 4100 1437 4164 debeat,
1457 4106 1600 4154 occurrunt
1622 4098 1697 4171 globi

57 4182 125 4236 huic
140 4180 195 4250 ipsi
209 4180 317 4244 mundo,
333 4179 379 4251 qui
400 4189 495 4235 nostro
515 4180 609 4252 generi
628 4187 669 4232 est
690 4179 859 4248 conspicuus,
899 4178 1034 4249 imprimis
1055 4178 1117 4243 duo,
1133 4180 1179 4252 qui
1198 4188 1323 4234 naturam
1341 4179 1424 4234 medii
1446 4180 1503 4234 sive
1524 4179 1609 4233 centri
1626 4196 1694 4250 prae·

57 4260 211 4317 obtinuerit
232 4260 347 4330 figuram
368 4258 518 4330 globosam.
566 4259 688 4313 Necesse
712 4260 785 4313 enim
809 4259 860 4314 iuit
899 4257 970 4313 ferre
988 4259 1120 4325 videntur,
1135 4268 1246 4315 terrast
1266 4259 1315 4315 sol.
1355 4260 1411 4314 Pro
1424 4267 1495 4315 terra
1515 4260 1698 4330 suffragantur

58 4351 89 4397 ut
104 4339 208 4412 singuli
222 4340 327 4395 exiliis
348 4340 457 4394 mundis
473 4342 587 4411 figuram
601 4339 721 4411 aliquam
739 4339 859 4409 accepis·
900 4347 1027 4410 aspectus
1040 4346 1132 4394 noster
1146 4349 1174 4393 et
1187 4340 1338 4395 inveterata
1350 4339 1453 4411 opinio,
1467 4347 1548 4412 atque
1562 4339 1629 4394 illud
1643 4358 1696 4395 orn·

57 4431 128 4478 sent
171 4421 231 4475 Etsi
246 4421 319 4475 enim
330 4420 358 4474 in
372 4420 478 4474 infinito
489 4419 608 4475 medium
618 4418 729 4491 aliquod
743 4436 802 4474 esse
816 4436 861 4473 ne·
900 4419 975 4474 nium
989 4420 1116 4484 maxime,
1132 4420 1275 4491 quodcum
1289 4420 1373 4474 densa
1387 4423 1483 4474 noiant
1500 4421 1530 4475 in
1544 4428 1696 4490 angustum,

57 4510 153 4574 queat,
168 4501 299 4555 tamenin
314 4501 434 4570 pertibus
449 4500 547 4555 intiniti
565 4500 681 4555 rotunda
700 4500 787 4571 figura
799 4499 861 4553 sub
900 4516 962 4554 rara
974 4499 1004 4554 in
1024 4498 1111 4554 latum
1130 4500 1313 4554 diffundantur
1328 4497 1409 4573 (area
1426 4508 1518 4555 autem
1536 4500 1625 4555 omnis
1645 4500 1698 4555 cir·

57 4584 158 4637 sistere
173 4589 271 4652 potest,
284 4598 339 4635 non
360 4579 450 4635 minus
463 4580 492 4634 in
505 4579 607 4635 mundo
628 4578 722 4649 aliquo
736 4597 817 4652 quam
832 4580 860 4635 in
900 4579 956 4634 cuii
978 4578 1153 4634 contrahatur
1173 4579 1208 4633 ad
1232 4575 1371 4653 centrum)
1392 4580 1498 4635 videtur
1518 4580 1595 4651 sequi
1619 4580 1697 4651 quasi

57 4663 128 4734 pila.
173 4662 275 4717 Verum
289 4661 462 4717 Democritus
476 4670 563 4715 sector
584 4658 677 4714 mundi
695 4660 782 4714 bonus
803 4658 860 4723 luit,
900 4659 1062 4725 necessario,
1076 4659 1251 4732 utsngustim
1271 4658 1343 4714 eirca
1363 4660 1482 4716 medium
1503 4659 1594 4715 mundi
1610 4667 1698 4714 statu·

58 4743 88 4797 in
104 4741 285 4822 integralibqrs
299 4751 390 4796 autem
410 4741 504 4796 mundi
518 4740 603 4796 etiam
625 4738 698 4794 inira
711 4741 860 4795 mediocres
900 4748 987 4805 antur,
1001 4747 1032 4795 ut
1050 4741 1177 4812 proprius
1197 4739 1274 4795 locus
1294 4748 1321 4794 et
1341 4748 1471 4812 tanquam
1484 4742 1579 4795 unicus
1593 4738 1627 4792 ad
1640 4756 1699 4793 cor·

57 4823 252 4896 philosophos,
293 4825 330 4876 At
343 4822 436 4892 opinio
450 4821 504 4886 illa,
519 4821 552 4876 de
567 4837 622 4892 qua
635 4837 706 4874 nune
716 4819 860 4891 loquimur,
900 4837 968 4891 pora
981 4820 1074 4876 densa
1114 4820 1170 4875 Pro
1191 4820 1248 4875 sole
1271 4827 1361 4875 autem
1380 4819 1446 4875 iacit
1464 4821 1534 4875 ratio
1554 4818 1610 4882 illa,
1626 4818 1698 4888 quod

58 4922 123 4975 quae
133 4903 289 4957 destruebat
302 4910 330 4956 et
343 4901 525 4956 contundebat
536 4911 663 4971 systema,
675 4899 727 4953 tuit
739 4899 863 4954 Heracli·
901 4901 978 4970 cujus
998 4907 1089 4971 partes
1109 4900 1220 4956 suntin
1241 4908 1387 4970 systemate
1410 4901 1538 4955 maxima
1562 4907 1589 4952 et
1612 4898 1698 4968 potis·

58 4985 104 5039 dis
125 4983 243 5046 Pontici,
263 4991 291 5036 et
308 4982 445 5053 Ecphanti
465 4992 493 5035 et
513 4982 621 5036 Nicetae
641 4980 813 5050 Syracusani,
835 4989 862 5034 et
900 4981 985 5046 sima,
999 4980 1026 5035 ei
1046 4979 1070 5035 is
1092 4980 1168 5035 locus
1189 4980 1323 5052 assignmi
1344 4980 1449 5045 debeat,
1464 4996 1500 5035 ex
1520 4995 1574 5049 quo
1594 4976 1698 5047 ipsein

58 5065 201 5136 praecipue
215 5061 343 5127 Philolai,
354 5072 436 5133 atque
452 5062 533 5116 etiam
545 5070 639 5116 nostra
648 5069 726 5116 aetate
737 5059 861 5125 Gilberti,
901 5061 1057 5116 universum
1077 5070 1197 5131 systema
1217 5062 1338 5116 maxime
1358 5078 1439 5132 agere
1460 5066 1487 5113 et
1507 5075 1536 5112 se
1550 5057 1699 5111 communi-

58 5155 89 5198 et
102 5143 226 5198 omnium
241 5145 351 5213 (praeter
366 5141 561 5212 Copemicum)
576 5158 678 5205 eorum,
693 5139 741 5211 qui
764 5148 863 5196 terram
901 5159 963 5196 care
978 5140 1072 5212 possit.
1114 5141 1227 5202 Quando
1249 5158 1314 5196 sero
1332 5141 1356 5196 is
1377 5140 1413 5195 sit
1431 5139 1479 5202 sol,
1500 5138 1547 5208 qui
1569 5136 1699 5192 mundum

57 5224 204 5297 planetam
223 5232 251 5277 et
269 5222 407 5284 mobilem,
428 5230 456 5277 et
475 5230 604 5293 tanquam
624 5238 707 5276 uuam
724 5238 759 5276 ex
776 5221 862 5284 astris,
902 5222 1038 5275 vivificare
1058 5220 1205 5291 plurimum
1227 5221 1357 5284 videatur,
1379 5218 1557 5290 impertiendo
1578 5216 1700 5273 calorem

57 5304 245 5359 crediderunt.
286 5302 375 5375 sitque
396 5301 444 5356 ille
461 5303 553 5373 opinio
574 5301 645 5356 hano
660 5303 714 5356 vim
729 5300 821 5365 habet,
835 5309 865 5355 ut
902 5309 929 5354 et
949 5299 1054 5365 lueem;
1076 5300 1126 5354 rite
1149 5303 1260 5356 omnino
1283 5310 1366 5373 atque
1390 5299 1484 5355 ordine
1504 5297 1591 5352 videri
1613 5297 1701 5367 possit

58 5385 180 5456 planetae
203 5391 230 5437 et
251 5383 338 5438 stella
357 5381 580 5455 singulamque
602 5380 766 5436 etiamaliae
786 5382 864 5435 iunu-
902 5379 1049 5434 collocatus
1062 5380 1091 5435 in
1107 5382 1197 5435 medio
1215 5381 1316 5436 mundi.
1358 5379 1470 5435 Accedit
1490 5386 1519 5433 et
1537 5376 1612 5441 illud,
1628 5376 1701 5447 quod

59 5483 154 5529 merse,
168 5480 231 5536 quse
245 5472 421 5534 conspectum
434 5471 555 5518 nostrum
570 5461 605 5516 ob
625 5461 781 5516 distantiam
795 5461 865 5534 lugi-
902 5459 943 5515 sol
957 5460 1100 5515 manifeste
1114 5461 1216 5516 habeat
1230 5467 1410 5516 assectatores
1424 5459 1560 5514 Venerem
1574 5467 1603 5512 et
1624 5456 1700 5512 Mer·

60 5554 118 5614 unt
133 5560 242 5601 necnon
257 5542 327 5611 alite,
341 5561 403 5617 qum
416 5543 495 5600 nobis
509 5549 571 5599 sunt
584 5541 735 5598 invisibiles
754 5551 866 5614 propter
902 5541 1017 5609 curium,
1032 5541 1122 5610 etism,
1145 5558 1182 5598 ex
1199 5540 1335 5598 sententia
1352 5539 1500 5616 Typhonis,
1515 5539 1640 5612 planetas
1660 5553 1702 5592 re·
