3800 5875
54 302 116 359 Cae.
132 305 154 358 l.
568 308 619 363 ΒΕ
640 306 867 364 AUGMEN'I'IS
887 307 1164 365 selanitarum.
1623 316 1681 373 399

51 462 111 515 nuti
129 461 251 519 babetur
265 463 344 536 (licet
358 464 395 521 sit
409 472 553 521 externum
568 461 845 541 quiddam)utetiam
881 468 969 533 debet,
989 476 1021 523 ut
1039 468 1076 523 sit
1095 468 1124 522 iu
1143 484 1195 523 usu
1214 469 1368 526 communi:
1394 488 1496 538 rursus,
1515 481 1546 528 nt
1565 491 1621 529 nou
1647 478 1681 533 sit

50 541 101 595 illis
122 541 217 597 alteris
245 545 379 614 panibus,
403 564 465 617 ques
492 547 632 617 graviores
650 554 679 601 et
701 547 844 603 interiores
882 548 964 603 nimis
983 547 1101 603 delicata
1121 554 1169 602 aut
1188 554 1362 618 sumptuosa:
1383 550 1489 617 deiude,
1509 551 1550 607 ita
1569 554 1680 610 coniici-

50 621 175 687 videntur,
199 631 400 694 anteponaturi
430 627 527 680 eodem
550 626 607 680 fere
627 625 716 692 modo,
740 626 769 681 iu
785 628 844 681 viro
882 628 959 693 enda,
973 635 1005 682 ut
1021 627 1046 682 si
1065 643 1120 700 qua
1141 627 1177 681 sit
1195 627 1225 681 in
1245 628 1337 683 animo
1355 629 1448 696 virtus,
1470 648 1530 685 eam
1551 633 1681 689 exhibeat

50 700 125 765 cirili,
146 704 331 769 conversatio,
354 705 467 776 ejusque
494 706 618 777 regimen
638 702 790 780 (utcunque
814 708 842 761 iu
882 708 1002 762 maxime
1022 707 1215 777 conspicuam
1244 708 1344 779 siqua
1371 709 1538 777 deformitas,
1566 713 1680 769 eandem

51 780 225 838 exterioribus
249 786 412 855 occupetur)
436 785 461 839 si
486 802 542 839 non
560 802 704 850 mmmum,
725 793 842 841 atcerte
881 786 1006 857 suppleat
1019 794 1047 841 et
1060 786 1196 841 occultet:
1217 793 1363 857 postremo,
1378 796 1406 844 et
1423 806 1505 861 snper
1526 791 1626 857 omnia,
1643 809 1678 848 ne

52 861 173 915 eximium
186 862 280 917 locum
294 863 409 918 invenit.
447 863 534 925 Quale
548 864 622 919 enim
637 866 745 935 pondus
759 864 843 920 babet
881 866 918 920 sit
931 866 1015 921 nimis
1027 874 1110 931 arcta,
1126 872 1208 937 atque
1220 866 1260 919 ita
1272 868 1394 923 animum
1407 875 1542 941 angustet,
1556 878 1587 925 ut
1605 873 1679 941 ejus·

53 938 133 994 vultus
145 941 214 1011 ipse,
229 943 345 1014 eiusque
359 944 541 1014 compositio?
582 944 668 998 Recte
682 947 781 1016 poeta:
879 945 943 1000 dem
963 945 1092 1000 motusiu
1105 946 1186 1001 rebus
1207 946 1335 1016 gerendis
1353 947 1483 1003 cohibeat
1495 956 1523 1003 et
1536 950 1678 1021 impediat.

881 1025 983 1080 Vemm
1001 1025 1062 1080 baec
1082 1041 1147 1095 pars
1169 1025 1292 1080 scientim
1309 1025 1400 1081 civilis
1421 1028 1457 1083 de
1474 1031 1677 1086 conversatione

202 1076 326 1124 “'Nae
336 1077 585 1126 mmmmm
594 1080 659 1127 ‘¹¹⁰3'
879 1103 1020 1176 eleganter
1041 1105 1162 1175 profecto
1181 1121 1199 1158 a
1220 1105 1356 1161 nonnullis
1379 1114 1494 1162 metata
1517 1116 1566 1175 cst,
1587 1126 1677 1182 neque

54 1179 146 1237 Poterit
159 1184 235 1239 enim
249 1185 313 1255 quis
326 1185 381 1240 vim
395 1186 526 1241 orationis
540 1185 616 1241 vultu
629 1185 802 1251 labefactare,
811 1195 840 1242 et
879 1183 1029 1239 ullomodo
1043 1192 1174 1256 tanquam
1187 1183 1340 1240 desiderata
1350 1187 1444 1258 reponi
1459 1187 1548 1243 debes

50 1260 123 1330 plane
132 1264 256 1333 prodere.
293 1265 838 1337 Quinetfactanouminusquamverba,

48 1340 117 1394 vultu
131 1344 235 1412 pariter
252 1343 355 1399 destrui
372 1345 484 1416 possint,
499 1344 523 1400 si
538 1344 663 1400 Ciceroni
682 1346 840 1412 credamus;
1090 1372 1216 1429 CAPUT
1242 1372 1465 1432 SECUNDUM

48 1420 99 1490 qui,
113 1438 175 1476 cum
186 1424 264 1477 fratri
279 1423 469 1479 affabilitatem
483 1425 684 1480 commendaret
697 1442 763 1496 erga
776 1443 839 1497 pro·

47 1500 180 1565 rinciales,
193 1520 250 1557 uon
262 1504 291 1558 in
302 1502 354 1557 hoc
368 1520 429 1558 eam
442 1503 613 1575 potissimum
628 1506 707 1559 sitam
721 1504 800 1570 dixit,
810 1514 839 1561 ut
878 1498 1003 1554 Portitio
1015 1501 1147 1557 doctm'noe
1160 1502 1193 1555 ds
1206 1503 1333 1574 negotiis,
1348 1505 1379 1557 ia
1394 1505 1542 1558 doctrinam
1555 1506 1588 1559 dr
1603 1523 1675 1561 occu·

47 1579 133 1634 aditus
152 1583 288 1651 praeberet
301 1583 337 1636 ad
350 1600 380 1637 se
400 1583 504 1649 faciles,
517 1583 571 1638 uisi
588 1585 671 1638 etiam
684 1584 758 1638 vultu
778 1584 839 1655 ipso
916 1580 1037 1635 sionibus
1058 1582 1172 1653 sparsis,
1193 1591 1219 1635 et
1241 1583 1389 1637 doctrinam
1411 1584 1443 1638 de
1469 1585 1570 1638 ambitu
1598 1589 1672 1642 oitoe.

47 1660 156 1713 comiter
165 1662 327 1717 accedentes
335 1662 485 1734 exciperet.
528 1668 545 1695 ‘⁴
554 1662 604 1718 Nil
614 1664 727 1718 interest
737 1663 839 1719 habere
916 1658 1080 1732 &emplum
1100 1661 1233 1717 dwitt'noe
1250 1663 1283 1715 dt
1301 1664 1486 1718 wmtfflt‘bffl
1507 1665 1621 1735 wilt,
1640 1683 1674 1719 ⁸2

46 1739 142 1793 oeduus
162 1749 295 1811 apertum,
310 1741 415 1797 vultum
436 1743 585 1797 elausum.”
626 1741 758 1798 Videmus
775 1761 840 1815 quo.
912 1741 1052 1811 parabolis
1078 1741 1216 1812 aliquidue
1243 1739 1402 1799 Soloruoais.
1466 1742 1613 1816 Praecpta
1640 1746 1673 1799 ds

46 1835 96 1887 que
116 1820 244 1884 Atdcum,
266 1822 319 1875 sub
344 1821 462 1892 primum
484 1821 624 1877 Ciceronis
647 1840 709 1877 cum
730 1821 839 1879 Caesare
917 1820 1019 1873 umbria
1032 1821 1107 1877 viter.

45 1915 227 1968 congressum,
237 1899 313 1955 bello
325 1901 414 1956 adhuc
428 1903 559 1967 fervente,
568 1901 713 1974 diligenter
727 1911 754 1956 et
767 1904 841 1959 seno

46 1976 204 2034 Ciceronem
220 1997 269 2051 per
279 1980 424 2051 epistolam
434 1982 581 2047 monuisse,
593 1983 626 2036 de
632 1982 707 2037 vultu
721 1990 749 2036 et
761 1991 839 2054 gestu
916 1976 1094 2034 Docraruan
1107 1978 1142 2033 de
1150 1979 1270 2052 negotiis
1281 1980 1430 2050 partiemur
1442 1981 1471 2035 in
1479 1981 1626 2038 doctrinam
1638 1985 1672 2040 de

45 2056 78 2110 ad
89 2058 253 2129 dignitatem
267 2068 295 2114 et
308 2061 468 2132 gravimtem
480 2061 683 2131 componendis.
724 2062 801 2123 Quod
815 2065 840 2118 si
877 2058 1062 2113 occasionibus
1082 2059 1192 2129 sparsis,
1213 2067 1241 2113 et
1254 2059 1405 2115 doctrinam
1419 2061 1453 2116 de
1473 2062 1575 2117 ambitu
1588 2064 1671 2135 vitm:

46 2144 145 2192 tautum
160 2139 248 2209 possit
262 2140 318 2194 oris
332 2147 361 2195 et
374 2139 462 2196 vultus
476 2140 560 2196 solim
569 2141 839 2213 moderatio,quanto
877 2154 992 2208 quarum
1020 2138 1107 2192 altera
1133 2139 1286 2194 universam
1312 2141 1484 2210 negotiorum
1513 2142 1673 2199 vadetatem

46 2218 128 2288 magis
141 2235 234 2273 sermo
248 2218 399 2283 familiaris,
413 2228 440 2274 et
454 2220 516 2286 alia,
532 2238 592 2292 quse
606 2221 641 2274 ad
656 2223 839 2277 couversatio-
876 2216 1070 2288 complectitur,
1079 2225 1107 2272 ct
1120 2218 1183 2273 vitae
1194 2219 1345 2274 communis
1356 2226 1485 2291 tanquam
1499 2222 1672 2278 amanuensis

46 2312 102 2351 nem
117 2299 276 2366 pertinenti
311 2300 401 2370 Atque
415 2309 635 2355 sauesummaet
648 2302 837 2371 compendium
877 2304 935 2361 θεῖε
957 2295 1049 2362 filim·
1064 2314 1097 2351 0³
1110 2305 1222 2361 mnium·
1245 2316 1306 2369 quae
1325 2300 1360 2354 sd
1381 2300 1521 2370 propriam
1542 2302 1672 2374 cujusque

45 2375 129 2430 decori
144 2387 171 2431 et
186 2378 333 2448 elegantiae
347 2395 452 2434 monam
466 2380 494 2434 in
508 2379 561 2435 hoc
578 2380 633 2435 fere
652 2382 703 2434 sita
725 2389 795 2447 suut,
809 2390 840 2436 ut
877 2375 1012 2431 fortunam
1024 2376 1241 2448 amplificandam
1253 2385 1386 2449 speciant,
1397 2381 1527 2450 excerpit,
1538 2388 1565 2434 et
1575 2399 1672 2453 sugge-

45 2457 117 2524 quasi
132 2476 211 2528 aqua
225 2457 305 2512 lance
320 2466 348 2512 et
360 2459 499 2529 propriam
512 2459 672 2530 dignitatem
682 2468 709 2514 et
722 2461 838 2516 aliorum
876 2455 929 2521 tiit
951 2473 1011 2528 quoe
1022 2456 1138 2528 iinssulit
1148 2474 1199 2528 1)ῖο
1214 2457 1317 2512 institnit
1332 2458 1493 2530 quibusdam
1507 2474 1597 2514 rtrum
1612 2479 1672 2516 ⁸118·

45 2535 185 2590 metiamur
208 2546 238 2590 et
261 2544 403 2592 tueamur:
430 2538 603 2610 quodetiam
622 2557 677 2593 nou
697 2539 769 2594 male
789 2558 838 2596 ex·
876 2552 936 2590 rum
950 2535 1057 2591 tabellis
1071 2543 1118 2591 sut
1131 2536 1333 2592 codicilliscsse
1347 2539 1463 2608 possint.
1506 2538 1607 2596 Verum
1620 2557 1670 2595 an·

45 2616 140 2681 pressit
154 2616 186 2669 Τ.
201 2615 299 2670 Livius
313 2614 394 2691 (lieet
403 2618 450 2671 alii
465 2618 504 2672 rei
519 2615 656 2691 intentus)
668 2636 701 2673 eo
715 2636 838 2689 personae
877 2621 984 2687 tequam
999 2615 1033 2669 ad
1054 2616 1159 2686 species
1179 2616 1381 2681 descendamus,
1396 2614 1498 2689 aliquid
1518 2618 1590 2673 circa
1607 2620 1671 2675 doc·

44 2692 212 2750 characteres
243 2697 343 2760 “Ne”
366 2697 463 2768 inquit,
487 2704 504 2729 ‘⁶
517 2706 564 2752 aut
589 2715 719 2770 arrogans
737 2700 836 2765 videar,
876 2695 974 2750 tn'nam
983 2695 1017 2750 de
1028 2695 1183 2766 negotiisin
1192 2713 1292 2766 genere
1300 2697 1482 2767 praefabimur.
1512 2698 1671 2755 Doctrioam

45 2781 87 2826 sut
101 2775 255 2830 obnoxius:
277 2793 392 2847 quorum
406 2776 521 2832 alterum
534 2786 576 2832 est
593 2778 691 2832 aliems
704 2778 838 2834 libertatis
876 2774 909 2828 de
923 2775 1048 2847 negotiis,
1057 2791 1107 2846 pro
1120 2775 1159 2830 rei
1173 2782 1317 2840 momento,
1329 2777 1454 2831 tractavit
1468 2777 1557 2833 adhuc
1571 2795 1669 2846 nemo,

45 2852 125 2917 obliti,
146 2854 264 2909 alterum
286 2856 369 2910 sure.”
410 2856 455 2911 Ex
473 2858 608 2912 contraria
621 2874 686 2912 vero
706 2865 791 2927 parte,
814 2860 838 2914 si
876 2872 938 2909 cum
951 2871 1060 2925 magna.
1080 2860 1135 2909 itm
1148 2854 1294 2920 literarum,
1309 2871 1391 2928 quam
1405 2855 1579 2923 literatorum,
1596 2860 1670 2913 exis·

45 2932 189 2989 urbanitati
203 2944 232 2990 et
251 2933 400 3006 elegantiae
420 2952 525 2991 morum
546 2945 665 2992 exterum
688 2937 837 3008 impensius
875 2934 1024 2989 tinctionis
1042 2934 1159 3004 jactura.
1201 2934 1244 2989 ab
1264 2934 1317 2989 hac
1341 2935 1414 2990 enim
1438 2937 1528 2991 radice
1552 2939 1668 3007 pullulat

44 3013 203 3080 studeamus,
219 3022 361 3069 transeunt
377 3014 433 3070 ills
446 3017 476 3070 in
489 3017 687 3072 affectationem
701 3019 837 3090 quandam
875 3014 943 3069 illud
956 3014 1066 3080 malum,
1080 3014 1152 3086 quod
1165 3022 1259 3069 notam
1273 3015 1385 3070 eruditis
1399 3016 1513 3082 inussit3
1533 3018 1669 3084 nimirum,

44 3091 189 3149 deformem
204 3103 233 3149 et
247 3094 435 3150 adulterinam
478 3101 494 3128 ⁴‘
508 3095 578 3157 Quid
597 3098 671 3151 enim
689 3097 838 3153 deformius
875 3095 1053 3149 eruditionem
1072 3102 1100 3148 et
1120 3094 1292 3165 prudentiam
1313 3094 1420 3150 civilem
1446 3113 1506 3151 raro
1524 3097 1669 3153 admodum

44 3188 120 3241 mam
149 3190 261 3229 scenam
284 3175 314 3228 in
333 3175 418 3229 citam
441 3175 633 3231 transferrei”
674 3176 836 3244 Quinetiam,
875 3174 1013 3244 conjungi.
1054 3173 1164 3228 Etenim
1183 3174 1206 3228 si
1225 3175 1285 3245 quis
1302 3181 1374 3229 recte
1396 3176 1525 3240 advertat,
1547 3193 1582 3231 ex
1605 3194 1669 3247 pru·

43 3250 102 3306 licet
118 3254 149 3307 iu
163 3271 308 3309 excessum
327 3253 405 3308 illum
420 3254 548 3310 vitiosum
562 3256 674 3311 minime
694 3256 837 3326 prolaban·
875 3253 974 3308 dentiis
986 3252 1043 3308 illis
1058 3252 1152 3318 tribus,
1163 3270 1231 3325 quas
1244 3254 1325 3308 modo
1338 3254 1456 3310 diximus
1466 3256 1592 3311 advitam
1605 3256 1670 3311 civi·

43 3341 88 3394 tur,
106 3334 239 3404 temporis
252 3342 343 3387 tamen
364 3334 479 3388 nimium
494 3334 522 3388 in
541 3335 698 3404 huiusmodi
714 3335 837 3392 leviculis
875 3334 930 3389 lem
942 3340 1072 3403 spectare,
1086 3332 1134 3386 illa
1143 3334 1356 3388 conversationis
1365 3335 1400 3388 ab
1410 3335 1521 3390 eruditis
1535 3336 1592 3391 fere
1603 3353 1668 3391 cou-

43 3410 197 3478 alsumitnr,
224 3413 388 3484 animusque
414 3413 449 3468 ad
476 3431 569 3468 curam
593 3415 723 3486 ipsarum,
746 3416 836 3486 magis
875 3413 1011 3478 temnitur,
1032 3420 1160 3484 tanquam
1184 3413 1282 3468 servile
1305 3413 1440 3485 quiddam,
1455 3421 1536 3486 atque
1558 3415 1670 3486 insuper

43 3507 119 3559 quam
133 3500 251 3562 oportet,
266 3491 437 3562 deprimitur.
479 3493 598 3566 ldeuquc
613 3494 725 3549 sicutiu
739 3496 836 3550 acade·
874 3491 1094 3547 meditationibus
1114 3492 1264 3548 inimicum.
1306 3493 1383 3555 Quod
1401 3511 1466 3549 reru
1484 3495 1519 3548 ad
1536 3493 1613 3550 illam
1633 3496 1667 3550 de

43 3571 107 3635 niis,
132 3571 321 3627 adolescentes
347 3571 486 3626 literarum
510 3573 632 3639 studiosi,
654 3581 683 3629 at
703 3574 837 3630 sodalium
874 3572 1014 3642 republica
1028 3572 1256 3638 administranda,
1278 3588 1343 3627 saue
1357 3573 1380 3627 si
1396 3574 1606 3645 quandorerum
1620 3592 1669 3646 gn·

42 3652 229 3721 congressibus
253 3650 317 3721 plus
336 3650 402 3706 satis
415 3652 596 3723 indulgentes,
610 3654 715 3708 moneri
729 3655 835 3709 soleant
874 3650 1027 3706 bemaculis
1048 3652 1241 3706 admoveantur
1261 3652 1366 3718 emditi,
1388 3669 1485 3708 munus
1509 3670 1589 3709 suum
1613 3671 1668 3709 nou

42 3745 56 3780 a
69 3731 291 3801 praeceptoribus,
305 3730 441 3785 “Amicos
455 3749 515 3786 esse
530 3733 603 3788 fures
617 3734 746 3803 temporis
755 3735 781 3788 :'’
796 3734 836 3788 sic
874 3731 1042 3786 incommode
1057 3733 1208 3796 aneriacum
1226 3749 1320 3786 vemm
1340 3749 1373 3787 ea
1386 3733 1522 3802 momoria
1537 3734 1669 3805 contingit

42 3818 109 3863 certe
124 3809 238 3865 asndua
255 3809 317 3875 ista,
331 3809 362 3864 in
375 3812 587 3867 conversationis
600 3814 735 3878 decorum,
752 3813 836 3868 animi
874 3810 978 3880 paucis.
1027 3809 1070 3865 De
1092 3811 1235 3881 prudentia
1258 3819 1349 3866 autem
1367 3813 1524 3883 negotiandi
1543 3816 1610 3883 (qua
1634 3814 1669 3869 de

43 3887 158 3952 intentio,
173 3906 306 3960 magnum
320 3890 489 3962 gravioribus
504 3890 723 3947 meditationibus
736 3892 836 3947 furtum
874 3907 945 3944 nunc
959 3889 1108 3961 loquimur)
1123 3890 1152 3943 in
1168 3906 1221 3961 qua
1235 3890 1291 3944 vita
1310 3889 1430 3946 humana
1446 3892 1595 3963 plurimum
1609 3911 1668 3949 ver·

44 3965 109 4021 facit
151 3969 270 4032 Deinde,
284 3969 331 4040 qui
353 3971 454 4039 primas
467 3971 536 4026 adeo
555 3971 585 4025 iu
598 3970 750 4026 urbanitate
764 3973 835 4027 obti-
874 3977 956 4035 satur,
964 3969 1032 4024 nulli
1043 3970 1153 4023 omuino
1165 3969 1229 4024 libri
1243 3970 1387 4041 conscripti
1400 3970 1549 4036 babentun
1571 3983 1670 4042 preater

43 4057 108 4110 neat,
122 4055 152 4102 et
165 4049 201 4103 ad
214 4049 288 4103 hauc
302 4066 363 4103 rem
378 4065 460 4104 unam
474 4051 552 4121 quasi
566 4052 623 4105 nati
636 4051 768 4115 ridentur,
783 4050 836 4105 hoc
874 4066 962 4119 pauca
983 4049 1106 4120 quedam
1129 4049 1230 4103 monita
1250 4048 1342 4102 civilia
1358 4050 1387 4103 in
1405 4050 1563 4107 fasciculum
1583 4069 1667 4108 nuum

45 4125 93 4179 fere
107 4127 219 4192 babent,
233 4135 263 4183 ut
277 4128 332 4183 sibi
344 4129 412 4198 ipsis
425 4129 453 4183 in
466 4129 515 4184 illa
528 4129 586 4185 sola
598 4129 793 4199 complaceant,
808 4138 835 4185 et
874 4136 922 4184 aut
935 4128 1049 4183 altemm
1063 4128 1184 4192 collecta,
1199 4146 1261 4198 quae
1274 4127 1445 4198 amplitudini
1456 4129 1537 4200 hujus
1551 4132 1668 4199 subjecti

43 4205 72 4257 ad
85 4206 199 4262 virtutes
213 4207 357 4262 solidiores
371 4215 399 4261 ct
413 4209 541 4264 celsiores
555 4210 603 4265 vix
620 4226 740 4281 unquam
762 4210 835 4280 aspi·
874 4207 949 4263 nullu
965 4208 1047 4262 modo
1060 4206 1230 4278 respondent.
1270 4206 1382 4262 Etenim
1396 4209 1419 4263 si
1440 4210 1502 4263 libri
1523 4210 1607 4282 aliqui
1622 4229 1668 4268 ex·

42 4293 113 4339 rent:
134 4287 244 4357 quaudo
255 4305 271 4341 e
281 4293 383 4352 contra,
392 4288 439 4359 qui
453 4288 505 4343 sibi
519 4291 549 4343 in
561 4288 615 4344 hac
629 4296 704 4359 parte
716 4289 836 4345 defectus
874 4293 963 4343 tarent
979 4288 1013 4342 de
1027 4287 1081 4342 hoc
1095 4293 1263 4358 sagramento,
1285 4286 1355 4342 sieut
1374 4288 1407 4343 de
1426 4290 1540 4355 caeteris,
1555 4291 1666 4347 minime

42 4373 100 4416 sunt
112 4367 226 4431 conscii,
244 4368 327 4421 decus
340 4384 377 4421 ex
389 4368 461 4421 bona
478 4368 679 4424 existimatione
694 4378 834 4440 quaeruut:
874 4365 1062 4432 dubitaverim,
1087 4367 1153 4439 quin
1172 4366 1223 4420 viri
1246 4366 1352 4432 eruditi,
1375 4368 1468 4440 aliquo
1489 4371 1666 4441 experientiae

43 4443 84 4496 ubi
98 4445 172 4499 enim
185 4446 266 4500 adest
278 4446 351 4500 bona
365 4447 540 4514 cmstimatio,
546 4447 637 4503 omnia
647 4448 706 4503 fere
721 4449 834 4515 decent,
873 4446 1013 4517 manipulo
1025 4447 1156 4512 instructi,
1166 4444 1394 4510 ineruditoalieet
1407 4448 1511 4503 diutina
1525 4451 1668 4520 experien-

42 4522 84 4575 uta
104 4541 170 4579 reru
192 4524 244 4579 illa
268 4525 368 4591 deficit,
391 4535 449 4582 tum
474 4528 621 4583 demuma
644 4528 835 4583 commoditate
873 4526 912 4581 tia
933 4525 1051 4590 edoctos,
1078 4524 1160 4598 longe
1187 4533 1355 4597 superarent,
1379 4533 1407 4581 et
1428 4529 1538 4598 proprio
1558 4528 1667 4586 illorum

42 4618 141 4657 morum
163 4612 246 4676 atque
270 4605 425 4660 urbanitate
445 4606 594 4662 subsidium
614 4607 763 4678 petendum
785 4616 833 4663 eat.
874 4605 961 4679 (quod
975 4605 1083 4673 dicitur)
1097 4622 1163 4660 arcu
1175 4606 1225 4671 usi,
1239 4606 1328 4677 magis
1341 4623 1356 4661 e
1370 4604 1520 4680 longinquo
1533 4608 1652 4665 ferirent.

42 4679 129 4745 Porro,
144 4684 179 4737 ad
201 4701 245 4738 res
258 4684 402 4755 gerendas,
416 4685 465 4741 vix
484 4687 594 4757 gravius
607 4695 654 4741 aut
668 4686 835 4759 frequentius
912 4685 1012 4758 Neque
1026 4702 1091 4740 vero
1106 4692 1148 4740 est
1165 4701 1214 4739 cur
1226 4700 1375 4751 vereamur,
1393 4703 1429 4742 ue
1444 4689 1564 4743 scientim
1583 4689 1667 4757 hujus

42 4763 158 4830 reperias
168 4763 403 4834 impedimentum,
415 4782 496 4836 qnam
506 4765 619 4835 hujusce
629 4767 719 4821 decori
729 4768 834 4823 externi
874 4772 930 4821 tam
950 4764 1027 4820 rana
1047 4765 1082 4820 sit
1102 4764 1223 4828 materia,
1244 4772 1275 4819 ut
1295 4765 1347 4819 sub
1368 4768 1595 4837 preceptionibus
1612 4785 1667 4822 uon

40 4841 172 4896 canosam
192 4842 276 4897 nimis
290 4843 514 4912 observationem,
529 4854 610 4917 atque
629 4846 698 4901 illud
711 4845 834 4912 altemm,
873 4846 974 4900 cadat:
1002 4841 1089 4898 multo
1115 4843 1251 4916 siquidem
1274 4845 1486 4915 angustiarent,
1510 4864 1591 4919 quam
1618 4845 1667 4901 illa

41 4920 109 4987 quod
123 4920 189 4976 huic
210 4923 264 4994 ipsi
279 4923 406 4987 inservit,
426 4924 565 4990 nimirum,
579 4926 690 4981 anxiam
704 4927 834 4997 temporis
873 4924 1030 4995 reipublice
1053 4921 1273 4979 administranda
1301 4925 1438 4992 edanum
1470 4944 1552 4998 quam
1575 4935 1668 4981 tamen

41 5009 116 5070 atque
143 5003 376 5073 opportunitatem
397 5002 566 5060 electionem
615 5005 736 5077 Egregie
759 5006 834 5060 euim
874 5004 997 5075 apprime
1019 5003 1142 5059 videmus
1163 5003 1306 5060 excultam.
1355 5005 1447 5074 liujus
1472 5005 1580 5077 generis
1603 5021 1667 5075 pru·

42 5076 185 5136 womarus
213 5082 292 5143 “Qui
317 5082 428 5153 respicit
443 5083 478 5137 ad
499 5091 602 5150 ventos,
625 5100 680 5139 nou
700 5085 833 5152 seminat;
873 5084 974 5139 dentiae
988 5082 1060 5153 apud
1074 5083 1221 5149 Romanos,
1236 5085 1346 5156 optimis
1359 5086 1533 5156 temporibus,
1541 5084 1667 5139 extitisse

42 5159 83 5227 qni
100 5161 213 5231 respicit
232 5161 269 5216 sd
282 5161 377 5226 nubes,
396 5178 451 5216 uon
463 5164 567 5217 metit.”
609 5162 734 5218 creanda
749 5164 834 5236 siqui·
873 5164 997 5217 videntur
1005 5162 1128 5218 nonnulli
1139 5163 1314 5234 professores.
1355 5163 1560 5220 Testaturenim
1569 5161 1668 5219 Cicero

42 5235 97 5292 dem
110 5240 189 5295 uobis
207 5247 250 5295 est
269 5242 458 5312 opportunitas
478 5243 578 5313 sepius
592 5260 673 5314 quarn
693 5245 834 5314 opperien·
874 5241 958 5296 moris
980 5241 1072 5309 fuisse,
1094 5242 1177 5314 paulo
1189 5250 1251 5298 aute
1275 5261 1326 5299 sua
1347 5243 1446 5308 secula,
1466 5251 1496 5298 ut
1518 5250 1666 5309 senatores,

43 5314 80 5370 da
121 5318 158 5372 Ut
171 5320 257 5375 verbo
269 5321 403 5385 dicamus,
421 5320 524 5376 urbana
538 5320 590 5376 ista
603 5338 709 5377 morum
727 5340 834 5394 compo
873 5319 1017 5392 prudentia
1027 5331 1054 5375 et
1064 5339 1153 5377 rerum
1161 5340 1211 5377 usu
1221 5324 1341 5379 mamma
1351 5318 1666 5400 celebresffloruucanii,

42 5395 108 5460 sitio,
121 5397 207 5454 saluti
222 5400 308 5454 restis
324 5398 410 5455 animi
427 5408 477 5463 est,
492 5408 519 5454 et
539 5400 652 5471 proinde
666 5402 750 5457 vestis
763 5419 835 5458 com·
874 5400 958 5465 Curii,
981 5399 1071 5468 Laelii,
1086 5410 1114 5456 et
1133 5397 1196 5475 alii)
1212 5403 1288 5457 statis
1311 5402 1387 5457 horis
1411 5402 1439 5455 iu
1463 5402 1521 5456 foro
1537 5400 1667 5457 deambu-

42 5476 178 5535 usdraus
202 5479 306 5536 referre
326 5477 416 5535 debet.
456 5478 578 5535 Primum
596 5481 670 5536 enim
687 5481 751 5537 talis
773 5499 834 5539 esse
873 5481 971 5548 lareut,
992 5480 1040 5535 ubi
1060 5481 1165 5538 civibus
1178 5482 1285 5552 copiam
1300 5482 1342 5537 sui
1362 5482 1483 5537 facerent
1496 5488 1524 5538 et
1543 5483 1668 5539 consule·
