3800 5875
208 331 267 387 sat
725 324 775 379 DE
797 320 1025 378 AUGMENTIS
1046 319 1323 376 solonitanum.
1736 312 1800 369 Lis.
1814 314 1835 368 1.

209 492 233 545 si
247 490 328 544 modo
340 504 385 543 res
398 487 434 543 sit
450 486 613 563 hujusmodi,
628 490 658 539 ut
671 483 794 537 animum
808 498 859 552 pro
872 481 1003 552 dignitate
1043 480 1115 534 orbis
1132 486 1278 550 postquam
1296 477 1475 530 circumactus
1486 478 1566 538 esset,
1580 472 1706 528 Socrates
1717 471 1764 527 ille
1780 473 1838 540 (fla-

210 570 270 637 ejus
281 566 402 638 impleat,
417 574 446 620 et
456 567 582 621 detineat.
610 563 686 625 Quod
701 562 725 616 si
739 563 908 632 reperiantur
920 560 1004 614 inter·
1041 560 1156 630 gitioaus
1166 558 1284 623 scilicet)
1299 555 1428 610 heroibus
1438 560 1628 608 aunummsms
1638 559 1688 616 est,
1698 559 1726 605 at
1738 568 1837 605 memo

209 649 274 702 dum
288 645 420 710 nonnulli,
435 646 464 699 in
486 644 603 716 legendo
617 641 727 706 strenui,
741 642 771 694 in
788 641 895 711 agendo
916 656 1005 693 cessa·
1042 641 1083 693 ria
1112 638 1172 706 ejus
1197 635 1355 690 hominibus
1378 643 1435 689 tam
1457 632 1565 697 divinis,
1591 647 1675 702 quam
1699 629 1837 694 humanis,

210 734 303 790 tores;
324 741 378 779 noo
392 724 574 779 hocaliteris
588 730 676 777 ortum
694 720 785 783 habet,
800 719 848 773 sed
861 718 1004 774 imbecilli·
1042 717 1191 772 honoribus
1212 714 1364 770 cumulata:
1396 713 1462 784 quin
1483 713 1678 782 disputationes
1698 711 1768 778 ejus,
1783 717 1837 763 tan—

210 814 266 859 tate
290 814 318 859 et
339 803 452 858 mollitie
474 804 590 874 quadam
610 800 729 869 corporis
751 799 886 863 animive3
908 797 1004 869 quales
1043 814 1125 869 quam
1144 795 1324 865 corruptrices
1344 809 1450 847 monim
1471 792 1547 861 prius
1569 791 1679 854 habita,
1703 807 1755 859 pro
1772 806 1838 859 pra·

209 893 286 939 notat
296 885 414 938 Seneca:
435 889 452 915 ⁴‘
463 882 604 944 Quidam‚”
618 880 715 950 iuquit,
730 882 748 911 ⁴⁴
761 887 817 932 tam
826 885 890 932 sunt
898 878 1004 931 umbra·
1042 876 1205 930 sentissimis
1233 873 1333 929 mentis
1358 887 1517 940 morumque
1545 870 1677 924 antidotis
1700 869 1737 922 ab
1764 869 1838 922 omni

210 963 281 1028 tiles,
292 972 322 1017 ut
335 968 431 1032 putent
443 962 472 1015 in
484 960 590 1015 turbido
598 976 665 1025 esse,
678 957 805 1029 quicquid
819 957 849 1011 in
863 956 923 1010 luce
933 956 1002 1011 est.”
1042 956 1199 1026 posteritate
1213 952 1427 1008 celebrabantur.
1468 949 1559 1020 Atque
1581 949 1641 1002 hac
1655 948 1838 1003 mfficiantad

210 1043 361 1097 Usuvenire
375 1041 473 1112 poterit
486 1041 608 1104 tortuose,
620 1046 649 1093 ut
663 1036 817 1106 hujusmodi
832 1036 936 1107 ingenii
950 1035 1003 1088 sibi
1042 1033 1259 1105 respondendum
1279 1030 1405 1103 politicis,
1421 1029 1468 1100 qui
1490 1027 1668 1098 superciliosa
1687 1027 1837 1090 severitate,

210 1122 319 1186 conscii,
334 1137 364 1175 se
385 1120 450 1173 dent
468 1119 570 1182 literis;
603 1117 717 1172 eruditio
730 1124 821 1170 autem
835 1116 897 1185 ipsa
910 1115 1004 1182 hujus-
1044 1123 1090 1168 aut
1104 1114 1195 1168 fucata
1209 1113 1351 1183 gravitate,
1366 1109 1500 1163 ausisunt
1513 1108 1608 1162 literas
1622 1107 1760 1161 incessere
1773 1123 1836 1160 con·

210 1202 282 1256 modi
301 1199 412 1270 ingenia
425 1199 536 1253 minime
550 1197 627 1261 indit,
642 1203 690 1250 aut
702 1195 848 1266 progignit
890 1193 1003 1255 Quodsi
1042 1194 1173 1256 tomeliis3
1189 1209 1249 1263 qua
1260 1199 1351 1245 mmen
1361 1188 1511 1243 confutatio
1520 1186 1837 1257 impraesentiarumnisi

211 1281 272 1352 quis
285 1278 544 1335 illudnihilomiuus
558 1277 693 1331 mordicus
706 1283 805 1338 teneat,
819 1273 913 1328 literas
927 1272 1004 1326 nimi-
1043 1273 1114 1343 quod
1138 1272 1292 1327 nesciamus
1312 1286 1348 1323 an
1370 1269 1406 1322 ad
1425 1275 1550 1337 posteros
1572 1266 1765 1337 permanaturi
1787 1266 1838 1319 sint

209 1376 256 1413 um
277 1360 418 1414 absumere
432 1357 568 1427 temporis,
583 1355 654 1426 quod
673 1354 742 1408 alias
763 1353 861 1407 rectius
882 1351 1003 1421 impendi
1042 1351 1149 1406 labores
1163 1351 1260 1417 nostri,
1274 1349 1364 1404 minus
1381 1347 1535 1401 necessaria
1549 1346 1689 1410 videntum
1719 1361 1783 1399 cum
1796 1361 1837 1398 as·

210 1440 314 1510 possit,
343 1438 394 1501 aio,
408 1437 547 1491 neminem
567 1437 636 1489 adeo
656 1433 779 1504 distringi
801 1433 924 1503 negotiis,
939 1432 1004 1501 quin
1042 1441 1136 1500 pectus
1150 1439 1178 1485 et
1196 1429 1393 1484 iavorduorum
1412 1425 1660 1480 literatissimorum
1676 1425 1836 1495 principum,

211 1518 311 1574 habeat
326 1534 374 1571 sua
392 1516 441 1570 otii
455 1515 609 1578 intervalla,
624 1514 708 1567 donec
722 1512 820 1583 agendi
833 1513 907 1566 vices
923 1519 1004 1581 atque
1043 1510 1211 1565 Elisabethaa
1224 1508 1326 1580 regina
1339 1514 1368 1561 et
1381 1505 1538 1574 Majestatis
1550 1511 1615 1572 tua,
1627 1512 1762 1575 tanquam
1776 1503 1837 1558 Cas

211 1607 292 1652 matus
306 1597 427 1658 refluant,
442 1596 496 1649 nisi
510 1602 557 1649 aut
570 1593 713 1648 admodum
729 1591 814 1645 hebes
827 1591 863 1645 sit
879 1592 908 1644 in
923 1607 1005 1659 expe·
1043 1591 1108 1644 ton's
1131 1596 1159 1645 et
1181 1588 1309 1651 Pollucis,
1322 1585 1473 1640 lucidorum
1496 1585 1624 1648 siderum,
1638 1590 1748 1638 tantum
1768 1582 1837 1654 apud

211 1677 316 1731 diendis
327 1675 455 1746 negotiis,
467 1680 514 1727 aut
524 1690 618 1744 parum
630 1689 690 1725 cum
702 1671 834 1738 dignitate
845 1669 1004 1724 ambitiosus
1043 1685 1094 1723 nos
1120 1669 1150 1724 in
1175 1666 1320 1723 Britannia
1343 1664 1431 1720 literis
1458 1680 1579 1719 amorem
1603 1663 1837 1733 mveoentiamque

211 1755 241 1810 in
259 1755 376 1825 negotiis
393 1755 575 1824 cujuscunque
589 1751 697 1823 generis
720 1749 869 1819 captandis.
910 1749 1006 1802 Restat
1042 1747 1252 1802 conciliaverint.

212 1830 298 1900 igitur
308 1827 492 1901 quaerendum,
507 1842 562 1898 qua
571 1827 602 1880 in
615 1843 645 1880 re
657 1834 684 1879 et
698 1825 833 1896 quomodo
844 1825 894 1877 has
908 1824 1003 1877 subse-

213 1910 287 1963 cives
306 1908 388 1962 hom
401 1905 534 1961 collocare
548 1912 687 1975 oporteatg
717 1903 813 1958 studiis
827 1919 862 1956 an
878 1901 1004 1972 volupta-
1082 1907 1170 1962 Nurac
1187 1905 1223 1959 ad
1236 1904 1345 1959 tertium
1362 1901 1590 1971 vituperationum
1608 1916 1698 1971 genus
1717 1900 1838 1970 perveni.

214 1988 295 2051 tibus,
310 1988 394 2057 genio
411 2002 447 2039 an
469 1985 585 2055 ingenio
597 1983 802 2054 indulgendum.
844 1982 920 2035 Sicut
930 1989 1005 2035 recte
1043 2002 1110 2048 mus,
1126 1986 1197 2057 quod
1218 1983 1364 2039 aliteratis
1376 1981 1445 2052 ipsis
1463 1981 1493 2035 in
1506 1979 1600 2034 literas
1622 1980 1769 2044 redundat,
1782 1978 1838 2033 alti·

214 2063 558 2136 responditDemosthenes
566 2062 813 2125 AEschini,homini
824 2060 1006 2131 voluptatibus
1042 2082 1129 2136 usqua
1143 2064 1248 2119 clateris
1262 2063 1332 2118 solet
1344 2062 1466 2116 haerere:
1487 2077 1529 2114 esa
1542 2059 1616 2114 vela
1632 2059 1754 2122 fortuna,
1768 2058 1838 2113 vela

214 2146 322 2200 dedito:
343 2146 466 2216 quicum
479 2141 731 2213 percontumeliam
745 2140 898 2209 objecisset,
910 2139 1006 2193 “Oro-
1043 2145 1172 2209 moribus,
1193 2143 1237 2197 vel
1259 2160 1277 2197 a
1297 2141 1394 2196 studiis
1416 2141 1537 2210 ipsorum
1558 2138 1696 2209 originem
1719 2139 1837 2193 ducunt:

214 2226 305 2279 tiones
328 2225 387 2292 ejus
410 2223 548 2277 lucernam
572 2219 664 2275 olere:
692 2219 769 2285 Pol,”
788 2219 884 2289 inquit,
909 2225 925 2249 ‘⁴
939 2218 1007 2272 mul·
1043 2241 1156 2294 quarum
1171 2223 1260 2294 prima
1272 2230 1350 2276 extra
1363 2226 1526 2290 potestatem
1545 2218 1667 2288 ipsorum
1681 2226 1735 2282 est,
1749 2234 1838 2272 secun

215 2312 274 2358 tum
293 2304 405 2357 interest
420 2303 493 2355 inter
513 2318 553 2366 ea,
568 2318 629 2371 qum
649 2316 703 2371 ego
722 2316 753 2353 ac
770 2306 800 2353 tu
817 2298 852 2351 ad
868 2298 1007 2352 lucernam
1042 2304 1077 2357 da
1091 2311 1167 2357 extra
1180 2319 1246 2366 rem,
1255 2310 1286 2356 ut
1300 2301 1380 2355 tertia
1390 2299 1449 2353 sola
1458 2298 1567 2368 proprie
1581 2299 1611 2352 in
1620 2298 1838 2368 disquisitionem

215 2382 355 2436 facimus.”
397 2381 485 2442 Quare
499 2381 657 2450 neutiquam
671 2378 854 2441 metuendum,
869 2375 1005 2431 melitera
1043 2383 1136 2437 venire
1146 2382 1277 2436 rideatur.
1317 2379 1387 2441 Quia
1397 2387 1489 2434 umen
1500 2395 1556 2432 non
1567 2385 1623 2432 tam
1631 2376 1665 2431 de
1673 2394 1742 2432 vero
1752 2394 1837 2431 rerum

214 2462 357 2515 eliminent
364 2461 487 2530 negotia;
509 2460 574 2530 quin
586 2460 676 2528 potius
686 2458 827 2512 vindicant
838 2457 960 2510 animum
970 2456 1006 2509 ab
1042 2462 1169 2532 pondere,
1185 2460 1314 2533 quamde
1336 2458 1411 2528 vulgi
1427 2456 1617 2522 aesdmatione,
1631 2474 1725 2511 sermo
1738 2456 1839 2510 institua·

214 2541 270 2593 otio
283 2549 308 2593 et
317 2539 465 2609 voluptate,
475 2556 536 2610 qum
545 2538 614 2592 alias
624 2538 725 2592 sensim
737 2536 771 2590 ad
782 2537 919 2605 utriusque
929 2536 1006 2588 dam·
1043 2541 1128 2595 endus
1141 2549 1190 2605 est,
1204 2539 1277 2594 hand
1291 2539 1340 2593 aba
1353 2556 1383 2592 re
1399 2537 1490 2600 fuerit,
1505 2537 1589 2591 etiam
1602 2536 1636 2591 de
1659 2535 1759 2592 alteris
1780 2536 1839 2590 dua

215 2636 289 2682 num,
303 2626 332 2673 et
346 2620 524 2688 negotiorum,
539 2626 566 2671 et
579 2616 727 2680 literarum,
739 2615 892 2671 subintrare
907 2614 1006 2669 solent.
1043 2620 1094 2675 bus
1108 2637 1196 2690 pauca
1211 2619 1336 2690 quadam
1349 2618 1473 2672 innuere.

253 2699 336 2762 Dein,
351 2698 423 2769 q¹¹0d
442 2704 586 2768 Oggerunb
604 2696 698 2751 1111111
717 2693 1007 2764 1111111611118111
1083 2699 1254 2770 Quapropter
1274 2697 1414 2769 dignitatis
1427 2692 1638 2760 imminutiones,
1652 2702 1681 2749 et
1694 2695 1777 2765 quasi
1799 2694 1840 2747 de»

215 2784 296 2848 atque
318 2778 426 2847 imperii
446 2776 608 2840 convellere,
628 2775 765 2829 calumnia
783 2790 859 2828 mera
881 2783 929 2836 est,
953 2790 1003 2828 nec
1044 2777 1261 2845 honestamenta,
1276 2796 1336 2849 qum
1351 2775 1548 2830 aliteratorum
1567 2775 1676 2829 fonuna
1688 2773 1781 2830 literis
1793 2773 1840 2827 im-

214 2856 433 2927 probabiliterad
443 2856 640 2910 criminandum
650 2856 769 2909 inducta.
809 2854 884 2907 Nam
894 2852 941 2923 qui
954 2870 1004 2906 cae·
1043 2866 1184 2928 ponontur,
1196 2867 1337 2912 sumamus
1358 2862 1404 2910 aut
1417 2872 1434 2908 a
1448 2860 1608 2925 paupertate
1620 2863 1650 2908 et
1664 2850 1762 2924 inopia
1774 2854 1840 2923 ipso

215 2954 275 2991 11111
294 2937 475 2992 obedientium
487 2935 581 2990 f0rti¹1⁸
594 2934 714 3006 Obligare
729 2933 905 2997 10111111θῆ1,
921 2949 1004 3004 quam
1043 2956 1111 3002 rum,
1126 2939 1282 2993 autoritas
1301 2953 1401 3008 genere
1416 2934 1531 2989 obscuro
1544 2942 1572 2989 et
1584 2932 1736 2998 umbratili,
1751 2943 1796 2988 aut
1808 2932 1840 2986 ab

214 3017 333 3071 officium
343 3017 493 3079 ⁰⁰¹11⁸lttm3
514 3031 569 3069 1¹1¹ss
586 3032 669 3086 011111
685 3023 796 3078 werdt,
807 3030 909 3069 cacum
920 3028 1004 3067 1111111
1043 3019 1256 3088 occupationum,
1279 3017 1309 3072 in
1334 3016 1432 3088 quibus
1458 3022 1608 3078 versantur,
1631 3013 1761 3082 subjecto
1787 3029 1839 3068 uon

214 3097 322 3150 ductum
346 3097 446 3150 certius
469 3095 603 3160 incedere,
628 3111 709 3165 quam
733 3094 780 3164 qui
794 3093 855 3147 luce
878 3100 905 3146 et
918 3090 1004 3145 oculis
1044 3099 1185 3152 admodum
1199 3097 1295 3151 nobili.

213 3176 309 3230 utitur.
353 3176 440 3229 [mmo
465 3175 535 3227 citra
558 3190 667 3228 omnem
688 3172 907 3235 controversiam,
932 3180 1004 3225 artes
1083 3177 1217 3238 Quantum
1236 3176 1271 3229 ad
1289 3181 1476 3244 paupertatem
1498 3172 1623 3243 pertinet,
1637 3173 1769 3244 quodque
1789 3170 1839 3226 fre·

214 3255 355 3310 emolliunt
375 3269 472 3318 mores,
486 3261 595 3308 teneros
608 3252 732 3314 reddunt.
746 3267 889 3322 sequaces
901 3266 1004 3314 cereos,
1044 3265 1158 3326 quanter
1181 3256 1331 3319 usuveniat,
1345 3261 1377 3308 ut
1399 3252 1499 3307 licead
1519 3253 1614 3323 inopes
1637 3254 1703 3317 sint
1729 3250 1838 3306 eremi

215 3335 291 3388 etad
310 3334 438 3387 mandata
457 3333 567 3403 imperii
581 3331 712 3386 ductilesc
733 3330 892 3402 ignorantia
901 3337 1004 3393 contra,
1044 3335 1194 3406 plerunque
1209 3335 1325 3405 origine,
1339 3351 1429 3405 neque
1444 3340 1500 3386 tam
1514 3349 1629 3403 propere
1648 3333 1797 3397 ditescant,
1810 3345 1839 3381 ac

214 3422 398 3478 contumaces,
412 3413 591 3477 tesserarios,
606 3411 766 3465 seditiosos:
787 3409 859 3482 quod
872 3409 1006 3464 exhisto
1044 3414 1099 3478 alii,
1114 3416 1160 3485 qni
1184 3414 1298 3485 quastus
1321 3412 1410 3467 solum
1424 3412 1550 3466 inhiant:
1581 3411 1739 3465 consultum
1764 3409 1839 3471 toret,

214 3493 256 3546 ria
269 3492 416 3547 clarissime
431 3500 513 3562 patet,
523 3490 741 3562 quandoquidem
751 3498 873 3559 tempora
888 3488 1007 3542 maxime
1044 3493 1117 3548 hunc
1138 3495 1228 3548 locum
1249 3494 1283 3547 de
1296 3491 1376 3546 laude
1398 3491 1573 3562 paupertati.v
1585 3491 1718 3546 fau-ibn,
1740 3487 1839 3544 mendi.

213 3572 331 3637 indocta,
350 3572 461 3635 inculta,
483 3570 607 3635 barbara,
631 3569 799 3634 tumultibus,
818 3568 1004 3632 seditionibus,
1044 3574 1167 3628 cantibus
1180 3576 1259 3643 (pace
1273 3589 1367 3627 eorum
1378 3571 1507 3637 dixerim)
1518 3569 1708 3625 exornandum
1720 3569 1837 3627 tradem

214 3652 462 3722 mutationibusque
476 3649 597 3704 maxime
611 3650 729 3704 obnoxia
739 3648 846 3702 fuerint.
1046 3652 1143 3722 quibua
1158 3650 1358 3707 Mochiarellus
1376 3667 1431 3704 non
1445 3666 1542 3720 parom
1563 3649 1710 3714 tribuebat,
1725 3665 1788 3702 eum
1804 3646 1840 3699 di·

252 3732 295 3786 De
320 3733 433 3788 Catonis
459 3730 587 3785 Censoris
605 3731 717 3800 judicio,
741 3729 793 3784 hoc
813 3729 916 3784 dictum
939 3735 1006 3793 esto,
1045 3740 1133 3787 oeret:
1155 3732 1340 3800 “jamdudum
1351 3738 1441 3783 actum
1457 3746 1517 3783 esse
1528 3728 1839 3800 deregnosacerdotum,

213 3812 415 3865 merritissimas
429 3828 492 3865 eum
504 3810 683 3881 blasphemia
701 3811 731 3863 in
743 3808 837 3864 literas
858 3808 941 3863 luisse
953 3825 1008 3877 pm·
1045 3811 1097 3866 nisi
1106 3811 1256 3866 reverentia
1265 3827 1331 3881 erga
1340 3808 1437 3863 fratres
1447 3826 1479 3862 ac
1488 3807 1840 3878 monmhmepiscopomm

213 3906 272 3955 nas,
287 3907 348 3945 cum
370 3890 580 3961 septuagenario
599 3890 692 3959 major,
707 3890 785 3960 quasi
803 3903 1006 3959 repuerascens,
1045 3890 1140 3944 lurum
1164 3899 1192 3945 et
1213 3906 1354 3945 excessum
1377 3888 1620 3958 compensasset:”
1643 3887 1751 3957 pariter
1773 3885 1840 3939 dicat

214 3969 339 4023 Graecam
353 3969 477 4041 linguam
499 3969 673 4040 cupidissime
696 3969 854 4023 addisceret.
895 3967 940 4021 Ex
954 3983 1008 4036 quo
1046 3970 1115 4039 quis,
1139 3969 1296 4024 felicitatem
1323 3976 1351 4023 et
1375 3967 1606 4037 magnificentiam
1631 3967 1790 4037 principum
1815 3970 1841 4018 et

212 4048 306 4119 liquet,
316 4049 435 4118 priorem
449 4048 526 4103 illum
539 4065 684 4104 censorum
695 4049 797 4104 Graecm
810 4048 964 4109 literumae,
971 4063 1008 4101 ex
1046 4048 1185 4114 nobilium,
1197 4050 1256 4117 jam
1280 4047 1346 4102 olim
1364 4046 1485 4101 recidere
1505 4047 1625 4117 potuisse
1640 4047 1669 4100 iu
1688 4043 1840 4100 barbariem

213 4127 340 4182 affectata
351 4129 443 4198 potius
451 4129 592 4199 gravitate,
602 4144 683 4198 quam
692 4128 763 4198 quod
776 4128 817 4181 ita
827 4127 935 4197 penitus
948 4142 1007 4178 sen·
1046 4135 1074 4180 at
1097 4128 1198 4192 sordes,
1222 4127 1277 4182 nisi
1301 4127 1432 4181 deberent
1454 4125 1570 4180 literatis
1594 4125 1654 4179 istis
1678 4123 1839 4195 pauperibus

212 4208 411 4271 tiretduxisse.
437 4207 480 4261 Ad
487 4207 597 4278 Virgilii
609 4224 673 4261 vero
679 4207 800 4260 carmina
813 4205 886 4277 quod
901 4204 1007 4269 attinet,
1045 4206 1134 4261 civilis
1148 4209 1210 4262 vitae
1223 4206 1357 4262 culturam
1371 4214 1400 4259 et
1417 4206 1508 4259 decus.
1550 4204 1604 4259 Sed
1618 4204 1712 4259 missis
1725 4205 1771 4259 bis
1784 4202 1840 4256 lau·

212 4294 350 4357 utouoque
364 4286 406 4340 illi
416 4287 523 4341 libitum
533 4286 615 4342 fuerit
624 4287 749 4341 universo
759 4283 1007 4348 mundoinsultare,
1045 4286 1109 4341 dum
1124 4287 1256 4357 aucupiis,
1270 4293 1365 4340 notatu
1379 4286 1492 4355 dignum
1505 4292 1554 4348 est,
1569 4300 1652 4354 quam
1666 4300 1746 4338 sacra
1762 4291 1840 4353 atque

214 4366 498 4420 Romanisasserendo
506 4375 577 4421 artes
586 4365 867 4436 imperandicaateraa
877 4371 1008 4433 tanquam
1045 4367 1199 4421 veneranda
1219 4383 1271 4427 rea,
1291 4383 1341 4435 per
1362 4363 1467 4434 aliquot
1486 4363 1558 4432 apud
1580 4363 1722 4417 Romanos
1744 4361 1840 4421 secuta

212 4444 359 4516 populares
367 4443 431 4499 aliis
444 4445 637 4516 relinquend03
659 4446 688 4498 in
697 4444 750 4499 hoc
764 4452 855 4499 tamen
864 4442 1009 4497 manifesto
1046 4454 1192 4515 paupertas
1205 4445 1266 4515 ipsa
1279 4444 1374 4497 habita
1388 4443 1487 4508 fuerit,
1509 4460 1570 4512 quaa
1583 4449 1676 4496 tamen
1690 4440 1842 4511 respublica

213 4532 327 4589 tenetur,
342 4524 481 4579 Romanos
502 4542 640 4596 nunquam
662 4523 769 4594 imperii
784 4523 924 4593 fastigium
945 4538 1009 4575 con·
1046 4524 1116 4578 nihil
1130 4525 1255 4578 trahebat
1268 4541 1304 4577 ex
1317 4522 1472 4593 paradoxis.
1513 4522 1559 4576 Sic
1573 4521 1647 4576 enim
1667 4521 1797 4591 praefatur
1810 4518 1839 4573 t.

214 4603 363 4667 scendisse,
381 4604 466 4658 donec
480 4605 515 4658 ad
527 4605 624 4659 artium
644 4604 751 4658 culmen
769 4602 852 4656 simul
869 4600 1008 4672 pervenis·
1046 4602 1156 4658 Livius:
1178 4610 1194 4635 ⁴·
1209 4604 1264 4658 Aut
1285 4619 1329 4657 me
1350 4618 1426 4655 amor
1446 4601 1549 4673 negotii
1569 4601 1691 4672 suscepti
1706 4599 1784 4664 fallit,
1797 4606 1841 4652 aut

214 4689 281 4738 sent.
342 4684 470 4754 Namque
497 4683 601 4738 duobus
628 4683 724 4753 primis
751 4681 913 4744 Caemribus,
941 4679 1008 4733 viris
1046 4682 1122 4736 nulla
1144 4700 1262 4754 unquam
1280 4681 1432 4751 respublica
1454 4697 1506 4735 nec
1528 4680 1623 4748 major,
1645 4696 1697 4734 nec
1720 4679 1840 4739 sancum,

213 4763 366 4832 imperandi
379 4763 557 4831 peritissimis,
568 4763 788 4834 contemporanei
802 4769 879 4815 erant
890 4760 1008 4829 optimus
1047 4778 1096 4815 nee
1118 4763 1196 4816 bonis
1217 4760 1351 4831 exemplis
1373 4761 1455 4814 ditior
1478 4760 1538 4824 fuit,
1554 4775 1604 4812 nec
1627 4759 1657 4813 in
1681 4776 1765 4829 quam
1788 4766 1839 4810 tam

213 4841 296 4912 polita
317 4842 363 4896 ille
384 4842 443 4913 ipse
457 4843 589 4913 Virgilius
611 4843 697 4906 Maro,
722 4841 841 4911 optimus
862 4839 1009 4894 historicus
1047 4858 1114 4895 serae
1125 4841 1240 4896 ovantia
1252 4841 1412 4910 luxuriaque
1427 4839 1713 4910 immigraverint‚nec
1725 4838 1771 4892 ubi
1785 4846 1838 4890 tan·

214 4922 293 4977 Titus
316 4921 418 4986 Livius,
444 4923 563 4992 optimus
587 4922 756 4992 antiquarius
779 4920 894 4974 Marcus
911 4917 1008 4983 Varro,
1046 4928 1089 4974 tos
1099 4939 1131 4975 ac
1143 4921 1246 4975 tamdiu
1255 4919 1408 4991 paupertati
1419 4918 1630 4989 acparsimonioe
1641 4913 1838 4972 bonoadrenb”

214 5002 340 5071 optimus,
351 5008 400 5055 aut
410 5002 513 5071 optimo
523 5002 663 5071 proximus
674 5008 764 5053 orator
776 4999 887 5054 Marcus
897 4998 995 5052 Cicero
1000 5020 1008 5063 3
1047 5000 1118 5060 Quin
1133 5001 1223 5063 etiam,
1234 5007 1378 5070 postquam
1391 4999 1481 5052 Roma
1491 5000 1548 5067 jam
1562 4999 1767 5068 degenerasset,
1778 4994 1840 5064 legi·

214 5080 352 5151 principes
373 5088 453 5144 certe,
476 5096 513 5133 ex
535 5080 610 5133 omni
634 5079 772 5142 memoria,
786 5080 815 5132 in
838 5095 888 5132 sua
908 5077 1009 5148 quique
1047 5096 1116 5141 mua,
1130 5097 1193 5134 cum
1217 5082 1310 5134 Casan
1332 5079 1449 5133 dictator
1472 5076 1621 5147 collapsam
1647 5075 1839 5147 rempublicam

213 5160 352 5214 facultate.
402 5159 552 5221 Postremo,
567 5166 697 5229 quantum
716 5157 751 5211 ad
766 5157 885 5212 Socratis
901 5173 1010 5211 accusa·
1047 5159 1256 5213 instauraturum
1280 5176 1309 5213 se
1331 5158 1509 5228 profiteretur,
1534 5157 1672 5227 quendam
1695 5173 1731 5210 ex
1750 5152 1838 5209 amida

215 5238 327 5304 tionem,
355 5239 384 5292 id
410 5237 472 5291 dico
498 5244 617 5301 tantum,
653 5236 823 5291 recordemur
849 5245 1009 5306 temporum,
1047 5239 1106 5305 ejus
1121 5239 1265 5306 promsisse
1279 5237 1449 5299 sententiam,
1459 5235 1532 5290 nihil
1543 5245 1598 5289 tam
1610 5236 1768 5306 expeditum
1782 5248 1837 5286 esse

215 5318 312 5386 quibus
326 5318 457 5371 intentata
467 5324 526 5378 est3
548 5316 677 5371 nimirum
689 5316 740 5370 sub
755 5316 869 5385 triginta
879 5316 1009 5385 tyrannis,
1047 5317 1081 5371 ad
1095 5317 1131 5381 id,
1143 5317 1215 5387 quod
1225 5326 1327 5388 ageret,
1338 5315 1453 5387 quamsi
1466 5315 1624 5369 divitiarum
1637 5314 1725 5370 honos
1736 5327 1839 5385 quoquo

214 5395 369 5450 mortalium
400 5396 521 5449 omnium
551 5395 752 5459 crudelissimis,
783 5393 1009 5457 sceleratissimis,
1048 5397 1128 5449 modo
1142 5395 1290 5451 tolleretur.
1330 5396 1484 5458 “Verum'’
1501 5395 1596 5464 inquit,
1609 5394 1740 5459 ¹·haec,et
1753 5391 1838 5446 omnia

215 5475 383 5545 imperioque
402 5474 615 5545 indignissimis:
637 5476 692 5546 qui,
707 5491 798 5529 rerum
813 5482 839 5528 ct
858 5482 1010 5544 temporum
1048 5475 1121 5530 mala
1136 5477 1238 5546 liariter
1251 5494 1312 5531 cum
1325 5474 1429 5530 bonore
1443 5474 1565 5545 pecumoe
1576 5473 1708 5539 desinent,
1719 5474 1743 5527 si
1754 5484 1838 5540 neque
