3800 5875
686 319 826 375 NOVUM
847 319 1048 375 ORGANUM.
1627 318 1682 379 471

888 478 950 544 cuii,
975 479 1047 550 quod
1064 478 1169 548 indiget
1186 478 1329 540 cautiouec
1350 477 1404 532 hoo
1425 476 1560 540 videlicet,
1574 494 1609 533 ne
1631 478 1686 533 ior·

416 540 486 578 ¹¹¹¹·
888 575 962 614 mam
975 560 1057 614 nimis
1071 557 1212 613 retrahant
1234 558 1268 610 ad
1290 558 1460 620 efficientem,
1475 566 1503 610 et
1518 556 1686 612 intellectum

89 635 163 689 Inter
171 637 377 707 prerogativae
396 637 599 700 instantiarum,
614 635 704 706 primo
718 650 850 705 propone·
889 639 1060 708 perfundant,
1082 637 1127 692 rel
1148 636 1244 691 saltem
1264 638 1447 708 perstringant
1470 636 1540 691 laiss
1558 639 1686 706 opinione

55 733 113 769 mus
127 716 434 771 iaetantiossoliturius.
475 715 524 770 Ere
538 714 849 778 sutemsuntsolitariar,
888 717 922 772 de
937 719 1080 783 formaex
1094 717 1355 772 intuitaefficientis.
1398 716 1526 771 Efficiens
1540 732 1605 771 vero
1618 733 1686 771 seur·

51 813 111 865 quae
124 795 258 850 exhibent
270 806 404 859 naturum,
419 795 453 849 de
467 811 523 865 qua
539 795 571 849 fit
583 794 733 865 inquisitio,
746 794 776 847 iu
790 792 850 847 tali-
889 815 938 868 ρει·
960 798 1069 868 ponitur
1087 798 1127 851 nil
1149 796 1311 861 aliudesse,
1336 814 1418 867 quam
1442 795 1606 859 vehiculum,
1628 797 1685 851 sive

52 875 100 927 bus
113 875 255 943 subjectis,
270 893 331 946 quae
350 875 390 929 nil
413 874 517 928 habent
539 890 766 928 commonacum
787 872 849 927 aliis
889 876 1014 931 deferens
1031 877 1134 931 lormae.
1176 876 1278 929 Verum
1300 875 1365 929 huic
1384 877 1432 941 rei,
1455 894 1504 945 per
1522 877 1685 931 seclusioam

51 954 184 1021 subjectis,
201 963 301 1024 praeter
323 953 398 1008 illam
420 954 509 1023 ipsam
531 961 673 1017 naturam
695 961 741 1006 aut
755 969 849 1007 rursus
888 956 1012 1027 legitime
1027 958 1134 1020 iactam,
1150 956 1230 1009 facile
1244 956 1390 1011 adhibetur
1403 957 1561 1010 remedium.

51 1051 109 1103 qum
121 1051 177 1087 non
191 1035 327 1089 exhibent
340 1042 474 1098 naturam,
489 1033 522 1087 de
537 1048 592 1103 qua
607 1032 639 1085 lit
658 1032 806 1102 inquisitio,
820 1032 849 1084 iu
929 1036 1138 1106 Proponendum
1149 1036 1241 1106 itaque
1253 1035 1364 1102 estjam
1375 1035 1531 1105 exemplum
1543 1037 1686 1092 instantias

51 1113 149 1166 talibus
164 1113 305 1180 subjectis,
320 1132 382 1185 quas
401 1121 464 1169 sunt
487 1111 591 1167 similia
610 1129 660 1182 per
681 1111 773 1165 omnia
786 1128 849 1165 curn
889 1116 1043 1187 migrantis.
1073 1115 1116 1169 Sit
1127 1123 1226 1169 natura
1239 1114 1380 1185 inquisita,
1391 1116 1491 1169 candor
1501 1116 1558 1168 sive
1572 1113 1684 1171 albedo:

50 1191 109 1245 aliis
122 1194 268 1261 subjectis,
279 1202 461 1263 preterquam
471 1192 501 1246 in
515 1190 562 1245 illa
573 1192 633 1261 ipsa
643 1200 748 1245 natura.
789 1190 849 1244 Ma·
890 1196 1024 1250 instantia
1037 1197 1160 1266 migrans
1174 1195 1209 1248 ad
1223 1195 1427 1264 generationem
1447 1202 1489 1249 est
1501 1195 1602 1248 vitrum
1616 1195 1685 1249 inte·

49 1272 176 1327 uiiestum
190 1274 266 1328 euim
279 1282 330 1336 est,
344 1273 416 1344 quod
429 1270 586 1340 huiusmodi
602 1271 741 1325 instantiae
754 1269 850 1324 tollant
889 1291 976 1344 gruna
987 1283 1015 1328 et
1027 1275 1128 1329 ritrum
1142 1272 1346 1345 pulveriaatum.
1387 1275 1526 1337 Similiter,
1537 1291 1608 1344 aqua
1622 1276 1686 1328 sim·

49 1352 187 1420 ambages,
208 1360 292 1423 atque
310 1352 462 1407 accelerent
476 1359 503 1405 et
516 1350 643 1405 roborent
661 1351 846 1415 exclusivum
888 1352 962 1423 plex,
977 1362 1004 1408 et
1017 1371 1089 1424 aqua
1103 1355 1206 1424 agitata
1216 1354 1245 1407 in
1259 1370 1391 1422 spumam
1433 1355 1539 1407 Vitrum
1554 1354 1626 1406 enim
1642 1354 1684 1406 in·

49 1432 157 1485 adeout
171 1449 270 1502 paucae
282 1450 318 1487 ex
331 1432 388 1486 illis
399 1433 452 1485 sint
465 1432 552 1485 instar
564 1430 719 1484 multarum.
889 1442 1005 1503 tegrum,
1019 1442 1047 1488 ct
1060 1451 1132 1504 aqua
1152 1433 1278 1502 simplex,
1299 1433 1438 1502 diaphana
1451 1441 1522 1496 sunt,
1537 1450 1590 1487 non
1606 1432 1683 1487 alba:

88 1511 219 1582 Exempli
233 1512 337 1582 gratis:
359 1512 382 1566 si
397 1511 444 1565 list
457 1510 599 1581 inquisitio
614 1509 647 1563 de
661 1518 758 1563 natura
777 1511 849 1563 colo
889 1520 918 1566 at
931 1515 1031 1568 ritmm
1045 1513 1245 1584 pulverisatum,
1260 1521 1288 1567 et
1301 1529 1373 1584 aqua
1382 1515 1410 1566 in
1425 1530 1529 1582 spuma,
1544 1512 1614 1578 alba,
1629 1529 1684 1566 nou

48 1591 405 1654 demandaveramus
418 1599 480 1645 aaut
492 1590 632 1662 prismata,
644 1605 761 1660 gemmae
774 1607 849 1659 crys-
889 1592 1037 1663 diaphsua
1089 1594 1184 1664 ltaque
1206 1594 1388 1663 quaerendum,
1407 1593 1472 1663 quid
1493 1591 1627 1646 accideret
1648 1610 1684 1646 ex

48 1670 158 1735 ulline,
172 1688 236 1742 quat
255 1671 371 1726 reddunt
389 1670 500 1735 colores,
515 1686 570 1724 non
587 1669 677 1724 solum
697 1669 727 1722 in
748 1685 786 1732 se,
801 1670 850 1724 sed
888 1673 942 1727 iata
955 1674 1117 1744 migratione
1130 1674 1201 1726 vitro
1221 1681 1268 1726 aut
1287 1689 1374 1743 aqua.
1416 1672 1596 1726 Manifestum
1610 1673 1684 1726 enim

49 1750 171 1805 exterius
192 1767 279 1820 supra
300 1750 450 1820 parietem
484 1749 549 1804 item
573 1765 656 1813 rores,
678 1757 730 1803 etc.
785 1750 849 1805 lstoe
889 1760 936 1816 est,
961 1753 1076 1807 formam
1093 1751 1227 1806 albedinis
1249 1751 1348 1806 deferri
1373 1758 1402 1805 et
1420 1751 1514 1805 invehi
1533 1767 1582 1822 per
1602 1752 1684 1805 istam

50 1830 123 1883 enim
142 1829 184 1884 nil
208 1830 313 1885 habeut
335 1845 558 1885 commonacum
579 1827 715 1883 coloribus
736 1827 798 1882 lixis
819 1829 849 1883 in
888 1833 1074 1886 contusionem
1092 1832 1163 1895 vitri,
1178 1838 1205 1885 et
1217 1831 1394 1904 agitationem
1411 1848 1498 1903 aqure.
1538 1831 1619 1885 Nihil
1636 1847 1684 1885 au-

48 1909 170 1974 floribus,
179 1911 299 1980 gemmis
308 1909 443 1973 coloratis,
453 1907 579 1972 metallis,
589 1908 681 1979 lignis,
689 1916 739 1961 etc.
750 1916 849 1977 prater
889 1919 943 1964 tem
971 1912 1105 1981 reperitur
1130 1911 1284 1974 accessisse,
1317 1918 1417 1980 practer
1447 1910 1683 1965 comminutionem

49 1989 138 2059 ipsum
152 1988 283 2044 colorem.
325 1989 404 2044 Unde
423 1987 502 2042 facile
523 1987 667 2058 colligitur,
683 1987 753 2057 quod
774 1988 849 2042 color
889 1990 1006 2060 partium
1018 1991 1080 2045 vitri
1094 1998 1122 2043 et
1135 2007 1221 2060 aquae,
1236 1998 1262 2044 et
1277 1989 1349 2045 adria
1359 1990 1543 2044 insertionem.
1584 1990 1684 2062 Neque

49 2067 89 2122 nil
105 2068 181 2123 aliud
201 2070 245 2133 sit,
270 2086 352 2139 quam
374 2068 540 2123 modificatio
560 2066 691 2138 imaginis
712 2065 782 2121 lucis
800 2068 850 2122 im·
889 2087 953 2125 vero
971 2087 1065 2139 parum
1084 2071 1237 2140 proiectum
1257 2079 1299 2123 est
1313 2070 1550 2123 adinveniendum
1569 2070 1684 2124 formam

49 2149 139 2203 missas
156 2158 185 2203 at
199 2159 335 2219 receptas:
356 2149 386 2202 iu
401 2149 491 2218 priore
513 2164 621 2218 genere,
636 2163 685 2215 per
698 2146 798 2217 gradus
811 2148 849 2202 di·
889 2150 1031 2214 albedinis,
1043 2149 1115 2222 quod
1129 2167 1244 2220 corpora
1255 2150 1309 2204 duo
1322 2167 1372 2220 per
1385 2166 1414 2202 se
1425 2150 1571 2220 diaphana,
1582 2149 1630 2203 sed
1644 2165 1685 2202 se·

50 2244 141 2283 reraoa
151 2229 325 2292 incidentirm
339 2228 370 2282 iu
380 2228 537 2299 posteriore,
547 2244 596 2297 per
606 2233 726 2281 texturas
734 2234 762 2280 et
773 2227 849 2282 sche-
889 2230 1006 2285 cundum
1027 2231 1114 2301 magis
1136 2239 1165 2284 et
1185 2231 1275 2284 minus
1298 2229 1359 2296 (air
1372 2228 1476 2283 scilicet
1497 2238 1525 2283 et
1544 2245 1624 2300 aqua,
1638 2238 1686 2282 aut

50 2309 188 2363 mannos
213 2309 304 2363 rarius
327 2308 458 2379 corporis.
508 2307 572 2361 Istae
595 2315 684 2360 autern
707 2307 850 2363 iactantiae
889 2313 937 2363 air
951 2320 979 2363 et
993 2312 1104 2375 viuum)
1119 2310 1200 2364 simul
1223 2310 1314 2379 posita
1332 2326 1381 2379 per
1400 2310 1520 2364 minutas
1539 2309 1683 2378 portiones,

49 2398 111 2441 tuat
124 2390 265 2444 solitarias
278 2395 412 2459 quatenus
426 2388 461 2441 ad
475 2385 690 2441 similitudinem.
889 2389 1039 2444 exhibeant
1059 2389 1220 2454 albedinem,
1242 2406 1291 2459 per
1314 2390 1503 2443 retractionem
1521 2387 1684 2459 inaequalem

89 2467 196 2524 Rursus
209 2468 239 2522 ln
254 2468 351 2523 eadem
364 2467 548 2538 inquisitione,
560 2482 637 2520 seura
650 2466 784 2521 disuuctae
794 2465 849 2520 albi
889 2469 1028 2524 radiorum
1040 2469 1118 2523 lucis.

50 2554 75 2601 et
88 2548 160 2618 nigri
177 2548 208 2601 in
222 2547 412 2610 marmoribus,
426 2556 454 2602 et
467 2545 665 2616 vanegationes
683 2546 804 2600 colorum
822 2548 850 2600 in
930 2549 1031 2604 Verum
1051 2549 1103 2601 hac
1122 2548 1150 2602 in
1172 2564 1201 2601 re
1215 2547 1420 2617 proponendum
1440 2553 1481 2601 est
1496 2547 1578 2600 etiam
1593 2563 1686 2601 exem·

50 2628 159 2682 floribus
179 2628 306 2695 ejusdem
325 2628 436 2698 speciei,
458 2634 520 2681 suut
541 2627 686 2681 instantiae
706 2627 850 2682 solitarius.
890 2628 966 2698 plum
975 2628 1086 2698 periculi
1097 2627 1274 2690 etcautionis,
1283 2626 1316 2680 de
1327 2627 1425 2696 quibus
1434 2626 1562 2681 diximus,
1593 2627 1685 2680 Nimi.

50 2705 149 2761 Albnm
172 2708 249 2763 enim
267 2716 296 2761 et
313 2708 422 2778 nigrum
442 2706 593 2769 marmoris,
612 2713 640 2759 et
661 2705 774 2760 maculae
794 2705 850 2758 albi
890 2726 949 2763 rum
963 2708 1044 2762 lacile
1058 2708 1104 2761 hic
1124 2714 1245 2761 occurret
1262 2705 1412 2759 intellectui
1426 2707 1461 2758 ab
1475 2705 1630 2773 hujusmodi
1645 2706 1685 2759 ef-

53 2798 80 2839 et
92 2788 222 2858 purpurei
237 2789 267 2841 in
281 2786 393 2841 floribus
413 2784 593 2855 caryophylii,
608 2785 774 2840 conveniunt
793 2786 850 2840 fere
890 2787 1042 2842 beientibus
1055 2787 1209 2857 depravato,
1225 2786 1297 2857 quod
1312 2785 1346 2838 ad
1359 2786 1473 2839 formam
1492 2784 1624 2838 albedinis
1638 2784 1687 2839 ae'r

50 2864 218 2921 inomnibus
231 2875 332 2938 praeter
344 2866 434 2937 ipsum
448 2865 576 2920 colorem.
609 2864 688 2919 Unde
702 2864 782 2919 facile
797 2865 851 2919 col·
890 2884 999 2938 semper
1012 2867 1182 2938 requiratur:
1203 2874 1252 2919 aut
1265 2864 1338 2937 quod
1359 2865 1458 2919 albedo
1471 2874 1615 2934 generatur
1629 2874 1686 2918 tan·

50 2943 142 3016 ligitur
154 2946 278 3002 colorem
295 2964 350 3001 non
368 2946 484 3001 multum
501 2947 541 2999 rei
554 2945 657 3000 habere
671 2962 733 3000 cum
747 2946 851 3000 naturis
890 2956 947 3002 tum
962 2965 1011 3017 per
1025 2964 1137 3016 corpora
1152 2946 1305 3015 diophane,
1327 2962 1389 3012 quia
1402 2945 1513 2999 omnino
1532 2945 1600 2998 falsa
1614 2954 1685 3008 sunt,

50 3025 165 3102 alicujus
179 3027 304 3098 corporis
321 3025 484 3091 intrinsecis,
499 3025 547 3079 sed
565 3032 671 3079 tantum
689 3025 772 3080 situm
789 3043 849 3080 ease
890 3036 917 3081 et
930 3044 980 3098 per
993 3027 1092 3083 multas
1105 3025 1278 3080 exclusiones
1286 3025 1418 3078 convicta.
1460 3024 1530 3085 Quin
1541 3026 1631 3094 potius
1640 3040 1686 3093 ap·

51 3106 79 3157 in
101 3107 225 3176 positura
248 3107 368 3177 partium
387 3105 513 3160 crassiori
534 3111 562 3158 et
583 3104 662 3174 qussi
681 3104 849 3160 mechanica.
889 3108 998 3177 parebit
1013 3107 1109 3174 (misso
1129 3109 1193 3160 aire
1211 3115 1239 3159 et
1259 3105 1428 3173 hujusmodi)
1442 3120 1556 3173 corpora
1575 3104 1689 3156 omnino

52 3183 113 3239 lan
133 3193 230 3241 autern
251 3187 394 3241 instantia
416 3192 479 3240 suut
498 3185 642 3248 solitaria,
665 3193 798 3254 quatenus
816 3186 851 3239 ad
890 3186 1007 3258 aqualia
1021 3185 1182 3256 (secuudum
1200 3184 1339 3255 portiones
1359 3186 1476 3254 opticus)
1490 3184 1554 3237 dare
1575 3183 1687 3252 diapha-

52 3262 271 3336 discrepantiam.
313 3265 467 3335 Utrumque
483 3272 574 3318 autem
593 3280 688 3334 genus,
703 3266 850 3320 instantias
890 3283 972 3329 nume
1001 3282 1114 3335 corpora
1133 3282 1198 3319 vero
1219 3264 1373 3335 inaequalia,
1394 3281 1444 3334 per
1468 3271 1601 3317 texturam
1625 3263 1688 3316 sim-

52 3345 189 3399 solitarius
199 3345 343 3416 appellare
353 3344 559 3411 consuevimus,
574 3352 620 3399 aut
627 3346 750 3418 serious,
761 3362 851 3415 sump-
890 3345 999 3415 plicam,
1019 3346 1084 3400 dara
1105 3344 1209 3408 album
1238 3361 1352 3414 corpora
1373 3342 1520 3414 inaequalia
1540 3342 1687 3397 secuudum

52 3424 225 3480 torocabulo
238 3426 275 3480 ab
288 3425 461 3481 astronomis.
890 3434 1025 3480 texturam
1058 3424 1244 3495 compositam,
1269 3423 1317 3477 sed
1345 3423 1504 3484 ordinatam,
1533 3422 1598 3475 dare
1626 3422 1688 3476 reli-

891 3523 958 3575 quos
972 3504 1084 3568 colores,
1093 3512 1191 3574 praeter
1204 3505 1326 3573 nigrum3
1341 3519 1456 3571 corpora
1465 3519 1530 3555 vero
1539 3501 1688 3572 inaequalia

891 3602 940 3655 per
954 3594 1091 3638 texturam
1111 3585 1296 3653 compositam,
1311 3583 1359 3637 sed
1380 3583 1490 3636 omniuo
1507 3582 1687 3635 inordinatam

89 3657 167 3712 10100
175 3657 372 3729 001010801ὴῦ
382 3658 582 3721 1001Βῦ00100,
592 3673 724 3727 ponemus
734 3657 852 3711 00011000
890 3675 919 3718 et
931 3665 1080 3729 confusam,
1095 3664 1159 3717 dare
1174 3663 1293 3733 nigrum.
1335 3662 1430 3731 ltaque
1444 3662 1477 3715 de
1490 3663 1623 3714 instantia
1638 3662 1687 3712 mi-

52 3735 109 3791 loeo
123 3739 275 3792 t'mloott'ot
288 3739 445 3809 migrantes·
487 3736 852 3805 Ε111111111.111(11110111110·
888 3754 989 3815 granta
1010 3744 1045 3797 ad
1059 3744 1263 3812 generationem
1278 3743 1306 3795 in
1320 3750 1418 3795 natura
1439 3741 1570 3811 inquisita
1583 3740 1687 3793 albedi-

53 3827 110 3870 tura
131 3818 266 3888 inquisita
290 3821 390 3887 migrat
407 3817 442 3870 ad
461 3817 675 3887 generationem.
694 3833 758 3870 011111
775 3816 852 3886 prius
891 3825 940 3888 nis,
951 3825 1106 3894 popositum
1117 3823 1227 3890 estjam
1239 3823 1404 3890 exemplam.
1442 3819 1582 3873 Iactantia
1596 3827 1688 3874 autern

53 3910 103 3950 ¹1⁰⁰
117 3899 267 3959 0111101011
292 3906 339 3951 aut
352 3905 447 3951 00110111
467 3897 567 3967 migrat
589 3896 624 3949 td
644 3894 851 3964 corruptionem,
890 3905 1013 3974 migrans
1027 3903 1061 3955 ad
1075 3902 1272 3971 corruptionem
1287 3902 1317 3954 in
1331 3901 1427 3954 eadem
1439 3909 1535 3953 natura
1546 3898 1687 3961 albedinis,

54 3991 110 4030 0001
123 3977 200 4047 print
213 3977 353 4031 effloret·
395 3975 851 4048 Ῑ1001101001100000011οῒ00000,
892 3991 933 4037 est
946 3998 1044 4052 spuma
1065 3980 1205 4044 dissoluta,
1220 3991 1267 4034 aut
1286 3980 1336 4034 uix
1354 3979 1501 4034 dissoluta:
1522 3979 1599 4032 exuit
1613 3979 1688 4033 euim

54 4055 189 4111 1011111018
202 4054 616 4126 10100100011111110130111111011
638 4055 682 4109 10]
696 4055 852 4124 0011110001
891 4062 1052 4123 albedinem,
1067 4069 1095 4114 et
1113 4060 1200 4113 induit
1217 4060 1385 4130 diaphanum
1401 4075 1481 4130 aqua,
1495 4065 1639 4128 postquam
1658 4059 1690 4112 fit

56 4134 180 4189 iuuantis
190 4135 221 4190 ia
232 4143 318 4200 motu,
326 4136 382 4190 sive
393 4137 515 4199 transitu,
525 4134 655 4204 producta
665 4134 700 4188 sd
710 4134 851 4204 periodum
892 4141 1024 4211 integrale
1038 4141 1097 4192 sine
1111 4139 1183 4193 aere,

56 4214 202 4270 adversam.
243 4216 281 4269 At
295 4214 453 4290 hujusmodi
472 4213 609 4268 instantio
629 4212 853 4268 110111011111100-
931 4221 1031 4290 Neque
1045 4236 1110 4273 vero
1122 4217 1191 4272 illud
1204 4216 1352 4271 ullomodo
1365 4216 1625 4287 pretermittendum
1640 4224 1689 4280 est,

57 4293 172 4349 telooot
184 4302 213 4350 et
233 4295 362 4350 roborant
379 4295 551 4357 maurisca,
570 4293 618 4348 sed
636 4295 718 4347 etiam
736 4293 853 4362 compel-
892 4301 965 4371 quod
978 4301 1029 4355 sub
1043 4301 1184 4353 amiantus
1198 4297 1379 4368 migrantibus
1396 4294 1588 4365 comprehendi
1610 4297 1689 4350 debe·

55 4371 112 4427 lant
124 4374 320 4445 affirmativum,
334 4376 391 4431 sive
411 4375 526 4429 formam
538 4374 628 4444 ipsam
648 4374 678 4426 in
697 4381 851 4443 angustum.
892 4388 1009 4434 autnon
1029 4386 1131 4432 tantum
1146 4377 1202 4431 illae
1217 4394 1278 4447 quas
1298 4376 1416 4445 migrant
1430 4375 1464 4429 ad
1485 4377 1690 4446 generationem

55 4453 174 4510 Nooeose
194 4462 238 4508 est
255 4456 329 4510 enim
350 4463 382 4510 ot
400 4454 488 4510 formo
505 4453 545 4508 rei
565 4453 602 4508 sit
616 4452 766 4524 quippiam,
780 4453 852 4523 quod
892 4469 920 4514 et
942 4459 1141 4530 privationem,
1171 4455 1218 4510 sed
1243 4456 1325 4509 etiam
1349 4454 1405 4509 itlae
1430 4473 1490 4525 que
1512 4457 1631 4527 mugram
1655 4456 1690 4509 aa

55 4548 102 4600 per
113 4533 270 4602 hujusmodi
283 4536 469 4606 larg-rotimum
482 4533 604 4597 indutam
625 4541 671 4586 aut
690 4541 785 4586 contra
803 4549 853 4602 per
891 4540 1099 4607 majorationem
1120 4544 1149 4591 et
1177 4534 1404 4599 minorationem,
1438 4552 1501 4589 cnm
1524 4535 1581 4589 illae
1606 4537 1689 4590 etiam

56 4611 208 4680 bajuarnodi
222 4615 412 4684 migrationem
424 4614 535 4669 tollatur
553 4620 581 4667 et
600 4613 762 4667 destruatur·
803 4612 852 4665 At·
890 4619 1002 4673 tendant
1015 4618 1050 4671 ad
1063 4616 1254 4671 inveniendam
1264 4615 1386 4678 formam,
1398 4623 1427 4668 ut
1441 4631 1491 4684 per
1504 4614 1690 4669 definitionem

56 4709 107 4760 que
130 4693 197 4747 licet
220 4696 309 4749 omnis
333 4693 454 4749 exclusio
476 4699 636 4763 promoveat
657 4691 851 4761 uffinaotioum,
891 4699 985 4753 formoe
1000 4698 1125 4768 superius
1147 4696 1253 4759 factam,
1275 4705 1303 4748 et
1316 4695 1435 4748 tabulam
1454 4695 1592 4764 paduam
1606 4695 1690 4747 mani.

57 4773 211 4827 11111111οω
224 4776 314 4844 magis
326 4774 427 4828 directe
437 4775 468 4827 fit
477 4773 506 4826 in
521 4772 642 4840 subjecto
651 4772 755 4837 00110111,
770 4788 852 4841 quom
891 4780 962 4832 festo
976 4778 1070 4849 liquet.
1113 4776 1209 4846 ltaque
1224 4774 1509 4846 papyruaqnoesicca
1522 4792 1586 4829 cum
1600 4775 1690 4837 luerit,

55 4850 216 4908 iflffittflifl·
249 4854 349 4908 Forma
363 4863 453 4908 11111001
468 4855 511 4924 (¹¹t
524 4869 561 4906 0¹
574 4850 780 4921 ⁰⁰1¹¹ib11⁸rqllffl
793 4850 851 4904 dic·
891 4859 955 4913 alba
978 4868 1036 4921 est;
1066 4863 1095 4910 at
1117 4855 1269 4909 madefacta
1287 4854 1414 4923 (excluso
1437 4853 1509 4917 a'ere,
1534 4863 1562 4907 et
1580 4862 1690 4922 recepta

56 4938 85 4982 ¹⁸
103 4931 332 4996 0110001011ίῦ1ῑο
350 4931 449 5003 1101100)
464 4931 581 5002 01000111
600 4948 630 4985 10
652 4930 682 4984 ἰ11
701 4946 764 4993 11110,
778 4929 852 4984 1111010
890 4937 976 5010 aqua)
985 4939 1075 4991 minus
1088 4934 1152 4988 alba
1162 4942 1210 4998 est,
1223 4943 1250 4987 et
1257 4936 1347 5005 magis
1360 4935 1448 5004 vergit
1460 4933 1494 4986 ad
1505 4933 1689 5001 diaphanum5

56 5009 91 5062 aa
104 5013 206 5066 maia:
227 5029 282 5083 qoo
295 5021 387 5066 sutem
400 5010 551 5081 simplicior
573 5010 656 5065 tuerit
668 5011 804 5081 migratio,
818 5026 852 5063 eo
890 5018 1009 5073 similem
1022 5016 1249 5071 hebetationem
1264 5032 1327 5068 cum
1341 5013 1479 5068 instantiis
1492 5011 1662 5081 supradictis.

57 5091 142 5160 tnagis
165 5090 292 5145 habenda
310 5099 353 5145 est
373 5091 504 5144 instantia
526 5090 555 5143 in
577 5090 673 5161 pretio.
715 5090 852 5144 Praeterea

57 5169 195 5225 iactatae
218 5171 366 5242 nigrarum
393 5170 487 5241 magni
508 5176 571 5223 sunt
594 5187 660 5224 usus
683 5169 719 5222 ad
745 5176 851 5237 partem

57 5251 238 5316 operativum
252 5250 318 5321 quis
330 5267 393 5305 cum
407 5255 559 5320 proponant
568 5249 684 5303 formam
698 5247 851 5318 copulatam
932 5246 1008 5299 Inter
1017 5244 1211 5315 prerogativae
1225 5243 1423 5304 instantiarum,
1434 5239 1516 5292 tertio
1529 5238 1591 5292 loco
1604 5256 1689 5309 pone·

57 5343 117 5382 tum
141 5330 278 5384 efficiente
305 5338 352 5385 aut
377 5331 510 5400 primate,
538 5328 681 5399 perspicue
708 5328 853 5397 designant
891 5343 951 5380 mus
962 5325 1109 5379 instantius
1120 5325 1276 5387 ostensivus,
1287 5321 1429 5391 dequibus
1443 5320 1471 5371 in
1482 5319 1690 5372 vindemiatione

57 5409 151 5475 praxis
165 5410 195 5463 iu
210 5408 361 5482 aliquibus,
383 5410 456 5464 uude
468 5407 558 5463 facilis
572 5409 655 5462 etiam
669 5414 711 5461 est
724 5407 852 5461 uanaitus
887 5406 980 5478 prima
1002 5405 1034 5457 ds
1053 5404 1143 5456 calido
1164 5403 1329 5457 mentionem
1354 5400 1483 5460 fecimus;
1514 5414 1582 5467 quas
1606 5400 1690 5452 etiarn

58 5487 92 5540 td
112 5490 243 5559 proxima.
285 5489 385 5546 Subest
405 5496 498 5544 tamen
517 5488 546 5541 ia
563 5486 620 5543 illia
641 5486 769 5542 nonnihil
781 5486 852 5557 peri·
892 5485 1085 5541 elucescentios
1106 5483 1163 5537 sire
1184 5482 1331 5537 instantias
1353 5479 1481 5532 litterator
1503 5486 1532 5533 et
1545 5479 1691 5551 predum-

408 3565 515 3631 xxm:

1245 5150 1334 5191 XXIV.
