3800 5875
220 293 277 348 354
743 292 794 348 DE
815 290 1040 347 AUGMENTIS
1062 290 1336 347 scientiaeaut.
1739 284 1803 340 Lis.
1818 286 1852 338 V.

220 459 312 506 autem
325 458 353 506 et
366 450 415 506 aar
427 450 485 522 igni
501 451 611 504 omnino
624 451 735 505 inimica
748 452 818 516 sint;
833 451 858 504 is
872 467 938 505 sane
952 467 1020 505 nan·
1054 449 1144 514 malis,
1158 458 1241 504 noctu
1260 449 1392 503 cernant?
1434 446 1510 501 Adeo
1529 454 1558 500 ut
1571 445 1624 515 ipsi
1645 443 1706 499 aiiri
1728 444 1854 515 (quando

221 549 304 601 quarn
316 547 365 601 per
384 531 498 585 obscura
515 530 604 585 noctis
624 530 653 584 in
672 546 744 602 aqua
762 532 843 595 salsa,
857 537 1019 599 tempestate
1054 530 1123 584 risio
1136 530 1239 600 absque
1252 528 1312 582 luce
1327 544 1382 582 non
1393 521 1574 599 transigatur)
1584 541 1698 578 necesse
1709 533 1754 577 est
1762 523 1854 577 inesse

221 610 317 674 calida,
331 609 490 681 remigarite
511 627 574 663 cum
587 609 707 680 guttulas
727 626 806 680 aquas
827 626 863 663 ex
882 626 1019 664 remorum
1053 607 1142 663 lucem
1155 608 1276 679 aliquam
1289 608 1409 661 nativam
1424 613 1451 660 ct
1464 605 1619 676 gentumm,
1634 602 1763 674 quamvis
1776 610 1856 658 tenu·

221 690 397 744 concussione
417 688 591 743 subsilientes
612 688 712 743 micare
731 699 760 743 et
776 688 913 743 lucescere
926 688 1018 742 ridere
1054 704 1097 742 em
1111 688 1254 742 admodum
1269 697 1297 742 et
1310 687 1453 750 infirmam,
1468 701 1529 756 quae
1543 692 1634 738 tamen
1644 683 1680 736 sit
1691 681 1777 736 radiis
1793 681 1856 735 risi·

220 769 361 839 potuisset.
402 768 479 830 Quod
492 767 575 822 etiam
592 766 623 820 fit
642 768 671 821 in
691 784 788 838 spuma
808 769 892 822 maris
912 768 1019 822 fervea-
1054 768 1097 821 vis
1117 767 1273 836 hujusmodi
1294 765 1453 820 animalium
1474 763 1686 835 proportionata,
1707 763 1801 831 iisque
1823 762 1856 815 ad

221 848 297 911 tiore,
308 864 390 917 quam
400 846 557 918 pulmonem
568 850 817 902 marinumvocant
858 846 930 908 Quid
943 848 1019 901 deni·
1052 845 1198 901 videndum
1213 847 1338 900 sufficiat.
1380 845 1482 899 Verum
1496 843 1609 912 hujusce
1624 841 1690 895 mali
1705 839 1755 915 (ut
1767 840 1855 910 pluri·

222 943 275 997 que
289 926 392 980 hahent
404 942 545 980 commune
566 943 628 980 cum
645 926 756 980 flamma
776 934 804 981 et
823 927 916 997 ignitis
930 926 1019 980 cicen·
1052 921 1174 998 morum)
1188 935 1330 989 causaest,
1345 923 1562 996 quodhomines,
1577 939 1613 976 ex
1631 921 1773 975 instantiis
1792 937 1855 989 par·

221 1005 292 1060 dulas
313 1014 340 1060 et
361 1005 482 1069 luciolar
512 1012 541 1058 et
560 1021 654 1059 musca
677 1005 778 1070 ludica,
800 1023 860 1077 qum
881 1022 1018 1059 cameram
1053 1005 1218 1068 titularibus,
1233 1004 1333 1059 formas
1345 1011 1502 1058 naturarum
1516 1017 1675 1056 communes
1694 1017 1751 1053 non
1769 999 1854 1054 elicu-

221 1091 307 1140 rotam
326 1084 459 1148 illustrat;
480 1090 507 1138 et
527 1083 599 1138 oculi
619 1085 787 1155 quomndam
807 1084 966 1139 animalium
989 1085 1018 1138 in
1053 1093 1147 1146 erunte
1175 1085 1204 1138 id
1224 1084 1295 1155 quod
1314 1100 1365 1137 noa
1385 1092 1514 1152 tauquam
1536 1081 1690 1148 subjeetum
1710 1081 1854 1150 proprium

220 1164 354 1229 tenebris3
375 1172 403 1217 et
424 1162 585 1217 saccharum
607 1163 677 1218 inter
700 1164 855 1226 radendum.
876 1176 923 1217 aut
944 1164 1017 1217 fran-
1052 1163 1247 1235 metaphysica
1259 1164 1415 1233 posuimus;
1437 1179 1498 1233 quas
1517 1169 1545 1214 et
1564 1162 1627 1230 ipsa
1646 1158 1783 1229 physicae,
1798 1161 1854 1212 sive

221 1242 357 1314 gendum
378 1251 407 1297 et
427 1243 508 1297 sudor
528 1242 591 1313 equi
611 1250 689 1297 nocte
710 1253 827 1299 astuosa
847 1243 1016 1306 festinantis3
1053 1244 1182 1298 doctrinm
1202 1244 1235 1297 de
1255 1251 1359 1306 natura,
1373 1259 1437 1311 pars
1458 1251 1507 1295 est
1550 1240 1645 1309 ltaque
1667 1237 1702 1292 de
1724 1238 1855 1292 formast

221 1329 251 1376 et
263 1323 319 1376 alia
331 1321 482 1376 nonnulla?
523 1321 594 1382 Quia
608 1328 637 1375 et
650 1322 775 1377 homines
797 1332 852 1376 tam
875 1338 970 1392 parum
989 1322 1017 1376 in
1052 1323 1204 1394 originibus
1225 1321 1294 1377 lucis
1315 1324 1362 1377 fiat
1377 1320 1526 1392 inquisitio,
1540 1336 1628 1390 eaque
1650 1317 1765 1372 interim
1784 1318 1854 1372 inter

220 1401 273 1456 hac
287 1419 316 1457 re
330 1402 461 1467 viderunt,
475 1409 506 1457 ut
519 1400 643 1472 plerique
657 1402 788 1456 scintillas
803 1419 818 1456 e
833 1401 909 1456 silice
923 1401 1018 1455 adrem
1052 1402 1205 1457 desiderata
1224 1410 1348 1472 ponatur.
1390 1402 1480 1472 Atque
1500 1400 1533 1453 de
1553 1397 1679 1452 doctrina
1699 1398 1773 1452 cirea
1788 1398 1852 1452 suh

221 1481 345 1536 attritum
363 1488 468 1552 putent
509 1480 638 1535 Attamen
656 1483 765 1552 quando
784 1481 833 1536 aer
851 1480 940 1534 calore
962 1496 1017 1535 non
1052 1484 1180 1537 stantiam
1194 1483 1300 1544 omma,
1311 1489 1367 1534 tam
1383 1478 1524 1534 rationalis
1535 1495 1618 1550 quam
1630 1477 1853 1542 rennuitiecum

221 1560 352 1632 ignescat,
376 1569 404 1615 et
425 1561 515 1615 lucem
543 1559 687 1614 manifesto
710 1562 854 1631 concipiat,
883 1560 1018 1632 quomodo
1053 1562 1225 1616 facultatibus
1235 1561 1299 1626 suis,
1314 1567 1394 1630 atque
1408 1559 1442 1612 de
1455 1558 1578 1628 ejusdem
1597 1557 1732 1612 docmina
1751 1574 1853 1629 appen

222 1641 330 1696 tandem
344 1641 382 1706 fit,
397 1647 428 1695 ut
440 1646 555 1705 noctua,
569 1648 597 1693 et
610 1639 687 1704 seles,
702 1647 730 1694 et
744 1640 799 1694 alin
816 1639 948 1695 nonnulla
961 1639 1018 1693 ani·
1052 1641 1167 1708 dinibus,
1181 1641 1242 1696 hac
1252 1640 1393 1695 dictasint

848 2082 1221 2156 FRANCISCI

470 2316 639 2375 alaonis
659 2318 710 2376 DE
731 2319 970 2387 VERULAMIO,
992 2320 1255 2379 ulca-comitis
1276 2320 1414 2377 SANCTI
1436 2317 1592 2387 ansani,

1020 2483 1051 2516 Μ

363 2604 702 2688 DIGNITATE
741 2607 815 2688 ET
854 2605 1218 2690 AUGMENTIS
1259 2605 1704 2689 SCIENTIARUM.

919 2852 1007 2896 utana
1018 2851 1158 2901 QUINTUS-

860 3228 913 3283 AD
934 3227 1069 3285 REGEM
1090 3227 1206 3283 SUUM.

1054 3385 1140 3441 altera
1161 3387 1278 3448 decreta,
1298 3384 1386 3440 alters
1405 3386 1526 3441 actiones
1546 3385 1699 3459 progignit.
1751 3387 1850 3443 Verum

465 3459 590 3518 CAPUT
610 3462 778 3519 PRIMUM.
1053 3467 1162 3537 quidem
1184 3475 1234 3530 est,
1251 3464 1324 3537 quod
1344 3466 1490 3537 phantasia
1512 3466 1542 3520 in
1564 3473 1681 3538 utraque
1702 3469 1851 3539 provincia,

1053 3554 1110 3600 tam
1132 3545 1257 3614 judiciali
1280 3561 1364 3616 quam
1386 3545 1568 3609 ministeriali,
1590 3545 1677 3617 legati
1700 3548 1850 3617 cujusdam,

221 3619 345 3675 Partitis
358 3623 487 3676 doctrina
502 3624 577 3675 circo
591 3641 668 3677 uram
687 3633 712 3677 st
732 3624 834 3693 objecta
849 3625 1019 3699 facultatum
1053 3625 1282 3689 sotinternuncii,
1291 3632 1339 3679 aut
1348 3625 1529 3696 procuratoris
1539 3625 1675 3696 reciproci
1685 3627 1763 3682 vices
1772 3629 1850 3699 gerit

260 3703 356 3757 namra
370 3701 500 3765 humanm
516 3703 545 3755 in
558 3704 716 3774 logr'com,et
731 3704 853 3759 ethicam.
895 3703 1021 3757 Porn‘tio
1053 3705 1127 3758 Nam
1147 3721 1243 3759 sensus
1264 3704 1338 3759 idola
1359 3704 1505 3776 omnigena
1526 3704 1682 3775 phantasias
1705 3707 1800 3771 tradit,
1820 3707 1852 3760 de

260 3782 365 3852 logice,
380 3782 410 3833 in
431 3790 504 3835 ortes
526 3783 690 3848 inveniendi,
700 3783 859 3852 judicandi,
872 3784 1018 3848 retinendi,
1053 3784 1151 3853 quibus
1164 3791 1259 3853 postea
1272 3784 1342 3839 ratio
1360 3784 1485 3853 iudicat:
1505 3791 1534 3837 at
1554 3785 1626 3839 ratio
1640 3785 1766 3841 vicissim
1779 3786 1853 3841 idola

261 3869 287 3913 et
301 3860 437 3915 tradendi.
1052 3862 1139 3916 electa
1153 3871 1180 3916 et
1197 3863 1310 3933 probata
1331 3863 1483 3934 phantasia
1503 3865 1677 3929 transmittet,
1692 3867 1851 3937 priusquam

1052 3942 1100 3995 fiat
1113 3943 1238 3996 executio
1251 3942 1363 3997 decreti.
1391 3942 1533 4013 Siquidem
1547 3950 1653 3998 motum
1667 3945 1851 4001 voluntariam

263 4017 415 4073 Docrarrts
422 4019 494 4073 circa
502 4018 679 4083 intellectum,
689 4035 740 4073 rex
753 4018 863 4088 optime,
874 4024 956 4088 atqua
966 4016 1015 4071 illa
1052 4029 1184 4090 perpetuo
1204 4022 1341 4092 pracedit,
1357 4039 1472 4093 eumque
1486 4023 1583 4076 incitat
1596 4023 1763 4094 phantasia:
1784 4026 1853 4080 adeo

223 4098 311 4152 altera
331 4099 404 4153 circa
426 4097 594 4153 voluntatem
616 4097 744 4163 hominis,
758 4098 788 4151 in
806 4096 943 4151 natalibus
956 4097 1013 4152 suis
1051 4109 1081 4157 ut
1102 4100 1248 4171 phantasia
1262 4102 1298 4156 sit
1310 4102 1417 4173 utrique
1432 4111 1488 4157 tam
1502 4102 1603 4156 rationi
1618 4120 1702 4174 quam
1717 4104 1852 4159 voluntati

222 4185 353 4248 tanquam
366 4177 492 4248 gemellas
505 4185 577 4233 sunt.
618 4177 729 4231 Etenim
742 4176 953 4231 illuminationis
964 4192 1014 4244 pu·
1051 4179 1258 4234 instrumentum
1269 4198 1426 4235 communes
1440 4181 1493 4235 nisi
1505 4180 1576 4251 quod
1588 4180 1675 4237 Janus
1683 4185 1737 4238 iste
1748 4185 1852 4239 bifrons

223 4257 297 4320 ritas,
320 4264 350 4310 et
371 4258 475 4311 arbitrii
493 4257 611 4321 libertas,
636 4256 717 4311 simul
741 4256 909 4326 inceperunt,
933 4255 1014 4309 simul
1051 4259 1096 4324 sit,
1111 4265 1140 4312 et
1160 4260 1228 4314 duas
1250 4261 1374 4315 obvertst
1393 4261 1492 4315 facies:
1515 4261 1600 4316 facies
1621 4262 1697 4317 enim
1718 4265 1852 4319 rationem

223 4343 388 4391 corruerunt.
429 4338 528 4408 Neque
538 4335 840 4391 daturinuniversitate
850 4352 949 4398 rerum,
960 4344 1013 4388 tam
1050 4338 1195 4409 aspiciens,
1219 4341 1341 4394 veritatis
1366 4340 1449 4394 habet
1476 4339 1613 4411 effigiem
1644 4341 1731 4398 iacies
1760 4352 1852 4398 autem

223 4414 320 4469 intima
329 4416 492 4486 sympathia,
504 4433 585 4485 quam
596 4414 645 4469 illa
653 4416 709 4470 reri
718 4415 825 4469 etboni.
860 4413 1014 4484 Quomagis
1050 4418 1186 4473 actionem
1207 4419 1351 4490 aspiciens,
1367 4420 1486 4491 effigiem
1506 4419 1655 4475 bonitatis:
1677 4439 1742 4492 quaa
1761 4432 1851 4478 nmen

222 4494 314 4549 rubori
337 4495 419 4548 fuerit
439 4495 506 4549 viris
527 4495 621 4559 doctis,
642 4495 665 4549 si
680 4493 794 4549 scientia
808 4493 865 4547 sint
884 4501 1013 4562 tanquam
1050 4496 1105 4551 sint
1117 4498 1209 4563 facies,

225 4573 316 4645 angeli
331 4573 406 4639 alati,
423 4574 617 4644 cupiditatibus
636 4591 701 4628 vero
721 4582 852 4643 tanquam
866 4580 1014 4642 serpentes,

223 4654 270 4723 qui
292 4652 368 4707 humi
393 4661 513 4723 reptant;
544 4654 776 4725 circumgerentes
795 4651 908 4716 animas,
930 4651 1015 4705 instar

222 4732 325 4802 speculi
339 4750 412 4797 sane,
428 4733 476 4788 sed
490 4734 661 4788 menstruati.
1050 4729 1147 4798 Neque
1154 4722 1226 4783 'vero
1239 4748 1331 4786 merus
1350 4740 1377 4786 et
1394 4733 1482 4787 nudus
1494 4733 1681 4789 internuncius
1702 4743 1746 4790 est
1765 4735 1850 4807 phan

263 4811 393 4867 Venimus
404 4814 462 4881 jam
477 4813 511 4866 ad
525 4813 676 4867 doctrinam
690 4811 764 4867 circa
777 4827 856 4867 usum
870 4818 897 4865 et
908 4811 1014 4879 obJecta
1050 4809 1136 4871 tasia;
1158 4810 1206 4863 sed
1220 4811 1409 4866 auctoritatem
1421 4829 1477 4866 non
1491 4813 1621 4884 exiguam
1631 4814 1676 4867 vel
1687 4816 1798 4886 accipit,
1808 4816 1849 4870 vel

222 4890 379 4946 facultatum
394 4892 641 4948 animaehnmanta.
682 4891 735 4946 ills
743 4893 810 4946 dass
820 4890 905 4944 habet
913 4898 1013 4960 partes,
1051 4895 1171 4958 usurpat,
1204 4898 1304 4959 proeter
1335 4890 1499 4946 delationem
1531 4892 1686 4962 simplicem
1718 4896 1848 4950 mandati.

222 4987 323 5042 easque
336 4973 498 5034 notissimas,
510 4980 539 5026 et
547 4988 682 5025 consensu
696 4977 836 5041 receptam
857 4970 976 5041 logicam
987 4980 1014 5022 et
1051 4967 1135 5021 Recte
1149 4968 1222 5022 enim
1236 4969 1402 5033 Aristoteles,
1419 4978 1434 5002 ‘¹
1444 4971 1475 5025 Id
1489 4972 1596 5042 imperii
1611 4972 1698 5028 habet
1711 4975 1806 5029 anima
1819 4978 1847 5029 in

223 5049 357 5105 ethicam:
379 5053 433 5106 nisi
444 5050 517 5121 quod
527 5052 678 5105 doctrinam
693 5050 809 5113 civilem.
820 5068 881 5121 qnae
893 5050 977 5120 vulgo
986 5058 1015 5104 ut
1049 5063 1155 5118 corpus,
1170 5048 1242 5118 qaod
1256 5050 1380 5105 dominus
1394 5051 1424 5104 in
1435 5052 1618 5123 mancipium
1640 5053 1715 5108 ratio
1735 5071 1801 5109 vero
1820 5054 1847 5108 in

222 5146 286 5200 pars
299 5131 397 5185 ethicae
410 5130 566 5196 collocatur,
578 5131 636 5198 jam
655 5137 716 5184 ants
735 5130 1013 5199 emancipaverimus3
1049 5126 1230 5196 phantasiam,
1245 5128 1317 5200 quod
1337 5131 1367 5184 in
1379 5129 1474 5185 libera
1494 5130 1602 5184 civitate
1626 5133 1805 5204 magistratus
1819 5135 1847 5187 in

223 5218 250 5263 ot
263 5210 291 5263 in
299 5210 435 5281 integram
446 5209 596 5263 doctrinam
607 5209 640 5262 de
650 5208 763 5262 homine
774 5217 948 5279 congregato,
959 5210 1014 5262 sire
1049 5206 1176 5270 civem;’'
1198 5208 1326 5279 adquam
1341 5210 1429 5279 possit
1441 5226 1491 5263 sua
1504 5210 1563 5264 rice
1584 5210 1674 5266 redire
1688 5212 1845 5267 dominatio

223 5288 401 5354 insacietate,
416 5288 652 5350 constituerimus3
674 5287 719 5341 hic
734 5295 840 5342 tantum
851 5287 885 5341 de
904 5288 1014 5342 homine
1050 5285 1180 5340 Videmus
1201 5288 1274 5342 enim
1295 5289 1367 5359 quod
1386 5289 1416 5343 in
1436 5289 1480 5354 iis,
1500 5306 1560 5360 qua
1582 5298 1648 5344 aunt
1670 5292 1736 5347 fidei
1757 5302 1785 5347 et
1804 5309 1846 5346 re·

223 5374 525 5439 segregatotractantes.
559 5366 1013 5438 Logicadeintellectustratione;
1049 5363 1169 5436 ligionis,
1184 5364 1329 5436 phantasia
1342 5385 1426 5438 supra
1438 5368 1525 5438 ipsam
1541 5370 1676 5425 rationem
1697 5371 1809 5427 scandat
1821 5380 1846 5425 et

222 5445 313 5500 ethica
326 5448 360 5501 ds
382 5446 526 5512 voluntate,
542 5446 673 5517 appetitu,
689 5453 718 5501 et
730 5445 873 5502 affectibus
887 5447 1012 5504 disserit:
1049 5445 1198 5501 evehatur:
1219 5463 1274 5501 non
1285 5448 1357 5517 quod
1370 5447 1532 5503 illuminatio
1541 5448 1635 5504 divina
1645 5449 1738 5505 locum
1748 5451 1845 5506 habeat

1222 4616 1297 4649 —“
1306 4613 1394 4668 Quales
1404 4614 1472 4663 decet
1481 4630 1532 4663 essa
1542 4619 1674 4667 sororum.”
