3800 5875
203 266 276 329 Ι480
853 264 995 321 NOVUM
1017 264 1220 322 ORGANUM.
1727 264 1788 320 Lm.
1802 265 1849 320 ll.

217 443 321 495 gressu,
335 429 363 480 et
376 422 555 479 nihilomiuus
569 423 682 480 inundet
695 422 809 478 adversa
825 422 918 478 littora
940 424 1013 492 ejus·
1050 422 1162 495 quisitio
1183 422 1289 492 (ιιιιιιι
1306 423 1411 479 duobus
1430 421 1488 477 illis
1507 422 1627 478 motibus
1643 422 1792 493 prioribus)
1811 424 1851 477 ad

216 505 279 559 dem
293 504 364 559 alvei
383 503 479 567 aimuh
501 501 619 573 siaquae
633 501 805 558 scilicetillse
820 503 1014 557 conmudantur
1050 503 1123 557 hunc
1139 502 1279 566 ultimum3
1294 509 1322 557 et
1334 503 1487 574 inquiratur
1500 503 1524 555 si
1538 503 1585 555 fiat
1598 501 1693 573 aliqua
1711 502 1775 555 talis
1787 503 1853 556 sub-

217 591 245 637 et
258 580 582 653 compellanturaliundes
598 582 1011 652 quemadmodumtitinfluriis,
1050 582 1117 636 latio
1137 599 1188 652 per
1204 598 1376 645 consensum,
1390 584 1447 636 aive
1461 583 1517 635 vim
1530 582 1725 652 magneticam.
1765 580 1851 652 Atqui
1881 607 1882 658 j

217 664 264 734 qui
278 663 398 717 fluuntet
411 663 529 716 refluunt
538 661 572 715 ad
585 669 727 732 utrumque
741 659 817 714 littus
825 661 1012 724 horisiisdem,
1050 662 1140 730 primo
1153 661 1328 716 manifestum
1342 669 1384 715 est
1396 662 1536 716 universas
1546 678 1640 733 aquas,
1651 669 1734 731 prout
1746 677 1851 729 ponun-
1881 661 1882 728 ,

217 759 280 795 cum
290 751 381 795 tamen
395 742 446 795 iste
457 747 545 795 motus
558 740 661 811 liquido
670 742 706 794 sit
715 749 804 794 motus
817 742 845 794 in
856 757 1011 811 progressu,
1050 749 1094 795 tur
1106 741 1134 796 in
1149 740 1223 794 fossa
1236 741 1293 794 sive
1307 757 1374 794 cavo
1387 741 1478 804 man‘s,
1493 758 1548 794 nou
1562 757 1642 811 posse
1656 740 1741 794 simul
1753 739 1849 802 attolli,
1881 781 1882 786 η

216 838 316 891 nempe
341 838 470 892 aquarum
495 820 705 890 ingredientium
726 819 796 874 ostia
814 820 957 874 fluminum
978 837 1013 875 ex
1051 820 1116 889 quia
1128 819 1242 874 deluerit
1256 821 1328 890 quod
1339 821 1465 874 succedat
1475 821 1504 873 in
1514 819 1610 883 tandm
1626 819 1697 873 adeo
1706 827 1738 872 ut
1747 821 1771 872 si
1779 819 1851 873 foret
1881 853 1882 868 ι

217 901 295 955 mari.
337 900 431 969 ltaque
452 898 534 953 simili
552 899 633 952 modo
646 899 705 953 fieri
722 905 820 968 potest,
834 906 865 954 ιιι
878 916 957 969 aqua>
970 916 1013 953 ve·
1050 899 1079 952 in
1093 899 1171 969 aquis
1192 898 1292 969 aliquis
1315 899 1471 968 hujumodi
1492 900 1631 969 appetitus
1652 916 1684 952 se
1700 897 1849 962 amoliendi,

217 980 325 1034 nientes
338 996 439 1048 magna
452 978 522 1031 mole
533 979 568 1031 ab
579 994 681 1033 oceano
691 977 815 1032 orientali
830 978 932 1042 Indico,
942 995 1014 1033 com·
1050 977 1098 1032 ille
1111 978 1170 1047 ipse
1181 986 1273 1032 tamen
1286 994 1387 1033 anexn
1400 995 1498 1041 rerum,
1509 978 1567 1032 sive
1582 978 1626 1048 (ut
1637 977 1724 1049 vulgo
1736 979 1851 1048 loquun-

218 1058 354 1128 pellantur
368 1067 396 1112 et
409 1057 551 1111 trudantur
563 1057 592 1111 in
606 1057 714 1112 alveum
732 1058 816 1111 maris
831 1056 970 1122 Atlantici,
985 1066 1013 1111 et
1050 1058 1106 1122 tur)
1127 1075 1163 1111 na
1184 1057 1264 1112 detur
1285 1074 1407 1121 menum,
1428 1057 1531 1112 fractus
1556 1058 1628 1112 foret
1650 1065 1679 1111 et
1702 1057 1848 1111 cohibitus.

218 1146 362 1208 propterea
375 1137 507 1192 inundent
516 1145 658 1208 utrumque
669 1136 741 1191 latus
755 1135 844 1192 simul
885 1136 1013 1197 Quaren·
1052 1135 1232 1207 Relinquitur,
1247 1145 1277 1191 ut
1290 1136 1447 1192 attollantur
1460 1154 1538 1208 aquae
1552 1153 1588 1191 ex
1608 1138 1703 1207 aliqua
1722 1146 1805 1205 parte,
1820 1147 1850 1190 et

219 1217 283 1271 dnm
296 1217 387 1288 itaque
402 1223 450 1280 est,
466 1233 502 1269 an
515 1217 552 1269 ιιι
572 1216 641 1271 alius
655 1215 757 1278 alveus.
777 1233 921 1286 perquem
935 1234 1013 1287 aquas
1050 1231 1100 1285 per
1120 1215 1173 1269 hoc
1195 1217 1353 1271 minuantur
1373 1225 1401 1270 et
1420 1217 1519 1271 cedant
1539 1233 1575 1271 ex
1594 1215 1662 1271 alia.
1701 1216 1849 1271 Enimvero
1881 1269 1882 1282 ,

218 1296 322 1366 possint
336 1296 432 1349 iisdem
442 1296 608 1365 temporibus
618 1295 704 1350 minui
718 1303 745 1348 et
759 1296 882 1350 refluere.
924 1294 1012 1367 Atque
1050 1311 1143 1350 rursus
1164 1296 1319 1349 necessario
1339 1305 1474 1368 sequetur,
1495 1303 1525 1349 ut
1547 1296 1590 1349 vis
1609 1296 1660 1349 illa
1685 1297 1847 1365 magnetica,
1881 1293 1882 1296 ’

219 1384 319 1445 proesto
333 1383 374 1428 est
388 1392 461 1429 mare
473 1373 598 1438 australe,
613 1376 682 1428 mari
701 1373 841 1428 Atlantico
854 1374 1013 1444 neutiquam
1050 1391 1113 1428 cum
1126 1390 1207 1445 super
1224 1382 1311 1429 totum
1324 1377 1432 1445 operari
1451 1391 1506 1428 non
1526 1376 1621 1444 possit,
1636 1376 1712 1429 eirca
1729 1374 1849 1428 medium
1881 1369 1882 1418 ἒ

218 1455 316 1520 minus,
324 1455 372 1508 sed
386 1455 477 1524 potius
490 1455 579 1527 magis
592 1454 677 1509 latum
692 1462 720 1508 et
733 1464 883 1519 extensum,
893 1454 965 1526 quod
979 1454 1014 1507 sd
1051 1461 1177 1523 operetur
1190 1454 1391 1518 intensissime;
1411 1455 1453 1509 ita
1472 1462 1606 1525 utaquas
1619 1456 1650 1508 in
1665 1454 1758 1508 medio
1770 1454 1848 1507 attol·
1881 1481 1882 1494 ι

218 1533 271 1588 hoc
285 1535 408 1588 sufficere
422 1534 516 1604 possit,
1050 1532 1105 1597 late
1133 1532 1189 1588 illas
1215 1550 1279 1587 vero
1306 1533 1430 1599 sublate,
1456 1534 1544 1588 latera
1569 1551 1622 1604 per
1647 1534 1847 1588 sumesmouem
1881 1571 1882 1576 ,

260 1613 356 1686 ltaque
374 1614 431 1681 jam
449 1612 559 1667 tandem
577 1620 738 1682 perventum
752 1613 841 1667 estad
855 1614 1014 1667 instantiam
1051 1611 1177 1666 deserant
1189 1621 1217 1668 et
1227 1613 1380 1668 destinrant.

218 1696 310 1749 crucis
332 1695 404 1747 circa
423 1692 475 1746 hoc
495 1691 663 1758 subjectum:
684 1709 717 1745 ea
739 1692 802 1747 talis
821 1699 871 1746 est
912 1691 942 1745 si
964 1709 1014 1762 pro
1091 1691 1263 1762 Itaqueiam
1282 1692 1391 1746 tandem
1404 1699 1565 1762 perventum
1579 1699 1623 1746 cst
1638 1691 1676 1745 ad
1690 1693 1845 1746 imantia
1881 1687 1882 1726 t

218 1782 293 1827 certo
311 1773 472 1835 inveniatur,
492 1771 563 1842 quod
584 1788 645 1825 cum
660 1772 690 1824 tit
704 1771 795 1826 fluxus
808 1771 843 1825 ad
864 1771 1014 1826 littornad·
1051 1772 1142 1825 crvcis
1155 1770 1293 1826 circahoc
1306 1771 1476 1839 subjectum:
1499 1788 1533 1825 ea
1554 1770 1619 1824 talis
1636 1777 1690 1826 est.
1733 1770 1847 1826 Silure-
1881 1801 1882 1820 ι

218 1870 298 1906 verm
312 1860 367 1906 tam
383 1852 507 1913 Floridae,
523 1866 603 1921 quam
626 1851 777 1919 Hispaniae,
791 1850 820 1905 in
837 1851 906 1906 muri
920 1850 1013 1905 Allan·
1050 1850 1147 1914 niatur,
1159 1850 1231 1920 quod
1244 1850 1274 1904 in
1286 1851 1435 1905 refluxibus
1448 1851 1676 1921 marisaquarum
1691 1850 1846 1920 superficies
1881 1857 1882 1872 ¹

220 1932 290 1995 tico;
313 1933 360 1985 fiat
381 1930 463 1984 simul
475 1931 566 1984 fluxus
579 1929 615 1982 ed
635 1929 726 1983 littora
743 1929 874 1995 Peruvioe,
888 1937 916 1984 et
931 1930 1014 1998 juxta
1051 1929 1079 1982 in
1093 1930 1162 1983 mari
1176 1930 1212 1984 sit
1221 1937 1332 1983 arcuata
1342 1931 1431 2001 magis
1440 1937 1468 1983 et
1478 1930 1601 1994 rotunda,
1615 1929 1801 1984 attollentibus
1813 1946 1843 1984 se

219 2011 328 2066 dorsum
343 2010 441 2064 Chinoe
454 2010 483 2062 in
497 2008 566 2061 mari
580 2007 707 2073 australi;
719 2015 777 2063 tum
789 2017 862 2063 certe
880 2010 1013 2079 perhanc
1051 2008 1155 2063 scilicet
1172 2009 1251 2081 aquis
1267 2009 1297 2063 in
1318 2010 1408 2063 medio
1426 2010 1517 2073 maria
1531 2017 1560 2063 et
1574 2008 1764 2064 deficientibus
1776 2010 1845 2064 sires

220 2092 378 2144 distantiam
394 2090 552 2143 decisoriam
566 2087 746 2155 abjudicanda
754 2095 795 2142 est
809 2089 931 2150 assertio,
942 2088 1014 2159 quod
1051 2086 1218 2159 lateraque)
1230 2096 1293 2143 sunt
1305 2088 1405 2153 littora,
1420 2096 1447 2143 et
1460 2089 1490 2141 in
1507 2089 1629 2143 fluxibus
1646 2089 1745 2143 eedem
1758 2085 1847 2158 super·

220 2169 309 2223 fluxus
323 2177 352 2223 et
373 2169 491 2222 refluxus
505 2167 596 2232 maris,
610 2166 645 2220 de
665 2183 719 2237 quo
735 2166 888 2237 inquiritur,
903 2169 950 2222 fiat
964 2185 1014 2239 per
1051 2166 1126 2223 ficies
1141 2168 1177 2222 sit
1189 2167 1278 2239 magia
1297 2167 1380 2237 plana
1400 2176 1428 2222 et
1447 2185 1533 2239 reque,
1548 2168 1726 2223 redeuntibus
1745 2167 1847 2223 scilicet

219 2257 324 2303 motum
350 2247 561 2318 progressivum.
616 2247 715 2317 Neque
747 2247 821 2301 enim
852 2247 1014 2318 relinquitur
1051 2248 1130 2317 aqrris
1144 2247 1179 2300 ad
1199 2248 1318 2318 priorem
1335 2264 1412 2302 suam
1434 2248 1612 2317 positionem
1633 2255 1779 2302 tumcerte
1798 2264 1847 2319 per
1881 2269 1882 2276 ¹

219 2327 294 2382 aliud
307 2343 391 2391 mare,
405 2335 451 2380 aut
471 2326 555 2389 locus,
570 2326 616 2380 ubi
634 2327 720 2396 possit
734 2326 768 2379 ad
782 2326 878 2381 eadem
892 2334 1014 2397 tempora
1051 2325 1457 2381 hancinstuntiumdecisoriom
1471 2334 1561 2395 potest
1570 2327 1658 2396 recipi
1672 2327 1848 2398 sublatioper
1881 2333 1882 2364 l

220 2407 280 2460 lieri
300 2423 440 2476 regressus
454 2413 501 2461 aut
514 2405 641 2461 refluxus.
683 2405 909 2461 Commodissima
922 2415 1014 2461 autem
1051 2406 1107 2459 vim
1130 2406 1329 2477 magneticum;
1350 2405 1430 2461 aliter
1456 2422 1567 2476 prorsus
1593 2406 1777 2474 abjudicanda
1799 2417 1847 2462 est.
1881 2443 1882 2480 ι

219 2485 273 2541 hoc
288 2486 351 2540 sciri
365 2487 458 2556 possit,
475 2485 498 2539 si
517 2484 667 2556 inquiratur
681 2486 826 2540 abincolis
841 2486 970 2541 Pauamse
984 2494 1013 2540 et
1053 2485 1115 2539 Hoc
1129 2485 1236 2540 veroin
1249 2485 1326 2540 fretis
1348 2502 1397 2555 per
1414 2485 1502 2540 lineas
1519 2485 1644 2540 nauticam
1665 2503 1723 2540 non
1740 2486 1847 2541 difficile
1881 2555 1882 2560 ἵ

221 2565 309 2621 Limae
324 2565 384 2635 (ubi
398 2573 512 2635 uterque
527 2580 654 2630 oceanus,
669 2563 822 2620 Atlanticus
836 2573 864 2620 et
880 2565 1013 2629 australis,
1053 2572 1095 2617 est
1114 2563 1251 2634 experiri3
1272 2564 1399 2619 videlicet
1418 2574 1511 2620 utrum
1533 2565 1563 2618 ιιι
1583 2566 1739 2620 τειιιιιιιιιιι
1758 2582 1847 2621 versus

221 2662 271 2715 per
281 2662 393 2715 parrum
400 2644 532 2726 isthmum
540 2645 712 2713 separantur)
723 2651 812 2698 utrum
822 2644 1013 2699 adcoutrarias
1052 2644 1173 2698 medium
1187 2644 1271 2699 maria
1285 2661 1359 2698 mare
1372 2661 1427 2698 non
1441 2645 1476 2699 sit
1491 2645 1580 2715 magis
1598 2644 1689 2700 altum
1709 2646 1768 2700 sive
1789 2662 1847 2715 pro·
1881 2639 1882 2720 ¹

221 2724 314 2779 isthmi
328 2731 419 2795 partes
433 2724 480 2777 fiat
493 2723 575 2777 simul
591 2723 680 2778 fluxus
697 2731 725 2778 et
738 2724 858 2778 refluxus
871 2724 964 2788 maris,
979 2742 1014 2778 an
1053 2722 1172 2787 handum,
1186 2740 1267 2794 quam
1275 2723 1305 2777 in
1314 2723 1442 2778 fluxibus.
1483 2724 1645 2779 Notandum
1658 2730 1753 2779 autem
1766 2722 1847 2788 astri

221 2812 347 2860 econtra.
389 2803 490 2857 Verum
502 2802 562 2857 haec
576 2802 689 2869 decisio,
699 2802 757 2858 sive
768 2803 932 2872 abjudicatio
941 2811 1015 2858 certa
1052 2800 1105 2856 hoc
1119 2802 1158 2857 ita
1172 2803 1216 2867 sit,
1232 2804 1290 2857 fieri
1305 2804 1413 2873 (contra
1426 2820 1458 2857 ac
1477 2804 1609 2872 ereditur)
1628 2811 1660 2858 ut
1681 2803 1804 2858 attollant
1818 2820 1847 2858 aa

220 2883 332 2949 videtur,
347 2883 437 2954 posito
451 2883 523 2953 quod
537 2891 609 2935 terra
629 2890 681 2937 stet
698 2883 854 2940 immobilia
894 2883 1014 2945 Quodsi
1053 2897 1131 2954 aquas
1144 2882 1174 2937 in
1187 2881 1345 2948 refluxibus,
1359 2883 1544 2938 demittantse
1559 2890 1666 2939 tantum
1680 2884 1712 2939 in
1725 2883 1845 2947 tlombua
1881 2927 1882 2939 ,

221 2971 294 3018 terra
307 2970 383 3028 rotet,
398 2963 456 3018 fieri
471 2963 584 3017 tortasse
599 2970 695 3032 potest,
713 2970 743 3018 ut
756 2981 793 3018 ex
803 2962 931 3036 inaequali
946 2971 1016 3017 rota·
1052 2961 1093 3016 ita
1107 2970 1137 3016 ιιι
1147 2962 1241 3017 littora
1249 2963 1366 3018 vestiant
1374 2972 1401 3018 et
1413 2963 1555 3019 inundent.

220 3043 294 3097 tione
318 3044 465 3113 (quatenus
489 3042 524 3095 ad
545 3041 713 3097 celeritatem
735 3042 792 3097 sive
813 3041 1014 3110 incitationem)
1093 3041 1233 3107 Similiter,
1254 3043 1291 3097 sit
1311 3052 1408 3098 natura
1431 3043 1569 3114 inquisita,
1588 3052 1685 3099 motus
1709 3044 1847 3099 rotationis

222 3131 301 3177 terne
322 3131 350 3176 et
369 3138 499 3194 uquarum
527 3122 619 3185 maris,
640 3130 768 3192 sequatur
788 3121 939 3194 compulsio
959 3123 1016 3176 vio-
1053 3129 1236 3191 spontaneum
1257 3130 1286 3177 et
1299 3122 1450 3193 speciatim,
1463 3130 1553 3178 utrum
1566 3130 1658 3178 motus
1671 3123 1792 3187 diumns,
1803 3140 1848 3194 per

220 3201 296 3256 lenta
310 3218 440 3272 aquarum
454 3201 483 3254 in
497 3201 635 3255 cumulum
649 3218 763 3265 sursum,
782 3220 843 3273 qum
861 3201 895 3257 sit
909 3202 1014 3268 fluxus,
1054 3218 1135 3272 quem
1150 3200 1191 3256 sol
1206 3208 1233 3255 et
1245 3201 1332 3256 stellae
1347 3202 1383 3255 ad
1404 3210 1579 3274 conspectum
1591 3211 1716 3258 nostrum
1731 3204 1848 3258 oriuntur

221 3288 249 3335 et
262 3281 394 3335 relaxatio
408 3281 554 3335 earundem
569 3283 725 3351 (postquam
744 3281 863 3350 amplius
883 3280 1014 3335 cumulari
1054 3288 1082 3334 et
1096 3280 1229 3347 occidunt,
1242 3281 1277 3335 sit
1290 3290 1380 3336 motus
1393 3282 1535 3339 rotationis
1545 3299 1627 3338 verus
1636 3282 1667 3335 in
1680 3283 1847 3345 scelestibusr

221 3377 276 3414 non
304 3360 492 3429 sustinuerint)
519 3360 548 3412 in
575 3360 708 3423 deorsum,
736 3376 797 3430 quae
823 3361 859 3415 sit
884 3360 1014 3416 refluxus.
1054 3368 1101 3414 aut
1124 3369 1214 3414 motus
1233 3377 1369 3430 apparens
1392 3361 1422 3416 iu
1444 3361 1607 3425 scelestibus,
1621 3378 1704 3416 verus
1723 3363 1752 3416 in
1772 3371 1848 3416 terra
1881 3348 1882 3363 ¹

222 3440 323 3494 Verum
351 3439 384 3494 de
411 3439 463 3493 hoc
486 3439 610 3492 iacienda
634 3446 675 3494 est
695 3438 835 3510 inquisitio
859 3440 1015 3509 separatim.
1054 3438 1159 3495 Poterit
1179 3457 1240 3495 esse
1260 3442 1393 3494 instantia
1412 3444 1504 3495 crvcis
1525 3457 1607 3511 super
1625 3441 1681 3495 hoc
1703 3443 1849 3516 subjectum
1881 3434 1882 3439 ¹

222 3518 350 3573 Attamen
378 3520 460 3572 etiam
484 3517 537 3571 hoc
561 3519 708 3586 supposito,
730 3517 798 3572 illud
820 3536 897 3589 aeque
921 3527 1017 3573 manet
1055 3519 1126 3574 talis.
1167 3518 1198 3573 Si
1218 3520 1371 3574 inveniatur
1394 3528 1483 3574 motus
1506 3520 1607 3590 aliquis
1631 3521 1662 3574 in
1687 3537 1790 3575 oceano
1816 3519 1848 3573 ab

222 3599 315 3663 fixum,
331 3599 403 3669 quod
417 3614 528 3651 necesse
543 3598 578 3651 sit
598 3597 656 3651 fieri
671 3597 771 3650 alicubi
785 3598 918 3653 refluxum
932 3599 1017 3653 maris
1055 3600 1158 3653 oriente
1171 3599 1200 3652 in
1220 3599 1395 3663 occidentem,
1409 3598 1474 3654 licet
1494 3599 1638 3654 admodum
1656 3599 1806 3671 languidus
1824 3606 1849 3652 et
1881 3620 1882 3623 ¹

221 3678 258 3732 ad
285 3678 380 3732 eadem
407 3687 536 3746 tempora,
561 3677 660 3747 quibus
687 3676 757 3731 fiunt
779 3676 870 3732 fluxus
896 3678 926 3731 in
954 3677 1017 3733 aliis
1055 3685 1212 3743 enervatum
1228 3679 1252 3733 si
1267 3679 1340 3732 idem
1353 3686 1443 3732 motus
1458 3679 1608 3749 reperiatur
1621 3679 1709 3748 paulo
1717 3679 1849 3733 incitatior

221 3759 352 3829 partibus.
1054 3758 1083 3811 in
1104 3760 1176 3821 aire,
1189 3758 1341 3827 praesertim
1359 3758 1433 3811 intra
1454 3758 1581 3827 tropicos,
1595 3758 1644 3811 ubi
1664 3767 1778 3829 propter
1798 3775 1850 3811 rua

263 3837 393 3891 Similiter
407 3837 551 3890 situatum
565 3836 701 3906 inquisita,
719 3836 852 3906 posterior
865 3835 913 3891 ille
927 3843 1017 3892 motus
1052 3837 1129 3905 iores
1142 3836 1257 3892 circulos
1271 3846 1313 3892 eat
1324 3838 1412 3908 magis
1424 3836 1624 3907 perceptibilis;
1639 3836 1664 3890 si
1679 3838 1754 3892 idem
1763 3846 1850 3892 motus

222 3932 259 3969 ex
272 3917 382 3981 duobus,
391 3932 459 3987 quos
473 3917 681 3986 supposuimus;
696 3915 822 3969 videlicet
831 3917 1014 3971 motusmaris
1055 3916 1207 3986 reperiatur
1219 3916 1249 3970 in
1262 3915 1451 3971 humilioribus
1464 3916 1586 3980 cometis,
1598 3917 1658 3983 jam
1672 3917 1762 3970 sactus
1774 3918 1850 3970 vivus

222 4012 253 4048 se
275 3995 406 4057 attollens,
422 4005 448 4049 et
469 4011 562 4048 mrsus
580 3996 739 4050 subsidens:
761 3996 785 4049 si
807 3997 875 4050 sorte
892 3997 931 4050 ita
948 3997 1018 4050 acci·
1056 4004 1084 4049 et
1106 3995 1230 4060 validum
1251 3996 1274 4049 si
1298 3995 1372 4049 idem
1392 4004 1480 4050 motus
1499 3996 1650 4065 reperiatur
1672 3996 1703 4050 in
1723 3995 1845 4066 planetis,

223 4073 300 4137 derit,
315 4083 344 4128 ut
360 4075 496 4146 (diligenti
514 4074 586 4127 lacto
607 4074 746 4143 examine)
768 4075 906 4144 rejiciatur
926 4083 1016 4130 motus
1055 4076 1096 4129 ita
1114 4084 1205 4129 tamen
1219 4075 1390 4145 dispensatus
1403 4082 1433 4127 et
1452 4075 1607 4144 graduatns,
1621 4082 1654 4129 ut
1674 4075 1850 4147 quopropius
1881 4104 1882 4107 ι

223 4151 299 4217 alter,
314 4154 348 4206 de
369 4170 423 4224 quo
443 4154 571 4217 diximus,
586 4154 789 4225 progressivus;
812 4162 869 4208 tum
883 4171 948 4208 vero
964 4154 1019 4220 erit
1056 4155 1154 4210 absita
1169 4161 1248 4218 terra,
1263 4153 1298 4208 sit
1311 4154 1426 4218 tardior,
1442 4172 1496 4225 qno
1509 4153 1625 4224 lougius,
1640 4154 1849 4225 celerior,atqoe
1881 4168 1882 4193 t

224 4232 335 4286 trivium
354 4233 425 4286 circa
446 4232 517 4286 hauc
538 4240 661 4287 naturam
679 4232 742 4288 tale.
784 4233 906 4288 Necesse
924 4240 973 4295 est,
987 4243 1018 4288 ut
1056 4234 1085 4288 in
1099 4234 1169 4289 eoelo
1182 4234 1291 4288 demum
1305 4233 1413 4287 stellato
1432 4232 1689 4297 sitvelocissimus3
1710 4243 1768 4288 tum
1780 4241 1849 4288 certe

222 4319 312 4365 motus
325 4312 383 4376 iste,
399 4329 447 4382 per
460 4328 541 4382 quem
555 4327 633 4383 aqum
647 4312 677 4365 in
691 4312 810 4367 fluxibus
825 4321 853 4366 et
866 4313 1017 4368 refluxibus
1056 4314 1142 4385 recipi
1156 4313 1236 4367 debet
1248 4320 1338 4368 motus
1351 4313 1462 4367 diurnus
1475 4329 1526 4382 pro
1539 4328 1605 4365 vero
1621 4312 1650 4366 in
1666 4314 1754 4377 coelis,
1769 4312 1850 4367 stab

223 4407 253 4446 se
274 4390 409 4454 attollunt,
438 4399 465 4444 et
487 4407 578 4445 rursus
605 4390 768 4456 relabuntur,
796 4393 898 4463 absque
925 4392 1019 4463 aliqua
1056 4392 1196 4464 negandus
1218 4400 1261 4446 ειι
1280 4401 1369 4448 motus
1395 4402 1492 4456 terrae;
1514 4391 1581 4462 quia
1598 4392 1775 4446 manifestum
1795 4393 1849 4454 erit,

224 4471 378 4524 accessione
398 4487 528 4541 aquenum
550 4470 672 4534 aliarum,
693 4488 753 4541 qum
770 4471 958 4537 advolvuntur,
972 4473 1019 4526 fiat
1057 4480 1157 4526 motum
1168 4471 1322 4526 oboriente
1337 4471 1365 4524 in
1389 4471 1558 4525 occidentem
1577 4487 1638 4524 esse
1659 4471 1744 4541 plane
1757 4471 1850 4526 cosmi·

223 4564 368 4619 perunum
382 4566 418 4603 ea
432 4549 477 4603 his
497 4548 584 4604 tribus
597 4551 701 4614 modim
723 4550 766 4605 vel
781 4550 854 4621 quod
870 4551 924 4604 ista
936 4567 1019 4622 aqua-
1057 4568 1126 4614 cum,
1142 4560 1169 4605 et
1185 4568 1221 4604 ex
1242 4566 1374 4605 consensu
1391 4550 1519 4613 universi,
1534 4550 1581 4620 qui
1602 4550 1632 4603 in
1653 4551 1851 4606 summitatibus
1881 4596 1882 4619 ,

223 4646 283 4683 rum
297 4629 377 4698 copia
390 4636 498 4683 emanet
511 4645 547 4683 ex
560 4629 733 4684 interioribus
746 4637 976 4694 terrcaetrnraus
989 4631 1018 4685 in
1057 4630 1119 4685 omli
1137 4630 1257 4685 maxime
1269 4628 1388 4701 rapidus,
1403 4630 1536 4700 gradatim
1550 4628 1680 4694 labascat,
1698 4638 1727 4686 et
1747 4631 1850 4685 tandem
1881 4696 1882 4699 Ἴ

223 4706 273 4762 illa
295 4725 324 4762 se
335 4708 467 4777 recipiat;
492 4706 536 4762 vel
561 4709 632 4780 quod
654 4725 711 4763 non
732 4709 767 4763 sit
788 4709 880 4780 aliqua
903 4709 1020 4780 amplior
1057 4710 1171 4773 desinat,
1182 4717 1209 4763 et
1223 4710 1395 4780 extinguatur
1407 4709 1436 4761 in
1449 4706 1591 4772 immobili,
1601 4708 1821 4764 videlieetterra
1881 4704 1882 4727 ¹

223 4788 310 4864 moles
324 4804 463 4860 aquarum,
478 4786 526 4842 sed
546 4788 618 4857 quod
638 4787 741 4843 eoedem
755 4805 833 4859 aqum
852 4789 920 4859 (non
940 4798 1020 4844 aucto
1098 4789 1238 4852 Similiter,
1261 4788 1298 4841 ait
1320 4796 1418 4842 natura
1439 4788 1579 4858 inquisita,
1598 4796 1692 4843 motus
1714 4788 1849 4845 rotationis
1881 4800 1882 4817 ι

225 4874 328 4937 quanto
354 4868 418 4935 suo)
447 4867 634 4933 extendantur,
663 4868 720 4921 sive
754 4869 890 4932 raretiant,
918 4869 959 4921 ita
989 4876 1021 4924 ut
1057 4840 1105 4922 itte
1127 4866 1196 4922 alter
1217 4867 1289 4938 apud
1311 4874 1479 4920 astronomos
1500 4867 1669 4933 decantatus,
1691 4870 1811 4924 renitens
1827 4874 1850 4920 et

223 4947 356 5015 majorem
369 4946 459 5001 locum
473 4954 501 4999 et
514 4946 711 5001 dimensionem
724 4956 863 5016 occupent,
879 4955 907 5002 et
927 4964 1020 5003 rursus
1058 4947 1208 5002 contrarius
1232 4947 1317 5001 motui
1339 4946 1444 5011 diurno,
1464 4945 1591 5001 videlicet
1612 4948 1649 5000 ab
1667 4948 1808 5005 occidente
1825 4946 1850 5000 in

224 5043 255 5080 se
275 5026 451 5090 contrahant;
473 5025 517 5079 rel
539 5025 611 5096 quod
631 5042 682 5080 nec
700 5026 780 5096 copia
796 5027 907 5080 accedat
925 5029 1019 5095 major,
1059 5027 1198 5089 orientem,
1207 5033 1401 5098 quemveteres
1411 5027 1558 5080 astronomi
1566 5026 1722 5083 attribuunt
1731 5027 1848 5099 planetis
1881 5060 1882 5083 ι

224 5122 275 5159 nec
290 5106 415 5160 extensio
428 5105 551 5174 amplior,
566 5104 729 5160 sedendam
743 5122 822 5176 aquas
841 5109 1019 5174 (promanat,
1058 5107 1141 5161 etiam
1152 5105 1221 5160 coelo
1230 5105 1352 5171 stellato,
1368 5114 1397 5159 at
1408 5104 1574 5175 Copernicus
1585 5113 1615 5159 et
1627 5107 1689 5174 ejus
1703 5116 1849 5168 sectatores,
1881 5140 1882 5147 ι

224 5191 282 5238 tam
306 5185 393 5255 copia,
419 5200 502 5255 quam
521 5183 654 5238 densitate
676 5192 724 5238 aut
747 5184 872 5255 raritate)
894 5186 1021 5256 pervim
1059 5195 1138 5241 terrm
1165 5202 1289 5257 quoquee
1309 5193 1338 5240 et
1361 5193 1503 5257 quaeratur,
1525 5193 1617 5240 utrium
1642 5188 1799 5241 inveniatur
1824 5186 1850 5237 iu
1881 5246 1882 5251 η

225 5263 346 5335 aliquam
367 5263 551 5333 magneticam
573 5261 690 5332 desuper
711 5279 757 5317 eas
779 5263 969 5326 attrahentem,
993 5273 1022 5318 et
1059 5282 1149 5320 rerum
1169 5273 1266 5320 natura
1279 5264 1379 5336 aliquis
1393 5264 1456 5318 talis
1471 5274 1568 5329 motus,
1583 5280 1619 5318 au
1632 5267 1726 5336 potius
1739 5279 1850 5320 resson·
1881 5262 1882 5323 ἶ

225 5352 393 5407 evocantem,
407 5351 434 5396 et
452 5358 502 5413 per
518 5357 680 5396 consensum
694 5357 723 5395 se
737 5340 868 5405 attollant,
882 5350 910 5396 et
924 5343 1022 5399 deiude
1059 5344 1122 5397 ficta
1136 5344 1172 5397 ιιι
1185 5351 1213 5398 ιι
1226 5345 1373 5414 supposita,
1388 5344 1422 5397 ad
1436 5344 1600 5414 compendia
1613 5352 1641 5398 et
1657 5342 1850 5400 commoditatis
1881 5364 1882 5397 1

225 5434 256 5473 sc
269 5421 414 5476 remittant
457 5421 554 5492 Itaque
576 5421 719 5475 reducatur
734 5419 770 5489 (si
786 5420 889 5492 placet)
905 5423 964 5490 jam
984 5424 1023 5477 iu·
1059 5422 1276 5490 calculationum,
1293 5423 1368 5477 etad
1388 5422 1533 5493 pulchrum
1545 5421 1622 5491 illud,
1637 5420 1744 5480 scilicet
1764 5424 1797 5479 de
1810 5438 1849 5478 er·
