3800 5875
218 348 276 404 630
705 351 756 406 DE
777 350 906 406 FLUXU
928 350 978 405 ET
998 350 1178 406 REFLUXU
1200 349 1330 407 MABlS.

217 508 295 579 quasi
308 507 457 564 innumeris
471 508 592 578 partibus
605 507 713 571 tardior,
722 516 813 563 tamen
827 508 863 563 sit
875 524 1013 563 commen·
1048 515 1151 562 motum
1165 507 1323 562 mmularem
1344 506 1468 577 reprimit
1486 512 1514 560 et
1527 507 1618 574 sedat)
1630 504 1681 561 sed
1694 505 1776 562 etiam
1790 507 1841 563 im-

217 587 353 642 aurshilis.
394 588 505 643 Etenim
521 589 637 657 spatium
656 587 844 642 sexhorarium
858 596 899 642 est
921 588 1010 642 diurni
1049 587 1178 641 missione
1192 586 1327 641 materiali
1342 586 1537 656 particularum
1552 586 1712 641 mbstantiss
1725 603 1783 641 sun
1794 604 1842 659 per

216 674 305 721 motus
318 667 460 736 quadrans,
476 667 547 738 quod
561 667 679 738 spatium
695 669 738 734 (ut
747 662 883 738 diximus)
893 667 922 720 in
935 674 1011 722 motu
1049 681 1163 736 vapores
1183 673 1211 719 et
1228 656 1331 720 halitus
1353 681 1474 719 crassos:
1495 665 1548 720 iste
1569 674 1662 720 motus
1682 665 1842 723 immensum

217 746 271 798 isto
283 745 367 799 maris
383 746 519 800 invenitur
535 762 598 799 curn
612 762 645 799 ea
658 745 818 809 differentia,
832 762 893 816 qum
906 746 1010 799 coinci-
1048 743 1179 808 hebescit,
1195 752 1222 799 et
1235 744 1292 799 sere
1305 744 1414 808 corruit,
1430 744 1477 798 sed
1496 760 1551 798 nou
1568 752 1714 815 propterea
1735 762 1842 815 proram

217 822 263 877 dat
283 825 310 878 in
331 841 485 879 mensuram
505 832 594 879 motus
616 824 697 879 lunas.
739 824 834 894 ltaque
859 825 911 879 hoc
930 825 1010 880 nobis
1049 823 1204 878 exinanitur
1216 832 1263 878 aut
1283 831 1380 887 cessat,
1395 823 1443 878 sed
1466 831 1560 877 manet
1577 824 1727 894 languidus
1740 832 1768 878 et
1784 832 1840 879 tan·

216 904 326 972 penitus
339 903 445 969 insedit,
459 920 491 957 ac
506 903 562 957 lere
575 905 661 957 instar
673 902 774 957 oraculi
789 911 838 967 est,
852 911 958 958 motum
971 903 1009 958 is·
1049 919 1129 972 quam
1147 903 1243 957 latens.
1284 903 1394 956 Etenim
1406 904 1465 969 jnm
1478 904 1507 955 in
1526 903 1652 956 confesso
1674 918 1735 957 eme
1752 906 1841 975 cept,

218 991 277 1035 tum
290 999 325 1037 ex
336 983 430 1037 eodem
444 999 545 1053 genere
560 999 618 1037 esse
633 999 695 1036 cum
709 989 783 1036 motu
800 981 906 1036 diurno.
949 982 1010 1036 Hoc
1047 981 1239 1052 navigantibus
1253 983 1324 1035 intra
1333 981 1458 1051 tropicos.
1468 981 1514 1034 ubi
1528 980 1617 1036 libero
1630 998 1742 1052 aequore
1754 992 1841 1038 motus

216 1060 300 1131 igitur
312 1061 355 1116 usi
377 1062 552 1116 fundamento
565 1078 713 1133 pergemus
731 1062 867 1132 inquirere
889 1060 1008 1132 reliqua,
1048 1059 1119 1114 adria
1129 1062 1277 1131 percipitur
1290 1061 1399 1130 optime,
1410 1068 1437 1114 at
1451 1063 1499 1114 air
1509 1061 1569 1131 ipse
1580 1060 1681 1127 (veluti
1694 1069 1723 1115 et
1732 1061 1840 1128 omium)

216 1149 298 1210 atque
312 1157 370 1194 rem
384 1157 492 1195 omnem
506 1140 605 1210 triplici
624 1140 798 1211 inquisitione
813 1138 1008 1211 absolviposae
1046 1140 1194 1208 majoribus
1217 1139 1333 1204 circulis,
1353 1140 1469 1211 ideoque
1492 1140 1613 1195 velocius
1635 1148 1717 1203 rotat,
1740 1142 1840 1212 spirme

216 1220 369 1273 statuimus.
410 1219 528 1281 Quarum
548 1220 637 1290 prima
649 1227 699 1284 est,
715 1220 757 1273 Au
770 1228 859 1274 motus
871 1218 919 1274 ille
932 1219 1008 1274 diur·
1046 1235 1142 1272 auram
1153 1227 1313 1289 perpetuam
1321 1227 1348 1272 et
1354 1220 1449 1290 iugem
1457 1220 1492 1272 ab
1501 1220 1606 1273 umente
1616 1219 1646 1273 iu
1657 1220 1839 1285 occidentem

215 1314 267 1353 uus
286 1299 408 1354 terminis
428 1299 491 1353 coeli
511 1300 685 1363 contineatur,
707 1308 754 1352 sut
776 1298 921 1363 delabatur,
936 1305 964 1353 et
978 1315 1008 1353 se
1046 1294 1115 1352 adeo
1128 1305 1158 1353 ut
1177 1299 1223 1368 qui
1242 1297 1363 1368 zephyro
1377 1298 1416 1352 uti
1430 1297 1530 1362 rolunt,
1544 1314 1609 1353 eum
1624 1306 1707 1353 extra
1726 1300 1839 1370 πομίοω

216 1377 335 1432 insinuet
348 1379 383 1433 ad
403 1378 555 1433 interiora?
596 1377 720 1433 Secunda
738 1385 787 1442 est,
802 1377 845 1432 Au
862 1378 950 1432 maria
962 1395 1006 1432 ra·
1046 1378 1146 1447 sapius
1158 1384 1282 1448 quaemnt
1295 1385 1323 1431 et
1334 1385 1487 1447 procurent
1529 1378 1692 1449 ltaquenon
1705 1379 1839 1449 extingun-

216 1456 348 1526 gulariter
368 1457 489 1513 ferantur
506 1458 542 1511 ab
559 1458 662 1511 oriente
683 1458 710 1511 in
724 1456 898 1521 occidentem,
913 1473 1008 1528 quem·
1045 1462 1091 1509 tur
1109 1456 1162 1510 iste
1176 1464 1263 1509 motus
1277 1456 1362 1510 etiam
1378 1456 1407 1509 in
1420 1460 1484 1510 aire
1503 1457 1606 1519 infimo,
1622 1458 1672 1511 sed
1687 1458 1767 1528 piger
1786 1460 1838 1526 jam

216 1534 359 1591 admodum
373 1543 400 1591 et
413 1536 534 1592 coeluml
576 1537 674 1601 Tertia,
687 1536 767 1590 Unde
778 1544 805 1590 et
816 1536 952 1606 quomodo
960 1537 1008 1590 liat
1045 1534 1155 1589 devenit
1168 1542 1196 1588 et
1209 1534 1345 1599 maturus,
1364 1544 1394 1588 ut
1407 1543 1483 1589 extra
1506 1537 1625 1605 tropicos
1638 1537 1688 1590 vix
1701 1537 1835 1591 sentiatur.

215 1615 393 1685 reciprocatio
412 1615 460 1669 illa
478 1614 636 1669 sexhoraria
656 1624 777 1679 aestuum,
796 1632 857 1686 quoe
869 1615 965 1670 incidit
977 1616 1006 1669 iu
1044 1613 1081 1667 lit
1093 1622 1183 1669 tamen
1196 1613 1278 1669 etiam
1299 1622 1379 1668 extra
1400 1615 1519 1684 tropicos
1532 1615 1561 1668 in
1578 1624 1674 1669 nostra
1689 1615 1837 1687 Eurupaiu

216 1695 392 1766 quadrantem
411 1704 500 1749 motus
515 1694 605 1749 diurni
622 1712 684 1748 cum
703 1693 854 1749 differentia
872 1695 1007 1749 incidente
1045 1694 1121 1758 mari,
1135 1693 1309 1748 coelosereno
1322 1701 1350 1748 et
1361 1692 1513 1763 tranquillo,
1524 1694 1684 1748 observatur
1696 1710 1838 1764 auraque»

215 1772 245 1828 in
264 1775 381 1828 rationes
400 1783 488 1827 motus
507 1772 600 1828 lunai
641 1773 735 1845 ltaque
752 1774 824 1844 quod
841 1774 875 1827 ad
891 1774 1006 1843 primam
1044 1771 1107 1825 dam
1127 1772 1271 1844 solisequs,
1293 1788 1354 1841 quae
1377 1789 1414 1826 ex
1434 1773 1531 1827 eodem
1553 1789 1654 1843 genere
1675 1782 1734 1839 est3
1760 1775 1837 1828 edam

215 1852 418 1923 inquisitionem
438 1853 542 1916 attinet,
562 1851 723 1907 arbitramur
742 1860 846 1906 motum
864 1853 1007 1909 rotationis
1044 1852 1176 1921 suspicari
1190 1851 1266 1921 plicet,
1281 1852 1354 1922 quod
1372 1851 1464 1905 hicio
1482 1851 1595 1921 Europa
1615 1853 1783 1921 experimur,
1795 1854 1837 1907 nbi

215 1931 273 1985 sire
286 1933 468 1986 conversionis
482 1932 517 1985 ab
531 1932 633 1986 oriente
647 1931 676 1984 in
694 1931 859 1986 occidentem
872 1948 932 1986 esse
947 1948 1005 1987 mo·
1044 1930 1123 1983 flatus
1136 1931 1193 1985 euri
1208 1932 1278 1985 acris
1291 1937 1333 1985 eat
1346 1940 1374 1985 et
1388 1931 1535 1994 desiccans,
1547 1944 1610 1985 cum
1622 1940 1719 1985 contra
1729 1933 1837 2003 zephyri

214 2017 273 2065 tum
290 2027 344 2064 non
363 2011 471 2081 proprie
486 2010 629 2074 coelestem,
643 2011 692 2063 scd
708 2009 788 2079 plane
800 2011 955 2076 cosmicum,
969 2019 1007 2066 at·
1044 2008 1082 2062 sit
1098 2009 1234 2078 generalis
1246 2017 1274 2064 et
1291 2009 1458 2073 humectans,
1473 2024 1530 2064 non
1551 2009 1639 2064 solum
1654 2028 1691 2065 ex
1703 2010 1759 2065 boc
1778 2028 1837 2082 pen

216 2107 268 2160 que
279 2099 380 2143 motum
389 2090 417 2143 in
430 2089 558 2144 fluoribus
568 2090 675 2160 magnis
685 2089 852 2159 primarium,
864 2090 911 2160 qui
920 2106 1006 2161 usque
1044 2086 1115 2151 dere,
1130 2090 1201 2160 quod
1212 2088 1259 2143 ille
1273 2104 1290 2141 a
1302 2090 1524 2153 contineute,ista
1535 2090 1574 2142 'ah
1587 2105 1692 2144 oceano
1705 2091 1779 2160 apud
1791 2106 1837 2144 nos

215 2186 233 2222 a
242 2186 347 2223 summo
357 2169 468 2222 coeload
482 2170 551 2223 imas
565 2185 650 2239 aquas
660 2168 820 2231 inveniatur,
830 2168 1005 2223 inclinatione
1044 2166 1143 2236 spiret3
1164 2169 1212 2222 sed
1226 2168 1308 2222 &am
1322 2185 1357 2223 ex
1371 2185 1412 2231 eo,
1427 2169 1499 2240 quod
1513 2168 1571 2223 euri
1585 2169 1676 2234 flatus,
1689 2186 1754 2224 cum
1768 2170 1836 2225 sitin

215 2248 318 2309 eadem,
333 2247 488 2301 incitatione
502 2256 590 2302 autem
606 2246 646 2315 (id
660 2254 708 2312 est,
723 2246 865 2302 velocitate
879 2255 906 2302 et
919 2247 1004 2303 tardi·
1044 2246 1139 2301 eadam
1159 2248 1354 2318 consequentia
1377 2265 1439 2301 cum
1460 2256 1535 2303 motu
1549 2248 1623 2303 adria
1643 2249 1764 2320 proprio,
1777 2266 1835 2303 enm

215 2327 283 2392 tate)
305 2326 386 2396 longe
409 2327 529 2391 dirarum
550 2328 589 2380 ita
612 2336 703 2380 tamen
727 2334 756 2380 ut
778 2327 870 2381 ordine
894 2327 1006 2382 minime
1043 2332 1147 2381 motum
1159 2328 1254 2382 incitet
1268 2335 1296 2381 et
1309 2327 1403 2403 irritet,
1418 2344 1451 2381 ac
1464 2336 1610 2398 propterea
1623 2328 1717 2383 αὲτειιι
1729 2329 1837 2400 dissipet

215 2406 371 2476 perturbato
383 2406 521 2460 minuatur
533 2405 678 2468 celeritate,
694 2423 748 2477 quo
766 2406 880 2477 propius
892 2423 1006 2477 corpora
1044 2412 1072 2458 et
1089 2407 1247 2462 rarefaciat:
1267 2406 1381 2476 zephyri
1398 2423 1463 2460 vero
1482 2407 1570 2471 flatus,
1585 2408 1634 2478 qui
1655 2408 1685 2461 in
1705 2409 1836 2463 conuana

215 2485 345 2539 accedunt
366 2486 401 2539 ad
422 2484 532 2557 globum
549 2495 634 2541 terrra
675 2485 789 2539 Videtur
807 2495 897 2540 autem
917 2487 1006 2556 primo
1043 2485 1235 2556 consequentia
1248 2486 1354 2540 sitcum
1368 2494 1442 2540 mutu
1457 2485 1537 2549 airis,
1549 2486 1643 2541 a’e'rem
1657 2489 1686 2541 in
1699 2503 1731 2542 se
1745 2496 1834 2551 vertat,

215 2562 354 2633 probabile
368 2573 555 2636 argumentum
570 2564 639 2620 sumi
658 2581 747 2634 posse,
762 2565 835 2636 quod
852 2573 940 2620 motus
954 2566 1006 2620 iste
1043 2574 1072 2617 et
1084 2573 1229 2634 propterea
1241 2565 1376 2636 inspisset.
1416 2567 1515 2636 Neque
1524 2564 1591 2619 illud
1602 2568 1835 2629 contemnendum,

214 2659 269 2696 non
283 2644 440 2698 terminetur
453 2663 515 2699 cum
528 2645 604 2709 culo,
616 2644 680 2716 quia
691 2662 740 2715 per
752 2652 854 2699 tantam
867 2644 928 2698 coeli
943 2661 1005 2715 pro-
1044 2643 1115 2715 quod
1128 2644 1234 2716 vulgari
1254 2645 1440 2698 observatione
1462 2644 1601 2714 recipitur,
1616 2646 1712 2709 nubs,
1727 2664 1788 2718 quse
1802 2647 1836 2700 ie-

214 2723 383 2788 funditatem,
394 2734 495 2795 quanta
509 2725 666 2792 interjicitur
680 2725 857 2778 iutercmlum
870 2724 1005 2779 stellatum
1043 2732 1138 2778 runtur
1148 2723 1180 2777 in
1193 2722 1310 2788 sublimi,
1324 2723 1486 2795 plerumque
1504 2739 1614 2778 morere
1633 2725 1670 2777 ab
1692 2728 1796 2779 oriente
1809 2727 1835 2779 in

124 2828 125 2831 ¹
215 2809 243 2855 et
256 2802 348 2858 lamam
364 2804 448 2875 (quod
461 2804 578 2873 spatium
599 2802 686 2857 multo
699 2802 816 2874 amplius
829 2811 878 2867 est,
893 2819 1006 2874 quauta
1044 2803 1218 2867 occidentem,
1232 2803 1381 2857 cumventi
1402 2804 1475 2856 circa
1495 2811 1595 2857 terram
1610 2803 1645 2856 ad
1659 2804 1756 2858 eadem
1775 2814 1836 2858 tem·

214 2880 278 2934 luna
291 2882 326 2937 ad
339 2882 451 2944 terraml
464 2882 554 2937 valeat
568 2892 648 2955 atque
664 2882 755 2954 vigeat
768 2884 819 2938 iste
833 2888 929 2948 motus,
943 2899 1006 2937 crim
1043 2896 1110 2950 pora
1125 2881 1234 2937 flantia
1247 2881 1423 2937 omimium·
1464 2882 1541 2943 Quod
1556 2883 1580 2938 ti
1594 2882 1649 2937 hoe
1662 2899 1719 2938 nou
1732 2901 1836 2955 temper

214 2963 313 3017 debitis
326 2963 504 3018 decrementis
514 2964 570 3017 suis
584 2985 591 3025 ς
612 2971 642 3017 ut
654 2962 799 3017 vensimile
813 2979 867 3016 non
881 2963 917 3015 sit
929 2970 1006 3017 natu-
1044 2960 1154 3026 iaciunt,
1167 2962 1196 3016 id
1210 2962 1240 3017 iu
1252 2979 1335 3016 causa
1350 2978 1417 3023 esse,
1436 2963 1509 3033 quod
1521 2963 1576 3016 siut
1591 2963 1755 3035 quandoque
1767 2965 1835 3019 renti

216 3058 273 3095 ram
288 3042 438 3097 istiusmodi
453 3059 621 3105 consensum,
635 3059 685 3111 per
696 3048 771 3096 tanta
783 3042 874 3113 spatis
886 3043 1007 3096 continu·
1043 3041 1178 3106 contrarii,
1193 3040 1241 3095 alii
1255 3041 1284 3095 in
1299 3041 1362 3105 alto,
1377 3041 1424 3096 alii
1438 3041 1468 3095 iu
1482 3042 1553 3107 imo;
1574 3041 1618 3096 illi
1633 3052 1727 3098 autem
1739 3045 1769 3098 iu
1784 3044 1836 3097 alto

214 3129 296 3185 atum,
311 3129 339 3175 et
357 3123 492 3192 gradatim
513 3139 542 3175 se
555 3121 744 3186 remittentem,
759 3122 848 3176 subito
861 3121 1004 3192 deponere.
1043 3121 1177 3188 spirantes
1192 3118 1232 3193 (si
1249 3121 1355 3175 adama
1377 3116 1492 3194 fuerint)
1516 3128 1623 3175 motum
1644 3122 1729 3177 iatum
1746 3141 1834 3178 verm

214 3200 292 3260 Quod
305 3210 395 3255 autem
410 3219 453 3256 res
464 3202 503 3254 ita
511 3219 540 3255 se
555 3201 655 3255 habeat
667 3201 696 3254 in
704 3200 864 3262 caelestibus,
874 3201 1006 3255 evincitur
1043 3198 1115 3253 adria
1129 3199 1290 3256 disturbent.
1330 3200 1407 3261 Quod
1421 3217 1488 3271 ergo
1499 3199 1834 3257 coeliterminisnouctm·

214 3296 250 3333 ex
263 3280 374 3344 duobus,
390 3299 451 3351 qua
459 3279 537 3334 aliter
545 3289 698 3351 sequentur,
710 3280 894 3334 incommodis.
935 3280 1005 3335 Cum
1043 3279 1159 3333 tineatur
1171 3281 1222 3334 iste
1233 3286 1328 3345 motus,
1341 3280 1501 3350 satispatet.

215 3359 288 3413 enim
307 3360 481 3415 manifestum
493 3360 530 3414 sit
547 3359 582 3414 ad
600 3376 717 3423 sensum,
735 3359 860 3431 planetas
880 3359 1005 3413 murnum
1083 3358 1211 3429 Sequitur
1224 3359 1317 3413 ordine
1331 3360 1450 3413 secunda
1468 3358 1623 3430 inquisitio;
1645 3360 1690 3412 An
1709 3376 1788 3432 aqua
1799 3359 1833 3411 ie·

215 3445 316 3492 motum
338 3455 475 3509 peragere,
491 3439 545 3493 nisi
568 3445 683 3509 ponatur
694 3448 785 3493 motus
802 3438 853 3493 iata
876 3445 1006 3510 tauquam
1042 3446 1135 3491 rantur
1154 3436 1314 3514 regulariter
1325 3447 1353 3493 et
1369 3437 1529 3493 naturaliter
1548 3439 1585 3491 ab
1603 3439 1711 3494 umente
1725 3441 1753 3493 iu
1766 3437 1832 3491 oeci·

214 3517 345 3572 naturalis
357 3534 389 3571 sc
400 3519 525 3588 proprius
538 3518 568 3573 iu
582 3518 696 3588 planetis
706 3518 839 3581 omnibus,
848 3517 1006 3588 eontugien·
1043 3517 1170 3572 dentem?
1189 3517 1258 3572 Cum
1266 3534 1330 3572 vero
1337 3534 1422 3588 aquas
1432 3518 1554 3582 dicimus,
1563 3517 1747 3585 intelligimus
1754 3534 1833 3593 aquas

214 3597 278 3653 dum
287 3598 442 3652 necessario
452 3596 542 3652 estvel
552 3597 586 3650 ad
600 3605 706 3668 raptum
717 3597 796 3667 primi
807 3596 921 3662 mobilis,
933 3597 1005 3669 quod
1042 3605 1219 3660 coacervatas,
1228 3598 1285 3651 sive
1298 3614 1402 3652 massas
1415 3614 1555 3668 squatum,
1567 3613 1629 3666 quae
1640 3598 1747 3657 scilicet
1756 3611 1834 3655 tanta

215 3687 320 3730 naturas
334 3692 443 3745 prorsus
456 3678 618 3741 adversatur,
632 3685 679 3731 aut
692 3677 726 3730 ad
739 3677 898 3731 rotationem
918 3684 1004 3741 terme,
1042 3683 1106 3729 suut
1129 3677 1267 3745 portiones
1285 3686 1395 3740 natura,
1420 3685 1449 3730 ut
1469 3691 1631 3731 consensum
1653 3677 1756 3736 habere
1779 3697 1835 3752 pos

214 3755 286 3827 quod
309 3757 393 3810 etiam
415 3757 482 3811 satis
501 3755 615 3810 licenter
634 3756 815 3824 excogitatem
842 3762 890 3819 est,
916 3758 1005 3827 quoad
1043 3754 1099 3809 aiut
1120 3772 1181 3810 cum
1202 3755 1304 3809 fabrica
1318 3765 1345 3809 et
1363 3764 1496 3810 structura
1515 3756 1646 3813 universi.
1690 3762 1780 3832 Atque
1796 3775 1835 3813 as·

214 3835 332 3890 radonea
346 3836 483 3906 physicas.
525 3836 620 3906 Itaque
633 3834 662 3889 in
678 3835 746 3889 coelo
759 3835 798 3889 ita
812 3852 842 3889 se
855 3852 899 3890 res
912 3835 1004 3891 habet
1042 3834 1175 3889 hitramur
1201 3834 1290 3905 plane,
1314 3835 1430 3889 eundem
1456 3841 1559 3889 motum
1585 3856 1685 3895 massae
1707 3855 1835 3912 aquarum

214 3913 365 3985 Postquam
379 3914 576 3970 autemacoelo
586 3915 733 3969 discessum
743 3922 790 3978 est,
800 3915 1006 3984 cemiterporro
1042 3922 1195 3984 competere
1219 3923 1299 3985 atqua
1319 3914 1417 3979 inesse,
1436 3914 1484 3967 sed
1504 3919 1650 3972 tardiorem
1674 3937 1743 3984 ease,
1758 3935 1834 3990 quarn

213 3993 266 4047 late
290 4001 379 4049 motus
397 3994 598 4050 evidentissime
624 3995 653 4048 in
671 3994 784 4049 cometis
804 3992 1003 4060 humilioribus,
1042 3993 1072 4046 iu
1093 3996 1163 4058 aire,
1178 3993 1241 4048 licet
1258 3995 1292 4048 ob
1313 3993 1520 4049 crassitudinem
1543 3999 1666 4068 corporis
1688 4001 1726 4053 sit
1749 3998 1836 4068 magia

214 4073 268 4142 qui,
283 4090 344 4127 cum
359 4074 502 4128 inferiores
515 4073 579 4128 orbe
593 4073 666 4128 lunas
678 4073 739 4135 sint,
754 4080 843 4127 tamen
855 4073 890 4125 ab
900 4073 1005 4127 oriente
1042 4071 1158 4126 visibilis
1171 4081 1199 4127 et
1212 4087 1354 4144 apparens.
1399 4073 1494 4146 ltaque
1505 4093 1541 4130 es
1549 4077 1649 4140 multis,
1662 4095 1725 4149 quae
1738 4077 1772 4131 ad
1785 4077 1835 4131 boe

212 4152 243 4205 iu
254 4152 419 4208 occidentem
430 4153 569 4208 euidenter
581 4160 679 4206 rotant.
711 4152 790 4206 Licet
804 4153 1006 4207 enimbabeant
1043 4151 1139 4206 adduci
1160 4159 1277 4222 possent,
1300 4152 1387 4208 tribus
1404 4155 1433 4215 in
1455 4172 1574 4225 praesens
1594 4158 1715 4211 conteuti
1737 4157 1835 4211 erimus

213 4238 303 4286 motus
321 4248 383 4286 suos
404 4230 539 4287 solitarios
559 4239 586 4286 et
599 4231 769 4302 irregulares,
788 4237 878 4285 tamen
898 4232 927 4285 in
947 4231 1004 4287 illis
1043 4231 1243 4301 experimentis,
1266 4233 1314 4286 sed
1329 4233 1426 4288 iisdem
1440 4235 1539 4304 amplis
1553 4242 1581 4288 et
1599 4236 1762 4307 insignibus,
1776 4251 1835 4305 quae

213 4310 281 4379 ipsis
294 4311 466 4366 conficiendis
483 4312 590 4365 interim
605 4310 834 4365 communicandis
852 4327 913 4365 curu
929 4319 1005 4366 motu
1042 4326 1099 4364 rem
1113 4311 1224 4365 itaesse
1238 4311 1431 4366 demonstrant.
1472 4313 1595 4368 Primum
1608 4316 1740 4386 estquod
1751 4315 1834 4369 mani·

213 4387 324 4443 estheris
338 4397 366 4445 et
379 4390 414 4444 ad
428 4390 541 4445 eandem
551 4391 756 4444 couversionem
770 4390 901 4455 iemntur3
922 4392 1005 4462 tropi·
1044 4389 1128 4444 festus
1142 4391 1291 4460 reperiatur
1304 4399 1428 4445 motuset
1437 4393 1526 4446 fluxus
1540 4408 1672 4463 aquarum
1686 4395 1722 4447 ab
1735 4407 1835 4447 cemus

213 4469 253 4522 cis
266 4485 330 4523 vero
342 4484 397 4523 non
417 4470 586 4524 continentur
605 4469 669 4534 lere,
683 4486 733 4524 nec
749 4468 853 4523 habent
865 4469 1004 4539 regulares
1044 4466 1137 4522 Iudico
1150 4485 1235 4540 usque
1249 4470 1276 4524 in
1286 4487 1416 4524 oceanum
1427 4470 1599 4536 Atlanticum,
1608 4473 1686 4544 isque
1699 4473 1835 4528 incitatior

213 4548 310 4617 spiras,
330 4548 378 4603 sed
398 4556 542 4604 excurrunt
563 4549 723 4620 quandoque
740 4566 833 4603 veram
854 4548 939 4619 polos,
958 4550 1005 4603 sed
1043 4555 1071 4600 et
1091 4547 1225 4603 robustior
1238 4566 1331 4604 versus
1351 4549 1449 4605 fretum
1468 4550 1692 4622 Megellauicum
1707 4552 1758 4607 ubi
1781 4552 1834 4605 exi-

212 4625 389 4681 uihilominus
402 4627 431 4680 in
441 4628 628 4682 consecutione
642 4629 676 4682 ab
685 4628 786 4682 oriente
799 4629 828 4682 in
838 4628 1005 4683 occidentem
1043 4633 1085 4681 tua
1099 4628 1176 4682 datur
1187 4645 1281 4684 versus
1291 4628 1469 4694 occidentem
1491 4646 1620 4702 mavum
1632 4631 1729 4685 itidem
1743 4648 1781 4686 ex
1792 4630 1835 4683 ad

212 4713 308 4760 rotant
350 4707 439 4777 Atque
461 4707 615 4775 hujusmodi
636 4718 725 4761 motus
748 4708 800 4762 iate
820 4708 884 4761 licet
904 4723 1005 4778 magna
1042 4723 1120 4760 versa
1134 4715 1211 4777 parte
1226 4709 1298 4763 orbis
1312 4716 1443 4762 terrarum
1456 4725 1473 4762 a
1486 4710 1556 4763 mari
1571 4709 1701 4779 Scythico
1713 4710 1745 4764 in
1762 4727 1833 4764 mars

213 4786 347 4855 acceperit
360 4786 530 4840 decrementa
545 4788 618 4854 (cum
634 4803 688 4857 quo
704 4788 815 4857 propius
828 4786 1006 4842 descendatur
1042 4785 1237 4841 Britannicum.
1291 4788 1381 4858 Atque
1404 4787 1450 4842 hta
1476 4789 1678 4860 consequentia
1703 4805 1833 4860 aquarum

212 4881 307 4920 versus
322 4873 427 4930 terram,
441 4882 475 4919 eo
484 4872 512 4919 et
520 4865 668 4922 minoribus
681 4866 790 4920 circulis
800 4867 941 4932 conversio
949 4866 1004 4931 tiat,
1042 4865 1186 4919 manifesto
1200 4865 1341 4921 volvuntur
1357 4866 1394 4920 ab
1413 4866 1517 4922 oriente
1535 4868 1565 4922 in
1583 4868 1762 4923 occidentem.
1803 4868 1832 4922 ia

212 4952 241 4997 et
252 4942 430 4999 nihilominus
445 4945 559 5010 tardius)
574 4944 679 5015 validus
694 4952 783 4999 tamen
796 4945 890 5016 utique
905 4953 1004 5010 manet,
1043 4960 1096 5013 quo
1119 4944 1310 5001 advertendum
1332 4945 1475 5015 imprimis,
1498 4947 1528 5000 in
1553 4947 1613 5000 istis
1638 4955 1746 5002 tantum
1773 4948 1832 5001 tac-

213 5030 243 5076 ut
255 5040 356 5092 magna
369 5024 458 5093 spatia
470 5024 546 5078 brevi
560 5030 681 5093 tempore
696 5024 803 5079 vincera
816 5033 906 5095 queat
946 5024 1005 5079 Cir·
1042 5024 1093 5078 bus
1115 5023 1183 5079 locis
1204 5025 1290 5079 maria
1309 5040 1369 5078 esse
1392 5026 1487 5094 pervia
1504 5033 1532 5080 et
1549 5025 1687 5098 integrum
1704 5025 1832 5081 circulm

212 5103 415 5156 cumvolauntur
429 5102 502 5157 enim
516 5101 669 5170 hujusmodi
687 5109 798 5157 cometes
811 5105 885 5158 circa
897 5103 1004 5158 univer·
1042 5104 1173 5157 conficere
1187 5120 1279 5173 posse;
1300 5120 1362 5158 cum
1376 5112 1469 5157 contra
1481 5121 1530 5174 per
1540 5105 1646 5159 medios
1659 5106 1752 5160 muudi
1767 5113 1832 5158 trae·

213 5197 273 5235 sum
297 5182 435 5246 ambitum,
457 5188 484 5234 et
506 5188 591 5243 terrae,
614 5187 640 5234 et
659 5181 730 5234 airis
749 5181 892 5246 inferioris,
915 5182 1006 5253 spatio
1042 5189 1093 5245 tus,
1106 5182 1213 5249 objectu
1227 5182 1329 5252 duplici
1341 5183 1441 5237 veteris
1454 5190 1483 5236 et
1495 5184 1559 5237 novi
1572 5184 1646 5238 orbis
1659 5184 1832 5240 absindantur

111 5273 116 5282 ·
212 5259 310 5329 viginti
321 5269 435 5330 quatuor
443 5260 578 5322 horarum,
588 5275 650 5314 cum
660 5258 736 5313 horae
745 5260 825 5314 tinius
834 5270 881 5315 aut
892 5261 1004 5316 alterius
1042 5267 1069 5313 et
1080 5260 1276 5331 compellantur
1284 5262 1425 5333 (tanquam
1438 5261 1467 5315 iu
1477 5262 1547 5317 ostia
1558 5262 1714 5332 fluminum)
1722 5263 1752 5317 in
1766 5263 1831 5317 daos

213 5354 337 5391 excessu.
379 5337 416 5390 At
435 5347 579 5408 postquam
599 5337 634 5389 ad
653 5354 700 5390 eas
720 5338 847 5408 regiones
870 5340 1003 5394 descensu
1041 5338 1103 5392 illos
1115 5338 1206 5394 alveos
1226 5356 1387 5395 oceauorum
1406 5341 1575 5412 gemirmum
1594 5341 1721 5397 Atlantici
1742 5349 1771 5396 et
1786 5357 1831 5394 au-

213 5416 368 5469 coutinuato
384 5423 542 5484 perventum
555 5415 597 5478 sit,
612 5415 720 5486 inquas
737 5422 809 5468 terra
821 5418 878 5488 agit
890 5434 944 5471 non
959 5435 1003 5472 so·
1042 5416 1139 5481 stralis,
1158 5419 1204 5488 qui
1225 5418 1320 5473 oceani
1340 5420 1552 5490 exporriguntur
1572 5421 1644 5476 inter
1666 5429 1783 5476 ausuum
1802 5429 1831 5473 at

214 5491 271 5547 lum
293 5493 536 5548 communicatione
557 5500 660 5550 natura
683 5499 712 5547 et
731 5494 836 5549 virtutis
856 5511 913 5551 sum
926 5494 1004 5571 (qum
1041 5497 1253 5566 septentrionem
1274 5496 1346 5570 quod
1359 5497 1537 5569 adiaphorum
1551 5507 1593 5555 eat
1605 5499 1640 5557 ad
1653 5507 1750 5558 motum
1763 5514 1829 5554 con·
