3800 5875
611 286 794 344 HISTORIA
815 288 913 345 VITAE
933 289 982 344 ΕΤ
1003 290 1158 346 Moeris.
1636 296 1696 354 585

59 450 192 503 obstruat
233 448 330 520 Itaque
341 447 469 502 balneum
483 444 586 517 absque
597 447 722 500 unctione
737 449 860 518 sequenti
899 456 972 503 tactu
992 455 1023 503 et
1041 449 1173 505 munditie
1190 450 1327 518 jucunda3
1353 450 1402 506 sed
1421 450 1457 506 ad
1469 458 1590 510 noemam
1603 472 1696 527 opera-

57 529 227 599 pessimum
243 528 336 582 unctio
347 528 451 597 absque
460 525 560 580 balneo
573 526 687 596 optima.
721 527 812 580 Etiam
827 527 861 580 ad
899 530 1000 582 tionem
1016 539 1148 600 suspecta

58 608 175 664 delicias
189 608 280 677 potius
294 606 474 661 adhibebatur
487 605 541 658 ista
562 606 661 670 unctio,
675 613 758 675 atque
774 607 810 674 (si
831 606 860 659 in
939 606 987 667 27.
1010 608 1126 663 Hiberni
1148 609 1301 678 sylvestres,
1316 628 1379 665 cum
1397 610 1533 681 incipiunt
1555 622 1695 684 aegrotare,

59 689 193 757 optimam
207 695 316 757 partem
339 685 473 754 occipias)
488 684 523 738 ad
543 685 702 746 sanitateme
724 686 771 738 sed
785 685 861 739 nullo
899 687 969 741 nihil
990 688 1066 757 prius
1087 688 1198 753 faciunt,
1214 705 1295 758 qnam
1315 698 1346 744 nt
1358 690 1443 744 lintea
1456 707 1472 744 e
1486 691 1576 746 stratis
1590 693 1693 759 tollant,

58 767 142 820 modo
161 767 191 820 in
213 766 307 820 ordine
322 765 357 818 ad
376 766 460 818 vitam
477 764 647 833 longaevam,
669 764 761 834 itaque
778 764 860 819 simul
899 768 968 820 etin
981 765 1069 820 laneis
1082 768 1180 838 pannis
1194 785 1224 822 se
1239 768 1407 824 convolvant.

59 846 263 900 adhibebantur
288 852 428 915 unguenta
456 843 582 914 pretiosa,
607 860 668 914 quea
692 843 727 896 ad
747 842 859 898 delicias
938 845 985 900 28.
1008 846 1143 900 Referunt
1165 846 1297 911 nonnulli,
1319 866 1349 903 se
1373 866 1474 921 megno
1493 850 1617 907 sanitatis
1637 869 1695 909 aute

59 935 145 995 grata,
160 925 196 979 ad
214 932 337 978 nostram
357 922 537 977 intentionem
553 923 637 976 noxia
655 931 725 986 sunt,
740 923 775 976 ob
789 922 860 977 calo-
898 925 1042 979 commodo
1062 924 1149 980 laneis
1169 927 1327 981 carminatis
1346 929 1470 998 proxime
1485 929 1519 982 ad
1532 939 1629 997 cutem,
1643 934 1694 987 sub

58 1023 134 1070 rem;
156 1011 188 1060 ut
200 1004 272 1059 bene
286 1003 389 1058 dixisse
402 1002 527 1057 rideatur
540 1000 691 1073 Virgilius:
898 1004 1012 1059 induciis
1025 1006 1090 1071 suis,
1104 1022 1167 1061 usos
1186 1005 1279 1072 irrisae,
1295 1013 1350 1062 tam
1367 1008 1402 1062 ed
1424 1008 1543 1075 braccas,
1558 1028 1640 1082 qnam
1658 1013 1695 1067 ad

898 1083 1057 1153 corporalia.

937 1162 985 1218 29.
1006 1164 1058 1218 Est
1071 1172 1099 1218 et
1112 1164 1181 1220 illud
1199 1166 1403 1231 observandum,
1418 1165 1511 1222 aerem
1526 1170 1632 1239 corpori
1652 1188 1694 1226 as·

96 1241 147 1296 20.
171 1241 299 1300 Ιιιιιιιειίο
312 1260 347 1297 ex
361 1241 422 1295 oleo
435 1247 462 1294 et
475 1239 567 1294 hieme
589 1240 695 1293 confert
708 1240 744 1293 ad
762 1240 859 1294 sanita·
897 1252 1004 1297 suenrm
1018 1244 1108 1298 minus
1121 1243 1189 1299 illud
1202 1246 1361 1315 depraedari,
1375 1264 1457 1317 qnam
1473 1263 1573 1303 novum
1588 1257 1615 1303 et
1628 1251 1693 1305 sub·

56 1321 371 1390 tem,perexclusionem
380 1320 502 1392 frigoris;
517 1319 859 1383 etaestate,addetinendos
896 1321 960 1376 inde
985 1330 1135 1378 mutatum:
1170 1326 1262 1395 itaque
1286 1341 1428 1396 pauperes,
1453 1326 1552 1397 quiin
1576 1331 1692 1400 tuguriis

55 1400 173 1469 spiritus
191 1409 220 1455 et
233 1401 431 1471 prohibendam
445 1399 643 1453 exsolutionem
658 1415 760 1460 eorum,
775 1409 802 1452 ει
815 1417 858 1454 ar·
897 1403 953 1456 suis
966 1401 1039 1456 intra
1052 1404 1174 1472 proprios
1188 1404 1259 1458 lares
1279 1412 1411 1475 perpetuo
1428 1405 1529 1471 vivunt,
1542 1424 1593 1461 nec
1613 1409 1693 1463 sedes

54 1481 173 1533 cendam
187 1481 245 1534 vim
258 1481 409 1551 sineque
422 1487 485 1532 tuuc
499 1480 618 1532 maxim
632 1485 674 1532 εει
687 1479 857 1547 praedatoria.
896 1489 1010 1546 mutant,
1031 1491 1094 1536 sunt
1113 1482 1273 1555 plerumque
1292 1483 1487 1554 longrerioms:
1516 1495 1692 1544 veruntamen

96 1559 146 1613 21.
170 1558 242 1614 Cum
256 1561 376 1614 inunctio
389 1576 426 1614 ex
443 1559 505 1612 oleo
524 1558 647 1627 operatio
667 1558 703 1611 sit
723 1557 858 1613 advitam
897 1563 987 1633 quoad
1005 1560 1074 1615 elias
1093 1563 1264 1632 operationes
1285 1564 1462 1619 mutationem
1480 1561 1552 1619 aeris
1568 1567 1692 1636 (praser-

56 1637 172 1708 longam
194 1639 252 1693 fere
272 1638 479 1709 potentissimas
500 1638 588 1692 visum
609 1646 651 1691 eet
664 1637 762 1691 addere
776 1639 858 1692 cauti·
897 1643 947 1695 tim
961 1641 1102 1711 spiritibus
1116 1658 1170 1696 non
1185 1643 1294 1698 omnino
1307 1644 1453 1712 inertibus)
1467 1643 1562 1699 utilem
1575 1663 1635 1700 esse
1646 1645 1691 1722 ju·

56 1735 134 1780 ones,
148 1735 184 1773 ne
206 1718 374 1789 periclitetur
391 1716 530 1771 valetudo:
551 1733 591 1770 esc
606 1723 721 1787 quatuor
734 1725 803 1781 aunt,
818 1735 858 1771 sc·
896 1722 1034 1786 dicemus;
1055 1721 1225 1776 mediocritas
1247 1730 1337 1777 autem
1358 1723 1512 1778 adhibenda
1532 1724 1610 1789 foret,
1628 1744 1691 1797 quia

55 1798 177 1852 eundum
192 1807 308 1870 quatuor
320 1796 498 1861 incommode,
514 1813 575 1867 quae
589 1795 688 1850 exinde
702 1796 779 1867 sequi
796 1814 858 1867 pos·
895 1801 1022 1871 utrinque
1044 1801 1210 1863 satisfaciatr
1232 1801 1300 1857 illud
1319 1803 1373 1867 fiet,
1388 1803 1411 1857 si
1434 1811 1549 1874 quatuor
1562 1806 1691 1876 tempori·

58 1877 125 1930 sint.
895 1880 946 1934 bus
966 1880 1031 1934 enni
1054 1880 1100 1934 fiet
1123 1898 1173 1952 per
1190 1888 1267 1936 stata
1293 1891 1417 1951 tempora
1440 1884 1556 1937 mutatio
1578 1883 1631 1937 loci
1654 1886 1690 1939 ad

97 1955 146 2009 22·
174 1955 299 2011 Primum
313 1955 514 2010 incommodum
529 1961 578 2019 etl»
593 1954 666 2024 quod
686 1952 857 2024 reprimendo
895 1960 973 2014 sedes
987 1958 1113 2024 idoneare
1133 1977 1222 2031 neque
1236 1962 1291 2015 sint
1304 1977 1418 2031 corpora
1432 1970 1478 2016 aut
1492 1963 1521 2017 in
1535 1963 1691 2033 peregrina·

56 2035 171 2089 sudores
189 2035 299 2090 morbos
318 2036 446 2090 inducere
465 2035 559 2105 possit,
574 2051 610 2088 ex
628 2033 788 2088 humoribus
801 2032 857 2087 illis
896 2040 969 2093 tione
983 2039 1075 2104 nimia,
1090 2040 1180 2094 autin
1200 2041 1325 2094 statione.
1368 2041 1456 2112 litque
1474 2040 1508 2096 de
1529 2044 1689 2112 operatione

55 2115 295 2169 excrementitiist
316 2114 380 2168 hnic
394 2113 544 2169 remedium
557 2113 740 2168 adhibendum
759 2121 800 2167 εει
821 2129 857 2168 ex
895 2135 944 2189 per
958 2118 1143 2174 exclusionem
1156 2120 1235 2186 airis,
1245 2129 1273 2175 ει
1285 2121 1319 2174 de
1333 2120 1458 2177 evitanda
1469 2121 1497 2176 vi
1510 2123 1571 2193 ejus
1583 2123 1690 2195 praeda·

54 2193 267 2264 purgationibus
279 2201 308 2248 et
318 2194 461 2263 clysteriis,
474 2200 505 2248 ut
514 2193 683 2247 evacuationi
691 2191 782 2247 debite
795 2209 864 2270 con-t
895 2198 973 2264 toria,
985 2198 1045 2253 haeo
1059 2199 1133 2254 dieta
1146 2199 1209 2254 sint.

55 2272 176 2337 sulatum
198 2282 301 2327 certum
316 2274 389 2328 enim
402 2280 444 2328 est
464 2273 668 2327 evacuationem
682 2289 731 2341 per
745 2272 856 2326 sudores

177 1128 195 1152 ‘⁴
203 1124 258 1173 Nec
267 1125 331 1173 casis
338 1123 422 1186 liquidi
432 1122 589 1184 corrumpitur
597 1137 654 1169 usus
663 1120 743 1169 olivi.''

54 2353 169 2407 sanitati
190 2351 352 2424 plerumque
372 2352 512 2416 conferre3
534 2350 700 2424 longitudini
720 2351 784 2406 vitre
797 2352 855 2405 offi·
913 2385 917 2394 ·
1271 2373 1314 2413 111.

54 2448 127 2486 cere.
170 2432 320 2503 Purgatira
333 2439 423 2486 antem
433 2432 572 2485 moderata
582 2433 611 2485 in
620 2430 748 2485 humores
761 2436 855 2503 agunt,

52 2527 110 2565 non
123 2512 155 2564 in
168 2512 289 2581 spiritns,
305 2511 377 2581 quod
390 2511 457 2565 facit
469 2511 559 2565 sudor.

93 2591 146 2646 23.
171 2591 325 2646 8εειιιιιιιιιιι
353 2590 554 2645 incommodum
580 2597 630 2653 est,
659 2590 731 2660 quod
757 2605 856 2658 corpus

52 2670 208 2724 calefacere
228 2673 314 2741 possit
338 2676 366 2723 et
385 2670 500 2724 subinde
524 2670 712 2732 inflammare3
744 2668 855 2738 spiritns
936 2670 960 2724 l.
982 2668 1162 2740 Operationes
1183 2669 1244 2724 duae
1265 2675 1412 2741 sequentes
1432 2677 1495 2725 sunt
1568 2723 1573 2732 ,
1624 2724 1629 2733 ,

52 2750 130 2804 enim
150 2749 277 2804 occlusus
296 2765 346 2803 nec
365 2749 529 2820 perspirnns,
544 2749 690 2802 ferventior
711 2756 770 2802 est:
790 2746 855 2802 huic
894 2749 1098 2819 operationibus
1136 2749 1241 2804 duabus
1276 2749 1493 2820 praecedentibus
1544 2722 1651 2765 Hm*

53 2830 231 2883 incommodo
244 2830 399 2894 occurritur,
414 2830 437 2883 si
451 2829 575 2883 diaetant
593 2827 740 2899 plurimum
759 2834 856 2897 vergat
893 2835 1023 2901 tanquam
1036 2828 1232 2899 antistrophae;
1260 2835 1342 2901 atque
1355 2829 1391 2883 iia
1409 2829 1581 2900 respondent,
1596 2847 1690 2900 quem-

53 2909 90 2963 ad
104 2907 245 2980 frigidum,
266 2916 296 2964 et
308 2916 451 2964 sumantur
463 2909 573 2979 propria
587 2907 711 2980 quadam
725 2907 759 2961 ad
778 2906 855 2962 refri-
893 2908 1038 2964 admodum
1058 2907 1169 2979 passiva
1188 2909 1302 2975 actinsr
1326 2908 1512 2980 procedentes
1532 2909 1606 2964 enim
1627 2910 1689 2966 dure

52 2989 208 3060 gerandum
223 2989 375 3059 pervices:
397 2988 430 3042 de
446 2988 544 3059 quibus
563 3005 629 3044 mox
647 2988 677 3041 in
698 2988 855 3058 operatione
893 2988 922 3042 id
935 2997 1028 3060 agunt,
1043 2997 1073 3042 ot
1086 2987 1198 3057 spiritns
1214 2996 1243 3042 et
1260 2988 1309 3044 aiir
1330 2989 1483 3043 actionibus
1496 2988 1554 3043 suis
1567 2989 1622 3042 sint
1634 2990 1688 3043 mi-

53 3086 138 3140 snper
151 3070 315 3139 sanguinem
328 3069 505 3140 inquiremus.
893 3085 944 3123 nus
965 3068 1172 3139 depredantes3
1194 3066 1239 3122 hae
1261 3086 1334 3133 vero,
1354 3076 1386 3123 nt
1407 3068 1519 3139 sanguis
1542 3075 1571 3122 et
1593 3085 1689 3124 succus

94 3148 143 3202 24.
165 3148 290 3203 Tertium
304 3156 352 3213 est,
366 3148 438 3218 quod
451 3154 531 3218 capnt
544 3164 657 3219 gravare
672 3144 775 3218 possit;
795 3162 854 3200 orn·
893 3149 1014 3219 corporis
1035 3147 1091 3202 sint
1114 3147 1206 3201 minus
1225 3148 1431 3219 depraedabilea.
1471 3148 1606 3209 Quoniam
1624 3165 1690 3202 vero

53 3228 99 3282 nia
113 3228 190 3282 enim
203 3227 325 3298 oppletio
338 3228 508 3282 extrinsecus
521 3227 669 3297 repercutit
690 3242 813 3296 vapores,
828 3232 855 3279 et
893 3229 1004 3299 sanguis
1024 3233 1067 3282 εει
1090 3226 1215 3298 irrigatio
1238 3245 1379 3283 succomm
1401 3235 1429 3282 et
1449 3227 1639 3292 membrorum,
1662 3236 1690 3282 et

52 3325 102 3361 eoa
124 3307 210 3361 mittit
232 3323 326 3361 versus
349 3313 445 3376 capnt:
465 3306 529 3361 hnic
550 3306 722 3361 incommodo
744 3305 855 3359 omnino
892 3308 1057 3378 praeparatio
1076 3306 1111 3361 ad
1135 3323 1181 3371 ea3
1216 3308 1400 3377 operationem
1420 3324 1503 3377 super
1527 3307 1690 3376 sanguinem

52 3386 207 3441 occurritur
230 3402 279 3456 per
301 3386 459 3450 cathartica,
484 3386 634 3456 prasertim
654 3384 794 3455 clysteria;
826 3391 855 3438 ct
893 3387 982 3457 primo
1000 3387 1063 3441 loco
1083 3385 1256 3443 collocamus.
1307 3386 1388 3441 Circa
1407 3387 1478 3441 hanc
1502 3387 1689 3456 operationem

52 3466 207 3520 claudendo
227 3482 257 3519 os
280 3465 423 3520 ventriculi
447 3466 553 3520 fortiter
574 3482 637 3519 cum
659 3464 804 3534 stypticis3
825 3472 855 3518 et
892 3482 1075 3537 proponemus
1086 3465 1200 3520 consilia
1210 3483 1322 3522 numero
1331 3483 1426 3536 pauca,
1438 3466 1486 3521 sed
1500 3465 1528 3520 vi
1540 3464 1619 3521 valde
1630 3467 1689 3520 effi·

52 3546 190 3616 pectendo
209 3552 238 3599 et
257 3546 380 3600 fricando
391 3551 481 3615 capnt,
496 3545 581 3599 etiam
597 3562 660 3599 cum
680 3543 784 3598 lixiviis
797 3543 854 3598 ido-
892 3547 985 3600 cacia:
1006 3562 1041 3600 ea
1054 3545 1107 3599 tria
1121 3553 1191 3600 snut.

51 3627 122 3689 neia,
136 3633 169 3678 nt
182 3624 286 3696 aliquid
299 3624 426 3690 exhalet3
447 3633 474 3677 et
487 3641 544 3678 non
561 3624 711 3679 omittendo
724 3623 854 3677 exercita·
931 3627 960 3682 2.
980 3625 1075 3680 Primo
1088 3625 1200 3680 dubium
1212 3633 1328 3689 nonest,
1343 3625 1409 3697 quin
1422 3624 1446 3680 si
1463 3624 1575 3696 sanguis
1588 3624 1624 3678 sit
1641 3622 1690 3677 ali·

52 3707 158 3759 tionem
171 3704 280 3769 bonam,
292 3712 321 3759 et
334 3703 442 3776 qualem
456 3704 591 3771 convenit,
605 3711 636 3758 nt
650 3703 734 3758 etiam
746 3719 797 3774 per
809 3718 854 3757 cn·
893 3713 996 3776 quanto
1022 3704 1156 3775 frigidior,
1183 3705 1275 3760 minus
1305 3706 1410 3761 futurus
1438 3704 1474 3759 sit
1499 3702 1687 3772 dissipabilis:

54 3794 112 3839 tem
124 3783 254 3839 nonnihil
266 3784 408 3855 perspiret.
892 3786 1021 3853 qnoniam
1041 3800 1107 3838 vero
1127 3800 1188 3853 qum
1208 3801 1257 3855 per
1277 3801 1309 3839 os
1335 3792 1477 3839 sumuntur
1495 3782 1605 3853 frigida,
1625 3799 1689 3837 cum

92 3864 143 3919 25.
165 3863 297 3924 Quartum
316 3863 517 3919 incommodum
536 3862 660 3918 subtilius
678 3869 720 3918 est
733 3862 852 3928 malum
891 3863 1004 3935 reliquis
1018 3863 1212 3918 intentionibus
1226 3863 1301 3918 baud
1314 3864 1408 3935 paucis
1421 3862 1492 3918 male
1505 3861 1687 3927 conveniente

52 3945 183 3999 videlicet
197 3944 269 4014 quod
283 3944 401 4015 spiritns,
415 3944 540 3998 detentus
560 3959 610 4014 per
629 3942 780 3996 clausuram
802 3958 852 4011 po·
891 3943 954 3997 ideo
968 3944 1100 4013 optimum
1114 3942 1185 3995 foret
1198 3941 1253 3997 alia
1266 3944 1395 4007 invenire,
1406 3961 1466 4014 quae
1480 3958 1536 3996 non
1550 3949 1614 3996 sunt
1627 3958 1689 3996 cum

53 4042 156 4088 rorum,
173 4023 297 4077 videatur
310 4040 390 4094 posse
411 4024 532 4092 seipsum
549 4022 633 4076 nimis
652 4021 852 4091 multiplicare,
891 4022 1043 4077 istiusmodi
1057 4022 1236 4077 incommodis
1249 4022 1419 4093 complicata
1459 4022 1502 4075 Ea
1515 4021 1569 4076 duo
1583 4028 1654 4075 sunt.

53 4104 120 4173 quia
141 4120 207 4157 eum
227 4119 324 4173 parum
339 4102 437 4168 evolet,
451 4110 480 4156 et
493 4103 621 4156 continuo
639 4101 750 4172 spiritns
766 4117 853 4156 novus
931 4101 959 4157 3.
980 4102 1060 4156 Prius
1074 4100 1230 4169 hujusmodi
1245 4112 1303 4167 est;
1324 4103 1491 4156 adducantur
1504 4101 1532 4155 in
1546 4117 1633 4164 nsum,
1649 4100 1689 4154 id·

53 4191 210 4253 generetur,
231 4183 344 4236 nimium
365 4182 494 4236 increscit
516 4181 634 4250 spiritus,
648 4188 677 4234 ει
695 4180 735 4235 sic
755 4197 853 4250 corpus
892 4199 944 4253 qne
968 4181 1087 4236 maxime
1110 4183 1141 4235 in
1161 4181 1310 4250 juventute,
1333 4181 1461 4252 clysterio
1484 4179 1555 4234 nihil
1577 4180 1689 4235 omnino

53 4264 138 4317 etiam
162 4261 224 4331 plns
242 4261 358 4332 praedari
378 4262 481 4332 possit:
501 4278 596 4315 verum
609 4259 662 4315 hoo
675 4277 730 4315 non
743 4276 853 4329 prorsus
891 4262 1037 4333 purgantis
1050 4261 1308 4333 autabstcrgentia3
1330 4261 1379 4316 sed
1393 4259 1560 4316 solummodo
1573 4260 1689 4330 refrige-

52 4343 93 4395 ita
114 4359 145 4396 se
167 4340 269 4406 habet;
289 4358 353 4395 nam
371 4341 482 4413 spiritus
505 4340 594 4394 omnis
612 4340 755 4395 conclusus
767 4339 853 4394 hebes
891 4343 978 4396 rantia
992 4349 1019 4396 et
1032 4339 1158 4395 nonnihil
1168 4341 1333 4411 operientia:
1344 4341 1468 4412 probata
1478 4344 1541 4394 sunt
1551 4357 1612 4411 quae
1621 4340 1690 4393 fiunt

53 4424 91 4487 fit,
114 4420 238 4492 (quando
258 4421 368 4492 quidem
386 4419 531 4475 ventiletur
549 4427 624 4474 motu
646 4420 764 4491 spiritns,
783 4427 855 4474 utet
891 4439 928 4476 ex
946 4422 1035 4476 succis
1055 4420 1175 4486 lactucae,
1195 4420 1350 4490 portulaca,
1368 4420 1510 4492 hepaticis,
1529 4420 1613 4473 etiam
1630 4418 1688 4473 sedi

52 4500 188 4568 flamma)
212 4500 328 4571 ideoque
351 4501 440 4555 minus
463 4500 568 4553 activrss
588 4507 637 4564 est,
651 4508 679 4552 et
698 4500 789 4554 minus
810 4499 852 4553 aui
891 4501 1009 4570 majoris,
1031 4507 1059 4555 et
1075 4498 1247 4571 mucilaginis
1268 4500 1379 4556 seminis
1396 4498 1497 4569 psyllii,
1511 4516 1574 4553 cum
1591 4497 1688 4552 decoc-

52 4596 204 4652 generans3
226 4579 317 4634 calore
337 4588 408 4634 certe
429 4589 531 4642 aucnu,
547 4580 591 4650 (nt
610 4587 639 4633 ει
657 4577 789 4646 flamma)
804 4580 853 4633 sed
892 4581 965 4635 tione
979 4580 1072 4651 aliqua
1085 4587 1236 4649 temperata
1252 4580 1399 4650 aperiente,
1414 4578 1529 4633 admisto
1550 4576 1689 4648 aliquanto

52 4669 129 4714 motu
143 4660 241 4730 piger:
262 4661 309 4713 sed
323 4668 351 4713 ει
364 4659 430 4713 ιιιιίε
450 4659 624 4713 incommodo
636 4658 788 4713 remedium
807 4658 853 4712 ad·
891 4660 1036 4730 capharei:
1056 4676 1151 4713 verum
1172 4667 1301 4729 vergente
1323 4666 1412 4724 aetste,
1434 4658 1574 4713 omittatur
1594 4656 1689 4711 sedum

52 4740 144 4794 hiberi
169 4738 256 4809 possit
278 4755 295 4791 s
316 4738 423 4810 frigidis
446 4738 507 4792 oleo
530 4738 691 4810 quandoque
710 4737 851 4803 admistis,
891 4740 979 4809 majus
992 4745 1022 4793 et
1034 4738 1181 4810 portulaca,
1196 4748 1223 4792 et
1239 4739 1436 4794 substituantur
1451 4737 1526 4793 succi
1540 4735 1688 4805 boraginis,

53 4818 147 4891 qualia
161 4826 227 4872 sunt
240 4835 301 4872 rosa
314 4827 342 4872 et
355 4826 474 4888 myrtum
495 4835 559 4872 nam
573 4817 670 4872 calidis
684 4817 794 4872 omnino
807 4818 853 4871 ab·
891 4826 919 4873 ει
932 4817 1055 4882 endiviae,
1067 4825 1112 4872 ant
1121 4816 1267 4882 similium
1289 4825 1370 4890 atque
1382 4817 1549 4873 retineantur
1559 4812 1689 4882 clysterio

52 4898 219 4962 sumendum,
233 4905 264 4951 nt
277 4898 433 4951 dictumest
445 4898 479 4951 de
491 4899 575 4952 casia
891 4897 1046 4968 hujusmodi
1060 4904 1191 4967 quantum
1209 4897 1267 4952 fieri
1286 4904 1384 4968 potest,
1404 4896 1440 4951 ad
1458 4896 1554 4951 horam
1573 4892 1687 4958 scilicet,

91 4978 140 5031 26.
163 4978 264 5047 Neque
285 4977 388 5031 inutilis
403 4986 444 5031 est
457 4976 605 5047 applicatio
623 4977 659 5030 ad
678 4993 778 5048 corpus
791 4993 852 5031 ves·
891 4986 938 5032 aut
950 4976 1078 5048 amplius.

51 5056 129 5119 tiam,
142 5073 205 5125 quae
220 5064 250 5110 et
262 5055 367 5126 ipsaein
380 5072 409 5110 se
424 5055 525 5111 habent
538 5056 643 5128 aliquid
655 5056 781 5111 unctuosi
794 5057 852 5111 siva
931 5060 960 5112 4.
980 5056 1103 5111 Alterum
1117 5060 1159 5110 est
1171 5055 1322 5124 ejusmodi,
1343 5056 1372 5110 in
1392 5072 1443 5109 usu
1463 5055 1524 5117 sint,
1538 5049 1689 5122 prasertim

52 5136 148 5200 oleosi,
170 5152 228 5189 non
251 5136 364 5205 aquosi:
394 5135 449 5190 illae
473 5135 548 5190 enim
571 5136 736 5191 exhaurient
754 5152 853 5207 corpus
890 5143 992 5200 astate,
1006 5135 1105 5189 balnea
1117 5151 1197 5206 aquae
1210 5134 1297 5190 dulcis
1310 5142 1339 5189 et
1349 5135 1453 5189 modice
1464 5130 1608 5187 admodum
1621 5130 1690 5199 tepi-

52 5216 162 5279 minos;
185 5215 282 5286 quales
301 5224 362 5269 sunt
375 5232 412 5269 ex
429 5215 499 5279 lana,
514 5216 603 5285 potins
621 5233 703 5288 qnam
722 5232 761 5270 ex
781 5212 852 5270 lino:
891 5216 941 5281 da,
956 5231 1067 5287 prorsus
1080 5214 1184 5286 absque
1198 5214 1405 5280 emollientibus,
1417 5211 1514 5275 malva,
1526 5207 1689 5273 mercuriali,

52 5305 124 5350 certe
147 5293 324 5349 manifestum
341 5295 425 5350 estin
439 5294 581 5366 spiritibus
594 5295 715 5358 odorum,
735 5294 807 5364 quod
829 5292 852 5349 si
890 5294 970 5360 lacte,
985 5303 1020 5350 et·
1033 5293 1187 5359 similibns3
1211 5294 1374 5349 adhibeatur
1386 5291 1477 5364 potius
1499 5286 1590 5344 serum
1610 5287 1690 5342 lactis

53 5391 139 5444 ponas
160 5373 288 5444 pulveres
307 5374 431 5428 οᾶοιιιιοε
452 5375 523 5427 inter
546 5374 638 5440 lintea,
663 5373 749 5429 multo
774 5374 854 5428 citius
890 5391 987 5431 recens
1000 5375 1029 5429 in
1042 5372 1173 5428 nonnulla
1186 5374 1344 5445 quantitate,
1358 5379 1385 5426 et
1400 5387 1471 5425 rosa.

53 5456 182 5510 virtutem
196 5453 322 5524 perdunt,
340 5470 419 5525 quarn
435 5454 504 5509 inter
523 5453 611 5509 lenes.
655 5455 749 5525 ltaque
771 5452 854 5508 linteo
932 5455 959 5511 5.
980 5455 1091 5519 Verum,
1113 5453 1186 5526 quod
1209 5461 1292 5525 caput
1312 5452 1352 5507 rei
1377 5458 1419 5506 est
1439 5456 1468 5504 ει
1487 5464 1599 5513 novum,
1622 5447 1690 5504 illud

894 2496 1034 2536 oasitano
1055 2495 1144 2535 SUPER
1165 2495 1341 2535 eonsumitur
1361 2497 1397 2536 lta·
1417 2497 1548 2537 catonem
1570 2497 1690 2539 aaroni·

1214 2575 1367 2616 nicensem.
