3800 5875
215 294 274 353 860
734 299 785 355 DE
808 296 1033 355 anamais
1054 298 1329 356 samartanum.
1721 298 1787 356 Lan
1801 300 1834 357 V.

215 457 385 513 tentatafuit.
406 458 1011 531 Haudtameusciosniuhacipsare(dequo
1046 459 1088 512 ita
1113 459 1240 529 expedite
1267 467 1295 514 et
1321 458 1477 525 commode)
1500 458 1618 528 reperiet
1643 466 1674 513 et
1700 458 1836 528 producet

215 553 286 592 nunc
300 537 420 610 agimum
435 554 489 592 uon
502 538 606 610 aliquid
619 539 712 609 magni
723 539 823 593 lateat:
845 539 877 602 si,
888 540 1008 609 inquam,
1048 538 1124 592 Adeo
1150 546 1181 593 ut
1207 537 1261 592 hoc
1288 555 1375 609 genus
1400 535 1565 593 inventionis
1593 537 1678 609 (sicut
1703 538 1835 608 diximus)

215 632 324 671 omnem
337 616 455 686 lapidem
469 619 498 672 in
512 628 607 672 natura
620 634 739 673 moveas.
779 617 1009 688 Magnaliaenim
1047 616 1167 672 inventio
1190 618 1300 689 proprie
1321 634 1378 672 non
1399 618 1450 683 sits
1471 617 1520 672 sed
1542 617 1663 671 reductio
1685 624 1792 671 tautum
1810 620 1838 673 iu

215 704 319 750 natura
332 697 387 750 fere
402 706 480 751 extra
493 699 552 751 rias
566 699 643 752 tritas
656 706 683 751 et
697 698 799 752 orbitas
811 704 890 751 noma
906 699 1008 765 jacent,
1046 697 1214 761 memoriam,
1225 698 1283 752 sire
1297 699 1514 768 suggestionum
1534 695 1727 767 applicatione.
1767 698 1839 751 Atta·

215 782 246 828 ut
259 777 343 830 etiarn
356 776 506 830 absurditas
521 778 559 830 rei
574 776 815 848 aliqnandojuvet.
851 776 887 831 At
901 776 924 831 si
939 778 1008 831 ratio
1046 792 1117 840 meu,
1132 778 1260 847 quoniam
1274 776 1434 831 vocabulum
1453 775 1571 830 invaluit
1588 784 1617 830 et
1635 784 1777 846 receptum
1791 786 1839 841 est,

216 853 296 908 simul
310 856 460 920 comitetur,
475 856 503 910 id
521 866 571 920 est,
585 864 616 910 ut
629 864 656 909 et
672 856 845 911 manifestum
859 856 904 921 sit,
919 856 1008 911 simile
1046 866 1157 910 vocetur
1170 871 1235 911 sane
1248 856 1381 920 iuvenum
1402 855 1537 927 siquidem
1548 855 1631 909 etiarn
1645 855 1713 910 ferra
1725 856 1839 923 alicujus

216 934 430 1004 experimentum
448 951 587 1007 uunquam
605 943 737 989 tentatum
760 936 851 999 fuisse,
867 943 895 989 ct
916 942 1008 990 tamen
1046 935 1157 990 venado
1172 941 1199 988 et
1211 936 1340 997 inventio,
1355 952 1409 990 nou
1429 936 1518 989 miuus
1532 951 1594 989 curu
1613 934 1663 988 iila
1682 934 1757 988 intra
1770 938 1839 990 virs·

215 1029 297 1067 causa
311 1014 397 1068 subsit
410 1031 517 1086 magna,
531 1033 579 1068 cur
589 1022 720 1079 tentatum
742 1021 801 1070 tum
813 1031 879 1069 vero
892 1015 951 1068 irasc
964 1032 1008 1069 res
1046 1013 1148 1068 riorum
1163 1021 1242 1084 septa
1254 1014 1407 1086 indagetur,
1421 1031 1503 1086 quam
1517 1031 1580 1069 cum
1590 1014 1621 1068 in
1633 1014 1752 1068 saltibus
1765 1031 1839 1085 aper·

215 1108 252 1146 ex
265 1093 374 1161 optimis
388 1101 437 1158 est,
451 1104 479 1147 et
494 1094 573 1163 plane
588 1095 663 1148 sinus
682 1104 785 1149 naturas
799 1094 910 1149 excutit
952 1095 1008 1148 Ex·
1047 1092 1090 1157 tis,
1114 1093 1168 1148 dici
1191 1094 1286 1163 possit.
1331 1094 1425 1149 Missis
1442 1110 1509 1148 vero
1529 1094 1676 1148 verborum
1695 1095 1837 1163 scrupulis,

215 1172 298 1242 empti
312 1173 415 1242 gratia:
436 1173 466 1226 iu
480 1173 638 1243 operatione
648 1174 721 1245 ignis
735 1190 818 1243 super
830 1172 941 1245 aliquod
951 1190 1007 1227 cor-
1045 1171 1114 1227 illud
1139 1180 1250 1236 constet,
1278 1190 1390 1243 scopum
1416 1181 1444 1227 et
1469 1174 1553 1227 tinam
1579 1172 1694 1242 hujusce
1719 1174 1761 1227 rei
1782 1191 1837 1228 esse

215 1267 267 1321 pus
279 1252 408 1317 naturale,
419 1251 534 1307 alterum
544 1254 641 1307 horum
652 1254 783 1307 hactenus
792 1270 900 1323 semper
908 1253 1007 1317 evenit,
1045 1252 1286 1323 promptitudinem
1300 1253 1435 1325 quandam
1448 1260 1476 1307 et
1483 1253 1643 1323 expeditum
1655 1269 1739 1307 usum
1751 1254 1839 1324 cogni-

216 1339 245 1384 ut
263 1340 311 1385 aut
333 1330 437 1402 aliquid
457 1333 547 1387 evolet
567 1332 664 1402 (veluti
683 1334 794 1387 flamma
813 1342 842 1387 et
862 1333 960 1395 furnas,
978 1332 1008 1386 in
1046 1330 1128 1386 tionis
1140 1340 1248 1396 nostrae,
1262 1334 1447 1404 potiusquam
1460 1332 1583 1401 quadem
1599 1331 1837 1403 amplificationem

214 1411 398 1466 combustione
411 1410 530 1480 vulgari)
545 1421 592 1464 aut
611 1411 708 1467 saltem
724 1414 772 1466 fiat
793 1413 928 1482 separatio
947 1429 1008 1483 par-
1047 1418 1093 1464 sut
1106 1411 1311 1466 incrementum.

215 1490 283 1544 tium
297 1491 401 1556 localis,
416 1500 443 1546 et
462 1491 496 1545 ad
516 1489 675 1546 nonnullam
692 1492 857 1557 distantiam,
871 1492 944 1546 utin
962 1491 1008 1545 de·
1085 1489 1174 1561 Atque
1186 1498 1219 1544 ut
1231 1498 1327 1561 parata
1342 1490 1380 1544 sit
1392 1497 1420 1543 at
1432 1489 1621 1545 dimeretrdum
1634 1491 1726 1561 copis,
1739 1491 1837 1562 duplex

214 1569 396 1635 stillationem,
411 1571 457 1626 ubi
479 1571 560 1624 laeces
578 1570 724 1635 subsident,
738 1572 853 1641 vapores
873 1571 903 1625 in
915 1587 1008 1640 recep-
1045 1569 1114 1623 ratio
1127 1570 1190 1623 iniri
1205 1577 1305 1640 potest.
1345 1570 1400 1624 Aut
1412 1577 1442 1624 ut
1454 1570 1613 1641 designetur
1621 1575 1649 1623 et
1662 1571 1744 1641 quasi
1753 1571 1837 1626 indiae

214 1649 310 1714 tacula,
325 1659 469 1722 postquam
483 1649 601 1713 luserint,
617 1660 826 1722 congregantur.
867 1650 904 1705 At
917 1649 1007 1705 destil·
1045 1656 1215 1713 monstretur,
1229 1649 1264 1704 sd
1279 1666 1347 1721 quaa
1367 1656 1458 1719 partes
1471 1667 1530 1703 rem
1548 1649 1681 1720 indagare
1700 1658 1836 1722 oporicen

213 1727 341 1784 lationem
354 1729 475 1784 clausam
490 1730 542 1797 (ita
562 1730 634 1783 enirn
657 1746 718 1785 earn
731 1748 828 1785 vocare
848 1729 1006 1801 possumus)
1046 1734 1125 1799 atque
1139 1728 1199 1783 haec
1213 1735 1255 1784 est
1268 1746 1309 1792 ea,
1324 1744 1547 1801 quamvocamus
1566 1729 1696 1798 topicam.
1740 1731 1794 1785 Aut
1810 1738 1839 1783 ut

214 1824 295 1862 nemo
308 1809 462 1864 mortalium
485 1807 574 1862 adhuc
596 1810 727 1864 tentarit:
748 1809 897 1865 verisimile
916 1818 1007 1864 autern
1042 1807 1100 1874 jam
1115 1815 1196 1861 antea
1208 1808 1358 1878 composita
1371 1808 1434 1872 sint,
1448 1816 1475 1861 et
1488 1809 1517 1862 iu
1531 1824 1612 1862 usum
1625 1809 1753 1879 reposita
1764 1826 1837 1879 argu

213 1888 320 1942 videtur
333 1888 389 1942 rim
402 1888 507 1951 caloris,
522 1888 545 1941 si
559 1888 630 1941 intra
643 1887 760 1943 claustra
772 1890 893 1960 corporis
907 1906 957 1944 sua
977 1889 1006 1943 in
1046 1895 1145 1952 ments,
1159 1888 1232 1942 circa
1246 1904 1293 1942 eas
1306 1905 1358 1952 rea
1373 1905 1435 1958 quar
1449 1887 1618 1959 frequentius
1632 1887 1760 1943 incidunt
1773 1896 1800 1942 et
1811 1890 1836 1942 in

214 1966 353 2021 alterando
366 1967 428 2021 edat
442 1968 576 2031 facinora;
596 1985 660 2022 cum
672 1984 723 2021 uec
734 1970 840 2037 jactura
853 1970 900 2022 fiat
914 1985 1007 2040 corpo
1045 1965 1269 2037 disceptationem
1281 1968 1410 2030 veniunt,
1431 1974 1513 2038 atque
1534 1966 1607 2021 hauc
1624 1969 1837 2038 promptuarium

214 2046 262 2113 ris,
277 2062 327 2100 uec
341 2047 423 2100 etiam
437 2046 565 2100 liberatio
576 2068 582 2110 ς
605 2055 663 2101 turn
676 2047 785 2102 demum
798 2048 871 2103 hunc
885 2050 1007 2103 materiae
1044 2047 1252 2101 nominabimus.
1281 2047 1349 2101 Hanc
1360 2056 1450 2100 autem
1462 2047 1596 2116 posterior
1609 2055 1745 2119 tanquam
1758 2048 1837 2102 scien·

214 2124 349 2189 Proteum,
374 2125 458 2180 veluti
482 2125 597 2179 manicis
620 2125 768 2191 detentum,
792 2127 827 2181 ad
854 2128 1007 2198 complures
1045 2124 1090 2180 tior
1103 2141 1167 2195 pars
1181 2126 1229 2180 rix
1248 2126 1302 2180 dici
1317 2133 1521 2189 marciriacum
1541 2125 1571 2180 irr
1584 2126 1735 2197 diligentia
1754 2127 1838 2198 potius

214 2205 464 2260 transformationes
478 2206 640 2269 adsumam,
655 2206 678 2259 si
699 2206 780 2260 modo
800 2207 925 2261 calorita
939 2215 1007 2262 tem·
1045 2205 1181 2270 consistat,
1209 2222 1290 2276 quam
1323 2206 1353 2259 in
1385 2204 1535 2259 eruditione
1560 2204 1656 2277 aliqua
1682 2207 1836 2261 manaim

214 2293 324 2353 peretur
333 2291 360 2337 et
373 2283 527 2349 alternetur,
540 2293 572 2338 ut
583 2300 637 2338 unn
652 2285 699 2338 liat
708 2303 834 2340 vasorum
846 2286 1005 2341 coustantio.
1044 2283 1228 2339 Veruntamen
1241 2285 1294 2340 hac
1310 2284 1339 2338 in
1351 2291 1431 2354 parte
1444 2282 1614 2350 trimatum
1627 2285 1775 2357 ingeniose
1786 2286 1837 2357 qui·

214 2363 265 2417 Eat
278 2363 424 2417 enimhoec
438 2381 482 2418 res
495 2364 600 2417 matrici
622 2364 720 2419 similis
733 2365 857 2430 naturali,
872 2367 918 2420 ubi
933 2366 1008 2421 calor
1044 2362 1114 2425 dem,
1135 2365 1183 2418 sed
1211 2371 1301 2419 tamen
1325 2364 1462 2428 damnose,
1484 2362 1623 2432 sophistas
1644 2365 1688 2419 sui
1710 2365 1838 2436 temporis

214 2450 349 2512 operatur,
362 2443 433 2497 nihil
446 2443 567 2513 corporis
581 2451 629 2497 aut
642 2445 775 2500 emittitur
786 2453 833 2500 aut
846 2454 1005 2515 separaturr
1044 2442 1155 2509 deridet,
1169 2444 1310 2514 iuquiens:
1332 2450 1349 2476 ‘⁴
1361 2443 1479 2498 Perinde
1500 2442 1563 2497 illos
1580 2442 1680 2508 facere,
1695 2461 1731 2499 ac
1746 2446 1837 2516 siquis

216 2522 270 2577 nisi
281 2523 353 2593 quod
363 2522 391 2576 in
401 2523 513 2577 matrice
523 2524 703 2592 coniungatur
715 2524 899 2591 alimentntio;
913 2543 1006 2580 rerum
1044 2520 1207 2577 calcearium
1220 2523 1366 2594 professus,
1374 2523 1507 2577 rationem
1515 2523 1602 2577 calcei
1614 2524 1839 2580 conficiendinm

214 2612 347 2672 quatenus
365 2604 400 2657 sd
418 2603 570 2657 versionem
592 2603 688 2658 eadem
708 2621 753 2658 res
765 2604 880 2660 ridetur.
923 2605 1006 2662 'l'ales
1044 2601 1160 2668 doceret,
1174 2603 1222 2657 sed
1241 2603 1385 2657 exhiberet
1398 2610 1503 2656 tautum
1515 2601 1623 2657 calceos
1636 2604 1837 2674 complurimos,

213 2681 298 2753 igitur
311 2691 374 2736 sunt
387 2690 473 2736 sortes
486 2682 678 2751 experimenti.
1044 2681 1159 2737 diversae
1172 2691 1229 2738 tarn
1242 2684 1337 2738 forma
1351 2698 1432 2753 quarn
1445 2680 1669 2752 magnitudinis.”
1713 2684 1837 2739 Attamen

254 2761 325 2816 illud
347 2761 463 2827 interim,
478 2762 552 2815 circa
572 2761 727 2831 hujusmodi
743 2764 932 2834 experimenta
945 2781 1005 2820 mo·
1044 2760 1090 2816 hic
1113 2778 1239 2833 regerere
1263 2762 1360 2826 liccam
1381 2761 1552 2827 calcearium,
1573 2762 1597 2816 si
1619 2762 1650 2816 iu
1672 2763 1786 2818 officina
1801 2762 1840 2816 nil

212 2857 325 2906 nemuss
339 2848 369 2895 ut
381 2858 463 2896 nemo
474 2842 703 2905 animocancidat,
712 2849 758 2898 aut
771 2845 848 2913 quasi
857 2844 1005 2898 confunda·
1044 2839 1198 2897 calceorum
1212 2842 1331 2906 haberet,
1340 2858 1429 2912 neque
1438 2857 1485 2896 eos
1494 2849 1637 2896 consueret
1650 2842 1708 2898 nisi
1717 2850 1836 2914 rogatusr

213 2928 262 2986 tur,
285 2921 309 2976 si
329 2921 525 2992 experimenta,
545 2922 644 2994 quibus
664 2923 802 2988 incumbit,
821 2924 1006 2994 expectationi
1045 2939 1161 2994 egenum
1173 2927 1660 2994 prorsusmanarrrum,etperpaucaa
1670 2922 1837 2979 inventuram

213 3018 269 3056 suae
282 3018 337 3056 nou
350 3003 538 3072 respondeant.
579 3003 687 3057 Etenim
703 3004 773 3074 quad
783 3004 909 3069 succedit,
917 3005 1007 3076 magis
1044 3009 1187 3072 emptores.
1237 3000 1293 3056 Sed
1318 3000 1400 3072 langa
1427 3000 1506 3055 aliter
1529 3000 1655 3057 Salvator
1680 3013 1783 3068 noster,
1807 3002 1836 3056 ds

212 3080 378 3151 complacetr
396 3089 425 3135 at
439 3083 510 3154 quod
528 3099 583 3136 non
604 3083 730 3147 succedit,
745 3098 933 3153 sepenumero
952 3101 1007 3138 nou
1044 3080 1627 3151 ι1ἰνίιιιιεοίοιιιίιιιειιιαιιιοίιιιιι,ἰυιῑιιίι,ιι
1640 3081 1743 3138 Omnis
1756 3082 1837 3138 acerba

214 3161 449 3217 minusinformat.
476 3163 565 3231 Atque
579 3161 1005 3233 illudaemperinanimoteneu·
1044 3161 1138 3216 doctus
1153 3161 1183 3215 iu
1200 3177 1286 3232 reguo
1304 3159 1434 3216 erulorum
1450 3159 1549 3216 similis
1569 3168 1611 3215 eat
1629 3161 1742 3218 homini
1764 3163 1838 3235 patri

213 3240 275 3294 dum
283 3240 369 3310 (qnod
376 3240 693 3312 perpetuoinculcamus)
702 3241 1007 3312 experimentalucifera
1045 3240 1170 3306 familias,
1183 3241 1228 3312 qui
1243 3240 1347 3311 profert
1360 3242 1394 3294 de
1405 3240 1533 3295 thesauro
1542 3256 1594 3295 suo
1602 3257 1676 3296 nora
1688 3250 1719 3298 et
1727 3243 1835 3298 ream”

213 3319 296 3373 etiam
310 3320 399 3373 adhuc
413 3321 502 3391 magis
516 3339 599 3391 qnam
615 3321 754 3376 fructifera
772 3323 916 3377 ambienda
935 3339 1004 3377 esse.
1045 3319 1176 3375 Videmus
1194 3320 1284 3385 etiarn,
1299 3321 1403 3389 priscos
1420 3320 1543 3375 rhetores
1565 3322 1724 3378 oratoribus
1742 3338 1835 3395 pmor-

214 3398 303 3470 Atque
317 3399 465 3454 delitersta
476 3401 647 3471 experientia
657 3400 716 3455 haec
726 3401 800 3455 dicta
813 3402 875 3466 sint,
890 3419 950 3472 qnae
965 3405 1008 3470 (ut
1044 3400 1128 3469 pisse,
1144 3406 1176 3453 ut
1196 3407 1295 3469 praesto
1315 3399 1448 3455 haberent
1470 3399 1545 3454 locos
1566 3417 1730 3457 communes
1747 3403 1836 3465 sanor,

209 3478 269 3545 jam
283 3486 346 3533 aute
365 3479 495 3550 diximus)
512 3481 647 3550 sagacitas
667 3481 756 3551 potius
776 3490 825 3546 eat,
839 3489 867 3535 et
885 3481 1007 3536 odoratio
1041 3479 1101 3547 jam
1119 3479 1225 3550 pridem
1239 3479 1390 3545 adornatos,
1404 3487 1433 3533 et
1448 3480 1478 3533 iu
1490 3488 1633 3551 unamque
1652 3490 1763 3551 partera
1776 3491 1837 3536 nse·

212 3558 337 3629 quadam
350 3560 483 3626 venatica,
499 3577 580 3629 quam
598 3560 721 3614 scientia
762 3561 805 3615 De
818 3577 890 3615 novo
903 3578 1006 3632 organo
1044 3566 1116 3614 tutos
1135 3564 1164 3612 et
1183 3558 1348 3614 illustratos:
1369 3559 1488 3630 exempli
1507 3560 1604 3630 gratia,
1629 3560 1687 3615 Pro
1711 3561 1839 3618 sententia

213 3644 304 3692 autern
319 3638 439 3704 silemus,
455 3655 544 3709 neque
563 3639 597 3692 de
610 3657 644 3693 eo
658 3639 802 3710 quicquam
815 3640 1005 3710 praelibamus3
1043 3637 1115 3710 legis
1133 3638 1262 3694 adversus
1275 3639 1360 3693 rerba
1382 3639 1468 3711 legis;
1492 3649 1521 3694 et
1542 3654 1559 3692 e
1579 3647 1695 3695 contra:
1717 3642 1773 3696 Pro
1790 3639 1838 3694 fide

212 3718 339 3787 quoniam
353 3718 387 3771 de
400 3734 434 3772 eo
449 3721 524 3786 (cunr
542 3718 578 3772 sit
596 3735 640 3773 res
654 3720 775 3774 omniurn
790 3719 923 3790 maxima)
937 3737 1006 3791 opus
1044 3727 1264 3790 argumentorum
1291 3719 1420 3773 adversus
1444 3719 1614 3783 testimouia;
1637 3726 1667 3773 et
1693 3737 1712 3775 e
1740 3729 1836 3776 canna

211 3797 347 3867 integram
362 3799 510 3865 (annuente
530 3798 623 3852 favore
645 3794 755 3872 divino)
773 3799 905 3854 conficere
926 3800 1006 3855 uobis
1044 3797 1142 3852 Cicero
1155 3805 1246 3852 autem
1259 3798 1327 3869 ipse,
1348 3798 1432 3870 longa
1451 3798 1546 3853 doctus
1565 3801 1749 3870 experientis,
1763 3799 1837 3871 plane

211 3876 240 3929 iu
253 3875 345 3931 animo
358 3884 408 3930 est.
1044 3878 1148 3942 asserit,
1162 3893 1243 3947 posse
1257 3886 1391 3933 oratorem
1408 3878 1569 3949 diligentem
1587 3887 1617 3933 et
1635 3879 1765 3935 sedulum
1782 3880 1834 3948 jam

1044 3956 1231 4026 premeditato
1244 3964 1272 4010 et
1285 3957 1424 4012 elaborata
1437 3958 1547 4022 trabere,
1562 3975 1734 4030 quacunque
1747 3960 1777 4014 in
1790 3959 1838 4013 dis·

1043 4037 1224 4106 captationem
1231 4036 1354 4091 venient:
1369 4037 1476 4092 adeout
1485 4037 1514 4091 iu
1524 4054 1615 4093 causoe
1628 4039 1719 4109 ipsius
1728 4040 1838 4098 ιοιίοιιι,

443 4114 567 4170 CAPUT
587 4114 771 4171 TERTIUM.
837 4151 840 4158 .
1042 4115 1113 4170 nihil
1132 4132 1240 4181 novum,
1255 4123 1302 4170 aut
1314 4117 1433 4171 subitum
1446 4117 1530 4172 inseri
1539 4134 1653 4172 necesse
1668 4119 1761 4183 fuerit,
1775 4135 1838 4189 prae·

1043 4195 1203 4249 ternomiua
1214 4211 1292 4260 nova,
1306 4202 1336 4250 et
1345 4196 1563 4251 circumstantias
1573 4195 1681 4268 aliqum
1697 4197 1837 4268 speciales

211 4269 335 4325 Partitia
348 4274 492 4328 fauentium
509 4283 725 4346 argumentorum
744 4276 773 4327 r'rr
789 4277 1005 4346 promptuariom
1044 4274 1081 4327 At
1103 4274 1296 4329 Demosthenis
1318 4272 1460 4347 diligentis
1483 4286 1512 4330 et
1533 4275 1677 4331 soheitudo
1700 4295 1737 4331 eo
1757 4293 1838 4349 usque

250 4360 277 4404 et
304 4353 427 4422 topicam.
469 4352 593 4406 Partr'tr’a
615 4355 720 4425 topica,
749 4355 777 4407 s‘a
803 4356 955 4425 generalem
979 4364 1005 4408 et
1042 4355 1184 4424 processit,
1199 4363 1229 4408 ut
1246 4355 1374 4425 quoniam
1397 4356 1502 4427 primus
1519 4356 1555 4409 ad
1572 4372 1684 4411 caumar
1704 4358 1795 4412 aditus
1814 4364 1839 4409 et

246 4432 451 4501 particularem.
493 4432 653 4504 Exemplum
667 4435 763 4506 topicoe
772 4435 1004 4505 particularium
1043 4434 1182 4504 ingramus
1196 4434 1231 4487 ad
1252 4434 1359 4489 animos
1372 4435 1524 4490 auditorum
1544 4436 1740 4507 preparandus
1761 4436 1839 4508 pluri·

251 4511 428 4581 inquisitione
439 4513 471 4564 de
481 4515 565 4584 gravi
578 4522 604 4566 st
619 4514 681 4568 levr'.
1043 4530 1118 4568 mum
1130 4514 1228 4570 virium
1248 4512 1370 4579 haberet,
1390 4531 1480 4585 operm
1501 4516 1619 4585 pretium
1639 4522 1752 4585 putaret
1773 4532 1839 4571 com·

1044 4591 1123 4662 plura
1137 4593 1296 4647 concionum
1310 4602 1337 4648 et
1352 4596 1502 4648 orationum
1514 4594 1627 4648 exordis
1640 4612 1804 4666 componere
1814 4602 1839 4648 et

251 4667 391 4724 larnano
416 4678 642 4742 argumentorum,
669 4671 792 4725 intentio
813 4672 922 4740 proprie
950 4689 1004 4727 non
1043 4672 1072 4725 in
1086 4680 1213 4743 promptu
1225 4672 1336 4727 habere.
1377 4672 1467 4745 Atque
1479 4674 1540 4728 hmo
1548 4674 1676 4744 exempla
1687 4683 1717 4729 et
1729 4674 1839 4730 auctari·
1876 4665 1877 4724 Ϊ

211 4753 261 4802 est.
302 4749 429 4804 Invenire
449 4751 521 4804 euim
540 4759 582 4804 est
601 4751 699 4822 ignota
719 4752 853 4821 detegere,
868 4768 923 4806 non
942 4761 1005 4808 ante
1045 4758 1115 4807 tates
1128 4753 1225 4807 merito
1238 4751 1393 4808 Aristotelis
1411 4753 1534 4825 opinioni
1554 4755 1764 4823 praeponderare
1782 4770 1840 4823 pos

210 4828 319 4897 cognita
333 4830 454 4898 recipere
469 4839 516 4883 sut
533 4846 669 4884 revocare.
712 4829 836 4906 Hujusce
857 4839 947 4886 autern
966 4832 1006 4886 iu·
1043 4831 1105 4896 siut,
1120 4833 1167 4902 qui
1180 4831 1259 4886 nobis
1273 4842 1369 4887 auctor
1381 4832 1451 4887 foret
1464 4841 1494 4888 ut
1508 4833 1665 4888 restimium
1675 4850 1739 4888 curn
1750 4835 1838 4889 forfice

209 4907 420 4962 ventionisusus
434 4908 1006 4982 atqueofficiumnonaliudvidetur,qusm
1044 4923 1279 4966 commutaremus.
1308 4912 1466 4985 ltaquenon
1479 4912 1694 4967 fuitomittends
1708 4913 1838 4984 hracpsrs

211 5002 247 5041 ex
259 5003 349 5041 massa
363 4987 493 5051 scientiae,
504 5004 566 5057 quaa
580 4988 609 5041 in
623 4990 714 5043 animo
727 4996 857 5060 congesta
870 4999 899 5044 et
913 5007 1006 5046 recon-
1044 4990 1173 5045 doctrinae
1185 4991 1258 5045 circa
1272 4993 1494 5063 promptuarium,
1508 4992 1542 5045 de
1556 5008 1611 5063 qun
1624 4991 1754 5047 hocloco
1767 4992 1837 5046 satia

210 5066 268 5119 dita
282 5074 330 5131 est,
345 5083 386 5131 ea,
400 5085 461 5137 quae
475 5067 509 5120 ad
530 5084 587 5120 rem
602 5075 649 5120 aut
663 5070 839 5138 questionem
853 5069 1005 5125 institutam
1044 5069 1114 5123 Cam
1132 5070 1205 5123 enirn
1224 5070 1260 5124 sit
1279 5072 1395 5142 utrique,
1411 5079 1467 5126 tam
1479 5071 1584 5141 logicae,
1599 5089 1683 5142 quam
1697 5073 1838 5128 rhetorica

211 5144 321 5210 facium,
341 5146 454 5200 dextere
475 5146 641 5215 depromere.
682 5148 756 5202 Nam
778 5149 823 5202 cui
843 5165 940 5218 parum
960 5159 1006 5204 ant
1044 5150 1214 5212 communis;
1237 5149 1325 5204 visum
1344 5159 1385 5205 est
1407 5168 1468 5205 earu
1488 5151 1534 5204 hic
1553 5150 1731 5223 interlogics
1743 5150 1836 5206 mutim

211 5223 280 5277 nihil
295 5225 328 5278 de
342 5225 472 5292 subjecto,
489 5225 561 5295 quod
580 5227 748 5295 proponitur,
762 5227 888 5292 innotuit,
907 5228 932 5282 ei
952 5230 1005 5283 loci
1044 5238 1151 5283 tantum
1175 5230 1375 5300 perstringere3
1396 5230 1547 5302 pleniorem
1570 5230 1631 5299 ejus
1654 5232 1836 5286 nechaonem

210 5304 374 5358 inventionis
388 5320 442 5358 non
457 5312 584 5374 prosunt;
604 5313 706 5369 contra,
721 5306 766 5359 cui
786 5305 858 5360 domi
880 5317 1005 5376 paratum
1045 5308 1079 5361 ad
1094 5309 1258 5362 rhetoricam
1272 5310 1435 5378 rejicientes.

211 5390 258 5444 est,
273 5383 345 5452 quod
356 5382 392 5437 ad
403 5399 461 5437 rem
476 5382 571 5437 adduci
586 5383 680 5454 possit,
690 5384 714 5437 is
728 5385 811 5438 etiam
823 5386 926 5456 absque
940 5397 1005 5453 arte,
1084 5386 1196 5441 Partem
1222 5388 1337 5443 alteram
1364 5388 1509 5443 inventiam
1538 5387 1681 5459 (nimirum
1706 5385 1836 5459 topicam)

211 5465 240 5514 et
258 5459 325 5515 locis
342 5462 515 5528 inventionis,
538 5471 697 5534 argumenta
714 5464 822 5520 tandem
846 5464 924 5536 (licet
947 5484 1002 5522 nou
1046 5468 1195 5537 partiemur
1207 5467 1235 5521 in
1247 5469 1411 5539 generalem,
1425 5474 1453 5523 et
1467 5467 1668 5539 particularem.
1698 5464 1835 5523 Gmeralit
