3800 5875
67 220 131 276 Cre.
152 221 204 276 ΙΙΙ.
574 220 625 276 ΒΕ
645 218 872 277 AUGMENTIS
893 218 1168 276 seleucianum.

342 397 345 402 '
414 394 505 433 xxxi.

351 516 570 564 noouacl'raa

213 626 287 666 ano.
591 628 733 670 contus.

100 700 439 766 Quiailet,autalioeba-
517 703 661 760 Silentium
696 707 795 772 verbis,
826 715 854 762 et

63 782 107 837 bet
115 799 165 853 pro
171 782 316 853 suspectis,
324 790 374 838 aut
382 799 439 839 sus
478 783 595 853 gratiam
608 785 691 851 addit,
703 794 730 840 et
740 787 853 841 auctori·

63 870 155 933 peetus
169 870 212 916 est
222 862 284 930 ipse
298 862 360 917 sibi.
478 870 570 917 tatem.

100 940 238 996 Custodiae
254 957 351 999 omnes
371 939 440 995 inte·
519 941 670 1008 Silentium,
685 943 770 998 veluti
784 961 853 1000 som·

63 1018 127 1075 lices
132 1043 140 1084 ;
161 1020 318 1075 miserrima
327 1019 438 1074 silentii.
478 1036 530 1076 nus
545 1023 663 1093 qnidam,
678 1022 728 1077 alit
738 1025 853 1094 pruden-

100 1098 248 1153 Silentium
295 1099 439 1154 stultorum
478 1099 553 1154 tiam.

63 1179 164 1232 unus:
185 1179 281 1249 itaque
299 1184 373 1233 reete
390 1177 438 1232 ille
518 1178 663 1235 Silentium
682 1179 854 1237 fermentatio

62 1256 168 1312 ailenti:
204 1258 237 1311 Si
259 1258 379 1328 prudens
400 1274 438 1322 es,
478 1258 685 1329 cogitationum

62 1336 159 1391 stultus
187 1353 219 1391 es
231 1358 240 1401 ς
274 1338 299 1392 si
331 1337 438 1403 stultus,
517 1337 610 1406 Stylua
641 1339 792 1409 prudentia
818 1342 853 1396 si·

62 1417 190 1486 prudens
477 1416 601 1472 lentium.

99 1494 255 1559 Silentium,
270 1493 354 1549 veluti
372 1511 437 1560 nox,
517 1495 661 1552 Silentium
679 1498 766 1554 ambit
779 1499 852 1554 veri·

62 1574 169 1628 insidiis
183 1582 374 1644 opportunum.
477 1580 569 1631 tatem.

100 1654 289 1725 Cogitationes
300 1653 329 1706 in
342 1652 441 1723 proflu-

61 1740 122 1787 ente
136 1732 301 1788 sanissimae.

100 1811 256 1877 Silentium,
285 1809 440 1866 solitudinis

61 1907 155 1962 genua

100 1969 233 2042 Opinioni
257 1986 289 2024 ee
308 1968 439 2035 venditat,

63 2050 110 2121 qui
124 2049 196 2103 silet.

101 2128 252 2184 Silentium
273 2144 325 2183 nec
342 2143 440 2197 pravae

61 2208 245 2280 cogitationes
272 2208 367 2279 egerit,
389 2223 440 2260 nec

62 2288 145 2343 bonas
158 2285 308 2344 distribuit

415 2396 509 2437 xxxu.

339 2503 585 2546 alternamento.

215 2596 280 2637 ΡΙΟ.
604 2595 724 2635 murus.

99 2675 438 2747 Dissimulatio,eompen·
516 2674 586 2730 Cum
610 2675 731 2747 cogitare
757 2690 852 2730 secun·

64 2757 150 2811 diaria
162 2756 311 2829 sapientia.
476 2754 541 2808 dum
578 2771 669 2809 rerum
709 2754 852 2810 veritatem

98 2837 164 2891 Non
184 2836 260 2890 idem
277 2834 375 2899 dicere,
389 2833 438 2889 sed
476 2851 530 2887 non
548 2834 691 2905 possimus,
712 2842 740 2887 at
756 2833 851 2905 loqua·

62 2915 133 2970 idem
147 2924 272 2987 spectare
285 2914 423 2969 debemus.
477 2931 538 2969 mur
551 2913 698 2970 secundum
709 2914 851 2987 cogitatio·

98 2996 191 3050 Etiam
205 2997 235 3050 in
249 2994 438 3050 animodeior-
475 3009 547 3048 nem.

1233 391 1341 432 xxxltt.

1002 516 1194 569 CEREMONIAE,
1216 516 1360 567 ΡΗΝΟΤΟΒ,
1383 514 1570 557 ΑΠΕΟΤΑΤΙΟ.

1047 627 1113 667 PRO.
1430 625 1558 666 CONTRA.

931 704 1031 761 Vultus
1055 714 1083 761 et
1105 714 1198 778 gestus
1223 706 1269 759 de·
1347 704 1420 767 Quid
1432 704 1590 770 deformius,
1601 720 1684 775 quam

891 800 956 839 cora
990 787 1148 851 moderatio,
1175 801 1268 840 verum
1307 801 1417 840 menam
1438 785 1469 840 in
1491 785 1575 840 vitam
1594 790 1682 839 trena·

892 863 1093 920 condimentum
1107 865 1227 920 virtutis.
1307 865 1400 920 ferrei

932 942 962 997 Si
985 944 1061 998 etin
1081 944 1171 999 verbis
1185 943 1268 1014 vulgo
1347 944 1392 998 Ex
1412 943 1582 1014 ingenuitate
1604 943 1683 998 deco-

892 1038 1026 1093 paremus,
1050 1024 1144 1094 quidni
1168 1024 1198 1078 in
1218 1022 1267 1077 ha-
1305 1040 1373 1086 rum,
1387 1039 1423 1076 ex
1437 1031 1496 1088 arte
1511 1023 1613 1077 odium.

891 1101 957 1163 bitu,
972 1110 1000 1155 et
1012 1102 1113 1174 gestu?
1346 1102 1439 1173 Magis
1462 1100 1572 1172 placent
1593 1118 1683 1159 cerua-

932 1179 984 1241 Qui
998 1182 1027 1235 in
1040 1181 1153 1246 levibus,
1165 1186 1192 1235 et
1203 1196 1267 1251 quo-
1307 1191 1372 1236 satae
1389 1182 1488 1246 buccoe,
1509 1188 1536 1235 et
1558 1179 1682 1236 calamis·

891 1258 994 1313 tidiana
1007 1260 1209 1322 consuetudine,
1222 1260 1267 1313 de-
1306 1268 1378 1315 trata
1390 1277 1475 1324 coms,
1490 1276 1572 1330 quam
1592 1276 1683 1315 cerus·

891 1356 939 1392 cua
949 1355 1004 1392 non
1017 1341 1142 1405 retinent,
1154 1340 1190 1394 sit
1202 1339 1267 1392 licet
1306 1340 1358 1394 sati
1378 1348 1407 1395 et
1424 1338 1602 1394 calamistrati
1620 1355 1680 1393 mo-

891 1418 932 1470 vir
945 1418 1157 1489 magnus,noris
1176 1427 1268 1472 tamen
1306 1436 1362 1474 res.

891 1495 965 1550 hunc
979 1499 1175 1553 tanturncertis
1189 1496 1266 1552 boris
1345 1498 1398 1560 Qui
1420 1496 1541 1551 animum
1566 1494 1601 1549 ad
1623 1501 1681 1550 tarn

892 1592 999 1646 aspere.
1305 1578 1392 1633 exiles
1414 1574 1616 1631 observationes
1633 1591 1681 1645 ap-

932 1655 1026 1710 Virtus
1057 1663 1084 1710 et
1124 1653 1267 1725 prudentia
1305 1656 1396 1726 plicat,
1435 1671 1543 1725 magna
1579 1654 1681 1725 cogita·

891 1732 951 1788 sine
968 1735 1084 1804 punctis,
1098 1734 1171 1789 velut
1187 1750 1266 1804 pere·
1304 1736 1386 1791 tionis
1399 1751 1488 1805 capax
1501 1741 1619 1788 nonest

891 1812 1178 1885 griuaelinguaesunt3
1200 1829 1266 1867 nam
1344 1812 1679 1885 Affectatioingenuitstis,

892 1891 975 1963 vulgo
988 1909 1042 1947 non
1056 1892 1254 1964 intelliguntur.
1305 1894 1418 1965 putredo
1430 1892 1532 1948 lucens.

932 1970 984 2032 Qui
998 1972 1073 2042 vulgi
1092 1988 1201 2026 sensum
1216 1987 1268 2043 per

891 2051 1088 2122 congruitatem
1107 2067 1162 2106 non
1181 2051 1265 2116 novit,

891 2130 924 2194 is,
948 2131 972 2183 si
992 2146 1042 2184 nec
1065 2146 1115 2201 per
1142 2130 1267 2186 observa-

892 2210 994 2263 tionem
1007 2210 1123 2276 noverit,
1144 2210 1266 2264 omnium

892 2288 1069 2343 stultissimus
1083 2296 1132 2343 est

931 2367 1031 2422 Puncti
1049 2367 1190 2422 translatio
1203 2373 1267 2422 sunt

891 2446 998 2501 vinufis
1019 2447 1050 2501 in
1069 2445 1192 2520 linguam
1208 2463 1267 2501 ver-

891 2525 1026 2581 naculum.

1242 2617 1333 2659 xxxv.

1248 2724 1326 2768 Joc1.

1042 2839 1107 2879 PRO·
1429 2836 1554 2876 CONTRA·

929 2918 1074 2975 Oratorum
1088 2934 1137 2972 ara
1147 2917 1236 2987 jocus.
1344 2912 1415 2970 Istos
1428 2914 1630 2971 deformitatum
1648 2931 1681 2970 ac

929 2998 982 3059 Qui
1005 2999 1034 3053 in
1059 2998 1185 3052 omnibus
1209 3014 1264 3052 mo·
1304 2994 1517 3050 concinnitatum
1561 3011 1681 3066 aucupes

61 3076 113 3129 mia
126 3075 245 3130 nuditaa
515 3072 619 3134 Quibus
653 3080 725 3128 artes
756 3072 851 3129 civiles
889 3078 996 3132 deatum
1017 3077 1139 3148 leporem
1163 3076 1266 3140 miscet,
1307 3073 1368 3145 quis
1382 3090 1437 3127 non
1450 3075 1626 3129 contemnat?

101 3152 297 3209 Dissimulstio
310 3160 339 3208 ct
347 3152 438 3208 decori
477 3169 561 3223 supra
594 3160 704 3222 captum
746 3153 851 3223 ingenii
889 3158 1043 3213 libertatem
1058 3157 1143 3210 animi
1161 3157 1266 3210 retinet
1347 3151 1450 3208 Rerum
1464 3153 1681 3225 magnitudinem

62 3241 110 3297 eat,
124 3243 152 3287 et
164 3233 303 3305 prasidio.
478 3239 547 3297 sunt,
561 3232 596 3286 iia
609 3230 788 3287 dissimulatio
801 3250 852 3304 pro

100 3311 188 3383 Sepes
255 3311 438 3378 consiliorum,
477 3311 621 3382 prudentia
635 3312 694 3366 erit

61 3391 252 3447 diasimnlatio.
518 3391 570 3452 Qui
583 3388 743 3454 dissimulat,
757 3390 851 3461 praeci·

929 3237 987 3291 Res
1000 3244 1044 3291 est
1059 3252 1143 3305 supra
1163 3235 1267 3306 opinio-
1306 3232 1398 3287 eluere
1426 3233 1497 3301 joco,
1524 3232 1681 3304 improbum

889 3333 952 3371 nem
961 3315 1081 3387 politica,
1093 3314 1173 3369 facile
1182 3324 1267 3369 traus-
1306 3311 1449 3367 artificium
1463 3320 1512 3367 est

891 3397 931 3451 ire
953 3396 1050 3463 aioco
1070 3394 1105 3449 ad
1126 3394 1234 3460 serium,
1249 3411 1267 3448 a
1345 3390 1428 3446 Jocos
1449 3398 1508 3446 tum
1531 3390 1680 3457 considers,

99 3471 194 3543 Aliqui
217 3472 292 3525 bono
318 3486 368 3524 δυο
391 3467 439 3523 fal·
477 3485 532 3539 puo
552 3470 587 3523 td
604 3469 739 3541 agendum
755 3470 852 3524 instru-
890 3476 963 3531 serio
977 3474 1120 3543 adjocum.
1305 3487 1367 3526 cum
1381 3470 1439 3525 risu
1452 3471 1573 3525 destituti
1587 3478 1658 3525 sunt.

61 3548 159 3606 luatur.
479 3557 570 3604 mento
578 3566 607 3603 se
618 3549 714 3620 privat,
724 3549 743 3603 i.
754 3566 778 3603 e.
790 3548 851 3604 fide.

929 3554 1068 3619 Veritatis,
1103 3551 1172 3608 alias
1207 3567 1264 3606 non
1344 3550 1438 3606 Faceti
1446 3551 1492 3605 isti
1503 3550 1560 3604 t'ere
1569 3565 1682 3619 nonpe-

99 3630 152 3691 Qui
205 3627 440 3684 indissimulssnitr
518 3628 709 3683 Disstimulssfio
724 3628 852 3684 ditflimu·
889 3643 1067 3706 perventurae,
1092 3648 1165 3704 sepe
1187 3630 1264 3686 vehi·
1303 3637 1414 3684 netrant
1425 3629 1494 3684 ultra
1508 3629 1682 3699 superficiem

63 3710 225 3782 omuiaagit,
236 3725 315 3780 teque
323 3708 438 3779 decipit3
480 3706 611 3762 lationem
624 3708 728 3763 invitat.

64 3804 124 3843 nen
137 3789 260 3861 plurimi,
271 3795 383 3841 autnon
396 3804 440 3841 ca·
518 3786 571 3848 Qui
593 3787 755 3852 dissimulat,
781 3785 853 3841 liber

64 3868 145 3936 pinna
160 3878 279 3923 autnon
294 3867 415 3921 credunt.
478 3874 596 3922 nonest.

104 3946 322 4003 lndissimulatio
367 3945 440 4000 nihil

66 4025 143 4094 sbud,
154 4045 241 4100 qnam
254 4024 440 4096 animiimpo-

68 4109 158 4164 tenda.

409 4199 512 4240 xxxin.

380 4305 541 4374 annecte.

214 4416 288 4458 PRO·
608 4413 736 4456 contus.

107 4495 191 4552 Docet
210 4495 378 4569 improbare,
394 4496 442 4568 qui
519 4494 641 4551 Audacia
661 4496 782 4552 stultitiae
796 4497 854 4552 via-

67 4578 272 4632 rerecundatur.
482 4582 535 4631 tor.

109 4654 182 4715 Quod
202 4656 276 4710 actio
292 4654 400 4720 oratori,
414 4654 443 4709 id
520 4653 719 4709 inverecundia
742 4655 855 4722 inutilis,

67 4735 180 4789 sodada
195 4737 256 4790 viro
273 4733 365 4799 civili3
387 4735 442 4804 pri·
480 4734 534 4788 nisi
550 4734 584 4788 ad
598 4733 784 4803 imposturam.

67 4813 441 4878 mumaecundnm,tertium.
484 4885 486 4888 v
521 4811 699 4878 Confidentia,
711 4813 854 4870 stultorum

111 4891 288 4948 Confitentem
310 4909 442 4947 verecun·
481 4889 648 4963 imperatrix,
684 4893 856 4963 prudentium

67 4968 143 5024 dium
172 4989 242 5036 amo,
270 4980 443 5028 accurantem
481 4987 582 5026 scurra.

68 5049 127 5104 ndi
521 5048 644 5104 Audacia
685 5057 728 5105 est
759 5058 856 5122 stupor

113 5127 279 5185 Confidentiae
336 5147 443 5186 morum
482 5130 593 5200 quidam
607 5146 709 5196 mosas,
723 5147 856 5186 cumma-

69 5206 336 5282 uninrospromptius
349 5210 443 5264 soeiat.
482 5209 710 5266 linaroluutatis.

113 5286 204 5344 Ploeet
231 5290 362 5345 obscurus
388 5289 446 5344 vnl-

71 5373 129 5428 tus,
143 5374 170 5421 et
181 5370 327 5441 perspicua
340 5369 434 5424 oratio.

889 3715 982 3770 culum
997 3713 1085 3783 jocus.
1303 3725 1402 3773 rerum,
1412 3709 1458 3762 ubi
1468 3708 1524 3776 joci
1539 3708 1618 3763 sedes
1629 3716 1681 3763 est.

1345 3787 1400 3841 Ubi
1432 3788 1512 3855 iocus
1541 3788 1576 3842 ad
1610 3787 1682 3842 seria

1302 3867 1435 3922 momenti
1458 3866 1563 3938 aliquid
1588 3866 1682 3932 babet,

1301 3946 1342 4001 ibi
1355 3945 1453 4001 levites
1467 3946 1580 4017 puerilis
1594 3954 1643 4002 est.

1234 4067 1344 4109 xxxvl.

1243 4178 1336 4221 AMOR.

1047 4260 1111 4301 ruo.
1430 4257 1556 4298 CONTRA.

932 4339 1032 4395 Annon
1060 4339 1144 4403 vides,
1173 4354 1267 4393 omnes
1346 4336 1442 4392 Amori
1465 4336 1582 4392 multum
1602 4336 1684 4394 debet

893 4437 922 4474 se
944 4419 1089 4490 quareret
1122 4425 1152 4472 at
1174 4433 1268 4472 amans
1307 4433 1397 4481 scena,
1410 4415 1482 4470 nihil
1495 4417 1562 4471 vita.

894 4497 968 4554 solus
982 4515 1011 4552 se
1023 4497 1136 4553 invenit.
1346 4495 1397 4551 Nil
1411 4504 1468 4550 tam
1481 4495 1550 4549 varii
1565 4495 1683 4551 nominis

933 4578 999 4631 Non
1019 4585 1061 4632 est
1079 4575 1176 4631 melior
1195 4574 1268 4630 ordi·
1308 4581 1358 4639 eat,
1381 4592 1464 4646 quam
1490 4591 1585 4630 amore
1618 4590 1683 4629 nam

893 4656 971 4711 natio
997 4657 1090 4720 animi,
1118 4672 1200 4727 quam
1231 4670 1269 4709 ex
1307 4670 1359 4720 res,
1384 4662 1431 4709 aut
1447 4661 1504 4709 tam
1527 4654 1612 4709 stulta
1631 4664 1682 4718 est,

893 4735 1008 4805 imperio
1021 4737 1135 4791 affectus
1155 4733 1269 4804 alicujus
1307 4741 1338 4789 ut
1358 4750 1388 4789 ae
1413 4734 1525 4797 nesciat,
1553 4741 1600 4787 sut
1627 4739 1683 4785 tam

894 4814 1018 4884 insignis.
1308 4813 1403 4883 turpis,
1412 4821 1443 4868 ut
1456 4829 1486 4869 se
1499 4812 1563 4867 inco
1575 4810 1682 4865 condat.

934 4892 987 4954 Qui
1007 4891 1086 4964 sapit,
1105 4891 1271 4947 desiderium
1349 4892 1402 4947 Odi
1415 4893 1486 4948 istos
1500 4889 1684 4961 monophron·

895 4979 1016 5043 quieratr
1051 4989 1115 5026 nam
1141 4972 1189 5043 qui
1215 4988 1271 5026 non
1309 4972 1398 5027 tietas.

895 5051 1270 5123 aliquidinsigniterappetit,
1349 5051 1473 5122 Angnua
1540 5046 1685 5102 admodum

895 5132 922 5184 ei
935 5130 1029 5185 omnia
1041 5131 1150 5202 ingrata
1163 5139 1233 5197 eunt,
1244 5138 1273 5187 et
1310 5128 1503 5201 contemplatio
1515 5143 1599 5182 amor.

896 5209 976 5264 toedio
991 5209 1081 5280 plena.

936 5287 1035 5349 Quidni
1054 5289 1084 5342 in
1103 5289 1206 5345 unitate
1225 5306 1272 5345 sc·

897 5367 1019 5437 quieeeat
1032 5369 1124 5424 unus?
