3800 5875
68 325 120 380 hta
135 323 168 378 ll.
676 324 816 380 Novuat
836 323 1039 381 ORGANUM.
1611 326 1670 390 47³

68 482 144 536 ᾶίιιειιι
157 480 309 535 mbstantira
322 480 390 552 ligni
407 481 442 536 sd
462 480 576 554 lignum,
589 482 656 538 licet
668 482 721 537 hoo
735 491 798 538 ante
809 484 838 538 in
875 491 966 539 autern
979 482 1036 538 illis
1052 483 1197 549 instantiis,
1210 500 1272 554 que
1286 483 1410 554 superius
1423 483 1502 539 dicta
1515 491 1585 550 stunt,
1598 501 1669 555 pras-

68 561 131 632 ligno
147 560 259 614 latuerit.
300 560 404 626 itidem,
423 560 490 616 licet
510 564 557 616 aiir
576 566 676 627 uitem,
699 573 746 617 aut
767 579 839 634 aqua
874 564 951 618 notio
974 564 1117 632 perspicua
1141 572 1185 617 est
1204 574 1233 617 et
1251 571 1332 618 certo.
1382 563 1414 617 ln
1435 564 1525 633 prima
1542 564 1670 620 videlicet

69 657 158 712 squam
172 640 311 693 manifesto
323 655 377 694 non
392 638 484 694 trabat
496 641 527 694 in
540 642 697 712 corporibus
710 643 837 713 integris3
875 642 956 698 debet
973 658 1033 696 esse
1053 641 1165 711 aliquid,
1184 644 1257 714 quod
1272 650 1405 714 congruat
1422 660 1484 697 cum
1505 644 1614 698 ordine:
1637 645 1670 699 ln

69 731 143 773 amen
165 718 236 772 bulla
262 720 453 788 approximate
474 720 564 786 bullae,
586 722 694 776 facilius
716 722 838 776 dissolvit
876 721 995 775 secunda
1007 721 1090 775 debet
1102 737 1162 776 esse
1182 723 1282 793 imago,
1298 739 1358 792 quae
1377 721 1536 775 relationem
1550 723 1670 794 aliquam

69 797 160 860 baham
174 815 252 868 quam
266 799 290 852 si
304 798 379 852 bulla
392 799 441 853 illa
455 799 540 853 altera
554 800 668 863 abesset,
682 801 718 854 ob
732 801 838 871 appeti·
876 801 983 863 habeat,
998 801 1056 854 sive
1076 801 1293 855 convenientiam
1312 802 1347 855 ad
1366 800 1414 856 illa
1437 801 1498 856 loca
1517 811 1606 857 certa:
1638 804 1670 857 ln

70 888 115 931 tum
134 879 252 931 coitionis
273 895 351 948 eques
371 896 434 932 cum
454 895 534 950 aqua,
552 888 579 932 et
594 881 666 934 ains
682 898 744 934 cum
762 883 835 934 aire.
876 882 956 935 tertia
979 879 1078 933 debent
1101 897 1161 934 esse
1184 881 1274 944 verba,
1300 897 1361 951 qua
1382 881 1481 935 cadant
1502 880 1531 935 in
1553 900 1670 937 versum.

70 958 142 1026 itque
159 956 311 1023 hujusmodi
332 959 476 1014 r'nstontiae
490 960 668 1015 clandestina
687 960 761 1029 (qua
775 968 838 1013 sunt
876 960 965 1031 Atque
976 960 1013 1012 its
1024 959 1192 1014 abscinditur
1201 960 1346 1014 infinitum.
1388 960 1670 1016 Aliaeauteminstan·

70 1053 120 1088 ama
130 1036 293 1100 nobilissimi,
306 1045 337 1090 ut
349 1037 452 1091 dictum
473 1040 526 1104 est)
541 1038 571 1092 in
592 1039 763 1107 portionibus
776 1056 837 1092 cor·
876 1038 922 1093 tiae
938 1040 1041 1093 dabunt
1055 1038 1125 1093 hanc
1140 1038 1254 1093 alteram
1267 1040 1394 1110 speciem,
1402 1049 1432 1094 ut
1447 1041 1575 1111 quicquid
1589 1042 1671 1096 dedu·

69 1115 838 1187 pommparrisetsubtilibusmaximesedantconspicien-
875 1126 921 1172 cat
939 1117 1122 1173 intellectuale
1144 1119 1180 1172 ad
1202 1119 1355 1173 feriendum
1374 1136 1483 1174 sensum
1505 1123 1579 1191 (quta
1601 1120 1671 1176 ratio

69 1195 120 1246 das:
138 1195 197 1264 qnia
210 1211 307 1250 massae
327 1212 418 1250 rerum
439 1198 557 1264 majores
574 1206 723 1268 sequuntur
736 1198 838 1251 formas
875 1198 958 1251 etiam
976 1198 1112 1268 praecipue
1132 1199 1209 1270 viget
1226 1199 1255 1252 in
1276 1197 1410 1253 artificiali
1434 1199 1577 1269 memoria)
1593 1200 1671 1268 juret

69 1274 139 1344 napis
148 1273 300 1341 catholicas,
312 1281 340 1329 et
353 1276 515 1347 generalem
529 1284 561 1331 ut
573 1292 623 1331 suo
635 1276 696 1331 loco
708 1276 822 1332 dicetur.
875 1278 1043 1332 memoriam.
1084 1276 1154 1332 alie
1177 1278 1312 1332 instantia
1335 1278 1437 1332 dabunt
1460 1278 1531 1332 hanc
1554 1278 1670 1334 alteram

875 1357 1010 1426 speciem3
1031 1364 1062 1410 ut
1084 1373 1145 1427 quta
1166 1357 1268 1412 faciunt
1287 1357 1496 1426 impressionem
1517 1359 1546 1410 in
1568 1359 1669 1413 affectu

877 1435 947 1500 forti,
961 1435 1125 1490 incutientes
1144 1437 1250 1491 scilicet
1266 1446 1375 1501 metum,
1390 1435 1604 1501 admirationem,
1617 1454 1667 1508 pu-

100 1510 162 1565 lnter
180 1513 372 1585 prerogativae
389 1514 579 1569 instantiamm
598 1529 729 1585 ponemus
743 1513 839 1585 quinto
876 1513 976 1578 dorem,
990 1514 1207 1580 delectationem,
1220 1515 1316 1584 juvent
1334 1516 1501 1570 memoriam.
1542 1514 1612 1571 Alias
1626 1517 1669 1570 in·

69 1589 117 1644 loco
126 1593 264 1647 maestius
273 1596 471 1659 constructore,
482 1610 549 1665 quas
563 1594 646 1647 etiam
655 1594 838 1664 manipulares
876 1596 983 1648 stantia
989 1593 1093 1649 dabunt
1100 1593 1173 1649 hanc
1183 1594 1297 1649 alteram
1305 1596 1432 1664 speciem,
1440 1605 1471 1649 ut
1480 1612 1540 1666 qum
1549 1596 1668 1650 maxime

69 1669 184 1740 appellare
203 1673 400 1727 consuevimus.
441 1673 490 1728 Eae
504 1681 650 1743 suntque
671 1672 838 1727 constituunt
875 1674 1067 1744 imprimuntur
1080 1691 1098 1728 a
1114 1681 1203 1729 mente
1225 1690 1301 1743 pura,
1323 1682 1352 1727 et
1373 1676 1463 1728 minus
1480 1682 1669 1745 preoccupata

69 1765 133 1802 mam
152 1752 265 1821 speciem
288 1760 393 1807 namra
414 1753 553 1823 inquisitae
573 1763 702 1824 tanquam
723 1752 837 1807 formam
875 1761 936 1808 ante
950 1753 995 1808 vel
1009 1761 1088 1824 post3
1110 1753 1194 1809 veluti
1215 1770 1276 1824 quas
1290 1752 1468 1808 dimunnsrin
1482 1754 1606 1823 pueritia,
1621 1763 1669 1809 aut

68 1829 186 1884 minorem.
231 1830 303 1886 Cum
326 1833 400 1886 enim
422 1832 516 1887 formae
537 1832 669 1903 legitima
684 1835 757 1902 (qum
775 1841 838 1886 sunt
875 1850 937 1904 qura
950 1839 1164 1887 commentamur
1176 1840 1240 1886 ante
1251 1848 1382 1897 somnum,
1397 1833 1478 1886 etiam
1492 1832 1586 1902 pdmse
1597 1849 1669 1903 qum-

69 1925 156 1979 sesopsr
167 1910 356 1966 convertibiles
369 1929 432 1966 cum
445 1914 550 1966 naturis
564 1912 713 1984 inquisitis)
736 1911 838 1966 lateant
875 1928 928 1982 qne
939 1930 1030 1967 rerum
1040 1912 1131 1977 vicen
1153 1912 1242 1982 magis
1250 1910 1371 1966 hareant
1380 1912 1409 1965 in
1417 1911 1557 1966 memorio.
1598 1912 1669 1969 atis

69 1987 225 2056 inproforsdo,
238 2007 289 2044 nec
303 1991 385 2046 facile
399 1992 586 2055 invenianturc
617 1991 735 2062 postulat
752 2007 795 2045 res
809 1998 837 2046 et
874 1992 1011 2046 instantiae
1031 1992 1133 2046 dabunt
1154 1991 1224 2045 hanc
1246 1990 1359 2045 alteram
1382 1992 1510 2060 speciem,
1530 1999 1560 2044 ut
1577 1991 1668 2046 multi·

68 2067 187 2122 infirmitas
199 2069 312 2124 humani
327 2070 488 2136 intellectus,
502 2079 533 2124 ut
547 2072 640 2126 formae
653 2069 836 2141 particulares,
874 2072 939 2125 tudo
965 2071 1233 2135 circumstantiarum,
1260 2071 1318 2124 sive
1345 2086 1481 2134 ansarum,
1505 2070 1583 2138 juvet
1609 2088 1667 2124 me·

70 2162 117 2214 qua
138 2157 193 2202 sont
218 2150 421 2221 congregativa
445 2152 643 2222 manipulorum
669 2150 836 2221 quorundam
874 2152 1004 2212 morisim
1027 2149 1109 2205 veluti
1123 2150 1236 2220 scriptio
1252 2166 1302 2219 per
1315 2158 1406 2219 partes
1423 2166 1479 2204 non
1492 2151 1667 2214 continuatas,

69 2226 232 2282 imtsntiamm
246 2228 422 2304 (neutiquam
433 2247 498 2285 vero
508 2226 646 2302 omnium)
659 2230 688 2283 in
699 2230 837 2284 notionem
874 2228 964 2294 lectio,
984 2231 1042 2284 sive
1061 2229 1183 2284 recitatio
1201 2246 1267 2283 voce
1290 2228 1354 2284 alta.
1395 2228 1464 2285 Alite
1485 2229 1601 2301 denique
1625 2230 1667 2283 in·

69 2304 165 2374 aliquam
185 2326 364 2374 communem,
384 2326 439 2363 non
459 2311 643 2381 negligantur,
663 2326 757 2363 verum
775 2308 836 2363 dili·
874 2310 982 2364 stantisa
1010 2310 1111 2364 dabunt
1144 2308 1215 2363 hanc
1240 2308 1353 2363 alteram
1380 2310 1520 2379 speciem
1554 2317 1585 2363 ut
1607 2326 1668 2379 qum

69 2387 156 2450 pentius
176 2397 310 2443 notentur.
362 2389 497 2460 Quicquid
520 2389 594 2443 enim
617 2389 675 2443 unit
700 2397 834 2454 naturam,
874 2397 1061 2459 expectantur,
1081 2396 1109 2443 et
1134 2388 1313 2442 attentionem
1334 2389 1464 2453 excitant,
1490 2387 1587 2442 melius
1608 2388 1666 2443 hee·

69 2461 118 2516 licet
134 2467 213 2521 modis
233 2468 411 2538 imperfectis,
425 2469 461 2523 ad
481 2469 665 2522 inventionem
689 2469 836 2522 formarum
874 2475 959 2532 reant,
975 2485 1058 2539 quam
1071 2486 1132 2539 quae
1146 2467 1347 2537 praetervolant.
1388 2468 1483 2539 ltaque
1498 2467 1521 2522 si
1536 2468 1666 2538 scriptum

68 2543 124 2597 riam
136 2550 231 2600 sternit
272 2548 371 2618 ltaque
391 2548 537 2611 instantiae,
553 2565 613 2619 quse
633 2546 734 2601 adhoc
755 2546 836 2601 utiles
873 2547 985 2618 aliquod
998 2548 1082 2602 vicies
1102 2547 1259 2618 perlegeris,
1280 2552 1407 2601 nontam
1428 2546 1508 2601 facile
1526 2546 1594 2600 illud
1607 2564 1666 2601 me·

69 2631 123 2684 sunt
135 2641 182 2678 non
202 2635 263 2681 sunt
276 2627 480 2682 contemnenda
503 2628 650 2698 potestatis,
665 2627 713 2681 sed
733 2625 836 2680 habent
874 2629 986 2683 moriter
999 2627 1094 2692 disces,
1110 2642 1192 2699 qnam
1208 2625 1233 2680 si
1251 2624 1319 2679 illud
1333 2625 1410 2696 legas
1428 2625 1525 2690 decies,
1539 2626 1667 2680 tentando

69 2703 199 2759 maulam
213 2707 430 2778 praerogativam.
872 2706 982 2761 interim
1001 2706 1069 2761 illud
1084 2708 1204 2768 recitare,
1218 2704 1307 2759 stubi
1321 2704 1412 2758 deficit
1425 2706 1563 2768 memoria,
1577 2705 1665 2775 inspi-

99 2781 184 2839 Vemm
201 2786 227 2838 in
249 2785 294 2840 his
308 2785 427 2857 diligens
448 2792 491 2840 est
513 2784 668 2839 adhibenda
687 2785 786 2850 cautio,
799 2802 834 2840 ne
873 2786 1090 2841 ciendolibmm.
1132 2783 1535 2840 ltsutsintvetutisexformae
1546 2785 1665 2839 minores

69 2859 194 2918 intellectus
214 2866 359 2930 humanus,
374 2872 517 2938 postquam
542 2864 695 2934 complures
716 2882 752 2920 ex
774 2866 835 2920 istis
873 2882 975 2929 eorum,
998 2883 1058 2937 quas
1078 2864 1174 2932 juvant
1193 2862 1366 2928 memoriam
1388 2863 1514 2917 videlicet
1535 2864 1666 2919 abscissio

70 2938 144 2995 fumis
155 2945 359 3013 particularibus
373 2945 548 3009 adinvenerit,
561 2953 642 3018 atque
655 2945 717 2999 inde
731 2946 835 3016 partiti·
872 2947 988 3009 intiniti;
1015 2945 1140 3000 deductio
1166 2942 1356 2998 intellectualis
1383 2945 1417 2998 ad
1439 2944 1586 3008 sensibile;
1612 2945 1665 2998 im·

69 3036 121 3073 ones
132 3024 180 3077 sire
192 3026 340 3080 divisiones
352 3034 455 3079 naturae
469 3024 608 3095 inquisita
623 3025 784 3089 confecerim
805 3025 834 3080 in
872 3026 977 3096 pressio
990 3025 1019 3079 in
1033 3026 1131 3079 affectu
1153 3023 1232 3088 forti,
1254 3023 1399 3093 impressio
1419 3023 1449 3078 in
1470 3030 1559 3079 mente
1580 3039 1664 3093 prus,

69 3096 113 3152 illis
121 3105 220 3157 omnino
229 3106 393 3176 acquiescat,
404 3114 484 3176 atque
499 3104 534 3159 ad
548 3104 732 3158 inventionem
746 3104 835 3175 legiti-
873 3105 1018 3159 multitudo
1031 3120 1175 3167 ansarum;
1196 3103 1427 3173 prta-expectatio.

69 3180 220 3239 amtormae
233 3201 381 3255 magnase
394 3201 450 3239 non
460 3184 597 3255 accingam
619 3184 667 3238 sed
677 3200 834 3254 praesuppo-
912 3183 1052 3249 Similiter,
1074 3183 1195 3253 exempli
1216 3182 1322 3254 gratia,
1351 3183 1388 3237 sit
1408 3189 1504 3236 natura
1524 3180 1664 3253 inquisita,

70 3264 112 3319 Mi
123 3270 234 3316 naturam
255 3262 363 3318 reluta
380 3264 517 3318 radicibus
527 3280 587 3318 esse
605 3262 785 3333 multiplicem
806 3271 835 3317 et
873 3270 976 3334 gustus,
994 3263 1051 3317 sive
1074 3263 1202 3333 gustatio.
1249 3260 1406 3326 laniantia,
1429 3279 1489 3332 quae
1509 3268 1664 3332 sequuntur,

70 3332 255 3414 damnatque
268 3342 428 3397 ulteriorem
439 3350 543 3397 natura
557 3342 691 3408 unionem,
706 3350 834 3413 tanquam
872 3349 938 3397 sunt
949 3344 1151 3399 constitutiva:
1174 3341 1306 3405 videlicet,
1316 3340 1386 3412 quod
1401 3342 1447 3412 qui
1460 3357 1515 3394 non
1525 3341 1663 3407 olfaciunt,

70 3430 113 3469 nm
124 3435 286 3489 supervacuae
301 3422 466 3487 subtilitatis,
478 3428 506 3476 et
518 3430 675 3494 vergentem
686 3422 721 3476 ad
730 3439 834 3477 merum
872 3423 921 3476 sed
934 3439 1017 3477 sensu
1030 3440 1063 3477 eo
1075 3441 1093 3477 a
1105 3431 1201 3477 natura
1214 3421 1332 3475 destituti
1351 3431 1421 3485 sunt,
1434 3437 1490 3474 non
1503 3420 1663 3490 percipiant,

70 3493 213 3562 abstractum,
223 3501 347 3556 fastidiat
360 3509 388 3556 et
400 3501 515 3569 rejiciat.
872 3509 919 3556 aut
928 3509 1009 3574 gustu
1023 3502 1193 3573 distinguant
1205 3500 1296 3554 cibum
1307 3500 1446 3554 rancidum
1454 3508 1501 3554 aut
1513 3496 1663 3569 putridum

99 3573 209 3649 Exempli
227 3582 332 3651 gratia3
364 3582 400 3635 sit
423 3588 521 3635 natura
543 3580 680 3652 inquisita,
693 3580 833 3646 memoria,
872 3598 961 3651 neque
974 3582 1100 3636 similiter
1109 3581 1239 3644 sllicitum,
1248 3582 1295 3634 sut
1305 3587 1431 3644 rosatum,
1443 3588 1488 3632 aut
1498 3577 1662 3645 hujusmodi.

70 3650 113 3706 tite
131 3659 243 3713 mutans
264 3670 292 3715 et
317 3660 448 3728 adjuvans
472 3662 642 3715 memoriam.
684 3659 835 3716 Instantius
873 3661 985 3725 Rursus,
999 3661 1049 3725 illi,
1064 3662 1110 3733 qui
1129 3677 1178 3729 per
1195 3659 1321 3714 accidens
1342 3675 1421 3712 nares
1439 3658 1542 3712 habent
1558 3675 1607 3728 per
1620 3658 1664 3712 de·

70 3737 222 3793 constitutine
236 3748 318 3804 sunts
339 3740 412 3805 ordo,
427 3740 485 3794 sive
499 3739 662 3804 distributio,
674 3758 736 3811 quta
749 3739 835 3807 mani·
873 3757 998 3796 aseneum
1021 3740 1170 3796 rheumatis
1190 3739 1348 3802 omhuctas,
1367 3754 1423 3791 non
1443 3737 1598 3791 discernunt
1618 3745 1665 3793 aut

70 3808 379 3882 fenojmstmemoriam.
422 3819 491 3873 Item
505 3819 559 3873 loci
573 3820 602 3873 in
621 3819 753 3873 memoria
766 3818 833 3873 arti-
872 3820 1027 3890 percipiunt
1040 3819 1142 3889 aliquid
1161 3818 1298 3889 putridum
1311 3816 1517 3880 autrancidum,
1532 3825 1579 3871 aut
1592 3832 1664 3888 aqua

71 3887 146 3955 &filit
164 3898 207 3968 qui
217 3908 262 3954 aut
276 3904 389 3969 possunt
399 3915 459 3952 esse
472 3898 525 3952 loci
539 3898 685 3953 secundnm
695 3898 835 3969 proprium
872 3915 983 3954 rosacea
1004 3900 1165 3969 inspersum.
1206 3897 1316 3961 Rursus,
1332 3897 1378 3967 qui
1397 3896 1549 3950 afficiuntur
1568 3895 1664 3966 hujus·

71 3982 163 4035 *imma
175 3976 255 4032 veluti
273 3979 368 4046 janua,
383 3978 509 4049 angulus,
530 3978 655 4041 fenestra,
670 3985 697 4031 et
715 3977 833 4042 similia;
872 3978 946 4032 modi
969 3978 1118 4041 rhenmate,
1134 3977 1157 4031 si
1177 3977 1207 4030 in
1227 3976 1289 4047 ipso
1309 3983 1452 4041 momento,
1477 3992 1539 4029 cum
1561 3975 1665 4047 aliquid

72 4058 107 4100 ¹¹1¹
122 4065 224 4119 possunt
240 4074 300 4111 esse
326 4074 450 4127 pemonoe
470 4056 617 4112 familiares
631 4065 659 4110 et
679 4064 767 4120 notas
788 4063 835 4110 aut
874 4057 998 4112 itatidum
1018 4065 1066 4111 aut
1087 4057 1227 4110 odoratum
1249 4055 1401 4110 habentia
1414 4072 1469 4120 ore,
1484 4056 1542 4108 sire
1563 4054 1663 4125 pelato,

72 4139 159 4192 imunt
174 4151 230 4189 esse
249 4136 356 4207 quidvis
378 4136 412 4189 ad
429 4136 558 4206 placitum
578 4136 671 4205 (modo
692 4135 722 4189 in
740 4136 834 4189 ordine
873 4144 1021 4208 emungant
1034 4136 1154 4201 fortiters
1175 4136 1203 4189 in
1218 4135 1279 4205 ipso
1291 4134 1405 4188 instanti
1420 4135 1593 4189 manifestam
1606 4152 1665 4204 per·

72 4218 272 4281 cenoponantur)
283 4215 367 4270 veluti
376 4215 513 4278 animalia,
524 4216 633 4279 herbam
651 4216 734 4269 etiam
744 4215 834 4279 verba,
873 4216 1028 4286 ceptionem
1041 4215 1145 4270 habent
1158 4214 1261 4269 rancidi
1275 4213 1318 4267 vel
1332 4213 1444 4268 odorati.
1485 4213 1665 4275 Queinstsn

72 4279 143 4351 filma
162 4293 336 4357 characteres,
360 4311 483 4365 persona
506 4295 650 4359 historicas,
670 4301 699 4348 et
716 4303 834 4359 oestera3
873 4295 919 4351 tiae
932 4295 1035 4349 dabunt
1048 4303 1074 4348 et
1088 4294 1253 4348 constituent
1267 4292 1339 4346 hanc
1357 4294 1484 4362 speciem,
1499 4293 1542 4347 vel
1560 4302 1664 4363 partem

71 4358 248 4426 heetooonulla
261 4391 298 4428 ex
312 4373 356 4427 his
376 4373 465 4444 magis
484 4381 549 4444 apta
568 4376 622 4427 sint
643 4381 672 4428 et
685 4375 834 4439 commoda,
873 4376 964 4444 potius
978 4381 1091 4445 gustus;
1113 4382 1143 4427 ut
1156 4389 1250 4427 sensus
1270 4373 1434 4443 gustationis
1448 4390 1484 4427 ex
1503 4381 1579 4443 perte
1594 4372 1665 4427 nihil

72 4440 114 4494 ²11⁸
124 4449 208 4505 minna
249 4454 413 4521 Huiusmodi
430 4462 519 4507 autem
539 4453 591 4507 loci
613 4454 774 4508 memoriam
789 4453 834 4507 in·
873 4453 946 4509 aliud
961 4454 1003 4518 sit,
1015 4470 1096 4524 quam
1110 4452 1224 4507 olfactus
1238 4452 1355 4516 interior,
1368 4452 1503 4506 hauriens
1517 4461 1544 4507 et
1556 4453 1666 4506 descen-

72 4519 270 4596 dmimjnvsnc
285 4548 400 4603 eamque
421 4533 501 4603 longe
513 4550 596 4603 supra
611 4534 683 4587 vires
696 4533 835 4587 naturales
873 4533 939 4587 dens
954 4549 970 4586 a
983 4532 1090 4586 narium
1110 4532 1244 4586 meatibus
1265 4531 1449 4601 superioribus
1462 4532 1491 4585 in
1505 4548 1536 4586 os
1549 4541 1578 4585 et
1591 4531 1666 4601 pala·

72 4601 176 4661 ‘nltaut
214 4610 281 4665 ltem
296 4613 418 4666 carmina
440 4612 546 4666 facilius
563 4612 675 4676 herent,
689 4620 716 4667 et
729 4612 835 4667 diacon
874 4619 940 4666 tum.
982 4611 1019 4666 At
1029 4620 1130 4676 contra,
1142 4610 1251 4676 susum,
1260 4617 1287 4664 et
1297 4610 1382 4676 dulce,
1393 4620 1421 4665 et
1430 4628 1499 4676 acre,
1512 4620 1540 4666 et
1550 4611 1665 4675 acidum,

72 4682 446 4762 tttrusemoriter,quamprosa.
487 4692 577 4764 Atque
587 4692 686 4747 existo
699 4693 836 4764 muscipulo
873 4701 902 4746 et
917 4698 1065 4757 austerum,
1078 4699 1106 4744 et
1118 4707 1247 4754 amarum,
1264 4698 1292 4744 et
1310 4689 1427 4755 similia;
1447 4690 1507 4744 hac
1526 4691 1664 4762 (inquam)

72 4758 134 4846 tt't'ttut
146 4766 334 4835 motantiamm,
349 4770 474 4825 videlicet
489 4772 599 4836 ordinis,
613 4772 734 4826 locorum
751 4771 835 4825 artili-
874 4772 965 4834 omnia
982 4787 1059 4841 mque
1080 4771 1198 4824 sentiunt
1215 4769 1266 4833 illi,
1280 4770 1308 4823 in
1329 4770 1426 4840 quibus
1446 4769 1562 4825 olfactus
1580 4770 1664 4834 deest,

71 4837 133 4893 tulit
145 4849 280 4912 memoria,
295 4857 322 4903 et
334 4867 467 4915 versuum,
482 4852 654 4905 constituitur
667 4851 772 4921 species
780 4868 836 4905 una
873 4858 920 4906 ant
933 4850 1079 4913 obturatur,
1089 4866 1120 4902 ac
1134 4850 1278 4920 quisquam
1289 4848 1375 4904 aliuss
1396 4856 1426 4904 ut
1438 4850 1612 4904 manifestum
1621 4848 1665 4912 sit,

72 4918 365 4984 uatiisdmemorism.
407 4930 518 5000 Species
532 4940 621 4984 autem
635 4929 692 4995 illa,
706 4931 837 4985 abscissio
873 4946 982 4984 sensum
997 4937 1092 5000 gustus
1106 4944 1167 4983 esse
1181 4929 1360 4997 compositum
1374 4926 1503 4998 quiddam
1517 4927 1666 4982 exoliactu

403 1418 490 1457 XXVI.

73 4993 159 5065 ‘fieta'
169 5014 237 5060 recte
250 5009 338 5062 vocari
351 5010 446 5078 possit
487 5009 557 5064 Cum
570 5010 643 5064 enim
657 5009 718 5080 quis
732 5008 836 5079 aliquid
872 5010 1003 5073 interiori,
1018 5016 1047 5062 et
1063 5014 1137 5062 tactu
1156 5008 1274 5077 quodam
1292 5007 1447 5077 exquisit03
1468 5007 1502 5061 dc
1523 5023 1578 5077 quo
1594 5022 1665 5060 nunc

72 5078 185 5135 remisisti
198 5095 243 5140 aut
257 5103 383 5141 revocare
397 5089 425 5142 in
435 5089 593 5143 memoriam
606 5088 720 5152 nititnr;
742 5087 836 5142 sinul-
872 5105 927 5142 non
941 5096 983 5142 est
997 5086 1104 5141 dicendi
1118 5086 1201 5141 locus.

72 5146 305 5225 hermamonem
315 5167 472 5220 babeataut
480 5168 682 5238 perceptionem
691 5166 750 5235 ejus
762 5166 836 5238 quod
913 5165 1050 5229 Similiter,
1071 5164 1191 5234 exempli
1216 5163 1322 5234 gratiae
1351 5164 1387 5218 sit
1408 5171 1506 5218 natura
1527 5162 1665 5234 inquisita,

73 5237 166 5320 Μὴ
186 5245 280 5311 quaerit
291 5256 362 5301 certe
374 5255 402 5301 et
415 5245 532 5310 molitur,
548 5255 574 5300 et
587 5246 640 5300 hac
653 5245 717 5300 illac
731 5246 835 5300 discur-
873 5245 1085 5300 communicatio
1104 5244 1250 5316 qualitatis,
1271 5245 1373 5314 absque
1395 5241 1580 5297 commistione
1600 5243 1665 5297 sub·

73 5319 234 5389 mdeltonem
250 5323 279 5376 in
296 5324 409 5380 infinito.
451 5326 527 5386 Quod
547 5326 571 5380 si
591 5335 694 5380 certam
715 5324 836 5395 aliquam
874 5325 989 5379 stantia.
1031 5324 1166 5378 lnstantia
1185 5322 1253 5376 lucis
1273 5322 1409 5376 dabetvel
1423 5321 1567 5375 constituet
1581 5337 1667 5377 unam

73 5398 243 5454 ammonem
264 5401 376 5469 habest3
398 5405 489 5460 statim
504 5405 670 5460 abscinditur
683 5405 835 5469 infinitum
874 5406 995 5474 speciem
1016 5402 1284 5465 communicationis3
1314 5399 1387 5455 calor
1408 5417 1473 5454 vero
1496 5407 1524 5454 et
1546 5417 1666 5472 magnes,

74 5470 267 5535 “stillaturam
280 5485 414 5541 memoria
426 5485 514 5556 magis
527 5484 663 5542 invicim.
704 5485 738 5539 ln
751 5484 837 5540 tribus
873 5484 996 5539 alteram.
1047 5480 1265 5539 communicatio
1288 5480 1361 5534 enim
1385 5478 1454 5545 lucis
1478 5488 1520 5537 est
1538 5487 1669 5554 tanquam
