3800 5875
670 295 852 351 HISTORIA
873 296 1098 351 VENTORUM.
1168 323 1175 335 ·
1632 297 1691 358 527

59 454 201 520 videlicet,
230 454 407 510 cessationem
436 470 564 509 aurarum
590 459 618 508 et
637 461 779 508 ventorum
806 452 862 507 illis
901 470 983 524 qnam
996 452 1098 507 halitus
1108 457 1260 506 terrestres:
1281 458 1409 515 attamen,
1419 452 1573 522 quisterra
1587 462 1613 507 et
1622 454 1691 509 locis

61 533 151 588 horis.
900 534 991 587 minus
1004 532 1123 586 humidis
1138 531 1286 601 gignumur
1297 532 1378 594 renti,
1387 538 1449 585 sunt
1462 532 1550 600 magis
1564 533 1691 588 obstinati

101 613 153 679 10.
178 611 213 665 10
239 611 311 667 vitro
337 612 472 666 calendari
507 614 555 665 adr
581 611 709 665 dilatatus
735 612 862 680 deprimit
900 620 927 665 et
941 612 1042 665 diutius
1056 611 1160 672 durant,
1175 617 1202 662 et
1214 616 1276 662 sunt
1289 608 1330 662 illi
1349 610 1405 664 fere
1421 610 1467 679 qui
1481 610 1641 677 dejiciuntur
1655 630 1691 668 ex

59 708 168 762 aquam
182 697 313 760 tanquam
327 692 410 755 datu;
433 690 502 744 stin
516 691 586 744 vitro
606 688 713 758 pileato,
727 694 790 745 aire
805 698 862 744 tan·
900 690 971 755 alto;
992 697 1021 743 ut
1032 690 1125 759 opinio
1137 696 1257 742 veterum
1271 688 1300 740 in
1314 687 1366 742 hac
1380 699 1456 758 parte
1470 704 1525 741 non
1538 687 1619 742 fuerit
1631 707 1690 744 om-

62 769 209 825 tnmmodo
232 769 354 839 impleto,
376 773 424 824 adr
442 769 572 823 dilatatus
595 769 671 822 inflat
691 771 810 823 vesicam
831 776 862 823 ut
899 769 965 821 nino
977 767 1096 833 inutilis;
1117 767 1170 821 nisi
1185 766 1256 837 quod
1271 765 1372 835 placuit
1384 767 1446 829 illis,
1461 774 1589 839 tanquam
1603 768 1690 823 divisa

60 859 162 904 ventus
175 848 348 903 manifestus.
900 846 1065 910 haereditate,
1089 847 1227 915 assignare
1247 846 1392 915 vaporibus
1415 845 1529 915 pluvias,
1553 853 1582 900 et
1602 849 1690 902 ventis

108 927 154 982 ll.
176 928 404 997 Experimentum
417 926 531 981 fecimus
543 926 573 980 in
592 926 659 980 turri
680 925 800 989 rotunda,
814 943 862 980 un·
900 925 1069 980 solummodo
1079 924 1272 987 exhalationes,
1282 933 1308 977 et
1317 923 1471 993 hujusmodi
1483 924 1598 995 pulchra
1608 927 1689 992 dictu,

62 1007 148 1078 dique
162 1006 265 1069 010000,
280 1006 362 1074 hujus
376 1005 484 1076 generis
497 1005 589 1059 venti:
612 1021 676 1058 nam
693 1003 813 1058 foculum
831 1005 860 1058 in
900 1021 929 1058 re
942 1005 1042 1057 inania

62 1087 158 1140 medio
168 1087 229 1153 ejus
242 1084 399 1149 locavimus,
413 1101 476 1138 eum
489 1083 582 1154 prunis
596 1083 704 1153 penitus
717 1084 819 1153 ignitis,
830 1091 861 1137 01
939 1082 986 1137 22.
1007 1082 1088 1135 Venti
1103 1099 1139 1136 ex
1151 1079 1358 1136 resolutionibus
1368 1081 1472 1136 nivium
1483 1082 1631 1150 jacentium
1641 1100 1688 1138 su·

62 1165 158 1219 minus
168 1173 241 1218 esset
252 1163 334 1229 fumi;
349 1172 376 1216 at
390 1180 407 1216 0
420 1163 504 1218 latere
518 1162 601 1216 foculi
614 1163 643 1215 in
656 1162 785 1216 distantia
797 1178 862 1215 non·
899 1178 949 1231 per
962 1171 1066 1215 montes
1079 1167 1142 1214 sunt
1155 1161 1210 1214 fere
1224 1160 1307 1213 medii
1320 1159 1390 1213 inter
1401 1167 1497 1214 ventos
1511 1161 1647 1231 aquaticos
1661 1172 1690 1217 et

61 1243 143 1297 nulls
166 1242 244 1297 filum
266 1243 454 1312 suspendimus
474 1258 536 1294 cunr
556 1258 634 1295 cruce
653 1258 689 1295 ex
711 1241 818 1310 plumis,
832 1248 862 1295 ut
900 1250 1047 1303 terrestres,
1068 1240 1116 1293 sed
1136 1239 1226 1309 magis
1245 1237 1379 1292 inclinant
1398 1239 1433 1293 ed
1455 1241 1611 1310 aquaticos;
1640 1242 1689 1296 sed

60 1322 148 1376 facile
162 1328 326 1377 moveretur.
368 1322 463 1393 ltaque
473 1328 533 1390 post
544 1336 655 1389 parvam
662 1336 773 1384 moram,
783 1327 862 1374 aucto
899 1327 991 1373 tamen
1000 1325 1065 1372 sunt
1078 1318 1196 1372 acriores
1209 1324 1236 1370 et
1250 1316 1413 1370 mobiliores.

61 1401 158 1455 calore
172 1409 201 1455 et
218 1399 329 1454 dilatato
342 1403 413 1464 aere,
428 1400 584 1471 agitabatur
598 1416 665 1453 crux
678 1397 787 1469 plumes
800 1415 861 1452 cum
939 1398 986 1452 23.
1008 1396 1113 1452 Solutio
1122 1397 1225 1451 nivium
1235 1396 1263 1449 in
1274 1396 1412 1450 montibus
1420 1395 1554 1450 nivalibus
1563 1398 1606 1466 (ut
1614 1397 1688 1465 prius

61 1479 113 1533 filo
137 1497 191 1534 suo
211 1480 277 1534 hinc
301 1480 363 1532 inde
384 1486 460 1533 motu
480 1478 573 1541 vari03
596 1478 661 1548 0010
683 1477 768 1530 etiam
787 1476 861 1531 facto
899 1476 1065 1543 notavimus)
1077 1492 1184 1546 semper
1197 1475 1299 1528 inducit
1307 1481 1399 1528 ventos
1413 1482 1497 1529 statos
1511 1492 1547 1529 ex
1555 1492 1589 1528 ea
1602 1484 1687 1545 parte.

61 1559 204 1612 foramine
224 1559 254 1612 in
282 1556 400 1611 fenestra
423 1559 504 1612 turris
526 1556 619 1612 exibat
645 1556 726 1610 flatus
750 1555 860 1621 calidus,
939 1555 986 1609 21.
1006 1554 1097 1609 Etiam
1118 1554 1293 1609 anniversarii
1315 1553 1454 1624 aquilones
1473 1554 1545 1608 circa
1564 1560 1688 1609 exortum

59 1654 156 1708 neque
168 1638 217 1692 ille
230 1638 381 1699 continuus,
396 1637 444 1691 sed
458 1653 506 1705 per
515 1637 596 1698 vices,
610 1642 637 1689 et
650 1635 791 1689 undulans.
899 1634 1030 1689 caniculas
1042 1634 1231 1688 existimantur
1243 1632 1335 1686 venire
1349 1648 1367 1684 0
1376 1633 1445 1686 mari
1458 1631 1573 1703 glaciali,
1589 1639 1689 1702 01001-

107 1718 154 1771 12.
176 1716 268 1770 Etiam
288 1717 407 1785 receptio
420 1714 492 1770 airis
510 1731 560 1785 per
576 1714 663 1784 frigus
675 1730 692 1767 a
705 1714 860 1769 dilatatione
899 1713 971 1767 tibus
992 1713 1065 1768 circa
1079 1712 1208 1767 circulum
1227 1712 1364 1775 arcticum,
1380 1711 1427 1765 ubi
1451 1728 1519 1765 serae
1538 1719 1599 1765 sunt
1616 1711 1688 1767 solu·

60 1806 140 1849 creat
161 1794 297 1862 ejusmodi
309 1802 426 1859 ventum,
447 1794 495 1848 sed
514 1792 680 1857 debiliorem,
694 1793 730 1846 ob
743 1793 860 1848 minores
899 1791 986 1847 tiones
999 1791 1099 1862 glaciei
1112 1798 1140 1845 et
1152 1791 1262 1855 nivium,
1277 1797 1370 1844 testate
1384 1798 1442 1844 tum
1454 1789 1532 1843 valde
1546 1790 1647 1845 adulta.

60 1876 140 1927 vires
154 1873 285 1944 frigoris;
306 1874 375 1927 adeo
388 1882 417 1927 ut
430 1873 459 1926 10
468 1873 591 1936 Peruvia,
605 1873 656 1926 sub
668 1873 763 1943 quavis
776 1889 861 1941 parva
939 1871 986 1925 25.
1008 1870 1105 1934 Moles,
1113 1871 1169 1924 sive
1180 1877 1286 1923 montes
1297 1868 1434 1939 glaciales,
1445 1886 1505 1939 quae
1518 1868 1689 1924 devehuntur

61 1954 172 2017 umbra,
194 1969 248 2006 non
270 1951 358 2006 solum
381 1952 469 2019 majus
493 1952 657 2022 percipiatur
680 1951 860 2021 refrigerium,
898 1966 991 2004 versus
1005 1949 1145 2003 Canadsm
1157 1956 1184 2003 et
1200 1949 1314 2003 Terram
1332 1947 1503 2012 Piscationis,
1518 1948 1606 2019 magis
1626 1950 1688 2019 gig-

60 2049 147 2103 quam
168 2032 242 2101 apud
263 2048 314 2085 nos
336 2034 398 2102 (per
417 2031 631 2101 antiperistasin)
651 2031 699 2084 sed
718 2030 861 2086 manifesta
899 2037 966 2082 nunt
979 2045 1059 2083 auras
1073 2028 1204 2098 quasdam
1217 2028 1339 2097 fn'gidas,
1354 2043 1436 2097 quam
1449 2035 1541 2080 ventos
1555 2027 1680 2083 mobiles.

60 2127 131 2165 aura
146 2128 184 2165 ex
198 2112 350 2180 receptione
364 2109 436 2165 aeris
450 2111 557 2180 quando
570 2109 643 2164 subit
654 2110 787 2163 umbram.
938 2106 985 2163 26.
1007 2108 1096 2172 Venti,
1111 2108 1159 2178 qui
1178 2124 1214 2161 ex
1238 2107 1316 2160 terris
1335 2104 1468 2159 sabulosis
1491 2113 1538 2159 aut
1558 2107 1689 2161 cretaceis

102 2192 197 2260 Atque
209 2190 243 2243 de
251 2196 332 2243 vento
345 2206 394 2260 per
403 2206 505 2243 meram
513 2188 697 2243 dilatationem
711 2196 757 2243 aut
770 2205 861 2261 recep
898 2186 1066 2257 proveniunt,
1081 2194 1144 2241 sunt
1154 2185 1234 2257 pauci
1248 2194 1276 2239 et
1289 2185 1354 2238 sicci
1367 2206 1374 2249 ς
1395 2185 1477 2238 iidem
1491 2184 1520 2237 in
1533 2185 1689 2256 regionibus

59 2270 170 2323 tionem
186 2268 259 2323 ae'ris
274 2269 353 2332 facto,
369 2267 508 2322 hactenus.
898 2266 1071 2320 calidioribus
1085 2266 1200 2329 aestuosi,
1215 2272 1243 2318 et
1257 2264 1348 2326 fumei,
1363 2272 1391 2317 et
1403 2262 1505 2317 torridi.

104 2349 152 2403 13.
177 2348 260 2401 Venti
275 2364 311 2401 ex
324 2348 406 2401 meris
420 2347 537 2401 motibus
551 2345 630 2412 aeris,
644 2346 745 2418 absque
758 2347 861 2402 immis-
938 2345 986 2406 27.
1007 2346 1089 2399 Venti
1111 2361 1147 2399 ex
1164 2343 1309 2415 vaporibus
1328 2343 1439 2397 marinis
1462 2341 1569 2396 facilius
1589 2343 1690 2398 abeunt

59 2428 137 2481 tione
152 2443 296 2497 vaporum,
309 2425 385 2480 lenes
399 2433 426 2480 et
439 2426 534 2480 molles
548 2432 617 2480 sunt.
658 2426 812 2481 Videndum
827 2428 860 2482 de
898 2433 972 2479 retro
985 2425 1014 2479 in
1027 2424 1156 2495 pluviam,
1170 2439 1242 2493 aqua
1258 2423 1303 2489 jus
1316 2438 1394 2475 suum
1407 2428 1546 2491 repetente
1559 2429 1588 2476 et
1601 2422 1689 2476 vindi·

58 2506 153 2560 ventis
167 2506 328 2576 vaporariis,
340 2502 403 2579 (000
417 2506 532 2559 dicimus
547 2505 594 2575 qui
607 2514 769 2575 generantur
782 2524 799 2559 a
812 2524 860 2560 va·
899 2513 996 2558 cante:
1016 2512 1063 2558 001
1071 2504 1095 2558 si
1109 2503 1161 2557 hoc
1173 2518 1229 2555 non
1236 2501 1396 2564 conceditur,
1405 2501 1553 2555 miscentur
1566 2502 1690 2571 protinus

58 2582 203 2658 poribus)
218 2586 267 2657 qui
290 2593 364 2638 tanto
382 2584 437 2639 illis
457 2584 550 2639 alteris
571 2594 684 2654 possunt
706 2601 764 2638 esse
778 2585 861 2640 vehe·
899 2582 965 2648 a'e'ri,
979 2590 1008 2637 et
1026 2582 1145 2654 quietem
1160 2588 1261 2651 agunt:
1282 2588 1310 2634 at
1331 2579 1431 2633 halitus
1445 2580 1534 2643 terrei,
1548 2588 1576 2634 et
1595 2581 1688 2645 fumci,

58 2667 223 2728 mentiores,
246 2673 348 2734 quanto
366 2664 489 2718 dilatatio
516 2671 601 2734 guttae
625 2680 702 2734 aquae
725 2681 809 2719 versa
832 2666 860 2719 in
899 2671 926 2716 et
939 2663 1072 2725 unctuosi,
1087 2668 1114 2716 et
1124 2659 1262 2715 solvuntur
1275 2658 1382 2730 agrius,
1393 2666 1421 2713 et
1434 2659 1584 2713 ascendunt
1597 2659 1686 2722 altius,

58 2744 158 2799 aerem
172 2744 282 2798 excedit
295 2744 414 2814 aliquam
428 2744 613 2797 dilatationem
627 2742 699 2796 aeris
709 2743 767 2811 jam
781 2744 860 2799 facti:
899 2750 928 2795 et
940 2743 1028 2812 magis
1041 2740 1137 2795 irritati
1151 2747 1213 2794 sunt
1226 2740 1255 2792 in
1264 2754 1314 2793 sno
1327 2745 1409 2801 motu,
1420 2744 1447 2791 et
1460 2754 1533 2808 saepe
1547 2745 1691 2807 penetrant

60 2824 139 2893 qnod
161 2823 258 2877 multis
277 2824 399 2893 partibus
421 2814 537 2886 10011,οῑ
557 2822 682 2892 superius
699 2823 861 2877 monstravi·
900 2822 1017 2875 mediam
1032 2821 1172 2891 regionem
1185 2817 1265 2883 adria,
1278 2825 1307 2872 et
1321 2823 1384 2871 sunt
1397 2815 1489 2887 aliqua
1508 2817 1623 2871 materia
1635 2834 1691 2871 me·

60 2919 137 2957 mus.
900 2908 1035 2956 tentorum
1048 2900 1204 2970 ignitorum.

106 2984 155 3036 14.
179 2981 329 3036 Ventorum
350 2981 554 3053 vaporariorum
577 2979 640 3054 (001
661 2990 724 3035 0001
745 2981 787 3035 1111
814 2983 861 3053 001
939 2980 985 3034 28.
1006 2980 1132 3033 Traditur
1146 2972 1690 3047 0001100010100110100100111100,00οι

60 3061 247 3115 communiter
258 3055 341 3134 dant)
356 3062 475 3116 efficiens
489 3069 530 3114 est
543 3060 590 3124 sol,
602 3068 629 3114 et
642 3060 716 3115 calor
730 3061 788 3128 ejus
802 3078 861 3132 pro
900 3059 1037 3113 Gasconia
1050 3064 1123 3113 esset
1134 3057 1217 3126 hujus
1230 3053 1349 3119 ditionis,
1364 3053 1518 3108 exhibitum
1532 3053 1616 3107 fuisse
1629 3053 1690 3124 regi

60 3143 254 3211 perdomitus,
275 3141 396 3205 materia,
418 3156 531 3209 vapores
555 3148 583 3193 et
605 3139 794 3194 exhalationes
814 3142 861 3211 qui
899 3137 1022 3194 libellum
1035 3136 1186 3207 supplicem
1200 3152 1249 3205 per
1262 3133 1385 3187 subditos
1402 3149 1465 3187 suos
1478 3132 1649 3202 Burdegaliae
1663 3141 1691 3186 et

61 3228 208 3273 vertuntur
221 3227 250 3271 et
269 3220 439 3273 resolvuntur
459 3220 488 3272 in
507 3218 615 3282 adremr
637 3216 728 3273 adrem
742 3221 860 3290 inquam,
899 3217 1060 3280 confinium,
1081 3216 1198 3286 petendo
1210 3221 1241 3267 ut
1261 3211 1449 3282 prohiberetur
1468 3211 1590 3265 incensio
1609 3211 1690 3265 ericae

62 3296 138 3370 (non
155 3296 232 3352 alind
253 3299 395 3369 quippiam
409 3299 444 3352 ab
458 3294 547 3371 aare)
561 3298 610 3351 sed
624 3305 715 3352 tamen
735 3299 770 3352 ab
782 3300 862 3353 initio
898 3298 927 3350 in
941 3297 1013 3368 agris
1028 3295 1166 3350 Sussexioe
1179 3301 1208 3346 et
1220 3291 1405 3361 Hamptoniae,
1417 3291 1480 3361 quia
1494 3291 1617 3361 gigneret
1627 3307 1690 3344 ven·

61 3379 157 3430 minus
171 3377 316 3431 sincerum.
899 3384 956 3430 tum
970 3376 1042 3430 circa
1054 3375 1136 3429 finem
1146 3371 1249 3443 Aprilis
1261 3371 1348 3424 vineis
1362 3371 1418 3425 suis
1432 3368 1609 3424 exitiabilem.

108 3456 153 3510 15.
177 3454 250 3509 Solis
270 3455 343 3511 calor
364 3456 480 3528 exiguus
493 3473 548 3511 nou
561 3456 662 3511 excitat
675 3471 796 3526 vapores,
810 3457 861 3511 ita·
939 3452 986 3509 29.
1008 3455 1160 3508 Concursus
1180 3459 1320 3505 ventorum
1341 3449 1519 3512 adinvicem,
1542 3449 1566 3501 si
1591 3447 1691 3502 fuerint

62 3551 119 3606 qne
130 3551 183 3587 nec
195 3541 313 3589 ventum.
901 3534 990 3597 fortes,
1009 3534 1125 3604 gignunt
1137 3538 1232 3585 ventos
1245 3528 1420 3583 vehementes
1437 3534 1466 3582 et
1482 3527 1645 3590 verticosos;
1665 3526 1690 3580 si

108 3612 155 3668 16.
178 3613 251 3667 Solis
270 3614 344 3667 calor
365 3613 470 3669 medius
493 3616 593 3669 excitat
606 3631 728 3684 vapores,
748 3630 799 3668 nec
820 3621 861 3669 ta·
899 3613 975 3666 lenes
989 3620 1016 3667 et
1029 3611 1143 3674 humidi,
1157 3610 1274 3681 gignunt
1287 3607 1413 3677 pluviam,
1429 3613 1456 3660 01
1469 3607 1562 3661 sedant
1574 3613 1676 3660 ventos.

62 3709 130 3748 men
149 3707 199 3745 eos
210 3693 338 3748 continuo
352 3692 474 3763 dissipat.
518 3695 613 3765 ltaque
627 3695 651 3747 si
666 3710 767 3763 magna
780 3692 862 3748 fuerit
939 3690 986 3746 30.
1008 3691 1140 3745 Sedantur
1154 3695 1183 3743 et
1195 3686 1354 3742 codrcentur
1368 3686 1440 3739 venti
1455 3685 1574 3756 quinque
1589 3684 1689 3738 modis:

62 3772 191 3842 ipsorum
204 3771 398 3841 copiacoe'unt
408 3773 437 3825 in
447 3771 574 3843 pluviam,
585 3781 631 3826 001
645 3773 805 3843 simplicem,
816 3779 862 3827 aut
899 3787 961 3824 eum
975 3777 1022 3823 aut
1034 3769 1089 3833 adr,
1103 3768 1247 3838 vaporibus
1260 3774 1385 3819 oneratus
1399 3773 1425 3818 et
1439 3764 1612 3827 tumultuans,
1623 3762 1691 3817 libe·

63 3867 129 3905 cnm
143 3858 226 3904 vento
243 3851 428 3919 conjunctam
450 3852 475 3905 si
494 3852 591 3916 minor,
605 3860 744 3906 vertuntur
756 3852 786 3905 in
799 3868 862 3906 ven·
900 3856 981 3913 ratur,
994 3849 1140 3918 saporibus
1161 3863 1191 3901 se
1204 3843 1425 3900 contrahentibus
1437 3844 1466 3896 in
1484 3842 1622 3912 pluviam
1643 3849 1691 3896 001

63 3939 125 3985 tum
139 3929 304 3998 simplicem.
900 3944 961 3981 cum
981 3944 1096 3998 vapores
1116 3926 1280 3995 dissipantur
1298 3931 1325 3978 et
1347 3924 1414 3977 fiunt
1435 3922 1599 3984 subtiliores,
1616 3920 1690 3975 unde

109 4007 157 4069 17.
181 4008 253 4063 Solis
271 4008 345 4063 calor
358 4009 386 4065 in
404 4009 573 4064 incremento
590 4008 703 4063 inclinat
722 4010 811 4080 magis
827 4008 863 4062 ad
899 4007 1096 4077 permiscentur
1110 4004 1175 4068 a'eri,
1196 4012 1223 4059 et
1241 4001 1312 4057 belle
1326 4018 1387 4056 cum
1406 4001 1467 4072 ipso
1490 4001 1652 4055 conveniunt
1663 4008 1692 4054 et

64 4089 275 4160 generationem
286 4097 443 4153 ventorum
464 4089 493 4142 in
507 4089 684 4152 decremento,
698 4087 860 4158 pluviarum.
900 4085 990 4155 quiete
1006 4085 1122 4156 degunt;
1143 4092 1190 4137 sut
1207 4099 1270 4137 cunr
1282 4097 1396 4151 vapores
1417 4081 1473 4135 sive
1495 4079 1598 4135 halitus
1617 4079 1691 4133 eral-

110 4165 157 4221 18.
181 4166 252 4221 Solis
273 4165 346 4220 calor
363 4168 485 4221 intensus
505 4174 532 4220 et
546 4169 719 4222 continuatus
742 4173 863 4220 attenuat
900 4172 997 4228 tantur,
1011 4172 1039 4218 et
1057 4163 1235 4218 sublimantur
1247 4162 1276 4214 in
1289 4159 1383 4223 altuni,
1397 4159 1466 4213 adeo
1484 4165 1515 4213 ut
1534 4158 1692 4231 requiescit

65 4253 96 4298 et
113 4245 232 4314 dissipat
244 4261 365 4315 vapores,
385 4262 485 4316 eoaque
499 4243 634 4309 sublimat,
655 4254 735 4316 atque
753 4245 861 4299 interim
901 4243 935 4296 ab
945 4244 1021 4313 ipsis,
1030 4243 1115 4297 donec
1129 4259 1147 4295 a
1159 4241 1249 4295 medis
1262 4238 1373 4309 regione
1384 4236 1456 4292 aeris
1469 4237 1631 4305 dejiciantur
1644 4243 1692 4291 aut

65 4324 126 4378 aeri
140 4323 648 4394 000011101101010010110000000
669 4323 862 4395 0010011001·
901 4338 961 4376 eam
985 4329 1141 4392 penetrent;
1162 4327 1209 4374 ant
1228 4336 1290 4373 cum
1303 4332 1424 4387 vapores,
1446 4317 1577 4372 00001110
1596 4317 1690 4381 nubes,

67 4413 129 4457 etus
142 4404 173 4456 fit
186 4412 215 4456 et
231 4419 350 4457 serenus.
901 4401 935 4453 ab
949 4400 1011 4456 aliis
1023 4401 1111 4455 ventis
1131 4399 1162 4453 in
1177 4398 1232 4452 alto
1252 4395 1425 4468 spirantibus,
1441 4395 1649 4450 uanmehuntur
1661 4396 1692 4449 in

112 4475 158 4535 19.
181 4480 265 4535 Calor
278 4481 344 4537 solis
355 4482 443 4551 magis
451 4480 564 4553 aequalis
575 4488 603 4535 et
613 4481 763 4544 continuus,
772 4481 861 4536 minus
900 4479 969 4534 alias
983 4480 1115 4550 regiones,
1123 4485 1153 4533 01
1167 4494 1221 4548 pax
1235 4477 1271 4531 sit
1284 4475 1319 4529 ab
1331 4474 1399 4545 ipsis
1412 4475 1442 4527 in
1454 4475 1609 4546 regionibus
1623 4490 1692 4546 0000

67 4569 148 4630 aptus
162 4560 198 4614 ad
217 4562 424 4630 generationem
437 4569 594 4624 ventorum
617 4561 704 4631 magis
718 4559 862 4629 100000]ἰο
900 4558 1105 4627 praetervolant3
1126 4564 1174 4611 aut
1193 4556 1316 4625 denique,
1340 4570 1402 4607 cum
1416 4555 1491 4607 venti
1514 4571 1531 4607 0
1554 4554 1691 4608 fomitibus

67 4649 96 4693 et
109 4639 452 4710 alternans,magisaptus.
493 4640 588 4709 Itaque
602 4640 631 4693 in
645 4640 816 4710 navigatione
827 4638 861 4692 ad
900 4638 957 4692 suis
977 4637 1118 4707 spirantes,
1143 4634 1225 4705 longo
1245 4635 1351 4696 itinere,
1372 4648 1422 4685 nec
1441 4634 1600 4687 succedente
1621 4647 1692 4685 nova

68 4718 200 4773 Ilussiam
220 4717 313 4778 minus
336 4719 499 4772 afflictanmr
517 4719 611 4782 ventis,
637 4734 718 4787 quam
742 4719 772 4772 in
793 4718 862 4772 mari
900 4717 1022 4781 materia,
1036 4716 1221 4786 languescunt,
1234 4720 1262 4767 et
1274 4713 1379 4781 impetu
1399 4728 1450 4766 000
1462 4713 1649 4774 destituuntur,
1664 4715 1692 4763 et

67 4797 236 4862 Britannico,
256 4805 368 4868 propter
389 4798 484 4868 longos
501 4796 573 4860 dies;
595 4805 623 4850 at
636 4798 665 4850 in
683 4797 799 4851 Perusia
812 4798 863 4851 sub
901 4795 979 4866 quasi
993 4795 1141 4864 exspirant.

67 4877 234 4946 0001000110
253 4877 341 4930 crebri
356 4877 436 4940 venti,
454 4876 489 4930 ob
505 4892 633 4946 magnam
651 4875 863 4947 inequalitatem
940 4873 987 4928 31.
1010 4874 1113 4928 Imbres
1133 4872 1291 4942 plerumque
1304 4877 1398 4925 ventos
1417 4869 1520 4933 sedant,
1539 4866 1690 4938 pracsertim

68 4956 176 5020 caloris,
190 4954 370 5009 alternantem
383 4964 465 5010 noctu
478 4962 506 5008 et
518 4955 645 5009 interdiu.
900 4951 1073 5022 procellosos,
1086 4958 1118 5006 ut
1130 4959 1160 5005 et
1171 4950 1245 5004 venti
1265 4957 1359 5004 contm
1380 4949 1480 5019 saepius
1502 4948 1624 5001 detinent
1642 4944 1692 4998 im-

109 5034 159 5089 20.
182 5034 216 5088 10
230 5034 378 5103 vaporibus
391 5041 420 5088 et
440 5034 519 5102 copia
538 5041 674 5103 spectatur
688 5040 716 5088 et
729 5032 862 5105 qualitasc
901 5032 986 5085 brem.

68 5114 150 5182 copia
169 5129 256 5183 parva
269 5113 360 5183 gignit
372 5129 452 5167 auras
465 5112 554 5175 lenem
575 5113 665 5166 media
677 5119 771 5167 ventos
786 5112 863 5167 forti-
941 5110 989 5165 32.
1011 5109 1182 5164 Contrahunt
1196 5125 1226 5162 se
1240 5107 1313 5162 venti
1330 5108 1360 5161 in
1372 5106 1492 5176 pluviam
1507 5102 1566 5173 (qui
1580 5111 1621 5155 est
1635 5100 1691 5171 pri·

68 5207 148 5255 ores3
171 5208 273 5263 magna
285 5200 418 5262 aggravat
430 5190 532 5255 aerem,
546 5198 574 5244 et
588 5192 677 5263 gignit
690 5191 804 5261 pluvias,
819 5189 864 5245 vel
902 5205 963 5244 mus
976 5206 1012 5243 ex
1022 5188 1141 5259 quinque
1151 5187 1262 5241 sedandi
1276 5186 1370 5250 modis,
1382 5186 1459 5256 isque
1470 5179 1634 5251 praecipuus)
1644 5186 1693 5233 aut

68 5270 239 5341 tranquillas,
253 5270 297 5324 vel
311 5287 373 5325 cum
385 5271 480 5325 ventis.
901 5268 963 5337 ipso
983 5283 1064 5322 onere
1086 5267 1193 5339 gravati
1214 5283 1276 5319 cnm
1293 5281 1407 5335 vapores
1428 5262 1484 5315 sint
1506 5259 1624 5328 copiosi,
1646 5265 1691 5312 ant

110 5349 157 5403 31.
179 5350 303 5417 Vaporcs
324 5365 360 5404 ex
381 5351 499 5414 marist
519 5349 653 5413 amnibus,
672 5357 699 5403 et
720 5347 864 5418 paludibus
902 5347 1167 5416 proptercontrarios
1177 5353 1265 5400 motus
1273 5351 1412 5397 ventnmm
1423 5339 1503 5394 modo
1512 5339 1567 5392 sint
1577 5336 1690 5407 placidi3

70 5428 214 5494 inundatis,
225 5427 308 5499 longe
323 5429 453 5497 majorem
464 5429 570 5499 copiam
585 5429 701 5501 gignunt
714 5436 864 5494 ventorum,
901 5433 948 5481 aut
976 5434 1086 5497 propter
1112 5426 1204 5482 obices
1231 5423 1362 5479 montium
1387 5427 1415 5474 et
1441 5417 1691 5491 promontoriorum,
