3800 5875
220 326 277 382 618
827 325 1038 388 INQUlSlTlO
1058 326 1108 383 DE
1129 325 1246 383 MOTU.

219 500 329 556 prorsus
342 483 464 538 tradendi
478 484 549 538 νίσιν
561 484 676 555 ingressi
687 500 786 548 mmor,
798 483 836 537 rei
851 483 903 552 ipsi
918 500 1012 537 conve·
1047 484 1090 547 rit,
1104 485 1127 539 si
1142 484 1209 538 illud
1222 482 1388 539 Philocratis
1407 484 1440 539 de
1458 482 1644 539 Demosthene
1663 482 1770 538 dictum
1788 483 1845 540 hoe

219 565 354 618 aientem:
369 579 422 616 non
432 563 601 633 disputando,
613 572 661 616 aut
670 562 866 633 exemplarem
879 572 907 616 et
917 579 1011 631 sparsa
1046 563 1245 618 transieramus.
1290 569 1307 595 “
1320 562 1408 634 Atque
1426 563 1512 618 nolite
1530 562 1631 626 mirari,
1645 562 1846 629 Athenienses,

219 643 392 706 adducendo;
414 659 476 696 cum
495 651 606 710 uterque
620 641 683 695 fidei
698 642 828 696 iacienda
841 640 936 695 modm
957 643 1011 696 sor·
1046 642 1069 695 si
1084 642 1153 697 mihi
1166 660 1227 697 cum
1241 641 1425 697 Demosthene
1439 659 1494 696 non
1508 643 1658 697 conveniat.
1703 642 1755 696 llle
1769 646 1845 699 eninr

219 729 292 776 tasse
306 721 434 775 adversus
449 720 525 774 nobis
540 720 645 775 iuturus
659 721 764 785 suaet,
778 737 890 792 quorum
902 719 1010 775 decreta
1044 737 1152 791 aquam,
1166 738 1217 795 ego
1230 720 1425 776 vinumbibo.'’
1468 720 1513 776 llli
1527 723 1601 776 enim
1614 729 1691 776 certe
1704 721 1846 793 liquorem

218 817 269 855 nec
282 801 312 853 in
325 817 392 855 cura
403 801 549 863 notionum,
562 815 613 853 nec
632 801 661 853 in
679 802 813 871 angustiis
833 800 1010 870 experientias
1044 799 1139 854 bibunt
1156 801 1275 864 crudum,
1290 816 1326 856 ex
1344 800 1485 855 intellectu
1500 801 1542 855 vel
1559 809 1657 872 sponte
1675 810 1844 866 manantem,

219 879 352 943 abscissae,
367 886 395 933 et
410 885 556 941 truncstoea
578 878 689 933 fundata
704 879 775 933 sint:
796 879 843 933 sed
864 879 1009 949 experien-
1043 878 1087 933 vel
1100 879 1232 934 industria
1245 879 1361 951 quadam
1375 880 1519 934 haustum:
1539 896 1589 933 nos
1599 888 1694 933 autem
1707 879 1844 950 liquorem

218 959 284 1012 tiam
304 965 487 1012 coacervatam
508 966 535 1010 et
550 958 704 1012 condusam
725 957 905 1021 adhibuimus,
926 964 1009 1028 atque
1043 973 1171 1026 paramm
1183 966 1211 1013 et
1224 958 1402 1029 propinamus
1416 976 1451 1015 ex
1464 959 1579 1014 infinitis
1598 959 1661 1013 uvis
1677 960 1842 1025 coniectum,

216 1036 343 1091 homines
357 1037 391 1090 ad
410 1036 497 1090 fontes
514 1053 604 1090 rerum
620 1037 788 1101 adduximus,
803 1054 835 1090 ac
853 1036 1009 1092 universum
1042 1036 1131 1108 iisque
1144 1039 1258 1092 maturis
1271 1046 1299 1091 et
1312 1040 1487 1107 tempestivis,
1497 1045 1525 1092 et
1534 1055 1584 1108 per
1593 1054 1721 1092 racemos
1732 1038 1843 1109 deeerp

217 1115 369 1171 intellectus
395 1131 551 1185 processum
576 1125 605 1169 et
630 1115 811 1170 derivationes
839 1115 890 1169 sub
914 1115 1007 1170 oculos
1042 1115 1078 1170 tis
1091 1125 1119 1171 et
1132 1115 1260 1181 collectis,
1270 1124 1298 1170 et
1310 1116 1424 1171 subinde
1438 1116 1565 1171 torculari
1580 1116 1695 1187 pressis,
1707 1126 1738 1170 et
1751 1135 1843 1172 rursus

216 1196 364 1266 posuimus.
405 1193 492 1254 Quare
507 1194 811 1265 quicunqueeoauimo
830 1202 1007 1259 contutant
1040 1194 1071 1248 in
1090 1212 1154 1250 vase
1175 1212 1206 1251 se
1226 1196 1422 1266 separsmibus,
1443 1203 1472 1251 et
1491 1195 1657 1250 clarificatis.
1700 1197 1748 1252 Ne
1769 1197 1841 1251 enim

217 1274 381 1345 argumentis
394 1274 520 1336 nitantur,
534 1280 581 1326 aut
593 1273 688 1343 paucis
702 1274 836 1346 exemplis
846 1274 949 1338 cedant,
960 1283 1007 1329 aut
1040 1273 1092 1328 hoc
1107 1273 1183 1330 Deus
1196 1275 1296 1338 siverit,
1311 1282 1342 1329 ut
1354 1274 1505 1345 phantasias
1519 1282 1619 1330 nosue
1638 1276 1780 1330 somnium
1792 1293 1841 1347 pro

217 1352 419 1408 auctoritatibus
440 1351 628 1422 impediantur,
649 1359 697 1407 aut
718 1369 787 1423 opus
811 1353 863 1407 hoc
883 1361 1005 1408 nostrum
1040 1354 1189 1425 exemplari
1213 1354 1307 1408 muudi
1329 1354 1455 1420 edamus;
1476 1354 1525 1409 sed
1544 1355 1637 1425 potius
1658 1355 1782 1426 benigne
1803 1356 1840 1409 ia·

217 1432 341 1486 evolvere
354 1440 382 1486 et
394 1431 571 1502 introspicere
586 1440 696 1502 propter
710 1441 757 1486 aut
774 1431 859 1487 ammi
877 1441 923 1487 aut
936 1439 1005 1486 tem·
1040 1439 1107 1497 vest,
1135 1440 1165 1487 ut
1190 1432 1367 1503 apocalypsin
1393 1442 1421 1488 et
1447 1433 1578 1489 visionem
1606 1434 1791 1505 vestigiorum
1813 1443 1840 1489 et

216 1512 292 1580 poris
308 1513 447 1581 angustias
460 1527 515 1564 non
533 1510 653 1580 possint;
674 1528 737 1565 cum
749 1510 804 1565 illis
818 1527 867 1565 nos
886 1512 1006 1583 profecto
1038 1511 1143 1566 viarum
1170 1511 1306 1568 Creaton‘s
1330 1512 1361 1569 in
1387 1519 1484 1568 natura
1509 1521 1537 1568 et
1559 1514 1696 1569 creaturis
1720 1515 1836 1569 consm-

216 1591 250 1645 de
265 1588 315 1645 hac
329 1607 357 1645 re
371 1607 421 1645 nec
441 1590 513 1647 serio
532 1588 651 1661 colloqui
669 1606 820 1660 possumus.
860 1592 931 1646 Satis
949 1590 1005 1644 iue-
1038 1589 1141 1646 bamus

753 2068 913 2144 arsula
953 2034 1289 2158 alatrinum,

986 2287 1047 2321 stt!

506 2440 845 2540 INQUISITIO
886 2441 1186 2582 LEGlTIMA
1228 2441 1312 2524 DE
1346 2441 1538 2525 MOTU.

252 2693 390 2751 Macntna
409 2697 562 2754 intellectus
580 2700 706 2756 interior:
731 2718 779 2756 seu
796 2699 908 2773 sequela
926 2700 1002 2755 char·
1074 2693 1196 2760 Rflcemb
1210 2696 1267 2751 ⁸ivt
1281 2695 1378 2751 charla
1394 2695 1518 2752 historie
1531 2696 1666 2752 ordinat&
1681 2697 1716 2751 td
1735 2698 1833 2752 artitu-

214 2781 300 2830 tarum
314 2777 348 2830 ad
361 2780 549 2848 apparentiam
565 2779 688 2850 primam.
1035 2772 1091 2828 lum
1103 2774 1246 2831 decimum.

253 2853 374 2920 Racemi,
389 2858 446 2912 sive
459 2858 553 2913 chartn
568 2858 689 2913 historiae
706 2858 835 2914 ordinatae
853 2860 888 2914 ad
901 2859 1000 2913 anicu-
1074 2852 1117 2908 De
1131 2854 1234 2910 viribus
1248 2854 1355 2910 unionis
1368 2854 1397 2909 in
1412 2862 1494 2911 motu.

211 2933 267 2989 lum
282 2935 416 3005 primum:
437 2937 470 2992 de
484 2939 577 2993 formis
591 2946 619 2993 et
631 2939 790 2994 differentiis
803 2947 899 2994 motus.
1076 2932 1198 3000 Racemi,
1213 2935 1270 2989 sive
1284 2934 1379 2990 chana
1391 2935 1514 2991 historia
1532 2935 1669 2992 ordinale
1682 2934 1719 2991 ad
1732 2935 1833 2991 articu-

252 3014 344 3071 Motus
358 3016 549 3087 applicationis
562 3018 711 3085 exterioris,
731 3019 788 3073 σίνε
807 3026 895 3074 motus
912 3017 1002 3072 adbre-
1036 3011 1283 3070 lumundecimum.

211 3094 315 3150 rentiae.
1076 3092 1119 3147 De
1133 3095 1234 3149 viribus
1247 3093 1448 3149 consuetudinis
1458 3099 1486 3148 et
1499 3093 1629 3149 novitatis
1643 3096 1672 3148 in
1686 3104 1773 3149 mota

251 3173 344 3229 Motus
355 3174 543 3246 applicationis
551 3176 693 3241 interioris,
703 3177 761 3232 sive
771 3181 860 3230 motus
873 3176 1000 3231 misturae,
1076 3172 1196 3238 Racemi,
1210 3174 1267 3227 sive
1288 3171 1383 3228 charta
1400 3173 1521 3228 historia
1534 3172 1668 3229 ordinata
1682 3173 1717 3228 ad
1731 3174 1831 3228 arficu

251 3251 344 3308 Motus
362 3254 552 3326 applicationis
572 3255 607 3310 ad
622 3256 712 3322 fibras,
732 3257 790 3312 sive
804 3263 893 3310 motus
906 3255 1002 3310 identi·
1035 3250 1091 3305 lum
1105 3252 1301 3308 duodecimum.

211 3330 281 3384 tatis.
1074 3331 1117 3385 De
1131 3330 1193 3386 aliis
1206 3332 1330 3386 omnibus
1340 3337 1438 3386 motus

250 3409 344 3465 Motus
354 3412 562 3479 assimilationis,
571 3431 620 3469 seu
629 3422 716 3470 motus
726 3414 908 3486 generationis
916 3413 933 3467 J
935 3414 1000 3468 ovis.
1075 3409 1193 3480 Syllaba
1206 3411 1264 3466 sive
1277 3409 1373 3465 charta
1386 3409 1537 3464 anatomia,

251 3488 343 3544 Motus
356 3492 508 3562 signatura,
520 3493 577 3547 sive
591 3502 680 3549 motus
690 3494 873 3565 generationis
883 3493 999 3548 Saturni.
1074 3490 1153 3544 Vena
1166 3489 1268 3555 relicta,
1281 3507 1330 3545 seu
1344 3488 1437 3543 charta
1450 3488 1590 3543 divisionis
1604 3489 1742 3544 secundae.

250 3568 344 3623 Motus
358 3571 538 3638 excitationis,
552 3572 609 3626 sive
623 3583 710 3628 mutius
724 3573 905 3645 generationis
918 3573 998 3627 ficta.
1073 3567 1191 3624 Axiuma
1204 3570 1331 3633 exterius,
1346 3569 1402 3623 sive
1409 3568 1504 3623 charta
1518 3569 1730 3624 observationis

250 3647 371 3714 Racemi,
385 3651 443 3705 sive
457 3651 552 3706 charta
565 3650 685 3707 historin
703 3653 833 3709 ordinata
852 3653 887 3708 ad
905 3653 1000 3706 articu
1073 3648 1220 3713 Columna,
1248 3649 1304 3703 σίνε
1330 3647 1426 3702 charta
1452 3646 1632 3719 impossibilis
1660 3648 1829 3720 apparentis,

209 3725 265 3782 lum
279 3729 433 3783 secundum.
1033 3728 1090 3781 sive
1104 3728 1224 3783 humana
1236 3727 1367 3798 optativa.

249 3805 292 3860 De
305 3806 435 3875 subjectis
448 3809 506 3864 sive
522 3810 720 3866 confluentibus
732 3821 843 3867 motum.
1073 3807 1181 3871 Foenus,
1197 3808 1255 3862 sive
1276 3806 1370 3861 charta
1391 3822 1456 3861 usus
1472 3805 1690 3872 intervenientis,
1708 3808 1767 3862 sive
1779 3808 1830 3864 hu·

250 3885 370 3952 Racerni‚
384 3888 441 3944 sive
455 3888 551 3943 charta
570 3889 691 3946 historin
709 3891 837 3947 ordinatas
850 3890 885 3945 ad
901 3889 998 3945 articu·
1032 3902 1113 3941 mana
1124 3887 1219 3942 activa.

209 3962 265 4019 lum
279 3965 395 4020 tertium.
1071 3965 1244 4037 anticipatio,
1259 3964 1315 4021 sive
1329 3964 1423 4020 charta
1435 3963 1667 4034 interpretationis
1679 3965 1827 4035 sylvestria

249 4043 291 4097 De
305 4044 438 4100 vehiculis
452 4047 509 4102 sive
522 4047 704 4104 deferentibus
717 4056 828 4104 motum.
1072 4045 1153 4109 Pons,
1167 4046 1223 4100 tive
1237 4044 1332 4099 chart&
1345 4046 1379 4099 δᾶ
1388 4044 1497 4099 chari&
1509 4042 1643 4098 miella&

249 4123 368 4186 Racemi,
383 4124 440 4179 sive
454 4126 551 4202 charta
564 4126 687 4184 historia
706 4129 835 4184 ordinatae
853 4126 888 4182 ad
900 4128 997 4183 articu-
1071 4124 1204 4179 Machina
1219 4124 1371 4180 intellectus
1384 4124 1522 4194 ruperim:
1532 4123 1602 4183 ,σίνε
1617 4124 1736 4194 sequela
1748 4124 1827 4179 char·

208 4200 265 4255 luni
279 4213 412 4273 quartum.
1032 4212 1120 4258 tarum
1132 4204 1168 4258 ad
1181 4203 1368 4275 apparentiam
1381 4203 1535 4258 meandum.

247 4281 290 4335 De
304 4283 504 4352 operationibus
517 4292 544 4339 et
556 4287 755 4355 consequentiis
770 4292 866 4341 motus.
1070 4284 1180 4339 Cbartae
1192 4282 1314 4339 novelle.

250 4360 372 4424 Racemi,
386 4363 443 4417 sive
457 4363 553 4419 charta
565 4363 690 4423 historia>
701 4366 830 4420 ordinatae
848 4365 884 4419 sd
901 4365 998 4420 atticu-

207 4438 264 4493 lum
281 4441 411 4511 quintum.
1070 4442 1159 4514 Atque
1168 4441 1323 4512 exemplum
1336 4440 1518 4512 inquisitionis
1528 4440 1560 4493 de
1570 4446 1671 4494 natum
1683 4440 1826 4512 (utvidere

247 4518 289 4572 De
302 4519 441 4574 curriculis
454 4521 511 4576 sive
524 4522 674 4593 clepsydris
686 4531 782 4579 motus.
1031 4522 1085 4590 est)
1094 4522 1268 4587 absolvimus,
1282 4520 1363 4591 idque
1381 4523 1410 4575 in
1426 4520 1550 4588 subjecto
1564 4521 1691 4574 omnium
1705 4521 1825 4575 maxime

248 4597 369 4664 Rscemi,
383 4599 441 4654 sive
454 4601 550 4656 charta
562 4601 684 4658 historias
703 4605 832 4659 ordinatas
849 4603 885 4657 ad
898 4603 997 4658 articu-
1030 4602 1124 4671 capaci
1132 4609 1160 4656 et
1173 4601 1286 4662 diffusos
1297 4617 1382 4671 caque
1396 4601 1491 4664 forma,
1506 4616 1589 4670 quam
1597 4599 1756 4668 judicamus
1766 4617 1827 4654 cunr

207 4677 262 4732 lum
277 4687 392 4734 sextum.
1030 4682 1141 4736 νενίνσίε
1164 4688 1193 4735 et
1214 4677 1354 4735 intellectu
1373 4697 1508 4734 summum
1525 4695 1691 4733 consensum
1716 4678 1825 4733 habere.

246 4757 289 4811 De
301 4758 368 4812 orbe
381 4757 486 4815 νίνίιίνίσ
500 4767 597 4815 motus.
1032 4761 1129 4831 Neque
1144 4767 1242 4824 tamen
1256 4776 1330 4815 more
1341 4758 1413 4828 apud
1425 4757 1553 4813 homines
1565 4767 1687 4828 recepto,
1703 4757 1826 4813 formulae

247 4833 370 4904 Racemi,
383 4838 441 4893 sive
455 4839 549 4894 charta
562 4839 684 4897 historiae
703 4841 835 4897 ordinatu
854 4840 889 4895 ad
902 4841 997 4897 articu-
1030 4839 1112 4895 alicui
1122 4840 1310 4894 necessitatem
1321 4838 1498 4908 imponimus:
1510 4845 1641 4908 tanquam
1653 4838 1738 4891 unica
1748 4847 1823 4898 emet,

206 4914 262 4970 lum
276 4918 428 4987 septimum.
1031 4927 1059 4973 et
1070 4920 1157 4973 instar
1169 4919 1237 4974 artis
1250 4918 1349 4988 ipsius:
1369 4917 1418 4971 sed
1427 4924 1500 4972 certe
1514 4917 1642 4971 omnibus
1656 4917 1825 4985 pertentatis,

245 4994 288 5048 De
302 4995 457 5050 hierarchia
469 5003 566 5053 motus.
1031 4998 1164 5069 exlongo
1177 5015 1234 5062 usu,
1245 5006 1273 5051 et
1285 4995 1422 5061 nonnullo,
1436 5004 1466 5051 ut
1480 5005 1615 5066 putamus,
1628 4996 1743 5062 judicio,
1756 4995 1824 5050 hane

247 5074 367 5140 Racemi,
382 5076 439 5130 sive
453 5076 548 5132 charta
565 5077 686 5134 historia
704 5079 833 5135 ordinate
852 5079 887 5134 ad
902 5078 998 5134 articu-
1031 5078 1118 5148 ipsam
1139 5077 1253 5133 formans
1273 5077 1330 5131 sive
1349 5077 1478 5130 rationem
1498 5075 1661 5145 disponendi
1684 5076 1824 5129 materiam

205 5151 263 5207 lum
276 5161 406 5209 octavum.
1031 5174 1127 5221 renam,
1142 5157 1177 5211 ad
1197 5173 1265 5227 opus
1285 5154 1444 5220 intellectus,
1459 5162 1489 5207 ut
1504 5154 1647 5224 probatam
1661 5163 1692 5208 et
1712 5153 1823 5210 electam

245 5231 287 5285 De
301 5233 474 5288 societatibus
487 5241 585 5290 motus.
1031 5236 1200 5291 exhibemus.
1240 5235 1322 5290 Nihil
1339 5242 1428 5290 autem
1443 5234 1533 5295 officit,
1548 5252 1602 5304 quo
1620 5234 1714 5289 minus
1733 5234 1762 5298 ii,
1777 5234 1823 5303 qni

247 5309 369 5379 Raeemi,
384 5313 441 5367 σίνε
454 5313 551 5369 charta
564 5314 686 5371 historia
703 5317 832 5373 ordinata
842 5318 877 5373 ad
896 5317 997 5373 articu·
1031 5319 1087 5371 otio
1099 5315 1188 5386 magis
1201 5315 1344 5379 abundant,
1355 5323 1426 5368 anta
1436 5312 1647 5376 difficultatibus,
1658 5330 1728 5383 quas
1736 5314 1823 5381 primo

205 5385 262 5440 lum
275 5404 384 5445 nonum.
1031 5396 1216 5466 experientem
1230 5394 1306 5464 sequi
1326 5410 1436 5449 necesse
1449 5402 1498 5456 est,
1513 5391 1592 5446 liberi
1604 5392 1662 5460 jam
1673 5401 1763 5457 enrut,
1778 5397 1826 5444 aut

245 5464 288 5520 Dc
299 5467 475 5525 affinitatibus
488 5477 585 5529 motus.
1032 5475 1142 5545 majoris
1156 5475 1281 5531 etiamst
1300 5473 1403 5529 altioris
1416 5479 1479 5529 nmt
1491 5471 1604 5544 ingenii,
1615 5487 1674 5526 rcm
1688 5470 1719 5526 in
1733 5470 1825 5545 potius
