3800 5875
317 866 616 971 OPERA
671 860 1385 967 PHILOSOPHICA.

419 1408 660 1475 FRANCISCI
685 1405 884 1472 BARONIS
908 1405 971 1470 DE
994 1403 1282 1483 VERULAMIO,

580 1645 695 1694 suum
711 1644 858 1694 ANGLIAE
874 1643 1125 1703 cruentantur,

244 1864 496 1949 NOVUM
538 1862 893 1948 ORGANUM
936 1859 1465 1946 SCIENTIARUM:

404 2109 488 2165 SIVE
506 2108 816 2165 INSTAURATIONIS
834 2106 979 2161 MAGNAE
998 2106 1091 2161 Paua
1109 2106 1310 2176 SECUNDA,

200 2553 344 2609 NOVUM
366 2552 567 2620 ORGANUM,
588 2551 673 2607 SIVE
695 2551 847 2608 INDICIA
867 2550 919 2606 DE
941 2548 1306 2606 INTERPRETA'I'IONE
1326 2551 1503 2608 NATURAE.

672 2803 1036 2879 PRAEFATIO.

94 3006 139 3066 Qur
151 3007 297 3072 denatura,
313 3015 444 3078 tanquam
462 3008 495 3061 de
509 3023 539 3062 re
553 3006 701 3078 explorata,
716 3005 892 3077 pronuntiare
907 3004 968 3060 ausi
987 3010 1055 3069 sunt,
1070 3003 1127 3059 sire
1141 3003 1194 3059 hoc
1209 3004 1342 3060 exanimi
1361 3005 1459 3061 fiducia
1471 3006 1593 3070 fecerint,
1607 3005 1667 3062 sire

65 3085 180 3141 mbitiose
190 3095 216 3142 et
224 3105 300 3143 more
311 3087 489 3158 professoria,
504 3086 632 3141 mammis
640 3086 681 3140 illi
695 3086 899 3157 philosophiam
907 3094 935 3140 et
944 3084 1070 3139 scientias
1081 3083 1247 3139 detrimentis
1258 3085 1381 3140 affecere.
1413 3086 1452 3140 Ut
1460 3086 1532 3141 enim
1541 3086 1575 3139 ad
1584 3086 1666 3141 tidem

64 3160 189 3220 ltumdsrn
200 3168 291 3230 validi,
306 3167 348 3220 ita
365 3168 448 3221 etiarn
463 3166 498 3220 ad
515 3167 717 3237 inquisitionem
733 3165 943 3237 extinguendam
957 3172 986 3219 et
998 3163 1211 3234 abmmpendam
1224 3164 1347 3219 efficaces
1364 3164 1487 3220 fuerunts
1507 3182 1596 3237 neque
1610 3166 1664 3220 rir-

65 3249 107 3295 tute
118 3248 217 3315 propria
230 3254 340 3302 tanturn
354 3245 519 3316 protuerunt,
534 3255 662 3316 quantum
676 3246 705 3299 in
719 3244 772 3299 hoc
785 3252 942 3307 nocuerunt,
958 3243 1029 3315 quod
1043 3242 1159 3298 aliorum
1174 3243 1297 3298 virtutem
1316 3245 1485 3315 corruperint
1499 3253 1526 3299 et
1539 3244 1666 3315 perdide·

65 3320 111 3375 tint
145 3324 193 3386 Qui
210 3336 303 3380 antem
319 3326 481 3380 connariam
503 3324 566 3378 huic
577 3325 650 3378 viam
665 3325 781 3395 ingressi
800 3335 868 3388 sunt,
883 3333 965 3395 atque
979 3322 1049 3377 nihil
1067 3338 1177 3392 prorsus
1190 3322 1254 3377 sciri
1270 3339 1350 3393 posse
1364 3332 1542 3389 asseruerunt,
1557 3324 1614 3379 sire
1629 3341 1666 3380 ex

65 3401 219 3468 sophistarum
232 3414 358 3460 veterum
372 3404 443 3469 odio,
457 3404 513 3459 sire
528 3421 565 3459 ex
577 3403 661 3458 animi
684 3404 867 3467 fluctuatione,
882 3413 928 3458 aut
946 3402 1030 3456 etiarn
1050 3418 1086 3457 ex
1100 3402 1217 3473 quadam
1230 3402 1358 3458 doctrinar
1375 3404 1462 3474 copia,
1476 3404 1506 3457 in
1519 3403 1591 3457 hanc
1605 3402 1666 3473 opi-

65 3478 151 3536 nionem
163 3484 262 3555 delapsi
278 3487 343 3548 sint,
357 3492 429 3538 certe
443 3500 497 3537 non
510 3483 719 3537 contemnendas
733 3483 792 3552 ejus
805 3484 923 3538 rationes
933 3481 1117 3546 adduxeruntr
1142 3489 1314 3538 veruntamen
1327 3499 1377 3536 uec
1397 3483 1494 3537 aseris
1504 3482 1589 3537 initiis
1603 3498 1666 3536 sen·

66 3560 153 3615 aaran
164 3580 236 3619 snam
250 3562 417 3628 derivarunt,
431 3571 467 3627 et,
487 3562 576 3618 studio
595 3563 712 3634 quodam
728 3571 808 3634 atque
827 3562 998 3617 affectatione
1013 3563 1141 3631 provecti,
1158 3578 1267 3633 prorsus
1280 3563 1391 3616 modum
1404 3569 1586 3618 excesserunt
1628 3560 1666 3615 At

66 3638 204 3709 antiquiores
217 3660 253 3698 ex
267 3643 374 3698 Graecis
384 3646 510 3714 (quornm
523 3642 625 3712 scripta
637 3643 787 3712 petierunt)
800 3642 872 3696 inter
885 3641 1080 3712 pronunciandi
1098 3642 1259 3709 iactantiam
1272 3648 1301 3695 et
1314 3640 1486 3712 scatslepsioe
1499 3640 1666 3711 desperatio·

66 3728 113 3770 uem
123 3721 269 3788 prudentius
287 3740 320 3777 se
335 3723 535 3776 sustinuerunt:
557 3729 637 3792 atque
651 3722 685 3775 de
700 3721 885 3792 inquisitionis
897 3720 1063 3786 difficultate,
1078 3728 1106 3775 et
1118 3737 1208 3775 rerum
1229 3720 1400 3787 obscuritate,
1415 3721 1516 3791 sapius
1530 3720 1666 3791 querimo-

66 3794 111 3848 tias
128 3809 152 3852 et
169 3801 370 3872 indignationes
390 3801 540 3865 miscentes,
556 3809 584 3856 et
598 3800 680 3855 veluti
695 3800 808 3855 fraenum
828 3801 988 3864 mordentes,
1004 3806 1097 3854 umen
1111 3800 1279 3870 propositum
1293 3817 1399 3870 urgere,
1413 3807 1495 3870 atque
1517 3807 1621 3855 naturae
1634 3815 1666 3854 sc

67 3870 191 3932 maistas
213 3897 267 3934 non
288 3880 467 3934 destiterunt:
487 3887 698 3935 cousentaneum
713 3878 759 3953 (ut
776 3875 896 3952 videtur)
910 3879 1105 3943 existimantes,
1119 3878 1172 3933 hoc
1191 3879 1280 3949 ipsum
1296 3875 1438 3952 (videlicet
1450 3887 1540 3934 uuum
1562 3879 1666 3950 aliquid

68 3953 114 4007 sciri
125 3955 217 4032 possit)
230 3977 287 4014 non
299 3959 440 4031 disputare
455 3959 503 4013 sed
516 3959 651 4030 experiri:
672 3965 800 4013 ettamen
814 3958 855 4012 illi
869 3959 930 4029 ipsi,
943 3958 1046 4028 impetu
1059 3966 1164 4012 tanturn
1178 3957 1332 4014 intellectus
1345 3959 1396 4026 usi,
1410 3958 1533 4030 regulam
1547 3975 1603 4013 non
1616 3959 1665 4014 ad-

68 4025 193 4101 htboernut
204 4039 250 4093 sed
264 4039 358 4093 omnia
372 4039 401 4092 in
414 4040 470 4093 acri
482 4039 657 4093 meditatione
671 4045 699 4093 et
709 4038 808 4092 mentis
821 4038 987 4092 volutatione
998 4045 1026 4091 et
1039 4037 1186 4108 agitatione
1200 4045 1331 4107 perpetua
1343 4045 1499 4112 posuerunt.

97 4111 181 4170 Noua
193 4125 283 4172 antem
298 4118 377 4183 satia
389 4126 419 4171 ut
438 4134 519 4188 opere
532 4118 624 4182 ardua
638 4119 677 4172 ita
690 4118 765 4172 dictu
778 4116 867 4172 facilis
876 4125 924 4172 est.
966 4116 1095 4171 Etenim
1110 4125 1158 4180 est,
1172 4124 1203 4171 ut
1216 4118 1385 4173 certitudinis
1399 4118 1498 4189 gradus
1516 4117 1665 4173 constitua·

69 4201 119 4252 Μ.
131 4211 231 4251 sensum
248 4215 300 4267 par
323 4197 505 4251 reductionem
519 4197 654 4268 quandam
672 4205 803 4262 tueamur,
818 4198 866 4252 sed
879 4196 979 4251 mentis
1000 4212 1076 4265 opus,
1091 4196 1163 4267 quod
1184 4212 1293 4251 sensnm
1307 4197 1487 4268 subsequitur,
1505 4197 1665 4270 plerumque

69 4268 209 4339 “finanum
228 4293 330 4330 novam
341 4284 430 4330 autem
445 4284 472 4330 et
485 4284 587 4331 certam
600 4276 680 4340 viam,
691 4275 726 4330 ab
740 4276 807 4346 ipsis
821 4293 948 4331 sensuum
963 4275 1189 4346 perceptionibus,
1197 4277 1282 4330 menti
1293 4278 1447 4346 aperiamus
1461 4283 1488 4330 et
1501 4277 1664 4333 muniamus.

69 4343 138 4417 dique
150 4352 197 4407 hos
207 4355 385 4426 proculdubio
398 4356 521 4410 videmnt
535 4363 562 4409 et
574 4355 624 4418 illi,
639 4355 687 4426 qui
701 4362 790 4409 tantas
803 4355 952 4410 dialecticae
963 4363 1053 4425 partes
1066 4355 1225 4409 tribuerunt.
1266 4354 1311 4422 lix
1327 4371 1380 4427 quo
1396 4355 1491 4427 liquet,
1505 4357 1568 4410 illos
1581 4357 1664 4412 intel·

69 4419 131 4481 ltctui
148 4432 308 4489 adminicula
323 4435 488 4505 quaesisse,
504 4436 601 4489 mentis
615 4445 707 4489 autem
722 4450 877 4504 processum
889 4435 1010 4489 nativum
1024 4440 1053 4488 et
1066 4441 1161 4503 sponte
1174 4442 1333 4500 moventem,
1347 4443 1502 4506 suspectum
1524 4434 1664 4492 habuisse.

70 4500 197 4566 Stdsernm
210 4514 290 4584 plane
305 4514 387 4569 rebus
398 4515 510 4584 perditis
524 4513 729 4568 hocadhibetur
741 4514 904 4578 remedium
925 4523 1070 4584 postquam
1080 4530 1157 4568 mens
1167 4530 1203 4567 ex
1217 4513 1374 4585 quotidiana
1387 4515 1450 4570 vitae
1461 4515 1663 4581 consuetudine,

69 4591 89 4670 ti
99 4588 269 4654 auditionibus,
284 4602 313 4648 et
326 4593 454 4647 doctrinis
467 4594 614 4664 inquinatis
628 4599 766 4664 occupata,
781 4601 808 4647 et
821 4610 974 4647 senissimis
989 4593 1068 4647 idolis
1082 4593 1192 4648 obsessa
1204 4594 1293 4648 suerit
1335 4594 1430 4665 ltaque
1444 4611 1488 4649 ars
1503 4593 1551 4648 illa
1564 4593 1665 4649 dialec-

70 4665 123 4727 Ποῦ,
134 4682 188 4722 tero
201 4674 242 4737 (nt
255 4672 388 4738 diximus)
401 4690 507 4738 carens,
521 4690 609 4743 neque
619 4690 676 4727 rern
689 4671 745 4727 ullo
759 4672 839 4726 modo
852 4672 1005 4736 restituens,
1019 4671 1053 4725 ad
1067 4689 1170 4726 errores
1183 4673 1273 4743 potius
1286 4673 1416 4742 figendos,
1424 4691 1505 4745 quam
1520 4674 1554 4728 ad
1568 4665 1665 4729 verita·

70 4744 386 4815 itmtperiendamraluit.
427 4752 524 4807 Restat
536 4754 617 4806 unica
629 4750 703 4806 salus
716 4768 748 4805 ac
761 4752 872 4816 sanitas,
881 4759 912 4805 ut
924 4768 993 4822 opus
1006 4751 1429 4825 mentisunisersumdeintegro
1442 4759 1611 4817 resumatur;
1632 4769 1664 4807 ac
1780 4771 1783 4788 ·

70 4831 137 4886 meos,
146 4826 199 4892 jam
212 4830 246 4883 ab
259 4832 321 4901 ipso
334 4831 475 4902 principio,
489 4830 658 4885 nullomodo
672 4831 725 4885 sibi
744 4831 919 4900 permittatur,
934 4830 983 4885 sed
996 4838 1127 4900 perpetuo
1138 4837 1261 4901 regestum
1282 4848 1314 4885 ac
1332 4849 1384 4899 res,
1398 4832 1481 4887 veluti
1495 4850 1544 4903 per
1557 4831 1663 4886 machi-

70 4908 114 4962 Μ
125 4905 278 4964 conficiatur.
320 4910 391 4964 Sane
405 4911 429 4964 si
443 4910 568 4965 homines
588 4927 671 4980 opera
693 4910 852 4965 mechanica
872 4909 952 4964 nudis
976 4909 1108 4974 manibus,
1129 4910 1232 4981 absque
1253 4910 1492 4966 instrumentorum
1511 4911 1538 4965 vi
1562 4918 1591 4964 st
1603 4927 1663 4980 ope,

70 4984 171 5046 aturturi
181 4997 275 5052 esseru,
285 4988 509 5060 quemadmodum
522 5005 605 5059 opera
613 4987 807 5044 intellectualia
815 4990 895 5044 nudis
905 4989 962 5043 lere
975 4989 1073 5042 mentis
1082 4989 1185 5043 viribus
1194 4997 1370 5046 tractarenon
1381 4991 1552 5045 dubitarunt:
1573 5006 1665 5059 parrae

71 5054 191 5118 tdmodum
213 5066 326 5123 inissent
345 5084 396 5131 res,
419 5085 488 5139 quas
505 5085 615 5124 movere
634 5076 663 5122 et
682 5069 789 5123 vincere
810 5069 970 5139 potuissent,
990 5067 1055 5140 licet
1074 5084 1171 5139 operas
1191 5069 1294 5133 enixae,
1309 5078 1389 5141 atque
1410 5070 1493 5125 etiam
1506 5069 1665 5138 conjunctas

73 5141 244 5224 uastarunt
284 5147 373 5218 Atque
394 5148 417 5200 si
439 5147 579 5217 paulisper
600 5148 708 5212 morari,
730 5156 810 5218 atque
834 5148 862 5202 in
881 5147 934 5202 hoc
955 5150 1045 5217 ipsum
1065 5147 1228 5218 exemplum,
1247 5149 1331 5203 veluti
1352 5150 1380 5203 in
1401 5148 1549 5220 speculum,
1563 5148 1664 5201 intueri

72 5212 181 5306 'ellurum
201 5226 369 5295 exquiramus
384 5226 421 5295 (si
443 5226 543 5296 placet)
558 5228 582 5281 si
602 5227 672 5281 sorte
693 5227 826 5281 obeliscus
844 5226 951 5298 aliquis,
966 5227 1151 5297 magnitudine
1172 5228 1296 5299 insignis,
1310 5229 1344 5282 ad
1358 5227 1488 5298 triumphi
1503 5227 1547 5282 rel
1567 5226 1665 5295 hujus·

72 5293 130 5347 mod}
151 5303 348 5371 magnificentia
371 5305 453 5359 decus
475 5307 675 5361 transferendus
696 5314 774 5370 esset,
796 5314 879 5377 atque
899 5306 927 5360 id
946 5305 1072 5360 homines
1093 5306 1173 5361 nudis
1192 5307 1318 5362 manibus
1340 5307 1560 5379 aggrederentur,
1576 5322 1666 5360 annon

73 5365 114 5423 Μ
136 5391 233 5448 magne
254 5385 393 5451 cujusdam
416 5401 475 5439 esse
498 5385 649 5449 dementire,
673 5393 807 5455 spectator
828 5386 965 5457 quispiam
989 5386 1027 5439 rei
1053 5386 1158 5441 sobrius
1184 5385 1340 5441 fateretur?
1380 5385 1458 5447 Quod
1479 5386 1503 5441 si
1522 5403 1666 5441 numerum

74 5460 183 5520 auterent
203 5463 388 5531 opemriorum,
412 5471 492 5535 atque
510 5463 562 5519 hos
586 5464 665 5520 modo
686 5482 715 5518 se
736 5464 825 5520 valere
844 5482 923 5537 posse
951 5464 1125 5532 confiderent,
1147 5482 1238 5522 annon
1260 5473 1335 5520 anto
1355 5466 1471 5537 magis?
1506 5466 1555 5522 Sin
1574 5473 1666 5522 autern
