3800 5875
216 298 277 354 ³52
736 299 788 355 DE
808 299 1036 355 ructuantis
1056 297 1333 355 SCOENTIARUM.
1712 299 1773 356 Lis.
1785 300 1838 355 tv,

214 457 257 510 vis
280 471 448 527 percurrens,
473 463 503 511 et
524 458 659 529 sangarius
679 458 827 528 spiritooso
848 458 1010 513 arteriarum
1047 456 1227 521 abstinentiis,
1238 462 1322 527 atque
1335 454 1391 509 illis
1404 455 1493 519 rebus,
1508 474 1568 527 qnae
1582 458 1702 511 animam
1715 475 1733 510 a
1745 474 1841 512 mune-

214 536 318 590 rel'ecta
345 546 373 590 et
400 545 541 606 reparata:
575 537 801 608 quemadmodum
826 538 1011 592 bernardinus
1047 536 1123 590 ribus
1138 537 1261 605 corporis
1277 535 1435 589 mercandis
1454 537 1574 590 mamare
1592 545 1727 600 revocem,
1741 546 1770 590 ut
1788 554 1841 591 sua

215 615 339 670 Telesina
353 622 381 670 et
393 616 543 686 discipulus
561 617 622 685 ejus
644 615 814 688 Augustinus
832 617 947 682 Donius,
963 617 1011 671 ali·
1048 623 1145 670 natura
1168 615 1271 685 absque
1292 614 1514 685 impeditionibus
1536 617 1701 670 exteriorum
1722 617 1840 686 gaudere

215 711 270 765 qua
293 711 329 749 ex
350 702 437 766 parte,
457 712 514 750 non
537 697 647 751 omnino
665 697 806 762 inutiliter,
828 702 1009 752 assernerunt.
1047 695 1142 765 possit.
1174 694 1315 748 Divinatio
1328 710 1394 748 vero
1406 694 1601 764 periniluxum
1615 695 1669 749 hoc
1682 695 1768 750 altero
1777 712 1841 765 sup

216 773 313 845 Itaque
327 774 361 828 da
372 774 424 829 hac
439 775 562 829 doctrina
570 775 726 847 diligentior
736 779 784 830 fiat
796 777 955 846 inquisitio:
976 792 1010 830 eo
1048 773 1190 844 positionis
1211 772 1389 827 fundamento
1408 773 1519 838 nititur:
1540 775 1614 845 qnod
1631 775 1732 838 anima,
1755 775 1840 829 veluti

215 853 312 923 magis,
326 854 398 924 quod
411 853 471 908 haec
485 871 528 908 res
541 871 596 909 non
617 856 686 910 bene
705 855 853 920 intellecta,
866 855 1010 925 opiniones
1047 853 1196 922 speculum,
1219 852 1444 907 illuminationem
1463 853 1600 923 quandam
1616 854 1803 909 secundariam
1822 872 1840 908 a

215 933 425 1002 superstitiosas,
440 939 469 986 et
481 933 563 1004 plane
583 936 786 1000 contaminatas,
801 942 830 989 et
850 935 1010 1006 dignitatem
1047 933 1220 1001 prescientia
1239 930 1293 985 Dei
1314 940 1342 986 et
1362 931 1506 1002 spirituum
1529 933 1668 1003 excipiat:
1689 932 1735 987 cni
1757 934 1839 988 etiam

214 1011 314 1064 animae
326 1011 453 1066 humanae
466 1013 584 1082 pessime
595 1014 791 1079 conculcantes,
802 1015 836 1069 de
848 1021 1010 1084 metempsy-
1047 1010 1128 1075 idem,
1143 1012 1191 1082 qui
1204 1010 1297 1082 priori,
1310 1018 1396 1065 status
1409 1020 1437 1064 et
1454 1011 1578 1081 regimen
1591 1012 1713 1082 corporis
1726 1013 1837 1067 confert

215 1089 292 1144 chosi
306 1097 334 1144 et
348 1090 554 1146 lustrationibus
574 1094 726 1149 animarum
746 1110 795 1163 per
812 1093 938 1165 periodos
959 1109 1009 1148 au·
1047 1089 1150 1145 Eadem
1164 1091 1238 1144 enim
1248 1090 1839 1155 animmsevocatioedicitutetsuanatura

215 1184 319 1233 uorum,
333 1169 450 1241 denique
464 1171 498 1226 de
511 1173 593 1226 nimis
607 1174 760 1244 propinqua
772 1175 870 1228 animae
882 1173 1009 1227 humanae
1047 1169 1197 1239 impensis!
1210 1176 1306 1233 ututur,
1320 1178 1349 1223 el
1361 1169 1514 1224 dlvlmmm
1531 1170 1686 1225 infimum
1702 1172 1739 1225 ⁸52
1752 1174 1838 1242 ungit

215 1263 282 1319 erga
295 1250 400 1303 mimae
413 1250 552 1306 brutorum
567 1269 616 1322 per
633 1253 724 1307 omnia
741 1254 910 1325 cognatione,
925 1268 1010 1322 pepe·
1047 1249 1217 1318 susceptiva:
1237 1248 1291 1303 nisi
1301 1250 1373 1319 quod
1385 1249 1414 1302 in
1424 1248 1635 1304 divinationibus
1644 1267 1695 1320 per
1705 1252 1837 1306 influxum

215 1327 260 1381 rit
301 1326 351 1382 Est
363 1336 455 1383 autem
468 1330 528 1386 haec
548 1332 640 1385 anima
657 1332 687 1385 in
703 1333 791 1387 brutis
805 1331 1009 1401 animaprinci·
1047 1328 1139 1381 anima
1152 1328 1257 1382 fervore
1269 1328 1393 1397 quodam,
1404 1336 1486 1397 atque
1500 1335 1630 1399 tauquam
1639 1331 1838 1400 numinisprsr·

214 1406 293 1475 palis,
312 1408 389 1476 cujus
403 1425 501 1478 corpus
521 1410 659 1465 brutorum
681 1428 828 1482 organum:
849 1412 878 1466 in
897 1412 1008 1465 homine
1046 1408 1129 1461 senns
1143 1407 1314 1478 impatientia
1336 1408 1410 1477 (quan
1430 1408 1503 1477 apud
1521 1410 1626 1478 priscos
1648 1411 1721 1463 sacri
1743 1410 1838 1464 luroris

216 1494 315 1551 autem,
332 1504 464 1558 organum
484 1497 590 1544 tantum
611 1499 639 1544 et
658 1492 719 1561 ipsa
735 1492 835 1545 animas
853 1490 1007 1555 rationalis;
1045 1485 1154 1541 nomine
1165 1487 1322 1553 vocabatur)
1333 1487 1509 1556 corripiatur:
1529 1487 1558 1541 in
1568 1488 1738 1543 divinatione
1749 1498 1837 1544 mem

215 1572 244 1618 et
257 1566 369 1634 spiritus
382 1567 473 1637 potius
487 1569 678 1638 appellatione,
694 1588 774 1641 quam
789 1570 895 1635 anima,
910 1570 1008 1640 indigi-
1045 1566 1145 1630 nativa,
1161 1566 1245 1636 quieti
1259 1566 1350 1636 potius
1364 1573 1391 1618 et
1403 1567 1542 1620 vacationi
1555 1569 1668 1638 propior
1680 1568 1726 1622 sit,

215 1645 267 1698 tari
282 1646 375 1714 possit.
417 1645 506 1717 Atque
520 1648 554 1701 de
568 1649 718 1703 substantia
732 1651 831 1704 anirnae
846 1649 987 1704 hactenus.
1085 1645 1336 1700 Fuscinatioautem
1347 1653 1388 1698 est
1397 1645 1440 1699 vis
1454 1651 1482 1699 et
1494 1654 1570 1701 aetus
1578 1646 1785 1717 imaginationis
1796 1650 1837 1703 in·

256 1723 411 1779 Facultates
432 1735 523 1781 autem
543 1729 642 1783 animae
662 1730 811 1784 notissimae
832 1737 909 1794 sunt:
929 1729 1008 1783 intel·
1046 1726 1167 1778 tensirus
1179 1725 1208 1778 in
1222 1740 1321 1794 corpus
1335 1723 1446 1779 alterius
1463 1725 1529 1792 (rim
1544 1727 1618 1780 enim
1631 1727 1836 1797 imaginationis

214 1802 310 1867 lectus,
327 1804 403 1867 ratio,
424 1804 576 1874 phantasia,
596 1810 735 1873 memoria,
750 1809 895 1879 appetitus,
913 1808 1008 1862 volun·
1045 1819 1128 1874 super
1140 1820 1238 1874 corpus
1257 1804 1398 1874 proprium
1417 1804 1504 1873 ipsius
1520 1804 1699 1875 imaginantis
1713 1809 1837 1876 superius

215 1891 272 1944 tas:
307 1882 424 1953 denique
446 1885 578 1939 universe
599 1886 662 1952 illa,
684 1888 756 1941 circa
780 1904 846 1959 quas
867 1895 1007 1942 versantur
1046 1884 1278 1953 perstrinximus).
1315 1883 1348 1936 ln
1358 1882 1411 1937 hoc
1425 1900 1525 1953 genere
1539 1885 1635 1938 schola
1648 1884 1796 1951 Paracelsi,
1808 1895 1837 1942 et

215 1962 337 2016 scientia
356 1960 453 2031 logicae
471 1972 498 2017 et
511 1963 624 2019 ethicae:
645 1967 693 2020 sed
706 1967 734 2020 in
754 1967 876 2020 doctrina
896 1967 929 2021 de
950 1967 1007 2021 ani·
1045 1963 1180 2017 ementita:
1192 1961 1325 2016 naturalis
1337 1963 1437 2034 magiae
1458 1962 1583 2029 cultores,
1597 1972 1654 2017 tam
1667 1963 1778 2021 sumunt
1789 1967 1837 2020 im·

215 2057 268 2104 ma,
283 2041 403 2110 origines
416 2042 537 2111 ipsarum
552 2046 659 2099 tractari
674 2045 780 2109 debent,
791 2045 873 2117 idque
884 2045 1006 2115 physice,
1044 2042 1152 2104 modici,
1162 2049 1194 2095 ut
1201 2042 1404 2113 imaginationis
1410 2042 1543 2111 impetum
1553 2051 1582 2096 ct
1589 2044 1838 2114 apprehensionem

214 2127 295 2189 prout
313 2120 411 2174 animm
429 2120 531 2176 innatas
549 2123 611 2189 sint,
630 2131 658 2178 et
675 2125 847 2179 adhereant:
867 2141 933 2179 usus
950 2134 1007 2180 tan·
1044 2121 1175 2176 miracula
1188 2121 1380 2191 patrantilidei
1393 2128 1496 2176 tantum
1511 2139 1565 2176 non
1580 2125 1759 2193 exequarint.
1781 2125 1836 2180 Alii

215 2207 273 2251 tum
292 2198 421 2266 ipsarum,
441 2208 468 2253 et
485 2198 601 2276 objecta,
618 2203 675 2257 illis
690 2203 782 2259 alteris
798 2205 900 2259 artibus
921 2204 1006 2274 depu-
1044 2200 1079 2254 sd
1103 2200 1309 2255 similitudinem
1335 2201 1394 2255 veri
1420 2201 1533 2272 propius
1560 2202 1741 2267 accedentes:
1774 2222 1836 2259 cum

215 2283 314 2331 tantur.
355 2277 446 2347 Atque
459 2279 488 2334 in
501 2279 644 2351 hacparte
662 2283 734 2338 nihil
751 2283 856 2354 egregii
872 2286 915 2352 (ut
928 2285 1006 2340 nobis
1044 2280 1163 2335 occultas
1183 2297 1273 2335 rerum
1294 2280 1420 2351 energias
1439 2289 1467 2334 et
1486 2281 1688 2352 impressiones,
1709 2300 1837 2339 sensuum

215 2356 333 2423 videtur)
348 2356 437 2410 adhuc
450 2368 586 2428 repertum
606 2369 663 2427 est:
685 2379 839 2435 quanquam
858 2363 1007 2420 desiderari
1044 2360 1239 2425 irradiationes,
1266 2361 1460 2431 contagionum
1486 2359 1521 2414 de
1547 2377 1661 2432 corpore
1687 2361 1717 2417 in
1737 2380 1838 2436 corpus

214 2451 276 2488 eam
289 2434 363 2489 haud
376 2453 442 2490 sane
460 2438 617 2497 dixerimus.
659 2442 752 2496 Habet
770 2443 853 2496 etiam
869 2459 934 2513 pars
953 2444 1007 2499 ista
1045 2440 1270 2503 transmissiones,
1293 2439 1424 2495 virtutum
1444 2443 1659 2511 magneticarnm
1679 2441 1838 2508 delationes,

214 2513 248 2566 de
262 2513 435 2570 facultatibus
448 2517 547 2573 animm
561 2522 724 2590 appendices
741 2521 825 2586 duas:
847 2540 908 2593 qum
922 2530 950 2577 et
963 2524 1005 2593 ip·
1044 2520 1149 2574 utullus
1162 2519 1345 2583 inurerentur:
1366 2520 1397 2574 in
1417 2536 1477 2574 eam
1495 2520 1652 2589 0Pi¹¹i⁰¹¹ffl¹
1665 2521 1839 2589 dmum,

215 2609 260 2654 ιω.
285 2595 508 2663 quemadmodum
528 2605 682 2665 tmctantnr,
703 2602 794 2671 potius
815 2601 904 2656 fumos
927 2603 1006 2660 nobis
1045 2600 1117 2670 quod
1127 2597 1214 2653 multo
1223 2599 1444 2669 magisaspiritu
1454 2600 1485 2653 in
1497 2600 1622 2669 spiritum
1634 2598 1714 2676 (cum
1724 2603 1839 2673 spirituas

214 2671 405 2738 exhibuerunt,
421 2692 503 2745 qnam
517 2678 654 2734 flammam
667 2679 787 2752 aliquam
804 2679 923 2736 lucidam
935 2684 1005 2737 reri-
1044 2696 1101 2748 ptoe
1114 2680 1194 2732 rebus
1209 2679 1334 2734 omnibtw
1348 2679 1392 2744 Βίῒι
1406 2686 1435 2732 ‘l
1455 2679 1491 2732 ad
1506 2679 1644 2749 agendum
1657 2689 1792 2748 till-'Um
1812 2691 1839 2737 tt

214 2751 294 2804 tatis:
315 2753 401 2806 altera
413 2753 510 2810 harum
524 2766 566 2811 est
579 2759 743 2815 doctrinade
752 2760 918 2816 divinatione
931 2770 1007 2818 natu·
1044 2759 1079 2812 nd
1092 2757 1250 2827 poliendum
1264 2766 1340 2813 tener
1361 2766 1389 2813 01
1407 2755 1513 2832 mollis)
1527 2759 1731 2829 immone&
1745 2770 1775 2815 et
1796 2762 1839 2816 de·

213 2829 280 2893 ruli:
301 2830 387 2885 altera
400 2833 434 2887 de
448 2836 633 2893 fascinatione.
1045 2837 1169 2902 lotiones,
1191 2845 1218 2891 et
1233 2838 1492 2892 communicationes
1510 2839 1570 2893 fieri
1589 2839 1719 2909 poterint.
1760 2841 1838 2896 Unde

253 2910 456 2968 Divinationem
469 2915 645 2989 abantiquis,
660 2934 710 2973 nec
724 2918 804 2984 male,
818 2919 847 2975 in
860 2921 928 2976 duas
942 2939 1005 2991 par·
1044 2918 1236 2973 increbuerunt
1258 2918 1407 2989 opinionem
1431 2917 1510 2973 ΜΕ
1528 2919 1606 2990 (imi
1627 2920 1785 2990 P⁰pul³r²⁸2
1805 2923 1837 2976 de

214 2996 256 3044 tes
279 2990 396 3047 divisam
419 2993 566 3060 habemus:
601 2998 770 3053 artificialem
793 3008 821 3054 et
843 3001 1005 3056 naturalem.
1045 2999 1128 3068 genio
1138 2998 1278 3067 superiori,
1289 2998 1322 3051 de
1335 2998 1491 3052 hominibus
1502 2999 1665 3068 quibusdam
1676 3000 1805 3056 infaustis
1813 3012 1839 3055 et

214 3067 373 3124 Artificialis
399 3073 592 3142 ratiocinando,
614 3094 651 3132 ex
674 3078 837 3134 indicatione
857 3080 1005 3151 signorum,
1044 3078 1182 3143 ominosis,
1198 3077 1231 3130 de
1253 3077 1352 3132 ictibus
1365 3078 1466 3131 amoris
1487 3086 1516 3131 et
1534 3078 1653 3143 invidiae,
1669 3088 1699 3133 et
1720 3080 1783 3134 alim
1796 3081 1838 3137 his

213 3149 416 3217 predictionem
443 3153 555 3224 colligit
596 3157 747 3223 Namralis,
771 3176 808 3214 ex
833 3158 895 3229 ipsa
921 3161 1006 3215 animi
1044 3156 1155 3211 similes.
1198 3156 1287 3228 Atque
1300 3156 1366 3210 huic
1379 3158 1522 3225 conjuncta
1536 3165 1578 3211 est
1591 3157 1758 3229 disquisitio,
1774 3179 1838 3232 quo·

213 3229 396 3296 praesensione
413 3231 529 3296 interna,
548 3235 650 3306 absque
668 3237 807 3307 signorum
824 3239 1004 3305 adminiculis,
1045 3237 1124 3291 modo
1137 3236 1298 3306 imaginatio
1311 3235 1414 3289 intendi
1428 3242 1456 3288 et
1469 3236 1608 3290 fortificari
1621 3238 1736 3306 possit?
1758 3240 1838 3309 Quip

213 3308 350 3378 presagit
372 3306 651 3384 Artificialisduplem
666 3315 751 3371 altera
759 3325 1006 3388 argumentatum
1044 3333 1078 3385 pe
1100 3317 1124 3370 si
1145 3316 1305 3386 imaginatio
1326 3314 1401 3369 fortia
1422 3322 1556 3369 tantarum
1574 3316 1610 3370 sit
1624 3318 1736 3381 virium,
1749 3336 1837 3389 opera
1884 3306 1885 3383 ]

213 3386 319 3442 causis:
340 3388 426 3443 altera
435 3407 471 3445 ex
478 3394 671 3461 experimentis
682 3402 794 3461 tantum,
804 3413 877 3451 caca
890 3398 1006 3469 quadam
1044 3397 1159 3466 pretium
1174 3394 1257 3450 luerit
1269 3410 1359 3459 nosse,
1375 3394 1473 3464 quibus
1488 3395 1576 3449 modis
1587 3412 1652 3450 eam
1667 3397 1799 3463 exaltari,
1811 3406 1837 3452 et
1884 3426 1885 3455 ι

213 3466 387 3522 auctoritate:
408 3486 469 3538 qum
487 3474 626 3541 posterior,
639 3482 669 3529 ut
686 3474 841 3545 plurimam,
856 3478 1007 3546 superstiti·
1044 3476 1135 3546 seipsa
1148 3476 1279 3544 majorem
1291 3474 1350 3529 lieri
1363 3475 1463 3529 detur?
1489 3474 1578 3544 Atque
1592 3474 1639 3529 hic
1655 3476 1777 3548 oblique,
1791 3496 1838 3533 nec
1884 3512 1885 3523 ι

213 3554 337 3610 ueneat:
359 3547 454 3618 quales
473 3558 551 3605 erant
568 3553 738 3609 ethnicomm
759 3555 912 3627 disciplinis
933 3556 1006 3611 circa
1043 3556 1133 3610 minus
1153 3552 1313 3625 periculose,
1335 3571 1364 3609 se
1388 3553 1508 3608 insinuat
1524 3553 1648 3625 palliatio
1666 3557 1796 3626 quasdam
1814 3566 1839 3612 et

213 3622 410 3695 inspectionem
439 3637 570 3697 extorum,
595 3631 716 3687 volatum
743 3635 841 3699 avium,
869 3642 899 3690 et
926 3637 1004 3691 simi-
1043 3634 1166 3689 defensio
1179 3633 1307 3688 maxima:
1320 3634 1406 3704 partis
1419 3634 1519 3705 mamm
1531 3635 1734 3691 ceremonialia
1777 3637 1839 3708 Spe·

212 3700 260 3757 lia.
302 3704 393 3760 Etiam
413 3707 604 3765 chaldeorum
621 3712 769 3783 astrologia
787 3714 931 3779 solennior,
950 3732 1006 3770 non
1044 3712 1301 3769 ciosnsenimfuerit
1309 3720 1464 3784 praetextus,
1472 3715 1648 3779 ceremonias,
1657 3714 1838 3781 characteres,

213 3782 418 3840 multomelior.
460 3787 497 3841 At
507 3790 658 3846 artificialis
668 3792 800 3847 munaus
810 3801 926 3865 unaque
936 3796 1007 3850 inter
1043 3794 1249 3858 incantationes,
1273 3792 1500 3864 gesticulmones,
1524 3793 1651 3859 amuleta,
1676 3803 1707 3849 et
1731 3797 1838 3858 similia,

213 3859 333 3951 diversas
348 3865 477 3921 scientias
490 3871 635 3940 spargitur.
667 3871 759 3926 Habet
772 3873 924 3944 astrologus
938 3891 1006 3945 prm-
1043 3890 1098 3926 uon
1118 3889 1156 3927 ex
1179 3872 1271 3943 aliquo
1291 3873 1375 3927 tacito
1394 3880 1441 3927 aut
1459 3874 1651 3928 sacramentali
1676 3891 1742 3930 cum
1762 3877 1839 3932 malis

212 3939 344 3996 dictiones
357 3960 421 3998 suas
434 3962 470 4001 ex
482 3948 536 4002 situ
554 3958 703 4006 astrorum:
723 3951 807 4007 habet
825 3954 908 4008 etiam
922 3955 1006 4008 medi·
1044 3953 1185 4023 spiritibus
1198 3958 1340 4007 connacru
1349 3953 1421 4007 vires
1432 3953 1569 4017 nancisci:
1590 3953 1638 4007 sed
1654 3969 1688 4008 eo
1699 3958 1838 4025 pertinere

212 4035 261 4072 cus
279 4037 351 4086 suaa
375 4023 408 4077 de
429 4034 515 4080 morte
537 4029 698 4099 ingruente:
719 4031 753 4086 de
770 4033 1004 4099 convalescentia3
1045 4039 1158 4095 tanturm
1167 4038 1200 4086 ut
1210 4031 1371 4103 imaginatio
1383 4031 1465 4096 illius,
1477 4032 1523 4103 qui
1536 4032 1581 4086 his
1591 4033 1685 4098 utitur,
1697 4036 1840 4091 roborenrr

212 4097 246 4151 de
254 4104 480 4170 symptomatibns
488 4108 642 4163 morborum
650 4113 858 4179 superventuris,
866 4114 1005 4177 exurinis,
1044 4118 1072 4165 et
1094 4112 1252 4166 exaltetur:
1281 4111 1506 4182 quemadmodum
1533 4113 1616 4165 etiam
1641 4113 1672 4166 in
1696 4114 1839 4187 religione,

211 4177 343 4248 pulsibus,
354 4192 467 4251 aspectu
477 4195 648 4256 egrotorum,
660 4196 688 4243 et
696 4189 850 4245 similibus:
871 4191 963 4257 babet,
978 4201 1006 4247 et
1043 4191 1270 4263 ususimaginnm‚
1279 4191 1313 4244 ad
1321 4191 1612 4246 menteahominnmin
1620 4204 1840 4250 rerumcontem-

211 4256 349 4350 politicus,
364 4277 442 4315 suas:
464 4268 481 4295 “
495 4265 519 4318 0
533 4267 628 4321 urbem
640 4267 774 4334 venalem,
793 4279 822 4324 et
835 4271 890 4324 cito
906 4272 1007 4340 peritu-
1044 4269 1164 4339 platinae
1185 4270 1350 4342 defigendae,
1365 4277 1393 4324 et
1413 4270 1585 4325 devotionum
1605 4275 1783 4341 precantium
1797 4292 1840 4329 en·

211 4351 279 4399 ram,
294 4354 316 4391 ιι
336 4348 486 4409 emptorem
507 4344 641 4401 invenerit
652 4348 681 4401 l'’
703 4344 783 4422 cujus
795 4350 918 4403 rancinii
939 4350 1006 4406 tides
1043 4349 1187 4415 citandam,
1201 4350 1326 4404 invaluit.
1349 4350 1476 4405 Attamen
1485 4367 1546 4404 mea
1556 4350 1619 4404 talis
1632 4360 1675 4405 est
1687 4355 1839 4415 sententia:

211 4417 328 4508 non-diu
341 4428 448 4474 momta
461 4432 518 4487 est;
539 4424 653 4495 impleta
669 4427 788 4496 primum
802 4429 832 4482 in
847 4429 930 4499 Sylla,
944 4447 1005 4500 pos-
1044 4429 1127 4482 etiam
1146 4430 1171 4483 si
1189 4430 1275 4495 detur,
1295 4430 1353 4485 vim
1372 4430 1575 4500 imaginationis
1595 4447 1657 4484 esse
1679 4433 1778 4504 utique
1797 4450 1841 4505 po

211 4502 256 4548 tea
270 4513 299 4587 ιιι
314 4497 431 4553 uacare
463 4501 627 4570 Huiusmodi
641 4506 925 4577 igiturpraedictiones
939 4526 1006 4579 prae
1045 4514 1152 4573 tentem,
1167 4515 1250 4580 atque
1270 4509 1383 4578 insuper
1403 4510 1571 4563 ceremonias
1583 4510 1639 4563 vim
1657 4509 1739 4566 illam
1752 4515 1840 4568 inten-

211 4582 296 4629 sentrs
319 4592 373 4630 non
392 4585 455 4632 snut
478 4580 603 4647 instituti,
621 4602 716 4640 verum
737 4586 772 4640 ad
790 4596 862 4640 artes
881 4590 1007 4658 proprias
1044 4588 1107 4641 dere
1121 4596 1149 4641 et
1162 4588 1306 4653 roborare:
1327 4588 1417 4658 posito
1435 4589 1558 4658 denique,
1573 4588 1644 4659 quod
1658 4590 1841 4648 adhibeantur

210 4655 311 4745 remitti
333 4656 441 4711 debent.
480 4659 624 4717 Naturalis
647 4672 740 4720 autem
761 4665 901 4730 divinatio,
921 4683 957 4721 ex
978 4669 1005 4721 vi
1044 4668 1205 4745 ceremopiae
1218 4668 1252 4721 ad
1272 4667 1344 4723 hanc
1361 4667 1540 4722 intentionem
1557 4669 1672 4733 sincere,
1687 4677 1774 4742 atque
1789 4684 1841 4727 tan-

210 4733 317 4788 scrlrcet
330 4735 439 4789 interna
452 4738 536 4793 animi
557 4748 646 4796 ortum
659 4743 773 4810 habens,
788 4762 821 4799 ea
835 4746 942 4801 demum
956 4755 1006 4813 est,
1045 4762 1125 4817 quam
1135 4747 1284 4800 remedium
1294 4746 1448 4816 physicum,
1457 4748 1560 4820 absque
1570 4747 1664 4819 aliqua
1672 4749 1718 4802 vel
1726 4753 1841 4806 minima

210 4811 244 4866 de
259 4829 314 4884 qna
326 4831 398 4869 nuuc
409 4816 508 4885 agitsn.
531 4819 599 4874 Harc
610 4822 712 4891 duplex
723 4831 782 4890 θοις
803 4824 1005 4891 alternantium
1044 4826 1207 4897 cogitatione
1218 4826 1251 4879 de
1261 4826 1409 4880 invitandis
1420 4827 1552 4897 peripaas
1560 4827 1839 4898 auxiliisspiritunm:

210 4891 296 4947 altera
314 4911 365 4963 per
383 4894 526 4952 influnum.
567 4899 671 4955 Nativa
692 4901 746 4956 hoc
767 4904 863 4959 nititur
882 4906 1007 4976 supposi-
1044 4904 1141 4958 haberi
1159 4905 1339 4960 nihilominus
1360 4906 1459 4960 debent
1485 4924 1535 4977 pro
1555 4906 1669 4971 illicitis,
1690 4919 1840 4980 propterea

210 4972 293 5026 tionis
305 4972 497 5039 fundamento:
519 4979 591 5047 qnod
602 4980 694 5034 anima
703 4982 732 5036 in
747 4999 776 5036 se
790 4984 909 5050 reducta,
923 4992 1006 5055 atque
1045 4984 1117 5055 quod
1130 4985 1273 5039 sententia
1287 4984 1328 5039 illi
1339 4985 1445 5050 dirinm,
1460 4987 1589 5040 adversus
1603 4985 1747 5043 hominem
1761 5006 1840 5060 prop

209 5050 333 5116 0011θοῐῆ
347 5070 399 5107 nec
416 5053 448 5107 in
466 5058 589 5125 corporis
610 5074 713 5129 organa
730 5062 837 5127 diffusa,
856 5062 958 5119 habeat
971 5082 1008 5119 ex
1044 5070 1086 5117 ter
1099 5070 1242 5134 peecatum
1256 5065 1329 5127 latre,
1343 5075 1495 5136 repugnent
1514 5072 1542 5120 at
1563 5066 1756 5123 recalcitrent:
1780 5077 1796 5102 ‘⁸
1810 5069 1838 5121 lu

209 5130 238 5183 vi
252 5132 362 5202 propria
372 5132 498 5187 essentiis
509 5152 565 5190 sura
576 5136 697 5206 aliquam
707 5142 903 5209 praenotionem
915 5160 1006 5199 rerum
1045 5143 1142 5198 sudore
1166 5144 1256 5198 vultus
1283 5145 1409 5199 comedes
1432 5161 1532 5215 panem
1552 5147 1655 5200 tuum.”
1697 5146 1838 5219 Siquidem

210 5209 378 5276 futurarum:
399 5212 449 5265 illa
461 5229 527 5267 vero
540 5217 642 5285 optime
658 5219 779 5274 cernitur
792 5221 822 5274 in
835 5222 946 5287 somnis,
961 5241 1006 5278 ec·
1045 5223 1137 5294 magia
1156 5223 1216 5291 ejus
1239 5224 1354 5294 generis,
1379 5225 1506 5295 egregios
1526 5223 1589 5279 illos
1611 5224 1724 5289 fructus,
1743 5229 1838 5298 quibus

210 5290 336 5354 stasibus,
356 5291 481 5346 confiniis
503 5296 615 5360 mortim
637 5296 725 5351 rarius
746 5299 1006 5371 intervigilandnm,
1045 5301 1121 5356 Deus
1134 5304 1251 5373 pretium
1263 5302 1384 5357 laborem
1404 5305 1551 5368 constituit,
1570 5303 1763 5374 adipiscendos
1784 5323 1837 5378 pro

210 5376 258 5421 aut
270 5385 332 5422 cum
344 5387 443 5441 corpus
456 5386 553 5427 sanum
567 5375 603 5428 sit
616 5391 648 5429 ao
663 5375 795 5431 validum.
838 5380 1005 5448 Huiusmodi
1045 5382 1129 5451 ponit,
1144 5398 1194 5452 per
1206 5398 1316 5451 paucas,
1329 5399 1429 5454 easque
1439 5383 1534 5438 faciles
1545 5391 1573 5438 et
1585 5383 1699 5440 minime
1711 5401 1838 5456 operosas

210 5462 275 5500 vero
288 5454 373 5505 status
385 5450 470 5505 animi
490 5462 648 5523 procuratur
669 5455 733 5521 lere,
747 5465 795 5512 aut
814 5456 958 5534 adjuvatur
971 5477 1007 5515 ex
1045 5460 1238 5517 observantias.
