3800 5875
247 322 305 387 720
806 319 858 375 Da
879 318 1081 375 sarlatum
1102 318 1298 376 vanuum

209 507 213 513 ·
247 498 307 546 usu,
321 487 402 552 atque
421 496 457 535 ex
470 478 535 535 artis
548 479 683 534 erroribus
700 477 770 532 beue
784 482 813 531 et
833 486 942 533 manue
961 495 1038 532 eccu-
1075 476 1196 531 iortunas
1217 475 1360 532 hominnm
1378 491 1434 531 una
1453 491 1516 531 snm
1535 490 1594 530 sera
1606 472 1832 550 poerdteatisinre·

245 561 317 616 satis
337 570 365 614 et
378 560 513 621 convictis,
527 556 740 613 munificentiam
761 555 881 611 divinam
896 558 931 612 ad
943 557 1038 626 hujus·
1075 564 1153 620 runt;
1178 573 1268 627 neque
1290 562 1394 611 tantm
1416 554 1446 609 in
1466 562 1554 611 status
1572 554 1736 626 singulorum,
1756 570 1831 609 remu

247 640 320 693 modi
331 638 564 692 denehcminibus
574 653 627 691 non
635 635 766 699 defirisse3
787 635 864 705 ipsos
874 636 926 690 sibi
934 636 1037 699 deesse,
1075 634 1159 689 etiam
1181 635 1210 690 in
1230 651 1317 706 regna
1338 643 1367 689 et
1388 633 1563 704 respublicas
1610 634 1651 687 Ab
1669 633 1755 688 eodem
1774 635 1830 687 eain

246 736 309 772 cum
323 717 375 771 hoc
394 718 504 772 deorum
519 732 615 770 munus
629 713 713 770 asello
730 715 907 784 imposuerint
924 714 998 769 lento
1011 723 1038 769 et
1076 714 1149 768 ionte
1162 713 1242 779 bella,
1252 724 1280 768 et
1293 713 1431 778 tumultus,
1442 722 1470 767 et
1482 713 1636 783 tyrannides
1649 723 1730 768 ortum
1739 724 1830 766 usaue

247 796 417 868 tardigrado;
438 813 470 849 ea
484 797 661 850 videturesse
676 794 852 864 experientia,
867 811 911 849 res
929 795 1038 863 stupida
1075 792 1177 848 Verum
1191 793 1408 863 operaepretium
1421 800 1465 847 est
1472 792 1688 855 animadvertere,
1697 791 1831 861 quambells

248 884 276 930 et
288 876 369 947 plena
381 892 473 937 morsa,
488 891 525 929 ex
539 875 616 942 cujus
636 873 723 944 gradu
742 873 819 927 tardo
838 881 866 927 et
885 872 1037 928 testudineo
1075 880 1104 927 et
1122 872 1261 942 eleganter
1274 871 1366 926 fabula
1386 873 1453 926 duas
1474 870 1601 926 humane
1614 872 1676 925 vita
1687 870 1830 935 cosdumas,

246 956 358 1026 antiqua
371 953 420 1007 illa
434 953 602 1024 querimonia
615 953 648 1006 de
663 953 719 1006 vita
731 952 806 1006 brevi
826 961 856 1005 et
876 960 934 1007 arte
956 951 1038 1023 longa
1075 958 1102 1007 et
1114 950 1199 1006 veluti
1218 951 1324 1006 tabulas
1337 952 1395 1006 sive
1407 950 1543 1021 exempla,
1557 950 1608 1004 sub
1621 950 1735 1019 personis
1746 948 1832 1003 Prome·

245 1042 310 1087 nata
324 1040 373 1087 est.
413 1032 503 1103 Atque
521 1040 594 1087 certe
613 1049 663 1086 nos
683 1032 713 1085 in
734 1047 767 1085 ea
788 1048 880 1086 sumus
901 1030 1036 1101 opinione,
1075 1030 1132 1084 thei
1158 1036 1186 1084 et
1206 1028 1363 1100 Epimethei
1389 1030 1554 1100 depinxerit.
1594 1028 1646 1089 Qui
1665 1029 1732 1082 euim
1751 1036 1831 1082 num

248 1111 389 1166 facultates
415 1110 477 1165 illas
502 1111 577 1175 duas,
603 1110 786 1182 dogmaticam
813 1117 842 1164 et
870 1110 1036 1180 empiricam,
1074 1108 1446 1180 Epimetheisequuntur,illi
1455 1106 1831 1178 improvidi,uequeiulougum

246 1191 336 1246 adhuc
348 1207 404 1245 non
423 1191 491 1244 bene
510 1191 668 1260 conjunctas
682 1196 709 1244 et
722 1187 862 1259 copulatas
882 1189 975 1253 fuisse,
989 1188 1036 1242 sed
1074 1187 1259 1251 considentem
1282 1206 1343 1259 qua
1359 1188 1388 1242 in
1407 1188 1553 1259 praesentis
1573 1188 1667 1242 suavia
1684 1194 1746 1247 suut,
1763 1187 1831 1254 prins

246 1285 317 1324 nova
339 1269 449 1324 deorum
470 1286 584 1324 munera
606 1276 654 1323 aut
675 1268 860 1339 philosophiis
884 1267 1035 1331 abstractis,
1074 1266 1183 1330 habeut,
1196 1274 1277 1338 atque
1290 1266 1384 1322 multis
1398 1284 1463 1322 sane
1478 1276 1590 1337 propter
1609 1265 1662 1320 boc
1681 1266 1832 1335 mgustiiset

246 1357 376 1419 tanquam
389 1348 442 1403 levi
456 1349 570 1413 volucri;
591 1355 639 1402 aut
659 1346 739 1402 lentus
759 1354 787 1403 ct
802 1346 884 1401 tarda
897 1347 1037 1417 experien-
1074 1346 1284 1410 difficultatibus,
1299 1355 1327 1400 et
1339 1346 1539 1401 calamitatibus
1552 1354 1713 1416 premuntur,
1725 1352 1749 1398 ει
1759 1360 1831 1413 perpe

246 1427 299 1492 tia,
321 1435 449 1499 tanquam
469 1426 561 1490 asello,
580 1426 708 1498 imposita
728 1443 802 1481 esse:
823 1426 853 1479 iu
875 1442 929 1496 quo
946 1432 1036 1479 mmcn
1074 1433 1120 1480 tuo
1134 1426 1191 1480 iere
1204 1442 1266 1479 cum
1279 1425 1336 1479 illis
1355 1426 1563 1489 conflictantur3
1585 1426 1694 1480 interim
1708 1432 1785 1477 umen
1795 1440 1830 1493 ge·

246 1506 280 1561 de
294 1506 380 1561 asello
392 1506 441 1561 illo
453 1523 509 1560 non
522 1505 592 1560 male
603 1506 779 1560 eminandum
790 1511 838 1569 est,
852 1505 905 1558 nisi
919 1504 1037 1559 interve·
1072 1504 1149 1559 nium
1162 1520 1241 1559 snum
1254 1503 1371 1574 placant,
1385 1513 1466 1577 atque
1479 1505 1593 1575 insuper
1606 1504 1642 1558 ob
1654 1521 1737 1558 rerum
1747 1504 1831 1572 inperi-

245 1585 385 1640 niatillud
398 1585 521 1640 accidens
535 1586 586 1640 visa
600 1594 628 1639 et
638 1585 706 1640 sitis.
745 1584 941 1639 Existimamns
954 1584 1035 1647 enim,
1073 1584 1139 1638 tiam
1152 1582 1251 1638 multas
1263 1584 1359 1638 inanes
1371 1600 1435 1654 spes
1448 1584 1522 1637 intra
1541 1585 1664 1637 animum
1676 1583 1778 1644 volvunt,
1789 1581 1831 1650 qui·

245 1664 271 1718 si
292 1665 354 1737 quis
374 1665 557 1734 experientiae,
575 1664 659 1719 veluti
679 1671 753 1719 certa
771 1662 833 1734 lege
852 1669 880 1716 et
899 1662 1035 1727 methodo,
1073 1663 1124 1718 bus
1144 1672 1244 1727 nmen,
1258 1661 1342 1717 veluti
1361 1663 1489 1717 suavibus
1508 1662 1662 1726 insomniis,
1674 1680 1702 1716 se
1718 1660 1829 1721 delerant,

245 1751 398 1798 constanter
417 1743 523 1808 militet,
545 1760 634 1814 neque
655 1743 727 1797 iuter
747 1742 820 1797 amm
841 1740 1035 1810 experimenta,
1073 1749 1154 1813 atque
1163 1742 1287 1797 miserias
1296 1744 1360 1796 vite
1372 1742 1576 1797 snoecondiunt.
1608 1740 1754 1795 Promethei
1763 1749 1830 1792 mun

246 1840 307 1893 quse
327 1823 371 1877 vel
390 1823 424 1876 ad
444 1822 548 1877 lucrum
571 1822 682 1886 iaciunt,
703 1820 747 1877 vel
769 1821 804 1874 sd
822 1821 1035 1885 ostentationem,
1073 1820 1174 1885 schola,
1188 1821 1313 1876 homines
1329 1821 1458 1876 nimirum
1479 1819 1635 1890 prudentes,
1655 1828 1682 1875 et
1696 1821 1723 1874 in
1741 1818 1832 1872 iutunm

246 1900 388 1956 hauriendi
403 1901 449 1956 siti
457 1901 625 1971 corripiatur,
638 1901 705 1955 adeo
719 1909 748 1956 ut
760 1901 795 1954 ad
809 1917 842 1955 es
855 1899 1037 1968 comparanda
1073 1901 1274 1971 prospicientes,
1287 1900 1372 1955 multa
1385 1900 1491 1954 scilicet
1502 1900 1577 1954 mala
1590 1908 1619 1955 et
1629 1899 1764 1954 infortunio
1773 1908 1831 1951 eante

246 1997 313 2035 onus
332 1998 410 2036 sunm
433 1980 550 2050 deponat
563 1989 590 2034 et
602 1979 749 2045 distraham
770 1996 833 2034 eum
846 1978 1036 2034 munificentiae
1073 1979 1233 2034 submovent
1246 1988 1275 2033 et
1287 1980 1429 2047 rejiciunt;
1450 1996 1545 2033 verum
1562 1997 1628 2033 cum
1640 1978 1691 2032 hoc
1709 1978 1769 2030 bono
1781 1976 1833 2030 illud

246 2058 345 2115 divium
366 2066 452 2114 aucta
473 2067 501 2113 ει
520 2075 597 2113 uovae
618 2058 737 2127 bajulum
755 2075 810 2114 uon
830 2058 955 2114 inutilem
968 2058 1034 2112 scre.
1073 2060 1243 2126 conjunctum
1254 2066 1302 2124 est,
1315 2068 1345 2114 ut
1355 2057 1448 2114 multis
1457 2058 1642 2127 voluptatibus
1655 2070 1682 2113 et
1691 2057 1832 2111 variaremn

246 2138 324 2199 Quod
337 2138 510 2193 verodunum
523 2137 588 2192 illud
602 2138 637 2192 ad
647 2144 787 2208 serpentes
801 2137 945 2201 trandent,
955 2153 989 2190 ea
998 2137 1036 2190 ri·
1070 2137 1238 2205 jucunditate
1251 2155 1280 2193 se
1294 2139 1407 2208 privent,
1422 2146 1450 2192 et
1464 2137 1578 2208 genium
1592 2155 1671 2193 suum
1683 2136 1795 2196 fraudent
1805 2144 1833 2187 at·

246 2216 325 2272 detur
338 2217 452 2286 adjectio
471 2217 507 2270 ad
527 2217 646 2271 fabulam
666 2225 775 2271 ornatus
794 2217 851 2271 iere
872 2216 968 2286 gratia,
981 2216 1035 2268 uisi
1074 2234 1133 2287 qne,
1148 2217 1220 2288 quod
1238 2217 1323 2272 multo
1341 2219 1420 2287 pejus
1434 2228 1484 2282 est,
1503 2218 1585 2282 curis,
1601 2224 1630 2271 et
1648 2214 1804 2277 solicimdine,
1814 2224 1834 2265 ει

245 2297 316 2350 iorte
329 2294 397 2350 illud
414 2295 585 2360 inseruerint,
598 2304 629 2350 ut
649 2294 774 2350 homines
793 2295 902 2365 pudeat,
922 2311 951 2349 se
974 2311 1036 2348 cum
1073 2297 1213 2350 timoribus
1223 2296 1359 2351 intestinis
1372 2313 1402 2351 se
1414 2298 1535 2351 crucient
1546 2305 1574 2350 ει
1587 2296 1741 2351 conficiant:
1753 2293 1833 2362 alligati

245 2376 312 2444 igne
332 2374 381 2429 illo
400 2391 450 2429 suo
461 2383 491 2428 et
510 2382 550 2428 tot
568 2375 671 2429 artibus
685 2391 719 2429 ea
731 2375 760 2429 in
775 2392 805 2429 se
824 2373 969 2429 transferre
982 2390 1036 2428 nou
1073 2375 1146 2429 enim
1159 2376 1328 2430 amessitatis
1337 2376 1477 2441 columna,
1487 2377 1642 2430 innumeris
1650 2372 1833 2446 cogiudouibur

245 2470 333 2523 posse,
343 2471 405 2525 quae
418 2460 515 2507 natura
527 2453 589 2522 ipsa
601 2454 784 2524 compluribus
796 2453 860 2509 aliis
873 2452 1036 2508 animalibus
1074 2451 1157 2530 (quse,
1169 2455 1233 2525 quia
1242 2454 1365 2510 volucres
1377 2457 1521 2511 admodum
1535 2462 1608 2519 suut,
1619 2473 1668 2525 per
1680 2454 1784 2524 aquilam
1794 2453 1834 2520 sig·

168 2552 174 2563 ·
244 2531 345 2603 largita
358 2541 406 2588 est.
446 2532 539 2587 Etiam
558 2532 608 2586 illa
620 2534 710 2588 subita
728 2533 868 2588 hominum
887 2549 949 2587 cum
969 2532 1035 2586 Pro·
1073 2529 1242 2607 nificantur,)
1250 2534 1340 2605 iisque
1347 2535 1537 2606 pungentibus,
1544 2544 1573 2589 ει
1584 2537 1663 2604 Jecur
1675 2531 1833 2589 mordentibus

244 2612 354 2667 matheo
367 2612 558 2676 reconciliatio,
573 2621 716 2684 postquam
730 2628 778 2682 spe
797 2628 848 2667 sua
866 2611 1034 2675 decidissent,
1073 2622 1100 2667 et
1127 2614 1329 2668 corrodentibus
1352 2623 1505 2678 venantum
1539 2614 1596 2669 nisi
1621 2615 1690 2668 forte
1712 2609 1834 2683 aliqnando

245 2692 380 2746 monitum
393 2691 476 2746 habet
489 2690 555 2746 utile
569 2698 597 2745 et
608 2693 742 2761 prudens:
763 2698 839 2745 notat
851 2691 924 2745 enim
944 2690 1034 2744 homi·
1072 2692 1156 2747 veluti
1168 2701 1256 2758 noctu,
1270 2693 1398 2765 exiguam
1412 2693 1569 2765 quampiam
1582 2693 1667 2747 animi
1681 2690 1835 2747 remissionem

183 2813 185 2816 .
244 2787 310 2826 uum
323 2771 462 2826 levitatem
475 2780 503 2825 et
512 2771 690 2826 temeritatem
699 2771 729 2825 in
743 2769 937 2840 experimentis
947 2769 1033 2824 novis.
1073 2772 1228 2843 etquietem
1241 2774 1445 2837 nanciscantur;
1466 2774 1506 2827 ita
1518 2781 1612 2827 tamen
1626 2772 1751 2828 utstatim
1766 2768 1835 2823 subin

245 2850 372 2905 Eaenim
387 2850 411 2904 si
424 2851 516 2904 statim
531 2866 584 2904 nou
598 2851 741 2905 succedant
754 2848 829 2904 etad
844 2856 907 2903 vota
926 2865 1036 2918 respou-
1073 2852 1106 2906 de
1120 2851 1319 2906 redeantnovre
1336 2852 1491 2906 anxietates
1512 2861 1541 2907 et
1561 2852 1727 2906 formidines
1762 2849 1835 2918 tuque

245 2929 334 2995 deant,
349 2946 521 3001 praepropera
539 2929 711 2985 festinatione
724 2928 848 2985 homines
868 2928 976 2997 incepta
988 2927 1035 2982 de·
1073 2931 1167 3003 paucis
1180 2931 1325 2986 admodum
1334 2931 1473 3003 utriusque
1481 2932 1562 2987 sortis
1573 2931 1732 2987 mucosum
1741 2926 1834 2998 configi

245 3021 343 3075 serunt,
357 3020 385 3064 et
399 3010 552 3080 precipites
570 3009 606 3064 ad
624 3017 715 3065 vetera
735 3015 879 3071 recurrunt,
893 3006 982 3077 iisque
995 3024 1036 3061 rc·
1072 3019 1104 3066 ut
1116 3011 1291 3081 providentie
1310 3011 1453 3065 commoda
1463 3013 1636 3077 retinuerint,
1650 3009 1837 3066 solicitudiniset

244 3089 428 3143 conciliantur.
468 3089 611 3159 Descripta
628 3097 699 3143 statu
720 3087 839 3142 hominis
856 3086 946 3157 quoad
965 3093 1035 3141 artes
1073 3091 1280 3160 perturbationis
1301 3090 1381 3145 malis
1404 3107 1434 3145 se
1458 3091 1616 3146 liberarint:
1637 3106 1722 3161 neque
1740 3088 1765 3141 id
1781 3086 1836 3154 quit·

245 3176 275 3221 et
297 3167 502 3233 intellectualia,
526 3167 656 3237 parabola
679 3168 777 3222 transit
799 3166 835 3221 ad
857 3165 1034 3236 religionemr
1073 3186 1155 3241 quam
1168 3170 1276 3241 assequi
1288 3178 1385 3241 potest,
1395 3171 1449 3224 nisi
1464 3188 1513 3241 per
1527 3169 1685 3233 Herculem,
1695 3168 1772 3228 idest
1782 3163 1837 3219 icrti

245 3246 378 3302 culturam
398 3247 470 3302 enim
492 3246 589 3301 artium
608 3246 694 3301 cultus
716 3247 867 3301 divinorum
890 3244 1035 3298 comitatus
1073 3249 1193 3303 tudinem
1206 3259 1235 3304 et
1248 3249 1333 3303 animi
1345 3250 1537 3314 constantiam,
1547 3267 1612 3320 quae
1625 3251 1655 3304 in
1667 3265 1766 3304 omnem
1778 3259 1836 3299 eres·

245 3333 302 3390 est3
332 3342 413 3397 quem
433 3326 525 3380 statim
546 3326 698 3396 hypocrisis
718 3325 861 3395 occupavit
881 3333 908 3377 et
930 3323 1034 3393 polluit
1074 3336 1130 3383 tum
1144 3337 1247 3399 parata,
1269 3338 1297 3383 et
1310 3329 1461 3399 cuicunque
1476 3330 1543 3382 sorti
1557 3346 1647 3400 aequa,
1665 3324 1836 3399 prospicitsine

246 3404 342 3477 ltaque
356 3406 406 3459 sub
419 3404 521 3475 duplici
533 3405 583 3460 illo
595 3404 727 3460 sacrificio
740 3404 877 3475 eleganter
889 3419 1035 3473 repraesen·
1073 3416 1154 3472 metu,
1169 3409 1266 3463 fruitur
1273 3409 1332 3463 sine
1343 3409 1462 3472 fastidio,
1474 3418 1502 3462 et
1512 3408 1611 3462 tolerat
1621 3409 1680 3462 sine
1687 3403 1835 3476 impatientia

245 3491 317 3538 tatur
336 3500 452 3555 persono
472 3501 534 3538 vere
554 3483 674 3554 religiosi
694 3491 722 3538 et
739 3483 898 3552 hypocritae.
949 3481 1035 3536 Alteri
1075 3487 1163 3558 Atque
1176 3488 1246 3542 illud
1258 3497 1351 3542 notatu
1368 3488 1482 3559 dignum
1496 3496 1545 3551 est,
1559 3488 1688 3541 virtutem
1708 3485 1772 3539 hanc
1788 3481 1838 3534 Pro

245 3565 318 3618 euim
330 3563 401 3618 inest
416 3563 508 3632 adeps,
522 3563 575 3618 Dei
587 3562 715 3618 nimirum
728 3563 824 3633 portio,
838 3561 873 3615 ob
886 3562 1035 3616 inflamma·
1072 3568 1183 3620 metheo
1196 3583 1250 3621 non
1270 3568 1399 3632 innatam,
1414 3567 1463 3620 sed
1482 3567 1660 3621 adventitiam
1681 3566 1764 3626 inisse,
1775 3569 1838 3630 sque

245 3642 346 3697 tionem
368 3650 395 3697 et
415 3642 541 3706 suffitum,
563 3658 613 3713 per
633 3642 705 3714 qnod
723 3643 836 3697 affectus
856 3649 886 3695 et
904 3639 986 3705 aelus,
1001 3641 1035 3694 ad
1073 3663 1109 3700 ex
1122 3662 1173 3716 ope
1187 3646 1290 3701 aliens:
1310 3647 1387 3701 nulla
1400 3647 1473 3700 euim
1493 3646 1619 3717 ingenim
1632 3655 1660 3700 ει
1672 3642 1790 3698 mmmm
1800 3640 1839 3691 lor·

245 3722 361 3792 gloriam
373 3722 427 3777 Dei
437 3723 563 3776 incensus
576 3730 657 3792 atque
671 3722 727 3775 alta
740 3730 841 3793 petens,
852 3720 1033 3791 significatur;
1073 3725 1160 3780 titudo
1173 3734 1254 3781 tantae
1268 3727 1307 3781 rei
1320 3743 1370 3796 par
1382 3742 1442 3780 esse
1456 3726 1550 3795 pomi.
1592 3726 1648 3779 Sed
1662 3725 1720 3779 brec
1732 3723 1803 3774 virms
1812 3716 1838 3768 sb

245 3800 607 3865 insuntvisceracharitatis,
617 3802 811 3855 insuutcarnes
820 3801 898 3854 bona
907 3808 934 3853 et
945 3798 1033 3855 utiles.
1073 3804 1169 3860 ultimo
1189 3822 1296 3870 oceano,
1317 3814 1397 3877 atque
1412 3821 1429 3858 a
1442 3804 1499 3859 sole
1513 3815 1628 3874 accepta
1642 3814 1671 3859 et
1681 3803 1783 3856 adreets
1793 3805 1837 3851 est:

245 3880 279 3933 ln
292 3880 378 3935 altero
390 3879 461 3935 nihil
474 3887 572 3949 praeter
584 3897 646 3934 ussa
665 3880 742 3935 arida
761 3889 790 3935 et
802 3879 875 3933 nuda
895 3879 1035 3949 reperiun·
1073 3892 1215 3953 praestatur
1229 3885 1302 3939 enim
1315 3902 1332 3942 s
1343 3885 1486 3956 sapientia,
1497 3891 1627 3955 tanquam
1642 3902 1660 3937 a
1673 3881 1734 3944 sole,
1745 3885 1789 3932 eta
1798 3891 1839 3930 ne

244 3966 294 4022 tur,
317 3977 377 4031 quae
396 3959 573 4014 nihilomiuus
597 3960 698 4029 pellem
717 3960 841 4022 farciunt,
866 3965 895 4012 et
917 3958 1034 4012 hostiam
1073 3964 1202 4018 ditatione
1221 3964 1409 4019 inconstantiae
1429 3979 1461 4017 ac
1482 3963 1567 4018 veluti
1588 3965 1721 4017 undarum
1737 3959 1839 4014 bumana

244 4038 462 4107 pulcherrimam,
486 4045 514 4093 et
535 4039 707 4109 magnificam
726 4038 881 4101 imitantur,
903 4054 953 4107 per
974 4053 1035 4106 quse
1073 4044 1141 4106 vita,
1157 4052 1284 4115 tanquam
1297 4060 1314 4096 a
1327 4043 1503 4114 navigatione
1522 4044 1634 4109 oceani3
1655 4059 1715 4114 quse
1732 4040 1779 4093 duo
1795 4035 1838 4090 lir-

244 4124 317 4171 recte
330 4126 457 4172 notamur
470 4118 575 4172 externi
589 4125 617 4172 et
629 4118 724 4171 inanes
737 4118 813 4180 ritus,
828 4125 856 4170 et
867 4116 1035 4170 ceremonia
1073 4120 1155 4192 gilius
1168 4122 1238 4176 bene
1252 4122 1410 4191 conjunxi&

241 4196 352 4265 jejuna,
368 4197 465 4266 quibus
479 4197 604 4251 homines
617 4196 720 4251 cultum
738 4195 860 4250 divinum
877 4203 989 4249 onerant
1008 4201 1036 4248 et
1132 4239 1226 4286 “mx
1262 4240 1286 4286 ui
1327 4241 1393 4287 m
1408 4254 1483 4287 mm
1573 4253 1653 4286 mm

245 4275 349 4338 inflant
359 4291 403 4329 res
416 4276 450 4329 ad
464 4276 667 4330 ostentationem
678 4276 766 4346 potius
776 4273 941 4345 compositae,
953 4290 1035 4345 quam
1131 4255 1432 4365 Quiqie'niemffinefet
1442 4255 1587 4344 immicis
1598 4252 1713 4344 tatu?

245 4353 279 4407 ad
292 4354 419 4424 pietatem
432 4354 571 4409 iacientes.
610 4355 709 4426 Neque
729 4355 795 4409 satis
818 4361 861 4408 est
879 4352 1035 4407 hominibus
1131 4355 1351 4416 SubJecitpedibus,
1363 4357 1532 4417 strepitumque
1541 4353 1686 4403 Acherontis
1694 4349 1777 4418 anti?

244 4431 396 4502 nuJusmou
417 4431 534 4488 ludibria
555 4433 616 4488 neo
639 4434 743 4499 offerre,
766 4433 820 4487 nsi
840 4449 874 4487 ea
890 4432 973 4486 essm
993 4431 1034 4485 uu
1653 4403 1816 4472 Ges-2⁴⁹¹

243 4512 385 4583 imponant
398 4518 426 4566 et
439 4512 581 4582 imputent,
595 4530 627 4567 se
642 4513 665 4568 si
679 4513 738 4582 ipse
751 4512 801 4566 illa
809 4511 924 4583 elegerit
933 4520 960 4565 ει
969 4527 1035 4580 praa
1074 4504 1284 4576 Elegantissime
1303 4513 1395 4559 autem
1417 4505 1524 4560 additur
1545 4504 1580 4558 ad
1599 4503 1739 4559 hominum
1757 4498 1838 4553 auius

244 4591 392 4662 scripserit.
432 4591 512 4645 Certe
525 4592 722 4662 prophetasub
735 4592 788 4646 Dei
802 4607 916 4661 persona
929 4590 963 4643 de
983 4588 1035 4643 hae
1074 4584 1251 4639 consolandos
1271 4593 1299 4637 et
1320 4584 1523 4648 confirmandos,
1542 4583 1657 4638 heroe'm
1674 4584 1750 4637 isurm
1767 4581 1839 4646 inget-

244 4672 354 4743 optionc
367 4669 537 4741 expostulat:
560 4672 660 4726 “Num
673 4671 782 4725 tandem
796 4670 848 4724 hoc
862 4677 904 4724 est
917 4668 985 4723 illud
994 4666 1036 4744 je-
1074 4673 1128 4719 tem
1141 4665 1170 4717 in
1183 4664 1281 4734 poculo
1293 4664 1350 4719 sive
1361 4680 1443 4718 urceo
1453 4665 1612 4733 navigasse:
1633 4679 1669 4716 ne
1683 4661 1746 4714 forte
1758 4663 1838 4710 netum

241 4751 355 4819 junium,
371 4750 442 4821 quod
456 4748 535 4820 elegi,
555 4758 586 4804 ut
599 4750 682 4804 homo
699 4750 817 4804 animam
831 4765 908 4803 susm
922 4749 950 4803 in
964 4747 1035 4802 diem
1074 4761 1130 4798 suoe
1144 4744 1283 4814 angustias
1303 4751 1331 4798 et
1347 4742 1522 4814 fragilitatem
1542 4742 1657 4795 nimium
1677 4738 1839 4809 pertimescat

244 4847 327 4885 unum
339 4830 451 4901 affligat,
465 4837 494 4883 et
506 4836 587 4900 caput
597 4830 683 4883 instar
693 4830 768 4897 iunci
777 4828 941 4883 demittati''
971 4827 1036 4881 Post
1074 4832 1287 4887 autcausenter;
1309 4839 1340 4876 ac
1355 4822 1378 4875 si
1397 4821 1554 4891 hujusmodi
1575 4819 1775 4875 fortitudiniset
1791 4827 1839 4865 cw-

244 4917 344 4963 statum
356 4908 504 4980 religionis,
519 4908 649 4978 parabola
662 4924 691 4962 se
705 4908 786 4963 vertit
799 4908 833 4961 ad
846 4923 934 4961 mores
947 4914 974 4960 et
987 4905 1036 4959 hu·
1074 4902 1181 4958 santia
1194 4918 1281 4972 capax
1292 4902 1400 4956 omnino
1409 4917 1464 4955 non
1477 4909 1562 4963 esset3
1577 4899 1610 4953 de
1624 4915 1680 4969 quo
1688 4898 1746 4968 ipso
1757 4895 1839 4949 &uest

244 5005 331 5042 manre
344 4989 408 5042 vitoe
421 4988 595 5041 conditiones.
636 4986 725 5058 Atque
739 4985 927 5056 pervulgatum
947 4991 990 5039 est
1005 4983 1036 5037 il·
1074 4981 1143 5035 bene
1156 4982 1292 5035 ominatus
1303 4988 1352 5044 est,
1364 4998 1426 5035 cum
1439 4980 1519 5044 ὰὶεει,
1534 4978 1692 5048 “Magnum
1706 4984 1745 5030 est
1757 4971 1837 5058 babete

245 5067 300 5132 lud,
312 5077 339 5121 et
351 5075 442 5120 tamen
453 5075 524 5121 recte
535 5066 662 5135 positum,
672 5081 721 5135 per
729 5065 879 5119 Pandoram
889 5063 1037 5135 significari
1075 5060 1156 5116 simul
1182 5059 1358 5130 flagilitatem
1384 5059 1510 5123 hominis,
1534 5069 1561 5112 ει
1588 5058 1754 5110 seeunmtem
1777 5045 1837 5103 De*

218 5164 221 5170 ¹
246 5146 411 5216 voluptatem
425 5154 453 5198 et
466 5144 614 5208 libidinem,
629 5161 690 5215 quae
704 5153 766 5215 post
778 5145 841 5198 vitm
854 5143 942 5197 civilis
956 5150 1036 5206 artes,
1075 5139 1129 5194 Sed
1149 5139 1207 5208 jam
1226 5137 1446 5193 retrocedendum
1460 5147 1501 5192 est
1515 5137 1549 5191 ad
1565 5135 1640 5198 illud,
1654 5133 1725 5206 qued
1737 5125 1837 5185 masal&

244 5232 272 5278 et
285 5225 391 5289 cultum,
406 5231 434 5279 et
446 5223 549 5288 luxum,
563 5223 647 5278 veluti
660 5240 696 5277 er
706 5223 776 5277 dono
788 5223 869 5294 ignis,
883 5231 910 5276 et
924 5222 984 5291 ipsa
997 5220 1038 5275 in·
1074 5218 1276 5288 praeterivimus,
1290 5233 1325 5270 ne
1339 5233 1380 5280 ea,
1394 5233 1456 5287 quse
1468 5216 1540 5271 inter
1553 5231 1582 5269 se
1595 5229 1718 5267 connexa
1730 5216 1791 5269 sunl·
1802 5204 1837 5256 ‘b'

245 5320 325 5359 censa
339 5311 387 5359 est.
429 5303 527 5374 Itaque
541 5301 671 5365 Vulcano,
686 5303 732 5371 qui
746 5302 872 5356 similiter
891 5301 983 5373 ignem
998 5317 1037 5353 re-
1075 5313 1278 5366 rumperemus:
1298 5295 1351 5349 hoc
1369 5303 1418 5359 est,
1432 5296 1466 5349 de
1486 5293 1632 5349 novissimo
1644 5290 1692 5346 illo
1705 5283 1838 5344 moetus

245 5389 399 5450 presentat,
413 5382 551 5450 opificium
570 5379 714 5450 voluptatis
734 5379 885 5449 deputatur.
926 5378 970 5433 Ab
989 5378 1038 5432 ills
1074 5377 1195 5439 crimine,
1204 5375 1276 5447 quod
1285 5374 1443 5445 pudicitiam
1450 5373 1582 5429 Minervae
1591 5370 1755 5426 solicitasset
1772 5363 1838 5454 'Nm

246 5467 335 5514 eutem
354 5458 460 5513 infinita
480 5460 553 5514 mala
567 5466 594 5514 et
608 5460 636 5514 in
650 5458 764 5525 animos,
784 5467 812 5513 ct
832 5458 861 5512 in
875 5474 996 5528 corpora,
1012 5465 1038 5511 et
1075 5463 1103 5509 et
1116 5455 1151 5509 ob
1165 5454 1218 5510 hoc
1231 5454 1358 5510 delictum
1378 5453 1569 5525 gravissimum
1582 5458 1654 5506 certe
1667 5457 1695 5504 et
1712 5453 1837 5502 numu?
