3800 5875
54 306 126 363 Cae.
143 307 197 364 ΙΙΙ.
573 309 622 365 DE
646 310 873 367 AUGMENTIS
894 311 1167 368 solstitialium.
1609 308 1666 393 ‘lli'

51 466 257 520 manufactum
270 465 403 521 delicatas
424 470 498 540 (quta
516 467 638 540 digitum,
657 468 747 539 potius
765 486 847 541 quam
884 469 920 523 oh
939 486 1056 533 causam,
1079 469 1174 524 saltem
1201 468 1358 539 speciosam,
1383 468 1481 522 inferre
1509 466 1669 522 abstineant.

51 543 204 611 brachium,
219 547 372 617 requinrnt)
390 564 439 602 sua
452 554 549 601 natura
565 547 728 602 militaribus
749 548 847 602 animis
884 548 980 603 Tuscia
993 557 1092 620 prmsto
1105 556 1147 602 est
1160 565 1273 619 semper,
1288 558 1314 602 et
1327 549 1362 602 ad
1374 556 1476 611 nutum,
1490 546 1554 601 belli
1571 563 1668 609 causac

51 641 113 677 csse
123 626 282 678 conuenae.
305 625 336 679 lu
347 626 510 691 universum,
521 626 614 696 populi
622 626 746 681 bellicosi
756 626 846 681 feriari
884 629 1043 699 propagatio
1067 628 1172 682 scilicet
1198 627 1266 697 legis
1286 633 1313 681 et
1338 635 1416 682 secta
1437 644 1501 681 suaa.
1543 624 1668 689 Romani,

51 703 184 773 gaudent,
197 712 224 758 et
238 704 366 774 pericula,
376 720 458 775 quam
468 703 581 769 labores,
590 706 681 760 minus
691 705 845 761 exhorrent
880 723 1038 779 „quanquam
1061 723 1111 777 pro
1131 723 1231 776 magno
1254 705 1348 760 decore
1368 704 1576 776 imperatoribus
1598 703 1669 773 apud

52 784 144 853 Atque
159 783 190 836 iu
206 782 260 835 hoc
277 783 387 854 ingenio
400 800 449 838 suo
462 800 515 837 non
529 792 593 837 sunt
605 784 749 839 admodum
763 784 846 853 repri·
884 801 931 837 eos
958 786 1045 848 fuerit,
1073 786 1097 840 si
1121 787 1189 839 fines
1215 785 1323 855 imperii
1346 785 1467 856 ipsorum
1487 782 1667 854 protulissent,

51 861 152 926 mendi,
160 861 187 916 si
200 861 307 916 animos
321 864 439 932 ipsorum
453 863 481 917 in
496 864 588 934 rigore
603 879 759 918 conseruare
772 862 846 917 cordi
884 872 973 917 tamen
987 865 1022 917 oh
1035 864 1106 918 banc
1120 864 1204 917 solam
1219 880 1335 930 causam,
1351 873 1380 919 ut
1398 865 1466 917 fines
1480 863 1667 932 proferrentur,

51 941 132 995 nohis
145 941 190 995 sit
220 940 326 1011 Magno
338 943 429 1012 itaque
437 941 592 1010 adjumento
601 942 712 1012 Spartae,
721 940 845 1005 Athenis,
883 958 1021 1014 nunquam
1043 942 1115 996 helia
1139 950 1321 1012 susceperunt.
1370 942 1509 1014 Aspimnti
1532 941 1615 1012 igitur
1634 940 1669 993 ad

52 1019 158 1083 Romae,
184 1018 300 1091 aliisque
326 1020 443 1092 antiquis
469 1021 665 1092 rebuspublicis
691 1021 751 1084 fuit,
774 1021 846 1092 quod
883 1020 1394 1091 imperiumnationiilludinmoresit3
1408 1030 1554 1076 utsensum
1568 1019 1669 1073 haheat

52 1099 201 1153 habuerint
232 1117 288 1153 non
321 1101 461 1170 ingenuos,
488 1100 537 1154 sed
568 1115 659 1154 servos
686 1098 844 1170 plerunque,
882 1099 1001 1154 vividum
1022 1108 1049 1153 et
1062 1099 1270 1170 acreminjurira
1284 1100 1407 1170 alicujus,
1421 1100 1464 1154 vel
1480 1099 1592 1153 subditis
1612 1099 1668 1152 suis

52 1196 168 1247 quorum
183 1177 323 1232 laboribus
335 1178 487 1233 istiusmodi
502 1179 610 1249 opificia
624 1178 845 1249 expediebantur.
883 1174 1036 1244 limitaneis,
1055 1180 1098 1235 vel
1118 1179 1320 1244 mercatoribus,
1334 1179 1377 1234 vel
1398 1178 1513 1250 publicis
1530 1178 1667 1241 ministris,

52 1257 157 1311 Verum
175 1257 371 1326 mancipiorum
383 1275 456 1323 usus,
470 1268 530 1328 post
551 1258 641 1328 legem
663 1257 844 1311 Christianam
882 1256 983 1322 incra,
1006 1275 1094 1329 neque
1107 1275 1123 1311 a
1138 1260 1225 1330 prima
1246 1258 1434 1329 provocatione
1449 1259 1549 1312 diutius
1563 1264 1669 1325 torpeat

51 1344 200 1407 receptam,
215 1336 336 1390 maxima
358 1352 395 1389 ex
413 1345 489 1405 parte
503 1336 570 1391 abiit
587 1337 615 1390 in
631 1336 843 1391 desuetudinem.
883 1345 928 1390 aut
949 1338 1043 1391 tardet.
1085 1338 1160 1402 Item,
1179 1346 1302 1409 prompta
1315 1339 1350 1392 sit
1365 1345 1392 1392 et
1404 1338 1501 1391 alacris
1515 1336 1548 1389 ad
1566 1335 1668 1390 auxilia

53 1415 127 1469 Huic
143 1432 211 1469 vero
224 1415 265 1468 rei
284 1415 438 1485 proximum
452 1422 502 1479 est,
516 1423 546 1470 ut
558 1423 629 1470 artes
643 1416 703 1470 ista
717 1414 845 1484 alienige·
882 1415 1012 1471 mittenda
1026 1417 1107 1472 sociis
1121 1419 1177 1472 suis
1188 1425 1215 1472 et
1224 1417 1374 1472 foederatis:
1388 1417 1416 1470 id
1426 1417 1496 1487 quod
1511 1422 1667 1485 perpetuum

50 1495 95 1548 nis
117 1502 225 1547 tautum
248 1494 451 1564 permittautnr;
474 1495 520 1566 qui
542 1502 684 1564 propterea
698 1493 843 1559 alliciendi,
882 1502 940 1547 erat
961 1496 1033 1567 apud
1055 1496 1212 1550 Romanos:
1233 1497 1300 1549 adeo
1312 1503 1350 1557 ut,
1368 1497 1391 1549 si
1411 1497 1478 1551 forte
1493 1496 1521 1548 in
1538 1492 1667 1564 populum

51 1581 99 1625 aut
112 1572 213 1626 saltem
227 1573 306 1627 facile
320 1572 467 1643 recipiendi
481 1581 550 1627 suut
585 1574 844 1629 Natirorumautem
882 1573 1049 1640 foederatum,
1064 1575 1106 1630 cui
1129 1575 1211 1629 etiam
1233 1592 1295 1629 cum
1316 1575 1377 1628 aliis
1397 1575 1483 1629 foedus
1501 1572 1667 1628 defensivum

53 1651 131 1721 plebs
144 1668 182 1705 ex
195 1652 281 1705 tribus
295 1651 440 1723 generibus
454 1652 594 1706 hominum
607 1660 732 1708 constare
745 1653 842 1719 debet,
882 1652 1065 1718 intercederet,
1076 1653 1183 1708 hostilis
1195 1654 1338 1724 impressio
1351 1654 1420 1708 facta
1430 1661 1515 1716 esset;
1531 1660 1609 1722 atque
1620 1651 1667 1706 illc

51 1747 160 1802 nempe,
172 1747 209 1784 ex
219 1731 360 1802 agricolis3
376 1730 484 1785 famulis
493 1731 633 1802 ingenuis,
645 1739 672 1786 et
680 1732 843 1788 artificibus:
882 1748 899 1785 a
911 1730 1036 1803 plurimis
1046 1733 1184 1803 suppetias
1194 1742 1314 1802 peterem
1330 1732 1446 1786 Romani
1455 1732 1575 1787 omnium
1586 1731 1667 1800 primi

54 1826 169 1880 quorum
192 1826 274 1880 opera
294 1810 376 1865 robur
399 1819 426 1863 et
446 1809 561 1864 lacertos
578 1809 670 1866 viriles
686 1811 842 1882 postulant;
882 1827 989 1881 semper
1009 1812 1139 1877 adessent,
1154 1812 1279 1866 beneficii
1291 1812 1374 1866 decus
1392 1812 1493 1866 nemini
1513 1810 1667 1880 praeripien-

52 1889 207 1958 cujusmodi
226 1896 289 1943 suut
310 1888 385 1942 fabri
402 1889 514 1951 ferrarii,
531 1888 665 1959 lapidarii,
685 1891 802 1962 lignarii,
817 1899 844 1947 et
881 1889 945 1944 dum
959 1891 1151 1962 relinquentes.
1191 1891 1266 1952 Quod
1279 1908 1343 1945 vero
1357 1892 1452 1945 attinet
1463 1890 1497 1943 sd
1511 1889 1590 1951 bella,
1600 1888 1667 1942 anti-

53 1967 172 2031 similes;
193 1985 248 2021 non
262 1967 603 2022 annirmerandomilitiam
616 1970 788 2040 descriptam.
882 1968 942 2040 quis
973 1970 1145 2040 temporibus,
1172 1977 1283 2040 propter
1309 1977 1426 2024 statuum
1455 1969 1668 2023 conformitatem

93 2045 121 2101 6.
141 2046 213 2101 Ante
228 2048 318 2100 omnia
330 2047 364 2101 ad
384 2047 492 2117 imperii
506 2048 718 2117 magnitudinem
733 2050 843 2115 confert,
882 2047 1024 2117 quandam,
1035 2057 1082 2103 aut
1099 2049 1360 2118 correspondentiam
1384 2049 1501 2112 tacitam,
1515 2054 1598 2117 gesta,
1611 2063 1666 2101 non

55 2133 83 2179 ut
103 2141 173 2196 gens
195 2124 287 2195 aliqua
308 2143 443 2180 armorum
465 2127 582 2181 studium
602 2128 765 2197 profiteatur,
786 2136 843 2183 tan·
881 2126 968 2191 video,
982 2126 1010 2181 in
1027 2145 1081 2199 quo
1099 2125 1162 2202 jure
1180 2127 1227 2181 illa
1241 2129 1349 2183 fundata
1365 2128 1426 2182 sint
1467 2127 1546 2181 Talia
1559 2126 1667 2180 fuerunt

53 2221 136 2275 quam
149 2204 233 2259 decus
252 2222 338 2268 saum,
353 2215 381 2259 et
398 2205 548 2260 institutum
561 2207 624 2260 vita
637 2207 802 2276 primarium,
817 2215 844 2262 et
881 2205 1031 2277 bellaque
1044 2223 1061 2260 a
1076 2207 1206 2261 Romanis
1219 2216 1343 2278 suscepta
1356 2208 1476 2261 erantad
1492 2206 1624 2260 Graeciam
1636 2205 1667 2259 in

54 2282 81 2336 in
102 2284 244 2353 praecipuo
264 2283 367 2338 honore
388 2283 519 2339 habitum.
560 2284 625 2346 Quas
646 2286 718 2340 enim
735 2287 843 2342 anobis
880 2283 1032 2339 libertatem
1051 2285 1253 2341 medicandam:
1278 2286 1345 2341 talis
1368 2304 1386 2341 a
1407 2284 1619 2341 Lacedoemoniis
1639 2292 1668 2338 et

52 2361 141 2416 adhuc
160 2362 320 2427 dictasunt,
339 2362 373 2416 ad
391 2362 549 2417 habilitates
564 2372 668 2419 tautum
685 2381 751 2436 erga
767 2382 843 2419 arma
881 2362 1099 2429 Atheniensibus,
1114 2365 1149 2419 sd
1169 2366 1368 2420 constituendas
1387 2374 1434 2420 aut
1452 2364 1608 2419 evertendas
1622 2364 1665 2416 de-

52 2450 193 2511 spectant:
216 2458 342 2513 quorsum
363 2451 452 2496 autcm
474 2441 612 2507 habilitas,
627 2442 648 2497 si
663 2460 717 2497 non
732 2444 771 2499 rei
789 2444 844 2515 ipsi
880 2443 1317 2515 mocratissetoligarchias2tslia
1328 2446 1485 2517 quandoque
1496 2443 1639 2498 illatasunt
1649 2461 1667 2495 a

53 2520 229 2584 incumbitur,
244 2528 273 2574 ut
291 2521 453 2591 producatur
467 2521 496 2575 in
516 2523 626 2576 actum?
647 2522 779 2578 Romulus
800 2526 844 2592 (ut
881 2522 1077 2592 rebuspublicis
1090 2533 1137 2578 aut
1151 2523 1324 2594 principibus,
1332 2523 1383 2578 sub
1396 2531 1535 2593 praetextu,
1545 2522 1666 2576 subditos

51 2606 170 2662 mrrant,
185 2607 232 2653 aut
255 2599 371 2668 fingunt)
396 2607 539 2670 postquam
560 2601 660 2655 eriris
682 2608 842 2667 excesserat,
881 2600 984 2655 alienos
1004 2602 1172 2672 protegendi,
1188 2610 1215 2656 et
1235 2618 1251 2655 a
1273 2603 1416 2671 tyrannide
1440 2601 1582 2656 liberandi.
1622 2601 1666 2656 Ad

51 2676 118 2732 illud
133 2678 241 2732 civibus
263 2679 320 2733 suis
341 2677 449 2750 legarit,
463 2688 494 2734 ut
514 2687 575 2733 autc
595 2681 686 2735 omnia
702 2698 760 2736 rem
773 2681 843 2736 mili·
881 2696 937 2734 rem
959 2688 1119 2750 praesentem
1140 2681 1262 2744 sufficiat,
1277 2688 1307 2735 ut
1328 2680 1396 2736 illud
1414 2682 1590 2735 decernatur:
1610 2696 1667 2734 nou

52 2766 136 2811 mmm
155 2755 287 2821 colerent,
301 2758 372 2812 unde
394 2757 422 2811 in
441 2766 520 2828 caput
539 2759 612 2814 orbis
630 2767 760 2815 terrarum
779 2761 843 2816 urbs
880 2776 940 2814 esse
947 2760 1143 2830 expectandam
1154 2760 1236 2814 statui
1247 2759 1327 2814 alicui
1337 2760 1442 2830 imperii
1454 2758 1665 2829 amplitudinem,

53 2852 144 2889 eornm
154 2836 316 2906 insurgeret.
345 2837 456 2905 imperii
467 2837 591 2908 Spartani
607 2838 708 2893 fabrica
718 2840 842 2894 universa
879 2838 932 2892 nisi
946 2837 982 2892 ad
995 2838 1118 2909 quamvis
1130 2839 1298 2893 occasionem
1312 2838 1413 2906 justam
1427 2856 1456 2894 se
1471 2837 1593 2893 armandi
1605 2853 1666 2908 pro·

54 2912 122 2988 (non
135 2915 218 2969 nimis
233 2915 378 2985 pmdenter
392 2916 507 2988 quidem,
521 2918 568 2972 sed
581 2916 725 2991 diligenter
740 2918 842 2992 tamea)
881 2917 953 2973 tinus
962 2917 1173 2990 expergiscatur.

54 2994 87 3045 ad
110 2993 189 3047 illum
214 2996 296 3048 linem
317 3002 345 3048 et
365 3012 474 3064 scopum
496 2998 646 3067 composita
670 3005 760 3052 estet
781 3016 842 3053 cou-
920 2998 946 3052 8.
968 2997 1082 3053 Nullum
1097 2998 1207 3053 omnino
1224 3014 1330 3068 corpus,
1345 2998 1401 3052 sire
1415 2996 1451 3051 sit
1463 2996 1530 3050 illud
1543 2995 1664 3050 naturale

54 3080 197 3137 structa,ut
210 3075 285 3127 cives
298 3075 339 3129 sui
354 3074 558 3144 belligeratores
572 3085 669 3131 essent
697 3077 842 3133 Persarum
879 3075 937 3129 sire
951 3076 1099 3147 politicum,
1113 3076 1214 3147 absque
1229 3076 1418 3131 exercitatione
1433 3075 1574 3130 sanitatem
1587 3090 1665 3128 suam

53 3160 79 3205 et
98 3152 282 3206 Macedonum
304 3153 376 3207 idem
397 3162 455 3208 erat
472 3154 631 3219 institutum,
650 3157 698 3211 sed
718 3172 771 3210 non
786 3165 842 3212 tam
881 3156 949 3209 tueri
965 3164 1052 3225 queat.
1094 3157 1191 3226 Regno
1205 3164 1302 3221 autem,
1317 3162 1363 3210 aut
1381 3153 1545 3226 reipublicae,
1561 3155 1665 3221 justum

53 3241 178 3285 emstsns
192 3239 239 3284 aut
258 3232 421 3286 diuturnum.
462 3233 594 3299 Britanni,
610 3233 690 3300 Galli,
705 3235 841 3299 Germani,
880 3241 960 3306 atquc
970 3233 1148 3290 honorificum
1162 3234 1262 3290 bellum
1273 3235 1333 3289 loco
1343 3234 1458 3289 salubris
1467 3232 1665 3289 exercitationis

55 3309 143 3374 Gothi,
159 3311 293 3374 Saxones,
313 3312 473 3374 Normanni,
495 3320 524 3366 et
545 3313 669 3368 nonnulli
688 3313 744 3378 alii,
758 3316 841 3369 etiam
879 3322 930 3367 est.
971 3313 1080 3369 Bellum
1101 3313 1181 3368 civile
1202 3315 1323 3383 profecto
1339 3314 1425 3370 instar
1445 3312 1543 3366 caloris
1562 3311 1665 3366 febrilis

54 3389 86 3442 sd
103 3398 212 3460 tempus
233 3390 318 3443 armis
336 3406 365 3443 se
385 3392 519 3460 praecipue
540 3391 706 3447 dediderunt.
747 3393 842 3450 Turcas
880 3400 937 3457 est,
959 3400 988 3445 at
1001 3392 1102 3447 bellum
1115 3399 1257 3448 externum
1268 3393 1353 3449 instar
1362 3392 1460 3447 caloris
1474 3409 1509 3446 ex
1521 3397 1603 3453 motu,
1618 3391 1664 3460 qni

55 3467 121 3523 idem
136 3468 301 3532 institutum,
315 3467 377 3541 lege
386 3470 518 3523 suahaud
530 3469 672 3540 paululum
681 3472 841 3537 extimuisti,
879 3469 1026 3526 valetudini
1039 3472 1173 3542 imprimis
1187 3472 1318 3527 conducit
1352 3472 1397 3525 Ex
1411 3488 1478 3541 pace
1489 3471 1561 3525 enim
1571 3470 1663 3524 deside

54 3545 131 3601 hodie
145 3547 328 3612 retinentsed
341 3565 509 3618 magnacum
524 3549 627 3604 militia
641 3568 697 3605 suae
711 3549 758 3623 (ut
770 3569 841 3606 nunc
879 3558 960 3620 atque
974 3558 1094 3620 torpente
1109 3559 1137 3604 et
1150 3550 1323 3606 emolliuntur
1341 3550 1433 3615 animi,
1448 3557 1476 3604 et
1494 3565 1665 3618 corrumpun-

54 3627 104 3692 ιιι)
118 3627 310 3681 declinatione.
353 3626 385 3680 In
398 3627 508 3696 Europa
521 3628 684 3691 Christiana,
697 3646 841 3701 gensque
879 3636 923 3681 tur
936 3645 1033 3683 mores.
1075 3629 1129 3684 Sed
1147 3639 1281 3701 utcunque
1302 3646 1345 3684 res
1362 3646 1391 3684 se
1411 3629 1518 3691 habeat,
1533 3634 1664 3699 quatenus

56 3705 117 3759 illud
130 3706 221 3760 adhuc
236 3707 336 3760 retinet
357 3713 385 3760 et
405 3708 552 3776 profitetur,
566 3707 617 3762 soli
632 3718 696 3762 suut
711 3708 840 3779 Hispani.
879 3708 912 3760 ad
927 3707 1042 3776 alicujus
1062 3717 1146 3762 status
1163 3708 1328 3772 felicitatem,
1349 3707 1542 3779 magnitudinis
1559 3706 1665 3777 procul·

56 3782 152 3839 Yerum
175 3803 220 3840 res
248 3792 290 3839 est
316 3793 371 3838 tam
392 3783 497 3856 liquida
523 3795 550 3840 et
576 3788 726 3851 manifesta,
748 3805 842 3842 unum·
879 3786 961 3841 dubio
973 3787 1094 3851 interest,
1108 3797 1139 3841 ut
1148 3788 1225 3858 quasi
1239 3804 1347 3858 semper
1358 3787 1387 3841 in
1401 3786 1484 3841 umis
1497 3787 1541 3840 sit
1575 3784 1665 3856 Atque

58 3879 185 3936 quemque
207 3863 236 3917 in
250 3880 285 3917 eo
297 3864 427 3935 proficere
442 3865 568 3930 maxime,
582 3865 612 3919 in
628 3882 682 3936 quo
695 3865 841 3937 plurimum
879 3868 1012 3920 exercitus
1025 3873 1176 3930 veteranus,
1190 3874 1320 3936 perpetuo
1342 3873 1471 3935 tanquam
1493 3864 1542 3919 sub
1555 3864 1664 3920 vexillis

59 3941 183 4012 impendit
203 3943 295 4008 studii,
315 3951 346 3997 ut
359 3943 449 3997 serbis
468 3961 521 3997 non
540 3945 671 4014 indigeat.
714 3945 786 3999 Satis
805 3946 841 3998 sit
879 3943 995 4010 habitus,
1009 3945 1060 3999 etsi
1080 3961 1124 4000 res
1144 3946 1179 3998 sit
1199 3946 1290 4015 magni
1314 3944 1488 4013 proculdubio
1501 3950 1623 4014 sumptus
1637 3951 1666 3998 et

58 4020 177 4086 innuisse,
197 4021 395 4092 desperandum
415 4024 525 4077 omnino
545 4023 627 4078 alicui
648 4024 751 4077 nationi
772 4041 840 4088 ease,
878 4023 1015 4093 impensa,
1025 4033 1142 4077 attamen
1156 4022 1287 4092 ejusmodi
1300 4031 1349 4087 est,
1360 4030 1390 4077 ut
1403 4023 1484 4077 statui
1493 4022 1575 4076 alicui
1585 4023 1664 4093 quasi

60 4115 111 4168 quia
123 4118 176 4155 non
192 4118 227 4155 ex
241 4101 366 4171 professo
379 4117 454 4156 arma
473 4110 501 4156 et
519 4102 644 4155 militiam
659 4103 738 4170 colat,
752 4102 840 4173 iisque
879 4103 1021 4156 arbitrium
1039 4119 1127 4157 rerum
1140 4101 1211 4156 inter
1224 4102 1333 4166 viciuos,
1347 4108 1394 4156 aut
1407 4102 1504 4156 saltem
1517 4100 1663 4171 plurimum

60 4181 185 4250 precipue
206 4181 315 4234 studeat
336 4187 364 4234 ct
382 4181 525 4245 incumbat,
540 4182 593 4235 sibi
608 4181 692 4236 relati
713 4180 782 4235 ultro
795 4182 841 4235 ob
879 4181 1088 4236 existimationis
1099 4181 1133 4234 ad
1147 4183 1238 4235 omnia
1252 4182 1378 4235 conferat
1420 4181 1452 4235 ld
1467 4181 1538 4251 quod
1551 4180 1664 4252 insigni-

59 4268 187 4313 renturam
201 4260 337 4330 insignem
352 4259 471 4331 aliquam
485 4260 593 4329 imperii
608 4260 839 4332 magnitudinem:
879 4267 919 4313 ter
942 4277 1051 4314 cernere
1078 4268 1120 4314 est
1143 4261 1171 4314 in
1196 4260 1335 4330 Hispanis,
1360 4259 1406 4331 qui
1427 4261 1486 4328 jam
1509 4276 1558 4329 per
1577 4276 1663 4314 annos

59 4345 143 4389 contra
161 4347 260 4402 autem,
274 4339 456 4393 certissimum
470 4356 529 4393 esse
550 4342 679 4409 temporis
693 4338 839 4406 oraculum,
878 4346 988 4394 centum
1008 4347 1036 4393 et
1048 4339 1144 4410 viginti
1166 4339 1314 4394 exercitum
1327 4348 1490 4402 veteranum,
1504 4340 1539 4393 sd
1558 4338 1662 4409 aliquas

59 4416 173 4470 sadones
182 4415 251 4480 illas,
263 4435 324 4488 quae
335 4418 363 4470 in
375 4434 509 4471 armorum
524 4419 691 4488 professione
705 4426 732 4473 et
745 4418 840 4472 studiis
878 4427 975 4488 partes,
990 4417 1053 4471 licet
1065 4435 1118 4472 non
1132 4434 1240 4488 semper
1254 4417 1288 4470 ad
1302 4419 1418 4482 easdem,
1432 4416 1562 4471 aluerunt.

59 4492 151 4550 diatim
172 4497 371 4565 permanserint
394 4497 435 4566 (id
458 4497 529 4568 quod
552 4498 668 4551 Romani
691 4497 839 4568 Tereaque
918 4496 944 4551 9.
967 4498 1054 4551 Maris
1067 4497 1221 4561 dominium,
1230 4497 1392 4551 monarchiae
1406 4496 1527 4567 quoedam
1541 4496 1660 4567 epitome

59 4573 220 4639 potissimm
244 4575 347 4642 fecere)
370 4576 453 4629 miros
474 4578 502 4629 in
519 4576 634 4647 imperio
651 4576 841 4646 amplificando
878 4585 927 4630 est.
969 4575 1116 4640 Cicero,de
1131 4576 1254 4647 Pompeii
1268 4583 1361 4629 contra
1374 4574 1510 4630 Caesarem
1523 4581 1661 4646 apparatu,

12 4673 15 4694 ·
60 4650 140 4705 faeere
152 4670 320 4723 progressus.
362 4653 432 4714 Quin
447 4662 473 4708 ct
487 4654 550 4719 illae,
566 4673 627 4725 quae
640 4655 739 4709 bellica
752 4654 840 4726 gloria
877 4657 997 4709 scribens
1018 4655 1051 4708 ad
1066 4654 1202 4710 Atticum:
1224 4660 1240 4685 ‘⁶
1254 4654 1430 4720 Consilium,”
1444 4654 1539 4724 inquit,
1555 4659 1571 4685 ⁴‘
1584 4652 1662 4707 Pom·

58 4733 190 4798 munius
203 4732 388 4787 tantummodo
401 4733 484 4788 seculi
499 4736 616 4803 spatium
630 4735 759 4798 floruere3
778 4734 839 4788 inde
878 4735 940 4804 peii,
963 4734 1043 4805 plane
1067 4733 1295 4788 Themistocleum
1323 4741 1380 4788 est:
1405 4740 1481 4805 putat
1507 4734 1587 4798 enim,
1615 4734 1662 4802 qui

59 4817 151 4874 umen,
164 4812 244 4865 unico
257 4810 307 4865 illo
321 4812 421 4875 seculo,
436 4829 497 4868 earn
510 4813 618 4884 imperii
633 4813 840 4885 amplitudinem
877 4813 946 4868 mari
966 4814 1075 4883 potitur,
1090 4830 1150 4867 eum
1169 4830 1257 4867 rerum
1272 4813 1381 4882 potiri.'’
1422 4812 1511 4884 Atque
1525 4812 1661 4866 Caesarem

59 4900 179 4944 encoma
204 4901 274 4954 suut,
302 4908 385 4961 quam
406 4891 491 4962 longo
517 4901 580 4962 post
606 4901 733 4964 tempore,
757 4893 839 4947 etiam
877 4891 1024 4963 Pompeius
1037 4891 1212 4962 proculdubio
1226 4889 1386 4947 delassssset
1399 4899 1428 4947 et
1441 4891 1593 4954 attrivisset,
1606 4890 1661 4945 nisi

60 4967 163 5021 remissa
175 4970 223 5024 illa
236 4988 374 5025 armornm
387 4970 540 5041 disciplina,
555 4972 729 5026 retinuerunt
776 5006 778 5010 -
876 4971 951 5026 inani
975 4971 1074 5026 fiducia
1100 4970 1219 5036 inflatus,
1242 4970 1277 5024 ab
1300 4970 1349 5025 illo
1375 4971 1483 5041 incepto
1506 4969 1659 5024 destitisset

97 5045 120 5106 7·
139 5047 278 5119 Prmcepto
291 5049 455 5120 praecedenti
469 5050 548 5106 affine
559 5057 616 5114 est;
635 5057 665 5105 ut
678 5058 764 5105 status
779 5050 839 5121 quis
876 5050 977 5105 Proelia
997 5049 1114 5114 naumis,
1129 5050 1222 5121 quanti
1244 5049 1345 5104 fuerint
1364 5050 1501 5114 momenti,
1515 5066 1550 5102 ex
1569 5047 1661 5101 multis

62 5135 144 5180 utatur
166 5129 296 5196 ejusmodi
324 5126 432 5199 legibus
459 5137 487 5182 ct
508 5129 754 5193 consuetudinibus,
779 5146 839 5200 quse
876 5129 1010 5199 exemplis
1024 5136 1106 5199 patet
1146 5128 1243 5200 Pugna
1260 5129 1294 5182 ad
1308 5128 1417 5183 Actium
1430 5128 1503 5182 orbis
1515 5126 1661 5196 imperium

57 5203 186 5268 justasilli
200 5225 303 5274 musas,
316 5216 362 5262 aut
377 5207 473 5263 saltem
486 5216 641 5278 pretextae,
655 5224 838 5277 armacapes·
876 5206 1074 5263 determinavit.
1106 5205 1246 5279 Pugnsad
1254 5208 1356 5261 insulas
1366 5206 1521 5262 Carsulares
1530 5202 1659 5259 circulum

61 5283 274 5358 econamum
290 5288 319 5341 in
335 5296 462 5357 promptu
475 5288 634 5342 ministrent.
673 5287 789 5351 Etenim,
805 5303 838 5341 ea
875 5287 903 5340 iu
918 5286 1028 5341 naribus
1037 5286 1132 5342 Tuscae
1146 5286 1245 5356 posuit.
1287 5286 1430 5341 Multoties
1440 5292 1511 5339 certe
1523 5282 1618 5346 evenit,
1629 5290 1661 5338 ut

61 5371 97 5413 cst
112 5364 187 5418 insita
199 5366 298 5421 animis
317 5367 459 5421 hominum
478 5366 590 5433 justitia
604 5365 793 5436 apprehensio,
808 5372 839 5419 ut
875 5364 1120 5421 victoriaenarales
1133 5366 1214 5420 tinent
1228 5382 1338 5420 summas
1352 5364 1416 5418 belli
1431 5363 1575 5417 attulerint.
1606 5361 1660 5417 Sed

62 5438 151 5498 bellum
164 5446 247 5515 (quod
262 5452 302 5501 tot
315 5444 714 5516 sequunturcalamitates)nisi
728 5461 837 5518 gravem
874 5444 926 5500 hoc
955 5445 1054 5500 factum
1078 5451 1210 5511 astrum
1237 5445 1304 5499 alea
1328 5442 1483 5512 hujusmodi
1506 5441 1660 5515 praeliorum

98 5535 153 5576 ros.
167 5540 194 5578 ιι.
414 5524 472 5577 2s
