3800 5875
619 332 801 390 HISTORIA
823 333 939 389 DENSI
961 334 1010 390 ET
1031 333 1133 388 aaut.
1625 329 1682 386 549

300 490 506 547 Transeundum
518 509 534 545 a
544 490 745 546 dilatationibus
752 499 779 545 et
787 508 858 545 rare·
892 492 967 546 calor
978 491 1134 562 potentialis
1143 490 1189 559 (de
1200 507 1254 561 quo
1264 491 1323 559 jam
1334 486 1482 560 loquimur)
1493 491 1584 544 airem
1595 490 1683 560 possit

116 541 227 594 mc*
263 570 431 635 aeronibus,
448 588 509 642 quae
527 571 596 624 fiunt
614 586 663 639 per
679 571 796 624 calorem
815 587 857 623 ac·
893 570 1020 634 dilatare,
1041 589 1103 625 cum
1129 577 1232 624 certum
1256 570 1300 634 sit,
1323 570 1394 640 quod
1416 568 1469 623 hoc
1495 568 1578 622 faciat
1601 586 1683 640 super

85 648 221 713 tnale1n,ad
233 648 403 704 dihtatioms
418 656 447 705 et
457 650 640 704 relaxationes
654 667 714 719 quae
726 650 794 703 fiunt
806 667 857 720 per
893 650 1003 720 spiritus
1028 651 1057 704 in
1080 649 1239 704 animalium
1265 649 1394 702 membris
1417 655 1571 711 contentos;
1598 656 1628 702 ut
1653 649 1683 702 in

85 730 256 784 remissionem
277 729 387 800 frigoris
409 728 578 784 vehementis
600 735 628 781 et
649 729 767 792 intensi,
796 746 857 799 quae
893 729 1068 799 qualitatibus
1091 732 1172 799 (quas
1191 725 1324 796 diximus)
1345 728 1471 782 secundis
1488 725 1683 782 medicinarum

84 807 136 880 ipsa
147 808 265 863 remissio
278 808 383 864 censeri
397 807 479 863 debet
491 824 542 877 pro
552 806 642 862 calore
656 818 821 877 comparato.
893 808 987 877 liquet.
1029 807 1082 863 Sed
1095 807 1128 862 de
1143 807 1195 861 boc
1208 807 1361 876 inquiratur
1373 806 1455 878 paulo
1472 805 1632 872 accuratius,
1646 824 1682 862 ex

893 888 1021 941 mandato
1033 888 1156 957 proxime
1171 893 1307 956 aequente.

101 994 290 1035 usurariorum
315 996 350 1034 ar
376 994 584 1034 rrmxarrours
604 993 760 1033 coaronnrs
781 994 836 1033 aaa
936 968 960 1021 Ι·
981 963 1487 1055 111111111111011111111111111111115111·
1529 1011 1643 1056 mm

281 1075 475 1114 ammom
496 1073 636 1113 52100213,
893 1046 955 1100 dem
976 1045 1182 1116 magnitudinis.
1225 1043 1337 1113 Impone
1354 1060 1382 1096 rn
1401 1042 1487 1097 altero

893 1142 1000 1196 aquam,
1021 1127 1049 1178 in
1070 1124 1156 1178 altero
1175 1122 1299 1192 spiritum
1319 1122 1384 1186 vini,
1407 1121 1503 1176 fortem
1523 1130 1553 1176 et
1572 1139 1680 1186 acrem;

304 1197 328 1253 l.
349 1198 418 1260 Qnm
431 1214 481 1268 per
494 1196 580 1269 frigus
590 1196 737 1253 vehemens
749 1215 856 1254 concre-
893 1212 972 1274 atque
986 1205 1025 1258 ita
1038 1203 1164 1257 calefiant
1177 1203 1254 1265 vitra,
1269 1208 1299 1255 ut
1311 1218 1382 1272 aqua
1400 1209 1429 1254 et
1449 1201 1560 1271 spiritus
1573 1202 1629 1255 vini
1647 1203 1682 1256 ad

260 1285 365 1342 verunt,
377 1294 465 1349 neque
488 1284 579 1332 tamen
598 1294 632 1331 eo
649 1294 743 1349 nsque,
761 1286 790 1333 ut
806 1296 856 1349 per
892 1301 987 1354 parem
1001 1283 1167 1338 altitudinem
1181 1281 1336 1336 ascendant.
1377 1278 1489 1334 Colloca
1503 1296 1536 1334 ea
1549 1280 1637 1344 simul,
1653 1290 1682 1335 et

82 1371 172 1410 moram
184 1355 292 1427 frigoris
304 1357 333 1410 in
340 1357 497 1411 densatione
512 1373 561 1410 sua
574 1358 630 1411 fixa
639 1356 701 1420 sint,
710 1373 743 1410 ea
753 1357 855 1429 absque
892 1363 996 1417 dimitte
1011 1378 1060 1433 per
1074 1361 1190 1432 spatium
1203 1359 1328 1429 aliquod;
1349 1366 1377 1413 et
1391 1366 1463 1425 uota,
1478 1359 1503 1413 si
1517 1375 1589 1429 aqua
1603 1361 1681 1414 deve·

82 1435 159 1490 calore
167 1437 317 1501 manifesto,
325 1443 354 1489 et
364 1453 414 1507 per
425 1436 612 1491 remissionem
624 1442 729 1490 tantum
738 1435 854 1507 frigoris,
892 1442 950 1497 niat
959 1442 1040 1496 altior
1049 1458 1131 1511 quam
1140 1439 1320 1510 spiritusvini.
1347 1439 1423 1493 Nam
1436 1439 1459 1492 si
1474 1438 1526 1492 hoc
1539 1439 1576 1503 iit,
1590 1438 1682 1509 palam

83 1530 107 1568 se
119 1516 235 1586 aperiunt
247 1522 276 1569 et
288 1516 446 1580 restituunt3
467 1524 497 1570 ut
510 1505 541 1569 fit
558 1515 587 1569 in
602 1514 696 1586 glacie,
714 1517 854 1586 grandine,
893 1530 939 1587 est,
948 1520 1067 1575 calorem
1076 1517 1251 1590 spiritusvini
1260 1516 1436 1588 potentialem
1445 1521 1536 1572 aerem
1545 1517 1680 1584 dilatasse,

81 1593 150 1649 nive:
170 1595 216 1649 sed
235 1595 288 1649 boc
310 1595 413 1648 faciunt
430 1611 480 1665 per
492 1593 611 1649 calorem
624 1594 797 1650 manifestum
810 1597 855 1651 ad·
891 1600 931 1654 ita
942 1608 974 1655 nt
987 1599 1110 1670 spiritum
1123 1599 1179 1654 viui
1192 1597 1364 1668 depresserit.

82 1673 176 1727 modum
188 1672 273 1729 multo
286 1672 409 1729 celerius
930 1679 959 1735 2.
979 1679 1072 1734 Possit
1084 1695 1142 1733 esse
1156 1694 1200 1732 res
1210 1677 1277 1731 varii
1287 1693 1360 1741 usus,
1369 1675 1392 1730 si
1403 1675 1575 1746 operationes
1588 1691 1681 1730 secun-

115 1752 138 1806 2.
157 1753 257 1808 Verum
278 1752 442 1818 delicatiora,
458 1770 572 1824 quorum
585 1752 664 1825 vigor
683 1753 807 1808 consistit
825 1754 855 1809 in
891 1757 986 1813 darum
1001 1757 1161 1829 qualitatum
1170 1753 1371 1810 medicinalium
1384 1755 1530 1825 probentur
1538 1754 1680 1820 interdum,

82 1831 167 1901 spiritu
191 1833 284 1887 nativo
306 1831 408 1899 subtili,
427 1838 458 1888 ut
478 1849 566 1903 poma,
586 1849 663 1903 pyra,
685 1840 807 1904 granata,
828 1841 856 1888 et
892 1846 920 1892 et
932 1845 1110 1893 exerceantur
1119 1836 1148 1890 in
1163 1834 1319 1905 corporibus
1332 1835 1396 1888 vitoe
1407 1833 1573 1903 expertibus.
1602 1834 1681 1889 Licet

82 1910 176 1976 similia,
189 1913 211 1965 si
226 1910 313 1966 semel
325 1910 425 1967 inerint
440 1911 589 1983 congelata,
604 1912 736 1967 suffocato
749 1913 854 1983 spiritu,
892 1918 966 1972 enim
979 1916 1090 1971 dubium
1102 1931 1157 1970 non
1170 1915 1213 1978 sit,
1227 1914 1369 1983 plerasque
1384 1928 1477 1967 earum
1490 1911 1590 1968 nullius
1603 1930 1680 1983 pror-

83 2006 127 2043 noo
139 1991 268 2061 recipiunt
283 1999 377 2061 postea
390 1992 535 2063 pristinum
548 1992 678 2061 vigorem.
892 2012 938 2050 sus
957 1996 1067 2050 effectus
1087 1995 1153 2058 iore,
1168 1994 1295 2064 quoniam
1309 1991 1453 2062 requiritur
1472 1990 1553 2061 plana
1570 1992 1681 2063 spiritua

115 2068 139 2124 3.
157 2070 297 2125 Atrinum
312 2079 340 2124 et
357 2071 471 2125 cervisia
485 2088 534 2142 per
547 2070 611 2141 gelu
624 2070 659 2123 ad
676 2076 785 2141 gustum
798 2071 854 2125 lan·
892 2076 970 2130 vivus
984 2076 1019 2129 ad
1032 2091 1079 2129 eas
1092 2072 1246 2136 actuandas,
1260 2072 1295 2126 ob
1307 2071 1471 2142 operationis
1485 2070 1680 2126 subtilitatem:

82 2157 204 2219 guescunt,
211 2167 262 2204 nec
273 2150 385 2221 vigent;
400 2157 526 2213 attamen,
535 2149 739 2205 succedentibus
753 2149 856 2221 regela-
892 2153 954 2209 alioe
967 2162 1058 2209 tamen
1076 2151 1252 2223 proculdubio
1265 2167 1346 2220 super
1365 2148 1494 2205 nonnulla
1507 2165 1620 2218 corpora
1637 2150 1680 2204 in·

82 2228 222 2283 bombast
238 2230 447 2299 tempestatibus
461 2229 631 2294 australibus,
644 2229 810 2284 reviviscunt
828 2236 857 2284 et
893 2234 1012 2289 ammata
1030 2232 1219 2304 operabuntur.
1261 2229 1390 2284 Videmus
1411 2229 1485 2283 enim
1503 2228 1574 2298 quod
1594 2229 1682 2298 possit

82 2306 228 2374 relexantur.
242 2316 270 2363 et
286 2310 363 2378 quasi
375 2309 463 2365 denuo
476 2308 638 2363 fervescunt·
893 2313 933 2367 sal
946 2313 976 2366 in
989 2312 1114 2367 carnibus
1130 2317 1251 2365 aromata
1264 2310 1293 2363 iu
1306 2284 1488 2371 cadavelibus,
1499 2306 1643 2377 coagulum
1652 2308 1682 2362 in

111 2433 221 2477 m
287 2387 856 2459 Transeundumadilatationibusqnaeflunt
892 2391 1142 2456 lacte,termentum
1155 2390 1185 2444 in
1203 2405 1283 2460 pane,
1298 2395 1325 2442 et
1344 2385 1506 2456 hujusmodi.
1548 2386 1683 2441 luserviet

258 2483 310 2537 per
323 2467 439 2522 calorem
456 2476 600 2521 externum
620 2467 762 2533 actualem,
775 2475 855 2539 atque
893 2471 978 2541 igitur
984 2470 1125 2541 diligentia
1132 2469 1297 2523 medicorum
1307 2467 1379 2520 circa
1389 2464 1533 2537 qualitates
1543 2464 1681 2531 secundas,

81 2543 405 2615 etismperremissionem
414 2547 529 2618 frigoris,
540 2549 621 2618 (quae,
628 2554 659 2600 ut
664 2548 722 2617 jam
729 2547 855 2612 diximus,
893 2550 928 2603 ad
947 2549 1119 2604 instruendas
1140 2547 1292 2617 complures
1305 2544 1372 2599 alias
1387 2543 1603 2615 operationessi
1623 2544 1682 2598 ani·

82 2623 397 2696 estcalorcompamma)
411 2626 446 2680 ad
459 2624 628 2680 dilatationes
642 2642 784 2696 corporum
797 2643 857 2697 quae
893 2646 967 2683 mum
988 2629 1112 2683 advertas
1132 2643 1193 2680 cuna
1210 2625 1329 2694 judicio;
1349 2624 1378 2678 id
1400 2640 1507 2693 semper
1520 2639 1682 2693 supponens,

82 2700 138 2756 fiunt
154 2720 201 2774 per
213 2704 319 2759 calores
332 2705 499 2775 potentiales,
515 2705 572 2759 sive
586 2705 698 2775 spiritus
711 2705 856 2760 auxiliares
894 2708 965 2778 quod
981 2707 1066 2762 virtus
1084 2706 1179 2761 tortior
1197 2703 1342 2775 requiritur
1362 2702 1397 2757 ad
1419 2700 1584 2771 operandum
1602 2718 1683 2773 super

82 2779 177 2837 alterim
189 2785 312 2856 corporis
326 2784 455 2855 applicati
468 2792 497 2838 et
510 2784 620 2839 admoti.
893 2803 991 2856 corpur
1004 2793 1148 2848 manuum,
1163 2800 1243 2855 quam
1257 2783 1355 2837 vivum.

933 2865 1137 2920 Transeundum
1152 2863 1186 2916 ad
1204 2860 1374 2917 dilatationes
1388 2875 1484 2953 corpo·
1520 2907 1643 2952 Commo·

83 2970 268 3014 uuararrours
286 2974 446 3023 coeaoanrr,
462 2975 526 3020 ona
541 2973 627 3013 eruar
648 2973 702 3012 rra
723 2973 856 3013 caucasus
894 2963 954 3000 111111
968 2962 1028 3017 (11¹oe
1045 2945 1114 2999 fiunt
1132 2960 1182 3014 ptr
1198 2932 1503 3032 libertll⁰¹¹0⁸mflpir¹2
1642 3018 1649 3032 .

115 3051 311 3103 rmrnrrsuarr,
346 3054 409 3094 srva
440 3053 493 3093 raa
527 3052 655 3093 susurrus
690 3053 855 3093 samaraeus
894 3033 977 3090 11111111,
993 3022 1256 3079 restsscfitnimirum
1273 3018 1417 3091 0188110118
1433 3026 1551 3088 paruum
1567 3034 1682 3073 cramo-

114 3130 237 3174 mfflug
259 3132 407 3174 consonis.
894 3122 960 3168 rum,
976 3122 1036 3174 qum
1050 3103 1112 3157 illos
1126 3109 1198 3156 arcte
1211 3099 1391 3163 detinuerant,
1405 3105 1434 3152 ut
1452 3114 1481 3151 se
1503 3096 1615 3152 dilatare
1628 3113 1684 3152 non

894 3190 1011 3255 possent.
1055 3183 1087 3236 ln
1107 3180 1263 3252 corporibus
1281 3179 1360 3242 enim,
1380 3193 1440 3249 quae
1462 3175 1564 3230 habeut
1581 3183 1684 3231 arctam

115 3256 153 3312 Dr
165 3259 297 3315 caloribus
319 3260 512 3330 potentialibus
525 3258 635 3314 consule
655 3256 761 3313 tabulas
774 3258 857 3313 medi·
894 3279 1061 3333 compagem,
1078 3268 1158 3331 atque
1172 3267 1276 3314 naturae
1290 3255 1428 3327 integralis
1444 3240 1561 3310 nexibus
1578 3255 1684 3310 fortiter

83 3334 169 3392 sinales
191 3339 353 3410 qualitatum
374 3339 568 3403 aecuudamm;
591 3348 617 3392 et
637 3354 672 3393 ex
691 3337 736 3391 bis
755 3338 856 3407 poteris
894 3342 1020 3396 devincta
1041 3347 1110 3404 sunt,
1125 3356 1180 3394 non
1199 3344 1371 3408 exequuntur
1389 3335 1500 3406 spiritus
1517 3350 1586 3405 opus
1604 3351 1683 3390 suum

83 3429 212 3486 excerpere
226 3435 259 3472 ea
273 3437 336 3489 qum
350 3427 493 3489 operantur
506 3435 588 3489 super
597 3433 694 3488 corpus
706 3415 856 3472 humanum
894 3419 1070 3486 dilatationis,
1080 3419 1132 3473 nisi
1142 3420 1189 3473 fiat
1202 3417 1277 3488 prius
1287 3415 1385 3470 solutio
1398 3413 1516 3468 continui
1525 3414 1553 3467 in
1561 3413 1684 3484 partibus

83 3507 124 3562 per
134 3495 332 3552 dilatationem:
347 3514 407 3567 quae
424 3505 486 3552 sunt
499 3498 555 3552 iere
565 3496 614 3551 illa
628 3512 688 3568 quae
701 3504 856 3567 sequuntur.
894 3499 1087 3562 crassioribus;
1110 3499 1153 3552 vel
1175 3513 1226 3568 per
1243 3495 1364 3567 liquores
1387 3493 1469 3548 fortes
1493 3492 1634 3548 erodentes
1655 3500 1684 3546 et

116 3573 302 3641 c⁰ssf⁰mssfi³2
317 3595 377 3648 (11²oe
389 3575 503 3631 dilatant
517 3577 628 3647 spiritus
638 3591 791 3644 oppressos.
894 3578 1065 3634 stimulantes
1091 3583 1202 3639 tantum,
1227 3573 1271 3628 vel
1297 3590 1346 3644 per
1366 3571 1475 3626 eosdem
1496 3588 1558 3625 cum
1581 3570 1680 3625 calore.

114 3652 306 3726 Abstergentia,
322 3672 382 3726 quaa
395 3656 521 3710 roborant
533 3656 658 3710 virtmem
675 3652 855 3724 expulsivam.
895 3657 984 3729 Atque
1006 3655 1060 3712 hoc
1080 3656 1200 3710 cernitur
1219 3654 1248 3708 in
1269 3651 1403 3724 aperturis
1418 3657 1447 3705 et
1465 3649 1684 3704 dissolutionibus

114 3731 263 3802 Aperieutia
278 3733 368 3805 quoad
382 3735 486 3789 crificia
499 3751 629 3788 venarum
642 3739 671 3787 et
683 3749 816 3788 vasorum.
894 3736 1073 3800 metallorum,
1087 3736 1120 3790 de
1141 3732 1238 3806 quibus
1258 3748 1329 3786 nunc
1350 3732 1394 3804 (ut
1411 3730 1439 3784 in
1459 3726 1583 3799 reliquis)
1598 3744 1685 3798 pauca

115 3808 264 3881 dpatientia
278 3813 368 3884 quoad
381 3829 462 3883 poros
475 3822 503 3868 et
515 3821 621 3868 meatus
633 3812 762 3884 partium.
895 3831 1084 3887 proponemus.

115 3887 268 3961 Digerentia
282 3910 344 3946 cum
357 3893 543 3948 maturatione.

115 3966 268 4041 918111111ῑὸ
282 3989 344 4026 cum
357 3971 533 4027 dimitlne·
895 4002 1098 4043 orrararronas
1119 3999 1273 4042 consonum
1294 3999 1347 4038 run
1367 3996 1583 4037 urnrnarroumr
1597 3996 1685 4034 sarar-

115 4044 243 4105 c⁸³¹⁸5⁶lb
1172 4080 1255 4121 runis
1276 4078 1403 4119 suornm.

116 4125 177 4182 llaec
197 4129 334 4201 praecipue
354 4131 429 4198 (suut
442 4136 469 4184 et
481 4126 549 4199 alia)
569 4127 672 4182 habent
691 4127 809 4183 radicem
828 4128 857 4181 in

85 4201 224 4262 dileubone
239 4209 389 4280 spirituum,
409 4216 436 4264 et
456 4209 606 4273 humorum,
621 4214 649 4261 et
669 4223 816 4272 succorum,
831 4213 858 4260 et
939 4206 964 4259 l.
985 4204 1090 4259 Accrra
1100 4201 1204 4272 pondus
1214 4200 1273 4256 auri
1287 4199 1348 4270 puri
1362 4199 1397 4253 ad
1410 4198 1490 4252 dena·
1537 4245 1643 4289 mmm

85 4282 225 4342 substantia
233 4288 262 4343 in
272 4305 385 4358 corpore
398 4305 447 4359 per
457 4284 738 4358 spiritusauxiliares;
753 4303 858 4340 necnon
896 4284 966 4338 rium
978 4283 1105 4347 nnumin
1116 4297 1213 4351 parvas
1222 4278 1372 4335 bracteolas
1379 4277 1489 4341 redacti,

84 4376 127 4429 per
137 4365 350 4436 complexionem
364 4367 531 4438 tangibilem,
546 4384 606 4437 quae
626 4365 697 4419 inest
715 4365 858 4420 medicinis
897 4380 958 4434 quae
972 4363 1057 4417 etiam
1070 4377 1152 4415 manu
1165 4358 1278 4414 lacerari
1290 4358 1401 4427 possint.

85 4438 138 4506 illu,
150 4444 192 4498 vel
203 4446 316 4500 interius
330 4445 372 4500 vel
386 4446 504 4501 exterius
518 4444 642 4515 sumptis.
936 4442 963 4495 2.
985 4441 1086 4510 Accipe
1095 4440 1177 4494 etiam
1190 4438 1294 4508 pondus
1308 4442 1422 4508 quatuor
1435 4436 1497 4492 den.
1509 4451 1586 4506 aqnoe
1599 4440 1685 4504 regim

304 4525 383 4579 Patet
405 4526 434 4579 in
457 4525 526 4579 vitro
546 4522 690 4587 calendari,
712 4539 792 4593 quam
813 4540 859 4577 ex·
897 4528 925 4575 et
938 4521 1078 4575 mittantur
1092 4518 1173 4573 simul
1188 4518 1217 4572 in
1230 4517 1336 4571 vitrum
1375 4514 1446 4569 run
1459 4523 1575 4584 ponatur
1587 4514 1686 4567 vitrum

266 4603 366 4676 quisito
379 4621 460 4658 sensu
472 4604 529 4658 sive
543 4601 715 4673 perceptione
730 4601 859 4671 praeditus
897 4616 979 4669 super
992 4597 1118 4662 foculum,
1129 4597 1158 4651 in
1170 4612 1225 4667 quo
1234 4595 1271 4650 sit
1280 4594 1353 4666 ignis
1367 4611 1514 4666 prunarum
1525 4593 1646 4648 modicus
1660 4600 1688 4645 et

85 4679 115 4733 sit
126 4681 169 4736 sir
181 4684 332 4739 communis
344 4682 425 4737 calidi
440 4690 468 4737 et
484 4682 590 4753 frigidi3
611 4689 703 4751 utpote
724 4697 784 4751 quae
802 4687 859 4735 tam
896 4680 976 4733 lenia
1016 4676 1102 4731 Paulo
1120 4682 1182 4747 post
1199 4675 1342 4746 insurgunt
1361 4672 1480 4728 arenula
1494 4673 1625 4744 quasdam,
1640 4678 1687 4724 aut

86 4758 183 4815 utores
196 4763 254 4830 ejus
268 4762 432 4816 differentias
445 4770 472 4816 et
490 4761 589 4833 gradus
602 4760 693 4814 statim
711 4759 859 4828 dijudicare
898 4774 999 4828 grana3
1021 4772 1082 4827 qnae
1094 4754 1199 4818 deinde,
1213 4762 1276 4823 post
1288 4770 1401 4824 parvam
1414 4769 1526 4817 moram,
1543 4769 1572 4806 se
1587 4749 1686 4804 diffun-

85 4838 167 4905 poesit.
206 4841 266 4896 Nec
285 4841 384 4905 dubito,
399 4840 465 4912 quin
482 4840 620 4911 perceptio
638 4838 748 4909 spiritns
761 4838 790 4893 in
804 4839 861 4892 ani·
898 4838 964 4891 dunt
977 4844 1005 4890 et
1017 4836 1223 4904 incorporantur
1235 4849 1297 4887 cum
1311 4849 1399 4904 aqua3
1419 4839 1450 4886 ut
1464 4847 1535 4903 aqua
1548 4829 1687 4892 efficiatur,

85 4915 189 4973 mabbus
208 4921 279 4975 viris
301 4937 394 4974 versus
417 4914 535 4975 calorem
557 4926 584 4973 et
607 4917 694 4989 frigus
716 4917 751 4972 sit
771 4916 860 4972 adhuc
898 4933 971 4987 aqua
991 4923 1120 4984 tanquam
1139 4911 1271 4976 electrica,
1289 4911 1438 4981 splendida,
1458 4917 1487 4964 et
1506 4910 1590 4963 veluti
1610 4924 1689 4961 croco

85 4990 155 5066 lffige
164 4999 284 5054 acutiora
298 5000 350 5053 nisi
364 5000 434 5070 quod
448 5001 538 5054 airsit
550 4996 750 5069 pneumaticum
763 5013 861 5067 purum
899 4995 992 5048 tincta
1032 4990 1182 5046 Dissolutio
1196 5000 1285 5045 antem
1299 4991 1357 5044 auri
1368 5007 1418 5061 per
1430 5005 1527 5060 aquarn
1541 4988 1571 5042 in
1586 4988 1689 5057 quanti·

85 5075 255 5142 etsineeram,
270 5086 298 5132 et
317 5077 387 5132 nibil
406 5077 506 5132 habeat
526 5076 666 5149 tangibilia
685 5075 811 5140 admira,
832 5083 862 5129 at
899 5074 999 5127 tatibus
1012 5070 1148 5142 praedictis
1163 5071 1192 5125 tit
1205 5077 1308 5126 tantam
1322 5068 1357 5123 ad
1370 5069 1470 5123 tertias.
1503 5069 1601 5137 Neque
1616 5066 1688 5119 enim

85 5151 215 5219 spinmnm
227 5158 367 5227 perceptio
381 5156 538 5211 retundatur
554 5165 581 5210 et
593 5156 736 5210 bebetetur
751 5170 861 5224 corpore
899 5169 971 5224 aqua
984 5158 1112 5205 oneratur
1128 5148 1256 5214 ulterinsr
1277 5149 1345 5203 adeo
1359 5156 1395 5212 ut,
1410 5147 1434 5201 si
1452 5146 1597 5201 dissolvere
1611 5145 1689 5214 cupis

85 5233 248 5303 tangibiliin
269 5253 324 5307 quo
345 5244 407 5290 sunt
422 5236 548 5290 devincti.
586 5233 724 5298 Attamen,
737 5249 793 5287 non
813 5234 861 5287 ob·
899 5238 985 5285 totum
1007 5228 1113 5299 pondus
1132 5228 1198 5284 illud
1218 5229 1275 5282 auri
1295 5228 1354 5282 den.
1369 5227 1457 5290 unius,
1471 5242 1538 5294 opus
1551 5225 1587 5280 sit
1604 5222 1689 5278 effun-

85 5316 165 5366 stsnte
190 5312 242 5367 boc
264 5314 464 5385 impedimento,
489 5314 613 5369 videntur
638 5312 727 5368 adhuc
751 5312 861 5382 spiritua
900 5311 964 5365 dere
978 5309 1129 5380 portionem
1148 5309 1177 5362 in
1191 5324 1245 5377 qua
1258 5306 1357 5361 solutio
1375 5306 1446 5359 iacta
1462 5310 1510 5367 est,
1524 5313 1552 5359 et
1570 5303 1690 5373 superin-

85 5386 195 5446 tirorum
217 5393 334 5463 potiores
360 5396 422 5465 ipso
448 5392 520 5457 a'e're,
546 5393 633 5463 quoad
655 5392 725 5446 banc
748 5408 862 5462 percep·
901 5389 1012 5443 fundere
1023 5388 1057 5442 de
1071 5388 1256 5457 noropondus
1270 5386 1357 5439 simile
1371 5388 1390 5438 4
1403 5383 1466 5438 den.
1482 5400 1559 5455 aquae
1572 5383 1652 5453 regia,
1663 5390 1690 5436 et

86 5465 185 5526 tionem.
224 5471 323 5543 Neque
342 5475 416 5529 enim
429 5472 562 5529 hactenus
575 5472 777 5535 nobisconstat,
792 5470 863 5541 quod
901 5469 940 5523 sic
968 5467 1058 5523 tertio.
1099 5467 1156 5521 lata
1183 5464 1324 5520 dissolutio
1351 5464 1380 5517 tit
1406 5462 1505 5519 leniter
1531 5472 1558 5518 et
1586 5462 1690 5534 placide

120 1244 219 1289 nm
