3800 5875
730 349 837 407 ΝΟΜ
857 348 1056 408 A'l'LAN'l’lS.
1649 351 1704 416 731

74 508 215 575 etabilita,
223 507 404 581 perpetuitate
417 508 538 565 donaret.
578 507 873 582 Quooireainterlegca
910 509 945 564 de
959 507 1178 574 omnibuarebna,
1187 507 1285 581 quibua
1294 507 1590 565 ritaetmotnaineat.”
1631 511 1707 569 Hinc

75 589 148 645 aliae
161 606 225 645 auae
244 587 467 653 fundamentales,
480 588 557 660 legea
575 587 708 659 plurimae
728 588 820 645 eanxit
839 588 873 644 dc
911 589 1034 644 animum
1053 605 1145 643 meum
1156 589 1288 660 cogitatio
1299 587 1349 644 illa
1362 588 1453 654 anbiit,
1466 605 1562 660 mmm
1578 600 1705 658 noenum

75 669 192 724 introitu
213 675 370 724 exterorum
393 667 595 733 interdicendo:
625 667 673 738 qni
694 684 728 723 eo
750 675 872 738 tempore
911 669 1129 739 quandoquidem
1137 666 1302 723 aeinmultie
1311 685 1373 722 cum
1386 684 1451 740 rege
1465 667 1514 722 illo
1528 668 1707 727 Hebraeum

77 748 159 821 (lieet
171 755 233 818 poet
249 746 432 801 calamitatem
447 746 651 814 Americanam)
665 748 732 803 entia
745 747 873 818 frequent
911 748 1064 803 contentire
1078 747 1170 811 aenait,
1189 745 1252 821 (qui
1269 747 1362 803 multia
1379 755 1518 802 antaeum
1531 748 1611 804 annia
1629 750 1707 808 vixe-

76 835 156 884 erat:
180 828 267 882 ietboc
279 827 411 890 instituto,
428 827 492 898 quin
505 844 523 881 a
534 826 696 881 novitatibua
708 835 736 882 et
747 827 873 882 mixturia
911 823 979 900 rut)
986 827 1046 895 ejue
1055 825 1133 882 titulo
1140 827 1326 881 fundationem
1339 825 1411 882 hanc
1419 826 1576 883 honoratae.
1616 828 1706 901 Atque

76 923 186 962 merum
204 907 350 962 metuabat
391 906 493 962 Verum
513 913 561 972 eat,
581 906 754 961 interdictum
775 906 872 971 aimilt,
911 906 940 960 in
947 906 1019 962 hanc
1028 907 1184 978 opinionem
1190 906 1326 976 precipue
1337 906 1462 970 adducor,
1471 905 1707 978 quodiuhietnriia

76 987 113 1041 de
133 986 245 1041 introitu
264 993 427 1050 exterorum,
441 986 510 1041 acito
529 986 614 1040 reteri
633 985 707 1056 apud
720 984 872 1040 Chinenaea
911 986 1056 1041 admodum
1066 985 1184 1057 antiquie
1192 986 1309 1050 invenio,
1319 985 1476 1040 aocietatem
1489 986 1561 1041 hanc
1571 987 1707 1043 interdum

76 1064 205 1130 miore,
226 1074 307 1137 atque
327 1067 475 1121 etiamnum
494 1064 593 1120 valere.
633 1065 687 1120 Sed
707 1064 748 1119 ibi
767 1081 811 1120 rea
831 1071 873 1119 eat
911 1064 1030 1120 Domum
1041 1064 1298 1128 Salomoniavocari‚
1308 1066 1442 1120 interdum
1449 1072 1541 1120 auum
1551 1065 1705 1139 Collegium

76 1144 261 1216 deepietbilia,
282 1161 385 1216 eoaque
402 1145 519 1200 reddidit
537 1152 647 1217 gentem
667 1144 809 1209 curiatam,
824 1144 872 1198 im·
912 1162 1023 1216 operum
1037 1144 1208 1200 aexdierum.
1239 1143 1318 1199 Unde
1331 1161 1491 1216 perauaanm
1503 1145 1705 1218 habeo,regem

75 1225 203 1296 peritam,
217 1224 348 1290 timidam,
361 1231 388 1280 et
400 1224 530 1295 ineptam.
570 1224 608 1278 At
620 1223 761 1295 legislator
772 1230 872 1288 noeter,
911 1224 988 1280 illum
1001 1232 1122 1279 noenum
1135 1223 1337 1295 praecellentem
1351 1224 1386 1278 ab
1401 1224 1527 1279 Hebraeie
1537 1225 1705 1293 addiciciaee,

75 1305 108 1359 in
124 1304 187 1376 lege
201 1320 251 1359 aua
263 1304 412 1372 condenda,
426 1304 563 1360 direraum
575 1302 657 1373 longe
671 1302 796 1357 adhibuit
808 1312 873 1357 tem·
910 1303 1000 1358 Deum
1021 1303 1151 1358 mundum
1170 1301 1251 1367 hunc,
1266 1311 1293 1357 et
1312 1303 1405 1357 omnia
1425 1321 1486 1375 quae
1500 1302 1526 1357 ei
1540 1305 1640 1370 ineunt,
1654 1323 1706 1361 aex

75 1391 274 1455 paramentum.
313 1384 434 1438 Primum
449 1384 530 1447 enim,
541 1383 605 1452 jura
624 1383 802 1444 humanitatia
815 1399 872 1436 om·
911 1383 1017 1438 dicrum
1036 1382 1126 1453 epatio
1147 1398 1262 1446 creuoee,
1284 1383 1399 1455 ideoque
1420 1400 1482 1437 cum
1499 1382 1610 1438 domum
1627 1383 1705 1441 illam

75 1462 127 1518 nia
140 1471 214 1518 earta
225 1467 295 1517 tecta
308 1464 433 1528 remant,
447 1464 475 1517 in
488 1463 618 1518 inetitutia
632 1470 659 1516 et
671 1461 873 1517 fundationibus
910 1461 1066 1517 inatitueret
1079 1463 1115 1516 ad
1134 1461 1337 1533 inquisitionem
1355 1470 1383 1517 et
1402 1462 1585 1517 inventionem
1602 1470 1706 1519 natnrte

75 1542 137 1597 anie
150 1541 348 1614 proleramine
367 1550 397 1597 et
415 1541 512 1597 eolatio
533 1542 737 1614 peregrinorum
757 1540 872 1595 afflicto-
910 1559 982 1597 rerae
995 1550 1023 1597 et
1034 1541 1170 1596 interioria
1183 1557 1274 1596 rerum
1288 1542 1416 1606 omnium
1428 1557 1482 1614 quo
1495 1540 1571 1598 Deua
1584 1543 1706 1600 conditor

76 1639 155 1686 mm:
177 1622 249 1694 quod
262 1629 289 1677 et
302 1638 349 1677 roa
362 1622 469 1693 experti
482 1621 572 1677 eada?
620 1620 748 1693 Adquod
761 1621 871 1686 dictum,
910 1622 1041 1691 majorem
1055 1621 1189 1691 reciperet
1202 1619 1325 1691 gloriam,
1340 1620 1516 1675 obfabricam
1531 1637 1642 1687 aarum:
1657 1622 1706 1678 ho·

76 1710 110 1755 nt
122 1716 173 1771 par
185 1707 252 1768 erat,
266 1691 486 1756 conaurrexim'ua
497 1717 599 1765 omnen
614 1718 716 1772 noeque
730 1700 871 1755 inclinavi·
910 1700 998 1756 minea
1010 1708 1101 1755 autem
1114 1699 1266 1755 uberiorem
1280 1700 1450 1771 perciperent
1470 1700 1586 1756 fructum
1603 1701 1633 1755 in
1653 1719 1706 1757 nau

75 1796 148 1834 mut.
189 1779 240 1835 llle
263 1782 402 1852 perrexit:
434 1780 528 1835 “Rex
551 1780 633 1846 idem,
660 1781 773 1851 cupient
794 1779 873 1834 factie
910 1797 1022 1846 etnim:
1043 1779 1174 1834 indidiaae
1188 1780 1273 1834 etiam
1285 1779 1312 1834 ei
1325 1778 1394 1834 illud
1407 1778 1524 1834 alterum
1541 1796 1648 1845 nomen,
1662 1782 1705 1835 ni·

76 1858 254 1914 humanitatia
274 1860 388 1915 concilia
407 1859 518 1930 pelidae
534 1860 701 1932 adjungere:
722 1867 804 1930 atque
824 1858 873 1915 bu·
910 1860 1019 1924 mirum,
1041 1858 1159 1930 collegii
1182 1875 1295 1929 operum
1318 1874 1369 1913 aex
1389 1858 1504 1914 diarum.
1544 1859 1654 1924 Verum,
1674 1868 1706 1916 nt

75 1939 201 1993 manituti
220 1940 332 1995 minime
354 1941 497 1994 convenire
518 1947 624 2010 putant,
637 1947 669 1994 ut
687 1940 775 1994 exteri
794 1938 872 1993 inviti
910 1940 1052 1995 redeamua
1072 1939 1182 1993 tandem
1200 1939 1235 1992 ad
1253 1937 1283 1992 id
1303 1938 1376 2009 quod
1397 1954 1469 1992 nunc
1489 1939 1588 2009 agitur.
1625 1939 1706 1994 Poet-

75 2018 269 2083 detinerentur,
282 2035 333 2073 nen
345 2019 434 2074 minua
444 2019 594 2074 rationibne
608 2025 694 2073 atatua
706 2035 761 2072 non
773 2035 872 2073 conre-
911 2036 993 2090 quam
1004 2035 1054 2074 rex
1062 2033 1170 2073 omnem
1178 2016 1293 2072 aubditia
1301 2017 1704 2087 navigationemintardixiaaet,

75 2097 145 2161 nire,
156 2105 186 2152 ut
194 2097 320 2163 redirent,
331 2107 359 2152 et
368 2097 464 2153 inaulte
474 2098 588 2166 bujuace
597 2113 697 2154 arcana
706 2096 872 2169 evulgarent,
910 2106 1091 2170 preterquam
1112 2097 1143 2150 in
1159 2105 1250 2167 parter
1269 2095 1335 2151 huic
1354 2096 1470 2166 imperio
1489 2097 1620 2163 subditae,
1633 2097 1705 2153 hanc

74 2176 149 2232 banc
170 2177 244 2232 mam
264 2177 335 2233 iniit.
377 2177 532 2244 Conetitnit,
546 2186 577 2233 ut
595 2194 632 2233 ex
651 2178 759 2244 exteria,
775 2177 873 2249 quibua
910 2176 1089 2232 nihilorninne
1103 2176 1298 2231 ordinationem
1312 2176 1442 2241 incinit:
1462 2176 1598 2241 nimitum,
1612 2176 1706 2249 ringu-

74 2256 241 2327 permieaum
263 2256 335 2312 foret
355 2256 386 2312 in
410 2264 511 2312 terram
536 2256 608 2311 hanc
631 2257 801 2322 demandare,
826 2257 872 2328 qui
910 2255 946 2312 lia
966 2257 1099 2311 duodenia
1119 2257 1199 2310 annia
1222 2255 1367 2312 mittendae
1388 2272 1425 2311 ex
1448 2254 1502 2310 hoc
1520 2273 1606 2327 regno
1621 2273 1706 2312 narce

73 2335 153 2390 abire
166 2335 275 2401 vellent,
289 2353 345 2391 non
358 2336 583 2408 prohiberentur:
599 2338 646 2407 qni
660 2345 750 2391 antem
763 2353 873 2391 manere
910 2337 997 2401 binae,
1010 2337 1040 2391 in
1053 2343 1143 2407 partea
1163 2335 1237 2391 orbia
1256 2336 1395 2390 direnee:
1414 2336 1445 2389 in
1462 2342 1575 2406 utraque
1595 2336 1706 2392 narium

73 2421 266 2486 praeparent,
277 2416 446 2471 conditione:
459 2424 488 2471 et
499 2416 607 2470 vivendi
617 2414 758 2470 facultatea
771 2433 789 2470 a
801 2423 874 2471 atatn
912 2415 1009 2471 harum
1020 2425 1075 2470 tree
1083 2433 1117 2469 ex
1126 2414 1295 2470 fraternitate
1303 2414 1409 2470 Damna
1417 2413 1570 2470 Salomoni:
1583 2430 1705 2471 aeoraum

72 2495 230 2566 reciperent
238 2516 246 2561 ς
267 2494 297 2549 iu
311 2512 366 2567 qua
378 2513 408 2550 re
421 2496 481 2550 riau
493 2502 549 2549 tarn
569 2495 625 2550 acri
640 2494 747 2565 polluit,
759 2502 798 2560 ut,
812 2502 874 2566 poet
910 2494 1062 2550 rehendoa:
1083 2494 1128 2549 bia
1140 2494 1169 2548 in
1178 2493 1313 2549 mandatis
1323 2494 1448 2559 dandum,
1459 2501 1556 2558 ntnoe,
1567 2494 1600 2549 de
1615 2495 1705 2561 rabna,

75 2579 117 2627 tot
129 2573 283 2629 reculornm
297 2574 415 2645 epatitt
432 2574 494 2647 lege
514 2574 568 2629 hac
586 2575 701 2640 condita,
714 2575 874 2629 memoriam
911 2582 939 2629 et
955 2581 1026 2629 atatu
1046 2574 1167 2629 locorum
1186 2573 1304 2639 illorum,
1318 2573 1354 2628 ad
1375 2589 1443 2644 quoa
1462 2573 1637 2645 appellerent,
1651 2592 1707 2629 cer-

75 2652 180 2708 nullam
192 2653 352 2720 habeamur,
362 2671 397 2710 ne
410 2655 454 2710 rel
466 2654 555 2709 unicae
567 2654 701 2709 duntaxat
714 2655 798 2720 navia,
813 2671 874 2726 quae
912 2654 994 2709 tioree
1006 2655 1134 2717 lacerent,
1147 2654 1284 2724 praecipue
1297 2660 1391 2708 autem
1403 2653 1437 2706 de
1450 2653 1579 2716 acientiia,
1593 2654 1705 2718 artibna,

76 2733 195 2787 reditum
214 2733 352 2803 praetulit:
378 2740 460 2805 utque
473 2734 602 2789 tredecim
622 2740 726 2789 tautum
746 2734 873 2798 virorum,
911 2733 1112 2806 manufacturia,
1127 2740 1157 2787 et
1176 2732 1376 2787 inventionibus
1392 2731 1486 2785 mundi
1503 2731 1644 2787 univerai:
1664 2741 1705 2788 ut·

76 2813 245 2882 temporibus
264 2813 387 2878 direraia,
408 2814 455 2885 qui
473 2815 503 2868 in
520 2814 621 2869 nuttria
639 2814 755 2868 naribne
773 2813 873 2869 reverti
912 2829 965 2885 qua
977 2813 1007 2867 in
1020 2812 1110 2868 reditu
1118 2811 1211 2876 libror,
1220 2812 1407 2875 inetrumenta,
1420 2809 1590 2880 exemplaria
1599 2811 1629 2865 in
1641 2828 1706 2866 une·

76 2892 229 2964 elegerunt.
270 2892 341 2956 Quid
353 2902 445 2949 autem
456 2893 536 2965 pauci
550 2893 599 2960 illi,
614 2893 660 2966 qui
675 2892 714 2948 aie
728 2892 873 2958 redierunt,
912 2908 1020 2965 qnoque
1042 2907 1149 2965 genere,
1172 2891 1208 2947 ad
1228 2907 1279 2946 noa
1299 2890 1466 2962 perferrent:
1486 2890 1609 2955 naribua,
1630 2899 1707 2963 poet.

76 2972 112 3028 dc
125 2973 239 3044 regione
249 2973 302 3028 hac
312 2973 485 3044 propalarint,
496 2990 547 3028 noa
558 2974 638 3045 fugit.
677 2972 770 3029 Facile
783 2980 873 3028 autem
912 2989 994 3045 quant
1014 2973 1044 3028 in
1067 2980 1165 3027 terram
1187 2971 1284 3026 fratrea
1306 2971 1502 3042 expoeuiaeent,
1523 2971 1705 3036 redeundum:

75 3052 236 3107 exiatimare
260 3054 380 3124 potentia,
402 3053 531 3125 quicquid
551 3053 698 3118 retulerint,
719 3069 774 3108 non
794 3052 875 3109 aliter
911 3052 1041 3107 fratribus
1054 3059 1241 3122 antemnaque
1255 3051 1290 3105 ad
1302 3067 1401 3106 noram
1419 3050 1578 3105 maenam
1591 3067 1706 3123 peregre

77 3146 161 3202 qaam
175 3131 501 3205 proinaomuioquodam
511 3132 636 3188 habitum
646 3149 713 3188 erae.
754 3133 874 3204 Naviga-
912 3133 1090 3187 manendum:
1109 3146 1193 3185 narce
1205 3130 1288 3185 haece
1308 3146 1363 3185 non
1381 3129 1597 3186 aliie'mercibua
1610 3131 1707 3186 iuetrn-

76 3214 165 3266 nonen
179 3220 271 3266 autem
283 3219 389 3267 notu-aa
409 3213 445 3267 ad
458 3219 548 3283 partae
562 3220 670 3268 exterae
682 3212 770 3266 naum
784 3221 826 3267 eet
837 3212 875 3267 le·
911 3212 1006 3277 endaa,
1020 3227 1103 3283 quam
1123 3216 1288 3265 commeatua
1305 3209 1386 3281 copia
1404 3209 1482 3276 bena,
1496 3225 1547 3265 nec
1568 3228 1623 3265 non
1644 3210 1707 3266 the·

77 3290 204 3361 gialatori
218 3298 311 3347 noetro
319 3293 427 3362 penitua
437 3294 569 3347 coercere
612 3290 874 3346 luchinahccnon
912 3292 985 3346 aauri
998 3291 1155 3361 aatialarga
1169 3290 1328 3360 quantitate,
1344 3289 1465 3344 inuaum
1479 3290 1600 3353 fratrum,
1613 3290 1648 3344 ad
1662 3306 1707 3345 ree

77 3370 116 3425 fit.
157 3370 269 3425 Etenim
283 3370 443 3436 Chiuenree,
452 3388 506 3443 quo
515 3371 617 3437 volunt,
628 3378 658 3426 et
669 3378 789 3442 ponunt,
800 3371 875 3426 uari·
912 3388 960 3425 eae
973 3370 1142 3435 coemendae,
1157 3369 1322 3424 etbominea
1336 3367 1403 3424 talea
1416 3370 1633 3436 remunerandae,
1648 3369 1707 3440 qui·

76 3458 153 3521 gant
194 3449 273 3511 Quod
286 3450 352 3505 aetia
365 3451 488 3515 oetendit,
497 3451 589 3522 legem
598 3451 716 3516 illorum,
727 3452 760 3505 de
772 3452 874 3506 exterit
911 3450 962 3506 bue
976 3466 1045 3521 opua
1058 3457 1136 3504 esaet.
1171 3448 1235 3503 Jam
1248 3446 1593 3519 remutrobieprol'eram
1603 3450 1706 3514 modoa,

77 3528 211 3593 arcendie,
225 3545 243 3583 a
256 3529 479 3601 punillanimitate
499 3530 565 3597 aola,
579 3537 608 3585 et
625 3537 700 3584 metu
722 3530 873 3600 provenire.
912 3530 1010 3601 quibua
1022 3529 1121 3600 vulgae
1133 3527 1452 3593 nautarumcoiireentur,
1465 3545 1500 3583 ne
1521 3529 1551 3582 in
1571 3529 1656 3593 terrie,
1671 3528 1707 3582 ad

80 3608 240 3663 Interdictio
258 3616 348 3664 autem
370 3610 429 3665 htec
448 3618 543 3665 noetra
556 3626 638 3665 unam
659 3617 762 3664 tautum
777 3610 875 3681 recipit
912 3626 981 3681 quaa
994 3608 1141 3680 appellant,
1156 3608 1363 3679 dignoacantur:
1384 3616 1431 3663 aut
1452 3607 1548 3680 quibua
1567 3608 1662 3672 modia,
1676 3607 1706 3663 iu

76 3687 285 3753 mtrictionem,
307 3705 421 3759 eamque
444 3697 518 3744 certe
541 3688 744 3743 admirabilem:
774 3689 874 3744 borum
912 3695 1011 3743 terram
1023 3688 1149 3758 exporiti,
1166 3687 1218 3743 aub
1230 3688 1339 3742 nomine
1354 3688 1495 3742 nationum
1510 3688 1623 3742 aliarum
1636 3685 1706 3741 late-

77 3768 160 3832 enim,
183 3768 256 3838 quod
278 3784 295 3822 a
321 3769 566 3823 communicatione
587 3786 650 3824 cum
673 3767 774 3822 exteria
798 3769 870 3823 trahi
912 3775 973 3833 ant:
995 3768 1083 3823 autad
1097 3784 1158 3838 quta
1171 3767 1232 3821 loca
1244 3767 1433 3838 navigationes
1445 3774 1545 3822 noane
1557 3767 1707 3838 designatae

77 3847 175 3917 poeait,
197 3853 348 3911 conservat,
371 3847 472 3902 malum
494 3857 585 3902 autem
608 3848 701 3902 evitat.
743 3848 774 3901 ld
796 3848 874 3902 vobit
912 3848 983 3902 aiut:
1003 3854 1051 3901 aut
1071 3864 1132 3917 quaa
1144 3847 1205 3900 loca
1225 3847 1302 3901 notia
1323 3863 1416 3901 rurant
1428 3846 1602 3901 missionibus
1620 3846 1707 3916 preti·

77 3942 150 3981 nunc
163 3927 295 3995 aperiam.
336 3926 425 3997 Atque
439 3927 609 3982 hicvidebnr
622 3927 819 3998 aliquantisper
838 3927 874 3981 ab
912 3933 1107 3998 gantur,atque
1121 3925 1190 3981 aliae
1203 3926 1285 3994 bujua
1295 3925 1707 3997 generiaoircumatantiaa,qute

77 4022 119 4071 eo,
139 4005 214 4076 quod
234 4007 332 4076 agitur,
356 4006 476 4077 digredi:
501 4007 549 4061 aed
570 4023 635 4061 mox
656 4005 709 4060 hoc
729 4007 818 4076 ipsum
839 4006 874 4060 ad
912 4007 1000 4076 ipaam
1013 4006 1160 4077 practicam
1173 4012 1279 4076 partem
1294 4013 1425 4076 apeataut,
1442 4005 1512 4059 mihi
1525 4005 1649 4076 proloqui
1664 4006 1707 4060 faa

77 4102 136 4140 rem
148 4085 289 4155 pertinere
303 4085 483 4156 perepicietia.
515 4085 680 4158 Intelligetia
693 4086 784 4157 itaque
796 4086 875 4154 (ami-
911 4101 967 4140 uon
990 4092 1046 4141 eat:
1067 4102 1155 4157 neque
1176 4083 1291 4139 multum
1310 4094 1382 4138 cette
1399 4084 1433 4137 nd
1454 4084 1630 4154 questionem
1648 4102 1706 4141 vea-

77 4164 173 4219 cimei
187 4165 398 4234 praecari)inter
411 4171 470 4219 acta
484 4164 644 4236 illineregia
657 4182 741 4221 unum
755 4166 874 4220 maxime
912 4172 982 4220 tram
995 4165 1133 4219 conducet.
1174 4163 1219 4219 Sic
1229 4164 1321 4235 itaque
1335 4163 1439 4226 ridetia,
1449 4164 1641 4218 commercium
1654 4181 1704 4220 noe

74 4243 210 4298 eminere.
252 4243 323 4299 lllud
336 4251 385 4308 eat,
400 4244 522 4298 fundatio
541 4245 599 4298 aive
618 4245 752 4300 institutio
771 4245 875 4300 ordinie
912 4244 1071 4308 inatittriaae,
1091 4260 1146 4297 non
1167 4259 1219 4314 pro
1237 4259 1312 4307 auro,
1334 4250 1498 4312 argentace
1513 4243 1636 4313 gemmie,
1651 4261 1706 4299 non

78 4323 220 4392 eujuedam
235 4330 263 4376 et
276 4323 421 4387 rocietatie,
434 4341 515 4395 quam
529 4340 578 4377 noa
592 4324 711 4379 Domum
722 4323 875 4378 Salomonia
913 4340 963 4393 pro
973 4324 1073 4386 aericia,
1084 4331 1132 4378 aut
1143 4323 1318 4386 aromatibus,
1328 4338 1417 4391 neque
1427 4338 1478 4393 pro
1490 4321 1552 4376 aliia
1566 4323 1706 4394 quibuaria

78 4419 216 4456 roeantna
256 4402 464 4457 Nobiliaaimam
484 4403 545 4456 dico
569 4401 716 4477 (quantum
735 4420 785 4457 noa
806 4404 874 4457 arbi·
912 4403 994 4459 rebua
1013 4403 1119 4468 maaria,
1133 4403 1181 4456 aed
1201 4409 1305 4457 tantum
1326 4418 1377 4471 pro
1396 4409 1519 4456 creatura
1536 4402 1589 4456 Dei
1609 4403 1704 4472 prima,

78 4478 199 4555 namur)
214 4483 342 4545 omnium,
357 4498 407 4553 per
418 4492 551 4536 terrarum
565 4483 666 4546 orbem,
680 4483 873 4547 fundationem,
911 4481 973 4537 luca
991 4481 1113 4536 scilicet:
1141 4481 1210 4545 luce,
1227 4481 1347 4553 inquam,
1367 4481 1397 4534 iu
1418 4497 1576 4553 quacunque
1596 4483 1703 4537 tandem

78 4568 162 4632 atque
188 4562 267 4631 regni
291 4560 403 4629 hujusce
426 4560 559 4615 luminare
582 4578 720 4632 magnum.
769 4562 874 4617 Domui
913 4569 992 4616 terra
1002 4562 1112 4632 regione
1126 4566 1316 4631 prorumpente
1330 4568 1358 4614 et
1370 4561 1547 4631 germinante.

78 4639 138 4694 heac
152 4640 250 4694 etudiia
263 4648 291 4693 et
304 4641 575 4710 contemplationibus
589 4658 702 4711 operum
722 4648 750 4693 et
769 4650 874 4696 creatu·
952 4640 1076 4712 Cumque
1099 4640 1158 4695 heae
1179 4640 1299 4704 dixiaaet,
1313 4640 1460 4694 conticuit:
1479 4657 1531 4694 nor
1551 4640 1633 4694 etiam
1652 4640 1704 4694 ali·

77 4736 172 4774 rarum
197 4719 253 4773 Dei
280 4718 370 4772 dicata
396 4728 446 4774 eet.
494 4720 596 4775 Putant
620 4719 749 4785 nonnulli,
776 4737 874 4775 nomen
913 4720 1033 4790 quandiu
1053 4719 1207 4775 ailebamua
1249 4719 1356 4774 Revera
1378 4719 1453 4775 enim
1476 4736 1571 4775 omnee
1598 4721 1704 4774 anoniti

79 4800 196 4853 traxiaee
211 4814 229 4850 a
240 4796 390 4862 fundatore,
401 4798 540 4869 paululum
554 4806 725 4869 corruptum:
746 4801 815 4854 acsi
831 4801 874 4854 de·
912 4815 1028 4864 aramue,
1041 4816 1102 4853 eum
1123 4799 1278 4853 audiremur
1297 4816 1341 4854 rea
1360 4806 1417 4854 tam
1430 4798 1567 4853 mirabilee
1583 4799 1704 4854 oratione

77 4877 155 4932 beret
175 4876 230 4931 diui
256 4876 408 4933 Salomone
430 4879 544 4933 domna:
565 4895 659 4934 rerum
683 4878 794 4933 archiva
814 4881 875 4950 ipaa
913 4887 967 4933 tam
982 4878 1115 4949 probabili
1130 4879 1275 4934 recenseri.
1306 4878 1356 4933 llle
1367 4888 1466 4942 autem,
1480 4879 1584 4931 animoa
1596 4886 1704 4933 nostroe

77 4956 239 5012 anthentica
258 4956 297 5011 aio
320 4957 450 5028 scriptum
468 4958 577 5023 habent,
599 4966 679 5029 prout
701 4957 731 5011 in
752 4975 874 5013 sermone
912 4958 1120 5029 cogitationibua
1144 4957 1280 5029 aliquibua
1307 4959 1432 5029 gravidos
1460 4958 1587 5020 eentiena,
1614 4960 1704 5025 partui

78 5036 240 5107 quotidiano
259 5052 332 5090 nune
351 5036 492 5106 profertur.
533 5037 629 5109 ltaque
644 5054 743 5092 nomen
763 5038 874 5092 fluxiaae
912 5047 1066 5092 autemnon
1079 5038 1326 5101 maturoaciriliter
1339 5038 1484 5092 admodum
1497 5053 1547 5090 noe
1560 5035 1704 5106 explicuit:

77 5116 197 5170 arbibor
209 5130 228 5168 a
240 5131 306 5187 rege
318 5114 368 5169 illo
382 5116 567 5181 Hebraeorum,
582 5110 629 5189 qui
647 5116 719 5186 apud
732 5133 781 5170 voe
801 5117 873 5171 cele·
912 5124 940 5171 et
961 5116 996 5170 ad
1014 5117 1176 5188 quaetionea
1197 5118 1230 5171 de
1251 5117 1355 5180 itinere,
1370 5124 1399 5171 et
1418 5117 1532 5170 lonunia
1545 5116 1646 5170 nostrie
1659 5117 1705 5169 de-

76 5195 136 5249 brie
149 5200 200 5259 eat,
214 5194 293 5249 nobie
306 5205 463 5250 autemnon
483 5195 601 5266 ignotua
643 5196 784 5250 Habemus
802 5197 874 5250 enirn
912 5195 1007 5250 flexit:
1028 5197 1080 5251 aab
1093 5197 1174 5250 finem
1188 5204 1278 5251 autent
1292 5197 1369 5260 dixit,
1384 5202 1457 5251 recte
1473 5212 1523 5250 noa
1540 5195 1664 5260 facturae,
1679 5196 1704 5250 ai

77 5275 220 5345 portionee
240 5274 347 5346 aliquae
370 5292 482 5345 opemm
505 5292 623 5341 auorum,
649 5293 708 5346 qum
731 5274 804 5345 apud
827 5292 875 5330 voe
912 5274 1136 5330 conauhationem
1154 5277 1224 5329 inter
1245 5292 1294 5329 noa
1309 5275 1440 5331 iniremus
1456 5274 1491 5328 de
1513 5282 1634 5344 tempore
1655 5292 1705 5345 pre

77 5354 275 5409 deriderentur.
315 5354 465 5408 Hiatoriam
473 5353 549 5408 illam
557 5355 706 5409 naturalem
715 5355 783 5419 dico,
794 5371 874 5425 qtram
912 5370 988 5408 mora
1001 5362 1204 5410 nontraaatatu
1219 5354 1343 5424 petendo.
1385 5354 1418 5408 ln
1432 5371 1486 5426 quo
1497 5354 1703 5421 jueeitminime

76 5432 244 5503 coamripnit
264 5438 281 5465 “
293 5433 337 5488 De
359 5432 458 5503 plantie
476 5434 608 5499 omnibus,
629 5450 646 5488 a
667 5434 747 5489 cedro
767 5434 874 5499 Libani,
912 5434 1087 5488 verecundari
1107 5451 1173 5499 noa;
1198 5444 1306 5504 tempue
1327 5432 1408 5498 euim,
1428 5434 1604 5505 quodcunque
1626 5435 1705 5489 nobie

77 5529 166 5585 nque
180 5511 216 5567 ad
226 5511 383 5585 byeaopum,
397 5532 458 5586 qua
471 5512 505 5569 de
518 5514 623 5584 pariete
636 5514 780 5587 egreditur,
794 5521 875 5587 atque
911 5513 1049 5586 poetulare
1061 5514 1148 5570 naum
1164 5514 1250 5578 fuerit,
1264 5514 1324 5583 ipae
1344 5529 1398 5568 non
1418 5513 1558 5569 dubitabat
1576 5530 1606 5570 te
1620 5515 1705 5586 impe·
