3800 5875
644 333 696 392 oa
717 331 919 393 surranum
940 333 1137 392 varanuu.
1287 317 1289 324 ’
1643 337 1701 403 717

69 490 226 561 juramento
239 509 301 548 eum
316 492 465 548 inviolabili
480 493 515 547 ad
528 499 622 549 sotum
640 495 809 550 indefinitum
823 495 872 549 ob·
908 494 997 549 omnis
1010 495 1084 549 enim
1100 495 1212 548 affectus
1226 493 1385 566 ingeniosus
1403 500 1445 550 est
1464 503 1492 550 et
1506 512 1591 568 sagax
1610 497 1644 552 ad
1657 498 1700 552 in-

71 571 243 636 strinxissetr
267 572 380 644 petiisse
397 580 427 628 ut
446 573 481 627 ad
497 574 641 646 amplexus
655 590 719 629 suos
732 575 872 629 accederet
909 574 1096 645 vestigandum
1112 575 1219 628 fomites
1232 589 1311 637 suos;
1332 583 1397 628 ante
1415 575 1508 629 omnia
1525 585 1623 640 autem,
1638 594 1700 647 quae

72 649 144 713 talis,
159 650 249 722 qualis
262 668 324 705 cum
338 651 446 706 lunone
461 660 632 708 consuesset:
653 653 745 723 itaque
764 652 814 708 illa
835 670 871 708 ex
907 651 1064 706 hominibus
1077 653 1225 716 innotuere,
1235 653 1328 706 vinum
1342 653 1376 706 ad
1385 654 1601 724 perturbationes
1611 655 1699 724 cujus·

74 729 285 800 conflagratione
299 731 387 801 periit.
429 729 524 786 Infans
543 739 632 786 autem
648 749 728 802 quem
744 730 773 784 in
792 739 870 787 utero
908 748 1014 801 cunque
1032 731 1140 802 generis
1158 730 1314 785 excitandas
1333 740 1362 785 et
1380 734 1586 787 inflammandas
1606 743 1700 803 poten·

73 808 232 878 gestabata
246 817 322 880 patre
336 817 475 880 exceptus,
486 810 514 863 in
527 810 616 865 femur
628 809 689 885 ejus
700 810 807 865 insutus
820 819 868 874 est,
907 810 1042 864 tissimum
1056 819 1098 864 est
1111 817 1139 863 et
1152 809 1270 864 maxime
1280 810 1391 876 edicam
1412 820 1492 883 atque
1504 822 1546 867 est
1560 812 1599 866 eis
1613 813 1699 867 instar

72 887 159 941 donec
181 904 288 942 menses
310 888 385 943 imbri
404 889 553 943 destinatos
574 889 739 959 complereti
761 905 797 944 ex
816 906 870 960 quo
908 889 1011 943 inmitis
1037 889 1195 944 communis.
1235 887 1445 958 Elegantissime
1472 898 1562 945 autem
1589 893 1699 961 ponitur

72 973 166 1020 tamen
185 985 267 1022 onere
286 967 395 1038 Jupiter
414 967 538 1021 nonnihil
562 966 749 1022 claudicabat:
775 969 869 1040 itaque
907 968 1019 1021 affectus
1045 968 1245 1038 provinciarum
1269 967 1434 1039 subjugatos,
1462 978 1490 1023 et
1517 970 1698 1040 expeditionis

73 1062 150 1116 puer,
164 1047 235 1117 quod
254 1046 359 1112 lovem,
373 1048 437 1101 dum
455 1048 483 1099 in
505 1046 607 1101 femore
628 1046 688 1114 ejus
708 1054 867 1117 portaretur,
906 1047 1020 1101 infinitae
1034 1055 1180 1116 susceptor.
1220 1047 1368 1116 Nunquam
1385 1048 1459 1102 eninr
1473 1049 1557 1117 partis
1572 1048 1696 1119 acquies-

73 1133 201 1196 gravaret
209 1133 237 1179 et
251 1133 391 1196 pungeret,
401 1125 517 1196 Dionysi
528 1141 626 1179 nomen
637 1127 748 1196 accepit
792 1126 868 1180 Post·
906 1125 953 1190 cit,
968 1127 1016 1179 sed
1029 1126 1150 1195 appetitu
1163 1125 1268 1179 infinito
1281 1142 1369 1196 neque
1389 1127 1506 1182 satiabili
1520 1127 1554 1180 ad
1569 1127 1697 1183 ulteriora

73 1219 156 1273 quam
170 1211 260 1259 autem
274 1204 361 1259 editus
374 1213 454 1270 esset,
467 1204 539 1274 apud
552 1204 744 1275 Proserpinam
757 1221 807 1276 per
820 1204 867 1259 ali·
905 1204 993 1258 tendit
1006 1212 1033 1258 et
1046 1205 1122 1258 novis
1139 1204 1236 1259 inhiat.
1277 1203 1368 1259 Etiam
1389 1206 1473 1276 tigres
1493 1207 1564 1276 apud
1584 1208 1696 1262 affectus

73 1292 140 1353 quot
154 1299 240 1337 annos
253 1284 369 1338 nutritus
383 1290 438 1348 est;
460 1302 521 1338 cum
534 1301 599 1339 vero
609 1282 715 1338 adultus
728 1292 806 1348 esset,
821 1301 866 1338 ore
905 1282 1042 1338 stabulant
1060 1291 1087 1338 et
1105 1283 1140 1337 ad
1157 1300 1265 1338 currum
1285 1285 1432 1355 jugantur,
1457 1293 1600 1356 postquam
1621 1287 1695 1341 enim

73 1360 129 1416 iere
143 1361 269 1417 muliebri
282 1363 503 1433 conspiciebatur,
517 1370 548 1417 ut
561 1379 643 1418 sexus
662 1363 797 1418 videretur
810 1371 867 1418 tan·
905 1363 1018 1418 affectus
1031 1362 1129 1434 aliquis
1142 1362 1242 1417 curulis
1260 1379 1320 1417 ease
1338 1363 1427 1433 acepit,
1440 1380 1496 1417 non
1514 1364 1654 1433 pedestris,
1668 1374 1696 1420 et

73 1457 155 1511 quarn
168 1441 306 1512 ambiguit
328 1442 410 1496 etiam
424 1443 573 1497 exstinctus
583 1451 610 1497 et
624 1442 746 1514 sepultus
760 1449 818 1497 erat
831 1442 866 1496 ad
904 1442 991 1496 victor
1003 1441 1117 1496 rationis
1131 1450 1159 1495 et
1173 1440 1359 1512 triumphator,
1373 1442 1402 1496 iu
1415 1443 1513 1507 omnia,
1529 1460 1590 1513 quae
1603 1443 1695 1498 adver·

72 1527 189 1590 tempus,
204 1527 232 1574 et
244 1537 299 1574 non
312 1521 350 1575 ita
360 1522 445 1576 multo
455 1529 516 1591 post
529 1522 637 1577 revixit.
678 1521 866 1592 Atqueprima
904 1529 997 1576 santur
1010 1526 1058 1575 aut
1071 1536 1100 1575 se
1114 1528 1259 1591 opponunt,
1273 1520 1389 1575 erudelis
1409 1528 1491 1575 estet
1508 1522 1653 1575 indomitus
1667 1531 1695 1577 et

70 1598 186 1666 juventa
199 1599 263 1653 vitis
276 1600 415 1665 culturam,
426 1606 506 1672 atque
520 1600 588 1655 adeo
600 1600 656 1655 viui
670 1601 866 1655 coniectionem
904 1599 1024 1655 immitia
1065 1600 1195 1654 Facetum
1216 1611 1308 1654 autem
1331 1608 1380 1665 est,
1400 1600 1474 1671 quod
1494 1599 1565 1654 circa
1586 1617 1694 1656 currum

71 1685 99 1730 et
113 1696 193 1732 usum
208 1679 311 1748 primus
324 1679 427 1734 invenit
440 1687 468 1734 et
481 1679 602 1744 edocuit3
623 1697 660 1735 ex
679 1695 733 1750 quo
752 1679 866 1735 celebris
904 1678 1055 1733 subsultant
1067 1678 1108 1733 illi
1122 1679 1257 1734 daemones
1270 1678 1385 1735 ridiculi.
1425 1679 1521 1734 Omnis
1532 1680 1603 1733 enirn
1614 1681 1695 1733 affec»

70 1756 161 1812 metris
180 1764 210 1812 et
221 1758 345 1827 inclytus,
360 1759 453 1814 orbem
477 1767 607 1814 terrarum
622 1759 777 1830 subjugavit
790 1767 818 1814 et
831 1759 866 1813 ad
903 1763 947 1811 tus
960 1758 1100 1830 progignit
1112 1766 1201 1813 motus
1219 1758 1249 1811 in
1267 1757 1361 1822 oculis,
1375 1763 1403 1812 et
1419 1775 1466 1812 ore
1485 1759 1546 1829 ipso
1566 1765 1594 1813 et
1606 1768 1693 1829 gestu,

69 1834 185 1892 ultimos
211 1837 338 1891 Indorum
359 1838 489 1892 terminos
512 1838 646 1908 perrexit:
672 1855 754 1893 curru
774 1844 865 1893 autem
903 1837 1042 1891 indecoros
1069 1845 1096 1891 et
1116 1837 1273 1901 inconditos,
1296 1836 1471 1891 subsultorios
1496 1845 1524 1891 et
1550 1837 1692 1904 deformes,

69 1914 224 1970 vehebatur
237 1933 254 1969 a
267 1915 382 1987 tigribus
395 1924 497 1973 tracto:
517 1918 589 1971 circa
603 1933 665 1972 eum
680 1916 866 1973 subsultabant
904 1916 973 1970 adeo
985 1924 1015 1970 ut
1028 1916 1075 1987 qui
1088 1917 1140 1970 ribi
1155 1918 1183 1971 iu
1196 1916 1288 1987 aliquo
1301 1916 1408 1980 affectu,
1419 1916 1504 1970 veluti
1516 1917 1565 1978 ira,
1580 1916 1693 1971 insulta-

68 1993 211 2049 doemones
231 1994 371 2061 deformes,
385 1994 482 2049 Cobali
501 1997 598 2059 vocati,
614 1996 737 2061 terame,
751 2005 779 2051 et
799 1995 863 2052 alii:
903 1996 983 2060 tione,
1003 2012 1103 2059 amore,
1121 1996 1243 2050 videatur
1260 1996 1421 2065 magnificus
1440 2003 1467 2049 et
1486 1995 1612 2061 tumidus,
1631 1995 1693 2051 aliis

70 2074 137 2143 quin
153 2080 182 2128 et
196 2074 284 2129 Musae
293 2075 431 2128 comitatui
446 2075 505 2143 ejus
519 2092 548 2130 sc
562 2074 703 2130 addebant
743 2075 864 2130 Uxorem
902 2081 993 2129 tamen
1007 2075 1042 2128 sit
1056 2074 1141 2144 turpis
1157 2082 1185 2128 et
1205 2073 1342 2129 ridiculus.
1383 2073 1592 2144 Conspiciuntur
1609 2075 1693 2129 eham

70 2160 166 2207 autem
188 2153 240 2207 sibi
254 2155 367 2223 sumpsit
384 2154 521 2208 Ariadnen
535 2172 552 2209 a
565 2153 674 2209 Theseo
686 2154 819 2209 desertam
836 2163 864 2209 et
901 2153 930 2206 in
944 2153 1058 2208 affectus
1071 2153 1201 2207 comitatu
1221 2153 1319 2207 Musae.
1358 2153 1457 2224 Neque
1472 2153 1546 2207 enim
1560 2154 1695 2223 reperitur

69 2232 205 2286 relictam.
246 2232 334 2286 Arbor
352 2233 378 2287 ei
397 2250 473 2288 sacra
493 2240 552 2287 erat
568 2233 677 2288 hedera.
718 2233 808 2287 Etiam
823 2250 864 2289 aa·
902 2232 973 2287 ullus
986 2231 1042 2287 iere
1055 2230 1692 2303 affectus,·cuinoublandiaturaliquadoctrina.

69 2319 217 2365 crorumet
230 2312 442 2367 ceremoniarum
456 2313 580 2366 inventor
593 2319 620 2367 et
632 2311 770 2367 institutor
782 2311 864 2367 habe·
903 2312 964 2365 Hac
983 2312 1054 2365 enim
1072 2312 1100 2365 in
1119 2328 1149 2366 re
1169 2311 1342 2382 ingeniorum
1361 2311 1530 2381 indulgentia
1550 2311 1693 2366 Musarum

69 2389 161 2453 batur,
176 2390 235 2459 ejus
249 2400 338 2445 tamen
353 2392 461 2462 generis
482 2398 584 2462 queret
598 2391 721 2446 fanatica
739 2400 817 2446 erant
837 2400 864 2447 et
901 2391 1070 2458 majestatem
1084 2390 1193 2456 minuit,
1203 2399 1241 2454 ut,
1250 2407 1312 2445 cum
1322 2389 1404 2445 duces
1415 2391 1481 2447 vitae
1494 2407 1554 2446 esse
1568 2389 1692 2455 debeant,

68 2467 163 2538 plenae
176 2470 396 2539 cormptelarum,
410 2480 493 2542 atque
510 2471 621 2541 iusuper
642 2469 771 2526 crudeles.
811 2470 864 2526 Fu·
901 2469 1112 2524 sintaffectuum
1126 2469 1303 2540 pedissequa.

68 2565 147 2602 rores
159 2566 264 2620 quoque
276 2549 437 2603 immittendi
448 2557 609 2620 potestatem
619 2550 747 2604 habebat.
781 2548 862 2604 Certe
941 2548 1030 2619 Atque
1043 2549 1177 2619 imprimis
1186 2548 1285 2602 nobilia
1295 2554 1336 2602 est
1344 2547 1393 2601 illa
1403 2546 1542 2618 allegoria,
1552 2547 1693 2604 Bacchum

68 2626 99 2680 in
111 2628 200 2697 orgiis
214 2629 302 2696 ejusa
323 2628 483 2684 mulieribus
501 2629 591 2684 furore
611 2629 722 2700 percitis
739 2629 793 2683 duo
811 2629 863 2683 viri
901 2643 1007 2682 amores
1021 2644 1082 2681 suos
1102 2628 1131 2681 in
1151 2644 1211 2681 eam
1232 2627 1367 2691 effudisse,
1388 2643 1449 2697 quaa
1469 2626 1504 2680 ab
1524 2626 1579 2680 alio
1597 2628 1693 2682 relicta

68 2706 195 2777 insignes
208 2706 337 2777 discerpti
357 2715 506 2773 narrantur,
520 2706 659 2763 Pentheus
679 2714 706 2762 et
719 2705 862 2777 Orpheum
901 2712 968 2760 erat.
1011 2707 1199 2761 certissimum
1213 2707 1285 2760 enim
1299 2713 1348 2770 est,
1363 2705 1489 2760 affectum
1507 2705 1536 2758 id
1555 2712 1647 2774 petere
1665 2716 1694 2763 et

68 2783 118 2839 illc
141 2785 215 2848 dum,
236 2786 332 2841 arbore
357 2802 512 2853 conscensa,
533 2795 669 2858 spectator
688 2803 783 2841 eorum
803 2803 864 2857 quae
902 2785 1012 2848 ambire,
1027 2786 1098 2857 quod
1114 2786 1282 2855 experientia
1298 2785 1458 2856 repudiavit.
1497 2784 1587 2854 Atque
1600 2787 1692 2842 norint

67 2873 217 2937 agerentur
237 2881 297 2919 esse
317 2864 460 2930 voluissetr
481 2866 527 2920 hic
547 2883 609 2921 cum
626 2865 715 2937 lyram
734 2864 862 2937 pulsaret.
902 2881 1002 2928 omnes,
1016 2866 1070 2934 qui,
1085 2865 1227 2919 affectibus
1240 2864 1297 2919 suia
1311 2865 1459 2919 servientes
1473 2871 1499 2917 et
1512 2862 1693 2935 indulgentes,

67 2945 163 3015 Atque
183 2945 266 3012 hujus
286 2945 340 3000 Dei
360 2963 404 3001 res
425 2953 510 3017 gestae
527 2964 590 3001 curn
607 2944 685 3001 lovis
706 2947 786 3001 rebus
804 2946 863 3001 iere
902 2946 1017 3014 pretium
1031 2945 1154 3015 potiundi
1166 2944 1195 2998 in
1208 2945 1369 2998 immensum
1382 2944 1560 3016 augentsive
1574 2943 1692 3000 honores

66 3023 279 3079 confunduntur.
902 3032 1039 3094 appetant,
1054 3024 1113 3079 sive
1133 3024 1260 3087 fortunas,
1281 3024 1338 3078 sive
1358 3040 1471 3088 amores,
1492 3024 1549 3077 sive
1569 3021 1692 3094 gloriam,

108 3102 216 3158 Fabula
233 3103 339 3157 videtur
360 3104 396 3158 ad
416 3119 505 3159 mores
527 3104 670 3174 pertinere,
690 3112 722 3159 ut
740 3103 812 3158 nihil
835 3105 864 3158 in
902 3104 959 3157 sive
973 3103 1120 3168 amentiam,
1134 3104 1192 3157 sive
1211 3102 1267 3157 alia
1285 3119 1460 3174 quascunque,
1474 3118 1503 3156 se
1521 3118 1565 3156 res
1581 3104 1693 3159 relictas

66 3181 250 3254 philosophia
262 3180 358 3238 morali
379 3184 478 3238 melius
497 3184 658 3238 inveniatur.
697 3183 865 3238 Describitur
902 3191 1001 3255 petere,
1015 3190 1044 3237 et
1057 3182 1270 3252 acompluribus
1283 3199 1333 3252 per
1348 3184 1438 3237 omnia
1457 3182 1512 3235 iere
1527 3181 1618 3236 secula
1631 3193 1693 3254 post

66 3270 164 3316 antem
185 3261 236 3315 sub
255 3277 370 3332 persona
392 3262 494 3317 Bacchi
510 3270 608 3317 natura
627 3262 792 3332 cupiditatis,
806 3263 864 3316 sive
902 3262 1118 3330 experimentum
1132 3261 1257 3316 dimissas
1277 3271 1306 3315 et
1325 3261 1466 3316 fastiditas.
1507 3262 1604 3332 Neque
1617 3278 1693 3331 mys·

66 3341 185 3394 affectus
207 3348 235 3394 et
257 3341 474 3411 perturbationis.
513 3341 692 3396 Materenim
709 3341 864 3412 cupiditatis
903 3342 971 3395 terio
984 3350 1064 3402 caret,
1079 3341 1150 3412 quod
1163 3339 1264 3395 hedera
1276 3340 1387 3395 Baccho
1403 3356 1481 3394 sacra
1499 3341 1588 3395 fuerit
1631 3342 1692 3395 Hoc

67 3420 167 3483 omnis,
179 3419 243 3474 licet
256 3420 462 3486 nocentissimae,
473 3435 528 3474 non
541 3419 652 3486 aliaest,
663 3436 744 3489 quam
758 3421 864 3490 appeti·
902 3421 976 3475 enim
988 3419 1090 3490 duplici
1103 3420 1327 3475 modoeouvenit.
1369 3421 1499 3483 Primum,
1511 3419 1581 3491 quod
1590 3419 1693 3475 hedera

66 3506 113 3554 tna
134 3508 163 3553 et
185 3498 348 3553 desiderium
365 3500 429 3553 boni
442 3500 616 3570 apparentiae
636 3499 786 3569 concipitur
798 3515 864 3554 vero
902 3498 992 3553 hieme
1005 3499 1137 3562 virescatr
1158 3499 1262 3564 deiude,
1277 3500 1435 3570 quodcirca
1451 3508 1557 3564 totres,
1571 3499 1690 3566 arbores,

67 3594 181 3649 semper
200 3578 334 3648 cupiditas
353 3579 383 3633 in
396 3586 459 3633 roto
476 3577 575 3634 illicito
593 3579 669 3649 prius
687 3587 788 3654 temere
803 3595 864 3633 con-
902 3579 1026 3647 parietes,
1048 3578 1163 3633 aedificia
1181 3587 1281 3649 serpat,
1302 3596 1334 3634 ac
1353 3578 1588 3642 circumfundatur,
1610 3595 1641 3632 ac
1662 3595 1692 3633 ac

65 3674 156 3721 cesso,
169 3673 250 3728 quam
264 3657 405 3712 intellecto
413 3665 441 3712 et
451 3657 581 3726 judicato.
616 3657 763 3730 Postquam
774 3665 864 3713 autem
902 3657 1014 3711 attollat.
1054 3657 1130 3718 Quod
1143 3657 1177 3711 ad
1191 3660 1308 3727 primum
1318 3659 1390 3713 euim
1400 3659 1504 3721 attinet,
1515 3658 1603 3711 omnis
1613 3658 1693 3712 affec·

65 3737 185 3790 affectus
207 3735 382 3791 effervescere
409 3738 528 3808 coeperit,
557 3744 645 3791 mater
671 3738 731 3804 ejus
753 3739 864 3805 (natura
901 3744 953 3800 tus,
967 3753 1017 3806 per
1034 3738 1207 3792 renitentium
1227 3747 1254 3791 et
1267 3738 1387 3801 vetitum,
1401 3746 1428 3791 et
1442 3747 1569 3806 tanquam
1584 3738 1691 3808 antipe-

65 3814 176 3870 scilicet
189 3815 267 3883 boni)
282 3832 318 3870 ex
336 3817 422 3871 nimio
435 3816 560 3871 incendio
574 3816 722 3871 destruitur
735 3824 762 3870 et
775 3816 862 3886 perit:
901 3815 1018 3880 ristasin,
1032 3815 1128 3886 (veluti
1139 3832 1189 3887 per
1201 3816 1397 3888 irigusbrumae
1410 3815 1532 3884 hedera)
1542 3815 1652 3870 virescit
1665 3822 1712 3871 et'

64 3893 204 3964 cupiditas
215 3902 313 3959 autem,
324 3895 388 3950 dum
397 3897 543 3950 immatura
552 3896 632 3950 estin
646 3895 864 3949 animahumana
901 3895 1021 3964 vigorem
1045 3895 1170 3966 acquirit.
1210 3895 1333 3950 Secundo
1356 3895 1469 3950 affectus
1492 3895 1692 3965 praedominans

65 3976 147 4045 (quae
161 3973 220 4042 ejus
234 3975 340 4044 genitor
358 3983 406 4039 est,
421 3983 449 4029 et
463 3990 513 4045 per
529 3973 626 4029 lovem
644 3975 863 4044 representatur)
901 3990 995 4028 omnes
1009 3975 1142 4029 humanas
1155 3975 1282 4039 actiones,
1297 3983 1324 4028 et
1338 3976 1428 4028 omnia
1441 3974 1561 4029 humana
1574 3975 1691 4040 decreta,

65 4062 96 4107 et
111 4054 261 4107 nutricatur
274 4059 302 4107 et
315 4053 468 4116 occultatur,
480 4054 616 4124 precipue
634 4054 662 4107 in
673 4054 771 4108 animae
787 4063 863 4123 parte
902 4062 1030 4124 tanquam
1050 4053 1158 4117 hedera,
1172 4054 1401 4115 circumfunditur,
1415 4060 1495 4124 atque
1516 4053 1551 4108 iis
1571 4070 1600 4108 se
1618 4055 1693 4109 addit

64 4132 200 4187 interiore
214 4139 341 4202 tanquam
356 4134 470 4198 iemore3
491 4140 573 4202 atque
593 4133 713 4187 animum
727 4134 824 4204 pungit
837 4140 864 4187 et
901 4140 929 4186 et
941 4133 1064 4203 adjungit
1078 4133 1256 4188 etimmiscet.
1296 4133 1395 4203 Neque
1405 4133 1505 4186 mirum
1514 4134 1692 4205 estsisuper·

64 4209 200 4266 convellit
213 4217 240 4265 et
252 4211 392 4282 deprimit3
413 4212 481 4266 adeo
493 4220 523 4266 ut
537 4212 645 4266 decreta
659 4219 687 4265 et
696 4212 815 4266 actiones
828 4230 864 4267 ex
901 4213 999 4266 stitiosi
1019 4214 1085 4267 ritus
1103 4212 1213 4266 Baccho
1233 4211 1420 4276 attribuantur,
1440 4228 1502 4266 cum
1525 4214 1613 4267 omnis
1635 4214 1691 4268 iere

66 4306 102 4344 ea
121 4289 305 4361 impediantur
328 4298 355 4345 et
373 4290 532 4346 claudicent.
573 4290 662 4361 Atque
685 4291 770 4345 etiam
791 4301 864 4362 post·
900 4291 1055 4346 malesanus
1068 4291 1179 4346 affectus
1191 4292 1220 4345 in
1234 4292 1323 4360 pravis
1337 4290 1514 4361 religionibus
1526 4290 1690 4348 luxurietur:

66 4385 153 4441 qnam
165 4384 300 4424 consensu
313 4377 341 4425 et
354 4369 449 4425 habita
470 4371 628 4424 confirmata
640 4376 689 4433 est,
704 4379 731 4423 et
744 4371 773 4424 in
787 4380 864 4426 actus
901 4380 949 4425 aut
962 4371 985 4424 si
1006 4371 1110 4426 furores
1127 4370 1162 4424 ab
1178 4387 1211 4424 eo
1230 4371 1340 4425 immitti
1361 4380 1501 4440 potentum
1522 4387 1584 4425 cum
1604 4374 1692 4427 omnia

65 4448 195 4517 erumpit,
207 4454 298 4502 tamen
311 4449 382 4519 apud
394 4449 586 4519 Proserpinam
599 4447 634 4502 ad
649 4456 755 4518 tempus
769 4449 864 4504 educa·
901 4451 1013 4504 affectus
1032 4457 1061 4504 et
1078 4450 1137 4521 ipse
1156 4449 1231 4504 iuror
1249 4450 1337 4504 brevis
1356 4451 1399 4514 sit,
1414 4459 1449 4512 et,
1463 4451 1487 4503 ai
1505 4450 1692 4506 vehementius

64 4534 128 4591 tur;
149 4525 179 4581 id
191 4535 241 4589 est,
253 4527 371 4583 latebras
385 4529 489 4600 quaerit,
504 4536 585 4599 atque
598 4527 768 4582 clandestina
781 4539 824 4584 est
837 4538 865 4585 et
901 4529 1023 4582 obsideat
1037 4538 1064 4583 et
1081 4530 1225 4593 incumbat,
1240 4529 1267 4582 in
1286 4529 1392 4583 insania
1410 4529 1578 4585 terminetur.
1622 4530 1692 4584 lllud

65 4604 150 4677 quasi
163 4606 344 4673 mhterranea,
358 4607 452 4674 donec,
472 4608 584 4662 remotis
603 4607 713 4678 pudoris
728 4616 756 4661 et
775 4615 864 4663 metus
902 4617 991 4663 autem
1013 4608 1047 4662 de
1068 4608 1191 4663 Pentheo
1212 4615 1239 4661 et
1258 4607 1370 4677 Orpheo
1391 4608 1518 4662 laceratis
1539 4608 1692 4663 evidentem

64 4684 170 4749 fraenis,
185 4692 213 4738 et
227 4684 325 4741 coalita
338 4687 459 4752 audacia,
473 4694 521 4741 aut
533 4686 640 4740 virtutis
659 4685 774 4756 alicujus
793 4705 863 4759 proe-
902 4688 984 4741 habet
998 4687 1168 4758 parabolam
1189 4705 1250 4742 cum
1260 4670 1372 4742 hams
1385 4687 1555 4759 praevalidus,
1566 4696 1595 4740 et
1606 4688 1693 4758 inqui·

64 4771 175 4818 textum
186 4766 275 4828 sumit,
290 4773 337 4819 aut
351 4766 492 4820 infamiam
506 4767 595 4836 ipsam
617 4766 771 4820 contemnit.
813 4767 863 4822 At·
901 4767 992 4820 sitium
1006 4768 1118 4822 curiosae
1131 4776 1159 4821 et
1178 4767 1353 4821 admonitioni
1372 4766 1485 4822 salutari
1499 4776 1528 4820 et
1541 4766 1633 4820 liberie
1651 4783 1692 4821 as-

63 4860 120 4914 que
135 4841 205 4897 illud
218 4845 389 4899 verissimum
402 4844 863 4911 estomnemaffeoturnvehemen·
900 4846 1033 4916 perrimus
1060 4855 1141 4917 atque
1169 4846 1365 4902 infensissimus
1392 4848 1435 4901 sit.
1475 4845 1618 4902 Postremo
1643 4845 1693 4901 illa

62 4923 165 4977 tiorem
178 4929 308 4993 tanquam
326 4925 448 4996 ambigui
466 4940 549 4979 sexus
568 4939 637 4978 esse.
678 4923 770 4978 Habet
790 4927 863 4980 enim
901 4926 1023 4980 conlusio
1042 4942 1217 4996 personarum
1230 4925 1306 4980 lovis
1324 4935 1353 4981 et
1369 4925 1471 4981 Bacchi
1486 4926 1520 4978 ad
1535 4924 1692 4995 parabolam

62 5000 202 5072 impetum
228 5001 343 5067 virilem,
365 5003 556 5074 impotentiam
577 5011 669 5057 autem
692 5004 862 5061 muliebrem.
901 5012 974 5060 recte
988 5004 1092 5060 traduci
1105 5012 1207 5075 potestr
1229 5006 1446 5077 quandoquidem
1459 5022 1502 5058 res
1516 5013 1600 5074 gestie
1613 5006 1692 5058 uobi-

61 5080 159 5134 Etiam
173 5079 240 5134 iilud
255 5080 393 5151 preclare,
402 5081 542 5137 Bacchum
551 5088 685 5136 mortuum
693 5082 862 5140 reviviscere.
900 5083 941 5140 les
955 5091 983 5139 et
993 5084 1080 5149 clarae,
1094 5093 1122 5138 et
1134 5085 1230 5139 merita
1244 5086 1362 5157 insignia
1376 5093 1403 5139 et
1417 5085 1542 5155 gloriosa,
1557 5084 1693 5139 interdum

61 5159 201 5214 Videntur
213 5160 286 5214 cuim
299 5160 413 5217 affectus
427 5162 587 5233 quandoque
609 5161 690 5231 sopiti
709 5168 792 5232 atque
815 5181 863 5218 ex·
901 5164 1030 5218 avirtute
1041 5172 1069 5218 et
1081 5172 1153 5217 recta
1162 5165 1264 5218 ratione
1275 5173 1302 5218 et
1313 5164 1543 5235 magnanimitate,
1557 5162 1693 5219 interdum

59 5239 152 5303 tincti,
171 5237 220 5293 sed
240 5237 317 5294 nulla
334 5240 402 5296 fides
423 5240 550 5296 habenda
568 5246 611 5294 est
632 5243 679 5305 eis,
693 5257 729 5294 ne
750 5242 863 5314 sepultis
901 5259 918 5297 a
939 5241 1041 5297 latente
1063 5244 1170 5307 affectu,
1192 5253 1221 5297 et
1242 5242 1348 5297 occulta
1372 5242 1518 5312 cupiditate
1543 5246 1693 5315 (utcunque

60 5316 194 5390 quidemr
215 5318 351 5390 siqnidem
361 5320 478 5391 praebita
496 5320 611 5375 materia
624 5326 653 5375 et
666 5320 807 5378 occasions
820 5339 863 5377 re·
901 5323 982 5376 sama
1002 5331 1030 5377 et
1052 5322 1139 5377 laudis
1161 5323 1318 5378 celebritate
1336 5323 1493 5389 efferantur)
1514 5323 1692 5392 proveniant:

60 5404 191 5468 surgunt.
900 5408 1004 5456 utnon
1024 5402 1104 5457 facile
1125 5402 1162 5458 sit
1181 5402 1347 5473 distinguere
1368 5402 1439 5455 iacta
1455 5401 1592 5457 Bacchis
1613 5402 1694 5459 iactis

102 5477 196 5547 Atque
216 5476 251 5531 de
269 5477 426 5534 inventione
438 5476 503 5535 vitia
519 5476 651 5550 parabola
668 5478 788 5550 prudens
805 5488 863 5536 ests
900 5479 989 5536 lovis.
