<?xml version="1.0" encoding="UTF-8"?>
<!DOCTYPE html PUBLIC "-//W3C//DTD XHTML 1.0 Transitional//EN"
    "http://www.w3.org/TR/xhtml1/DTD/xhtml1-transitional.dtd">
<html xmlns="http://www.w3.org/1999/xhtml" xml:lang="en" lang="en">
 <head>
  <title>
</title>
<meta http-equiv="Content-Type" content="text/html;charset=utf-8" />
  <meta name='ocr-system' content='tesseract 3.04.00' />
  <meta name='ocr-capabilities' content='ocr_page ocr_carea ocr_par ocr_line ocrx_word'/>
</head>
<body>
  <div class='ocr_page' id='page_1' title='image "./workslordbaconw00bacogoog_0391.png"; bbox 0 0 3800 5875; ppageno 0'>
   <div class='ocr_carea' id='block_1_1' title="bbox 63 305 1693 373">
    <p class='ocr_par' dir='ltr' id='par_1_1' title="bbox 63 305 1693 373">
     <span class='ocr_line' id='line_1_1' title="bbox 63 305 1693 373; baseline 0.007 -12"><span class='ocrx_word' id='word_1_1' title='bbox 63 305 134 363; x_wconf 84' lang='lat' dir='ltr'><strong>Csv.</strong></span> <span class='ocrx_word' id='word_1_2' title='bbox 150 307 184 363; x_wconf 77' lang='lat' dir='ltr'><strong>V.</strong></span> <span class='ocrx_word' id='word_1_3' title='bbox 581 308 632 364; x_wconf 87' lang='lat' dir='ltr'><strong>DE</strong></span> <span class='ocrx_word' id='word_1_4' title='bbox 655 308 884 366; x_wconf 83' lang='lat' dir='ltr'><strong>AUGMENTIS</strong></span> <span class='ocrx_word' id='word_1_5' title='bbox 906 309 1183 368; x_wconf 65' lang='lat' dir='ltr'><strong>selanitarum.</strong></span> <span class='ocrx_word' id='word_1_6' title='bbox 1634 317 1693 373; x_wconf 73' lang='grc'><strong>365</strong></span> 
     </span>
    </p>
   </div>
   <div class='ocr_carea' id='block_1_2' title="bbox 53 466 1720 1905">
    <p class='ocr_par' dir='ltr' id='par_1_2' title="bbox 53 466 1720 1835">
     <span class='ocr_line' id='line_1_2' title="bbox 57 466 1692 546; baseline 0.008 -29"><span class='ocrx_word' id='word_1_7' title='bbox 57 466 102 520; x_wconf 85' lang='lat' dir='ltr'><strong>rel</strong></span> <span class='ocrx_word' id='word_1_8' title='bbox 118 482 167 536; x_wconf 85' lang='lat' dir='ltr'><strong>per</strong></span> <span class='ocrx_word' id='word_1_9' title='bbox 180 481 346 521; x_wconf 85' lang='lat' dir='ltr'><strong>eonsensum</strong></span> <span class='ocrx_word' id='word_1_10' title='bbox 360 466 545 522; x_wconf 90' lang='lat' dir='ltr'><strong>immediatum</strong></span> <span class='ocrx_word' id='word_1_11' title='bbox 559 474 588 522; x_wconf 90' lang='lat' dir='ltr'><strong>et</strong></span> <span class='ocrx_word' id='word_1_12' title='bbox 600 469 725 523; x_wconf 90' lang='lat' dir='ltr'><strong>notiones</strong></span> <span class='ocrx_word' id='word_1_13' title='bbox 738 485 856 524; x_wconf 88' lang='lat' dir='ltr'><strong>commu·</strong></span> <span class='ocrx_word' id='word_1_14' title='bbox 892 470 928 542; x_wconf 91' lang='lat' dir='ltr'><strong>(si</strong></span> <span class='ocrx_word' id='word_1_15' title='bbox 942 470 988 524; x_wconf 88' lang='lat' dir='ltr'><strong>cui</strong></span> <span class='ocrx_word' id='word_1_16' title='bbox 1002 470 1094 539; x_wconf 85' lang='lat' dir='ltr'><strong>placet</strong></span> <span class='ocrx_word' id='word_1_17' title='bbox 1107 470 1161 524; x_wconf 90' lang='lat' dir='ltr'><strong>hac</strong></span> <span class='ocrx_word' id='word_1_18' title='bbox 1175 478 1232 526; x_wconf 90' lang='lat' dir='ltr'><strong>arte</strong></span> <span class='ocrx_word' id='word_1_19' title='bbox 1247 471 1282 525; x_wconf 91' lang='lat' dir='ltr'><strong>ad</strong></span> <span class='ocrx_word' id='word_1_20' title='bbox 1296 472 1504 527; x_wconf 73' lang='lat' dir='ltr'><strong>ostentationem</strong></span> <span class='ocrx_word' id='word_1_21' title='bbox 1520 474 1610 544; x_wconf 80' lang='lat' dir='ltr'><strong>abuti)</strong></span> <span class='ocrx_word' id='word_1_22' title='bbox 1625 476 1692 546; x_wconf 91' lang='lat' dir='ltr'><strong>quin</strong></span> 
     </span>
     <span class='ocr_line' id='line_1_3' title="bbox 54 545 1693 624; baseline 0.005 -24"><span class='ocrx_word' id='word_1_23' title='bbox 54 563 114 609; x_wconf 84' lang='lat' dir='ltr'><strong>nes,</strong></span> <span class='ocrx_word' id='word_1_24' title='bbox 128 545 171 598; x_wconf 88' lang='lat' dir='ltr'><strong>vel</strong></span> <span class='ocrx_word' id='word_1_25' title='bbox 185 562 237 616; x_wconf 89' lang='lat' dir='ltr'><strong>per</strong></span> <span class='ocrx_word' id='word_1_26' title='bbox 257 546 449 611; x_wconf 83' lang='lat' dir='ltr'><strong>inductionem,</strong></span> <span class='ocrx_word' id='word_1_27' title='bbox 463 546 507 601; x_wconf 89' lang='lat' dir='ltr'><strong>vel</strong></span> <span class='ocrx_word' id='word_1_28' title='bbox 526 563 575 616; x_wconf 90' lang='lat' dir='ltr'><strong>per</strong></span> <span class='ocrx_word' id='word_1_29' title='bbox 596 547 793 619; x_wconf 69' lang='lat' dir='ltr'><strong>syllogismum,</strong></span> <span class='ocrx_word' id='word_1_30' title='bbox 812 547 856 602; x_wconf 89' lang='lat' dir='ltr'><strong>vel</strong></span> <span class='ocrx_word' id='word_1_31' title='bbox 893 550 1002 619; x_wconf 90' lang='lat' dir='ltr'><strong>possint</strong></span> <span class='ocrx_word' id='word_1_32' title='bbox 1012 552 1137 620; x_wconf 74' lang='lat' dir='ltr'><strong>praestari</strong></span> <span class='ocrx_word' id='word_1_33' title='bbox 1151 567 1200 619; x_wconf 90' lang='lat' dir='ltr'><strong>per</strong></span> <span class='ocrx_word' id='word_1_34' title='bbox 1214 568 1275 605; x_wconf 92' lang='lat' dir='ltr'><strong>eam</strong></span> <span class='ocrx_word' id='word_1_35' title='bbox 1289 551 1420 607; x_wconf 89' lang='lat' dir='ltr'><strong>nonnulla</strong></span> <span class='ocrx_word' id='word_1_36' title='bbox 1434 552 1570 606; x_wconf 86' lang='lat' dir='ltr'><strong>mirabilia</strong></span> <span class='ocrx_word' id='word_1_37' title='bbox 1590 562 1618 608; x_wconf 90' lang='lat' dir='ltr'><strong>et</strong></span> <span class='ocrx_word' id='word_1_38' title='bbox 1633 571 1693 624; x_wconf 92' lang='lat' dir='ltr'><strong>por-</strong></span> 
     </span>
     <span class='ocr_line' id='line_1_4' title="bbox 55 624 1694 702; baseline 0.005 -23"><span class='ocrx_word' id='word_1_39' title='bbox 55 642 106 695; x_wconf 88' lang='lat' dir='ltr'><strong>per</strong></span> <span class='ocrx_word' id='word_1_40' title='bbox 119 642 179 679; x_wconf 89' lang='lat' dir='ltr'><strong>eam</strong></span> <span class='ocrx_word' id='word_1_41' title='bbox 195 624 299 699; x_wconf 89' lang='lat' dir='ltr'><strong>(quam</strong></span> <span class='ocrx_word' id='word_1_42' title='bbox 312 634 385 681; x_wconf 91' lang='lat' dir='ltr'><strong>recte</strong></span> <span class='ocrx_word' id='word_1_43' title='bbox 405 634 485 679; x_wconf 92' lang='lat' dir='ltr'><strong>vocat</strong></span> <span class='ocrx_word' id='word_1_44' title='bbox 503 626 676 694; x_wconf 88' lang='lat' dir='ltr'><strong>Aristoteles)</strong></span> <span class='ocrx_word' id='word_1_45' title='bbox 690 628 856 685; x_wconf 86' lang='lat' dir='ltr'><strong>demonstra·</strong></span> <span class='ocrx_word' id='word_1_46' title='bbox 892 637 1015 682; x_wconf 86' lang='lat' dir='ltr'><strong>tentosa:</strong></span> <span class='ocrx_word' id='word_1_47' title='bbox 1037 630 1086 682; x_wconf 91' lang='lat' dir='ltr'><strong>sed</strong></span> <span class='ocrx_word' id='word_1_48' title='bbox 1110 629 1290 684; x_wconf 85' lang='lat' dir='ltr'><strong>nihilominus</strong></span> <span class='ocrx_word' id='word_1_49' title='bbox 1304 649 1348 686; x_wconf 87' lang='lat' dir='ltr'><strong>res</strong></span> <span class='ocrx_word' id='word_1_50' title='bbox 1362 633 1441 702; x_wconf 91' lang='lat' dir='ltr'><strong>quasi</strong></span> <span class='ocrx_word' id='word_1_51' title='bbox 1460 631 1562 687; x_wconf 91' lang='lat' dir='ltr'><strong>sterilis</strong></span> <span class='ocrx_word' id='word_1_52' title='bbox 1583 641 1626 687; x_wconf 91' lang='lat' dir='ltr'><strong>est</strong></span> <span class='ocrx_word' id='word_1_53' title='bbox 1647 636 1694 702; x_wconf 91' lang='lat' dir='ltr'><strong>(eo</strong></span> 
     </span>
     <span class='ocr_line' id='line_1_5' title="bbox 55 702 1694 779; baseline 0.005 -22"><span class='ocrx_word' id='word_1_54' title='bbox 55 706 157 758; x_wconf 88' lang='lat' dir='ltr'><strong>tionem</strong></span> <span class='ocrx_word' id='word_1_55' title='bbox 170 705 200 757; x_wconf 92' lang='lat' dir='ltr'><strong>in</strong></span> <span class='ocrx_word' id='word_1_56' title='bbox 216 707 314 759; x_wconf 86' lang='lat' dir='ltr'><strong>orbem</strong></span> <span class='ocrx_word' id='word_1_57' title='bbox 328 702 398 779; x_wconf 85' lang='lat' dir='ltr'><strong>(non</strong></span> <span class='ocrx_word' id='word_1_58' title='bbox 412 705 589 760; x_wconf 90' lang='lat' dir='ltr'><strong>anotioribus</strong></span> <span class='ocrx_word' id='word_1_59' title='bbox 608 706 720 771; x_wconf 90' lang='lat' dir='ltr'><strong>scilicet,</strong></span> <span class='ocrx_word' id='word_1_60' title='bbox 736 708 785 760; x_wconf 88' lang='lat' dir='ltr'><strong>sed</strong></span> <span class='ocrx_word' id='word_1_61' title='bbox 799 716 856 760; x_wconf 88' lang='lat' dir='ltr'><strong>tan·</strong></span> <span class='ocrx_word' id='word_1_62' title='bbox 892 724 946 778; x_wconf 91' lang='lat' dir='ltr'><strong>quo</strong></span> <span class='ocrx_word' id='word_1_63' title='bbox 967 708 1113 763; x_wconf 78' lang='lat' dir='ltr'><strong>adhibetur</strong></span> <span class='ocrx_word' id='word_1_64' title='bbox 1131 709 1226 778; x_wconf 82' lang='lat' dir='ltr'><strong>modo)</strong></span> <span class='ocrx_word' id='word_1_65' title='bbox 1246 710 1279 763; x_wconf 90' lang='lat' dir='ltr'><strong>ad</strong></span> <span class='ocrx_word' id='word_1_66' title='bbox 1298 728 1364 765; x_wconf 84' lang='lat' dir='ltr'><strong>usus</strong></span> <span class='ocrx_word' id='word_1_67' title='bbox 1386 711 1528 767; x_wconf 85' lang='lat' dir='ltr'><strong>humanos.</strong></span> <span class='ocrx_word' id='word_1_68' title='bbox 1570 712 1606 766; x_wconf 89' lang='lat' dir='ltr'><strong>At</strong></span> <span class='ocrx_word' id='word_1_69' title='bbox 1624 712 1694 767; x_wconf 88' lang='lat' dir='ltr'><strong>illud</strong></span> 
     </span>
     <span class='ocr_line' id='line_1_6' title="bbox 54 780 1692 861; baseline 0.005 -25"><span class='ocrx_word' id='word_1_70' title='bbox 54 800 136 854; x_wconf 86' lang='lat' dir='ltr'><strong>qoam</strong></span> <span class='ocrx_word' id='word_1_71' title='bbox 144 785 177 838; x_wconf 95' lang='lat' dir='ltr'><strong>de</strong></span> <span class='ocrx_word' id='word_1_72' title='bbox 189 780 306 856; x_wconf 83' lang='lat' dir='ltr'><strong>plano);</strong></span> <span class='ocrx_word' id='word_1_73' title='bbox 320 784 476 839; x_wconf 74' lang='lat' dir='ltr'><strong>habenthae</strong></span> <span class='ocrx_word' id='word_1_74' title='bbox 484 786 730 840; x_wconf 86' lang='lat' dir='ltr'><strong>demonstrationes</strong></span> <span class='ocrx_word' id='word_1_75' title='bbox 741 785 856 857; x_wconf 76' lang='lat' dir='ltr'><strong>singulae</strong></span> <span class='ocrx_word' id='word_1_76' title='bbox 891 788 1001 840; x_wconf 85' lang='lat' dir='ltr'><strong>interim</strong></span> <span class='ocrx_word' id='word_1_77' title='bbox 1015 788 1040 841; x_wconf 91' lang='lat' dir='ltr'><strong>ei</strong></span> <span class='ocrx_word' id='word_1_78' title='bbox 1056 804 1110 841; x_wconf 90' lang='lat' dir='ltr'><strong>non</strong></span> <span class='ocrx_word' id='word_1_79' title='bbox 1129 789 1304 860; x_wconf 88' lang='lat' dir='ltr'><strong>imputamus,</strong></span> <span class='ocrx_word' id='word_1_80' title='bbox 1327 791 1398 861; x_wconf 90' lang='lat' dir='ltr'><strong>quod</strong></span> <span class='ocrx_word' id='word_1_81' title='bbox 1419 791 1569 847; x_wconf 74' lang='lat' dir='ltr'><strong>naturalem</strong></span> <span class='ocrx_word' id='word_1_82' title='bbox 1588 808 1692 846; x_wconf 89' lang='lat' dir='ltr'><strong>memo-</strong></span> 
     </span>
     <span class='ocr_line' id='line_1_7' title="bbox 54 864 1694 941; baseline 0.005 -25"><span class='ocrx_word' id='word_1_83' title='bbox 54 873 126 917; x_wconf 88' lang='lat' dir='ltr'><strong>eerte</strong></span> <span class='ocrx_word' id='word_1_84' title='bbox 149 864 283 932; x_wconf 86' lang='lat' dir='ltr'><strong>subjecta,</strong></span> <span class='ocrx_word' id='word_1_85' title='bbox 306 872 334 917; x_wconf 87' lang='lat' dir='ltr'><strong>et</strong></span> <span class='ocrx_word' id='word_1_86' title='bbox 354 865 484 920; x_wconf 85' lang='lat' dir='ltr'><strong>materias</strong></span> <span class='ocrx_word' id='word_1_87' title='bbox 505 865 688 929; x_wconf 75' lang='lat' dir='ltr'><strong>scientiarum,</strong></span> <span class='ocrx_word' id='word_1_88' title='bbox 705 866 734 919; x_wconf 91' lang='lat' dir='ltr'><strong>in</strong></span> <span class='ocrx_word' id='word_1_89' title='bbox 758 867 856 936; x_wconf 90' lang='lat' dir='ltr'><strong>quibus</strong></span> <span class='ocrx_word' id='word_1_90' title='bbox 892 866 961 920; x_wconf 87' lang='lat' dir='ltr'><strong>riam</strong></span> <span class='ocrx_word' id='word_1_91' title='bbox 975 867 1095 921; x_wconf 86' lang='lat' dir='ltr'><strong>destruat</strong></span> <span class='ocrx_word' id='word_1_92' title='bbox 1108 877 1136 921; x_wconf 90' lang='lat' dir='ltr'><strong>et</strong></span> <span class='ocrx_word' id='word_1_93' title='bbox 1149 877 1324 938; x_wconf 87' lang='lat' dir='ltr'><strong>superoneret</strong></span> <span class='ocrx_word' id='word_1_94' title='bbox 1338 870 1472 941; x_wconf 82' lang='lat' dir='ltr'><strong>(utrulgo</strong></span> <span class='ocrx_word' id='word_1_95' title='bbox 1485 871 1625 940; x_wconf 83' lang='lat' dir='ltr'><strong>objicitur)</strong></span> <span class='ocrx_word' id='word_1_96' title='bbox 1646 872 1694 925; x_wconf 92' lang='lat' dir='ltr'><strong>sed</strong></span> 
     </span>
     <span class='ocr_line' id='line_1_8' title="bbox 54 942 1695 1016; baseline 0.006 -20"><span class='ocrx_word' id='word_1_97' title='bbox 54 943 172 1013; x_wconf 83' lang='lat' dir='ltr'><strong>pollent;</strong></span> <span class='ocrx_word' id='word_1_98' title='bbox 194 942 262 1007; x_wconf 87' lang='lat' dir='ltr'><strong>alia,</strong></span> <span class='ocrx_word' id='word_1_99' title='bbox 278 944 407 1014; x_wconf 90' lang='lat' dir='ltr'><strong>aquibus</strong></span> <span class='ocrx_word' id='word_1_100' title='bbox 425 944 613 999; x_wconf 89' lang='lat' dir='ltr'><strong>excluduntur.</strong></span> <span class='ocrx_word' id='word_1_101' title='bbox 654 946 764 999; x_wconf 86' lang='lat' dir='ltr'><strong>Etenim</strong></span> <span class='ocrx_word' id='word_1_102' title='bbox 783 946 857 1015; x_wconf 88' lang='lat' dir='ltr'><strong>rigor</strong></span> <span class='ocrx_word' id='word_1_103' title='bbox 893 947 964 1016; x_wconf 90' lang='lat' dir='ltr'><strong>quod</strong></span> <span class='ocrx_word' id='word_1_104' title='bbox 985 963 1039 1000; x_wconf 91' lang='lat' dir='ltr'><strong>non</strong></span> <span class='ocrx_word' id='word_1_105' title='bbox 1059 947 1169 1001; x_wconf 83' lang='lat' dir='ltr'><strong>dextere</strong></span> <span class='ocrx_word' id='word_1_106' title='bbox 1186 948 1309 1002; x_wconf 89' lang='lat' dir='ltr'><strong>instituta</strong></span> <span class='ocrx_word' id='word_1_107' title='bbox 1322 949 1405 1002; x_wconf 88' lang='lat' dir='ltr'><strong>sitad</strong></span> <span class='ocrx_word' id='word_1_108' title='bbox 1424 951 1528 1004; x_wconf 88' lang='lat' dir='ltr'><strong>auxilia</strong></span> <span class='ocrx_word' id='word_1_109' title='bbox 1554 953 1695 1007; x_wconf 76' lang='lat' dir='ltr'><strong>memoriae</strong></span> 
     </span>
     <span class='ocr_line' id='line_1_9' title="bbox 54 1023 1692 1098; baseline 0.005 -23"><span class='ocrx_word' id='word_1_110' title='bbox 54 1033 80 1076; x_wconf 90' lang='lat' dir='ltr'><strong>et</strong></span> <span class='ocrx_word' id='word_1_111' title='bbox 93 1023 241 1077; x_wconf 88' lang='lat' dir='ltr'><strong>curiositas</strong></span> <span class='ocrx_word' id='word_1_112' title='bbox 250 1024 281 1076; x_wconf 94' lang='lat' dir='ltr'><strong>in</strong></span> <span class='ocrx_word' id='word_1_113' title='bbox 292 1024 429 1092; x_wconf 87' lang='lat' dir='ltr'><strong>poscendo</strong></span> <span class='ocrx_word' id='word_1_114' title='bbox 438 1024 612 1094; x_wconf 91' lang='lat' dir='ltr'><strong>probationes</strong></span> <span class='ocrx_word' id='word_1_115' title='bbox 622 1025 736 1079; x_wconf 90' lang='lat' dir='ltr'><strong>nimium</strong></span> <span class='ocrx_word' id='word_1_116' title='bbox 748 1041 856 1079; x_wconf 86' lang='lat' dir='ltr'><strong>severas</strong></span> <span class='ocrx_word' id='word_1_117' title='bbox 892 1027 1087 1080; x_wconf 87' lang='lat' dir='ltr'><strong>commodanda</strong></span> <span class='ocrx_word' id='word_1_118' title='bbox 1101 1028 1129 1080; x_wconf 91' lang='lat' dir='ltr'><strong>in</strong></span> <span class='ocrx_word' id='word_1_119' title='bbox 1143 1029 1262 1098; x_wconf 91' lang='lat' dir='ltr'><strong>negotiis</strong></span> <span class='ocrx_word' id='word_1_120' title='bbox 1276 1036 1304 1080; x_wconf 92' lang='lat' dir='ltr'><strong>et</strong></span> <span class='ocrx_word' id='word_1_121' title='bbox 1317 1029 1398 1083; x_wconf 87' lang='lat' dir='ltr'><strong>rebus</strong></span> <span class='ocrx_word' id='word_1_122' title='bbox 1419 1030 1508 1084; x_wconf 91' lang='lat' dir='ltr'><strong>seriis.</strong></span> <span class='ocrx_word' id='word_1_123' title='bbox 1550 1031 1612 1084; x_wconf 87' lang='lat' dir='ltr'><strong>Nos</strong></span> <span class='ocrx_word' id='word_1_124' title='bbox 1628 1047 1692 1085; x_wconf 89' lang='lat' dir='ltr'><strong>vero</strong></span> 
     </span>
     <span class='ocr_line' id='line_1_10' title="bbox 54 1102 1690 1179; baseline 0.005 -24"><span class='ocrx_word' id='word_1_125' title='bbox 54 1104 81 1155; x_wconf 89' lang='lat' dir='ltr'><strong>in</strong></span> <span class='ocrx_word' id='word_1_126' title='bbox 102 1102 263 1173; x_wconf 68' lang='lat' dir='ltr'><strong>aliquibnse</strong></span> <span class='ocrx_word' id='word_1_127' title='bbox 285 1103 374 1156; x_wconf 90' lang='lat' dir='ltr'><strong>multo</strong></span> <span class='ocrx_word' id='word_1_128' title='bbox 394 1106 483 1174; x_wconf 90' lang='lat' dir='ltr'><strong>magis</strong></span> <span class='ocrx_word' id='word_1_129' title='bbox 501 1102 616 1157; x_wconf 88' lang='lat' dir='ltr'><strong>facilitas</strong></span> <span class='ocrx_word' id='word_1_130' title='bbox 634 1111 661 1157; x_wconf 93' lang='lat' dir='ltr'><strong>et</strong></span> <span class='ocrx_word' id='word_1_131' title='bbox 680 1105 804 1158; x_wconf 87' lang='lat' dir='ltr'><strong>remissio</strong></span> <span class='ocrx_word' id='word_1_132' title='bbox 827 1105 856 1157; x_wconf 91' lang='lat' dir='ltr'><strong>in</strong></span> <span class='ocrx_word' id='word_1_133' title='bbox 893 1105 944 1158; x_wconf 89' lang='lat' dir='ltr'><strong>hoc</strong></span> <span class='ocrx_word' id='word_1_134' title='bbox 953 1106 1086 1159; x_wconf 88' lang='lat' dir='ltr'><strong>habemus</strong></span> <span class='ocrx_word' id='word_1_135' title='bbox 1098 1107 1223 1173; x_wconf 87' lang='lat' dir='ltr'><strong>(fortasse</strong></span> <span class='ocrx_word' id='word_1_136' title='bbox 1233 1124 1268 1160; x_wconf 88' lang='lat' dir='ltr'><strong>ex</strong></span> <span class='ocrx_word' id='word_1_137' title='bbox 1276 1108 1445 1177; x_wconf 79' lang='lat' dir='ltr'><strong>generavitoe</strong></span> <span class='ocrx_word' id='word_1_138' title='bbox 1455 1118 1548 1163; x_wconf 88' lang='lat' dir='ltr'><strong>nostro</strong></span> <span class='ocrx_word' id='word_1_139' title='bbox 1558 1109 1690 1179; x_wconf 75' lang='lat' dir='ltr'><strong>politicen)</strong></span> 
     </span>
     <span class='ocr_line' id='line_1_11' title="bbox 54 1182 1691 1258; baseline 0.005 -24"><span class='ocrx_word' id='word_1_140' title='bbox 54 1182 257 1252; x_wconf 82' lang='lat' dir='ltr'><strong>acquiescendo</strong></span> <span class='ocrx_word' id='word_1_141' title='bbox 268 1182 476 1251; x_wconf 88' lang='lat' dir='ltr'><strong>probationibus</strong></span> <span class='ocrx_word' id='word_1_142' title='bbox 486 1182 635 1236; x_wconf 88' lang='lat' dir='ltr'><strong>levioribus</strong></span> <span class='ocrx_word' id='word_1_143' title='bbox 643 1185 671 1235; x_wconf 89' lang='lat' dir='ltr'><strong>in</strong></span> <span class='ocrx_word' id='word_1_144' title='bbox 682 1182 763 1247; x_wconf 73' lang='lat' dir='ltr'><strong>aliis3</strong></span> <span class='ocrx_word' id='word_1_145' title='bbox 784 1185 856 1237; x_wconf 91' lang='lat' dir='ltr'><strong>inter</strong></span> <span class='ocrx_word' id='word_1_146' title='bbox 891 1191 928 1247; x_wconf 91' lang='lat' dir='ltr'><strong>ut,</strong></span> <span class='ocrx_word' id='word_1_147' title='bbox 955 1202 1015 1254; x_wconf 78' lang='lat' dir='ltr'><strong>qum</strong></span> <span class='ocrx_word' id='word_1_148' title='bbox 1037 1193 1123 1238; x_wconf 89' lang='lat' dir='ltr'><strong>artem</strong></span> <span class='ocrx_word' id='word_1_149' title='bbox 1142 1186 1252 1253; x_wconf 86' lang='lat' dir='ltr'><strong>jactant,</strong></span> <span class='ocrx_word' id='word_1_150' title='bbox 1278 1204 1358 1240; x_wconf 87' lang='lat' dir='ltr'><strong>usum</strong></span> <span class='ocrx_word' id='word_1_151' title='bbox 1381 1204 1436 1241; x_wconf 90' lang='lat' dir='ltr'><strong>non</strong></span> <span class='ocrx_word' id='word_1_152' title='bbox 1459 1189 1589 1258; x_wconf 77' lang='lat' dir='ltr'><strong>praebent,</strong></span> <span class='ocrx_word' id='word_1_153' title='bbox 1612 1189 1691 1258; x_wconf 91' lang='lat' dir='ltr'><strong>parvi</strong></span> 
     </span>
     <span class='ocr_line' id='line_1_12' title="bbox 54 1261 1720 1336; baseline 0.005 -22"><span class='ocrx_word' id='word_1_154' title='bbox 54 1278 85 1314; x_wconf 88' lang='lat' dir='ltr'><strong>ea</strong></span> <span class='ocrx_word' id='word_1_155' title='bbox 97 1269 162 1315; x_wconf 88' lang='lat' dir='ltr'><strong>sunt</strong></span> <span class='ocrx_word' id='word_1_156' title='bbox 172 1262 353 1325; x_wconf 88' lang='lat' dir='ltr'><strong>numeranda,</strong></span> <span class='ocrx_word' id='word_1_157' title='bbox 368 1280 428 1333; x_wconf 76' lang='lat' dir='ltr'><strong>quae</strong></span> <span class='ocrx_word' id='word_1_158' title='bbox 441 1263 596 1316; x_wconf 85' lang='lat' dir='ltr'><strong>detrimenti</strong></span> <span class='ocrx_word' id='word_1_159' title='bbox 611 1261 758 1332; x_wconf 88' lang='lat' dir='ltr'><strong>plurimum</strong></span> <span class='ocrx_word' id='word_1_160' title='bbox 767 1270 795 1316; x_wconf 91' lang='lat' dir='ltr'><strong>et</strong></span> <span class='ocrx_word' id='word_1_161' title='bbox 807 1263 856 1316; x_wconf 90' lang='lat' dir='ltr'><strong>im·</strong></span> <span class='ocrx_word' id='word_1_162' title='bbox 893 1263 1033 1318; x_wconf 86' lang='lat' dir='ltr'><strong>faciamus.</strong></span> <span class='ocrx_word' id='word_1_163' title='bbox 1074 1265 1149 1319; x_wconf 87' lang='lat' dir='ltr'><strong>Nam</strong></span> <span class='ocrx_word' id='word_1_164' title='bbox 1169 1266 1308 1336; x_wconf 89' lang='lat' dir='ltr'><strong>ingentem</strong></span> <span class='ocrx_word' id='word_1_165' title='bbox 1330 1283 1473 1321; x_wconf 88' lang='lat' dir='ltr'><strong>numerum</strong></span> <span class='ocrx_word' id='word_1_166' title='bbox 1492 1269 1631 1322; x_wconf 91' lang='lat' dir='ltr'><strong>nominum</strong></span> <span class='ocrx_word' id='word_1_167' title='bbox 1645 1276 1692 1323; x_wconf 89' lang='lat' dir='ltr'><strong>aut</strong></span> <span class='ocrx_word' id='word_1_168' title='bbox 1712 1270 1720 1283; x_wconf 91' lang='lat'><strong><em>‘</em></strong></span> 
     </span>
     <span class='ocr_line' id='line_1_13' title="bbox 53 1341 1692 1414; baseline 0.005 -21"><span class='ocrx_word' id='word_1_169' title='bbox 53 1341 203 1411; x_wconf 83' lang='lat' dir='ltr'><strong>pedimenti</strong></span> <span class='ocrx_word' id='word_1_170' title='bbox 214 1342 341 1394; x_wconf 59' lang='lat' dir='ltr'><strong>meritiis</strong></span> <span class='ocrx_word' id='word_1_171' title='bbox 355 1341 511 1396; x_wconf 87' lang='lat' dir='ltr'><strong>attulerunt</strong></span> <span class='ocrx_word' id='word_1_172' title='bbox 552 1341 642 1414; x_wconf 86' lang='lat' dir='ltr'><strong>Atque</strong></span> <span class='ocrx_word' id='word_1_173' title='bbox 657 1343 691 1396; x_wconf 87' lang='lat' dir='ltr'><strong>de</strong></span> <span class='ocrx_word' id='word_1_174' title='bbox 706 1350 765 1397; x_wconf 87' lang='lat' dir='ltr'><strong>arte</strong></span> <span class='ocrx_word' id='word_1_175' title='bbox 782 1342 854 1410; x_wconf 85' lang='lat' dir='ltr'><strong>judi·</strong></span> <span class='ocrx_word' id='word_1_176' title='bbox 892 1345 1037 1398; x_wconf 90' lang='lat' dir='ltr'><strong>verborum</strong></span> <span class='ocrx_word' id='word_1_177' title='bbox 1059 1344 1145 1397; x_wconf 89' lang='lat' dir='ltr'><strong>semel</strong></span> <span class='ocrx_word' id='word_1_178' title='bbox 1170 1346 1344 1398; x_wconf 89' lang='lat' dir='ltr'><strong>recitatorum</strong></span> <span class='ocrx_word' id='word_1_179' title='bbox 1366 1346 1463 1400; x_wconf 89' lang='lat' dir='ltr'><strong>eodem</strong></span> <span class='ocrx_word' id='word_1_180' title='bbox 1482 1348 1575 1401; x_wconf 88' lang='lat' dir='ltr'><strong>ordine</strong></span> <span class='ocrx_word' id='word_1_181' title='bbox 1596 1348 1692 1401; x_wconf 86' lang='lat' dir='ltr'><strong>statim</strong></span> 
     </span>
     <span class='ocr_line' id='line_1_14' title="bbox 53 1420 1691 1497; baseline 0.004 -23"><span class='ocrx_word' id='word_1_182' title='bbox 53 1421 131 1474; x_wconf 80' lang='lat' dir='ltr'><strong>sandi</strong></span> <span class='ocrx_word' id='word_1_183' title='bbox 143 1420 206 1475; x_wconf 82' lang='lat' dir='ltr'><strong>haec</strong></span> <span class='ocrx_word' id='word_1_184' title='bbox 221 1420 299 1474; x_wconf 90' lang='lat' dir='ltr'><strong>dicta</strong></span> <span class='ocrx_word' id='word_1_185' title='bbox 313 1421 375 1474; x_wconf 86' lang='lat' dir='ltr'><strong>sint</strong></span> <span class='ocrx_word' id='word_1_186' title='bbox 892 1430 1022 1492; x_wconf 87' lang='lat' dir='ltr'><strong>repetere,</strong></span> <span class='ocrx_word' id='word_1_187' title='bbox 1034 1432 1081 1476; x_wconf 92' lang='lat' dir='ltr'><strong>aut</strong></span> <span class='ocrx_word' id='word_1_188' title='bbox 1093 1440 1187 1478; x_wconf 90' lang='lat' dir='ltr'><strong>versus</strong></span> <span class='ocrx_word' id='word_1_189' title='bbox 1201 1423 1356 1494; x_wconf 90' lang='lat' dir='ltr'><strong>complures</strong></span> <span class='ocrx_word' id='word_1_190' title='bbox 1369 1426 1403 1478; x_wconf 96' lang='lat' dir='ltr'><strong>de</strong></span> <span class='ocrx_word' id='word_1_191' title='bbox 1418 1427 1513 1496; x_wconf 76' lang='lat' dir='ltr'><strong>quotis</strong></span> <span class='ocrx_word' id='word_1_192' title='bbox 1527 1436 1691 1497; x_wconf 85' lang='lat' dir='ltr'><strong>argumento</strong></span> 
     </span>
     <span class='ocr_line' id='line_1_15' title="bbox 892 1503 1692 1574; baseline 0.004 -18"><span class='ocrx_word' id='word_1_193' title='bbox 892 1511 1050 1572; x_wconf 84' lang='lat' dir='ltr'><strong>extempore</strong></span> <span class='ocrx_word' id='word_1_194' title='bbox 1065 1503 1206 1566; x_wconf 89' lang='lat' dir='ltr'><strong>conficere,</strong></span> <span class='ocrx_word' id='word_1_195' title='bbox 1226 1512 1274 1556; x_wconf 89' lang='lat' dir='ltr'><strong>aut</strong></span> <span class='ocrx_word' id='word_1_196' title='bbox 1293 1505 1423 1574; x_wconf 90' lang='lat' dir='ltr'><strong>quicquid</strong></span> <span class='ocrx_word' id='word_1_197' title='bbox 1442 1507 1561 1560; x_wconf 89' lang='lat' dir='ltr'><strong>occurrit</strong></span> <span class='ocrx_word' id='word_1_198' title='bbox 1580 1506 1692 1560; x_wconf 87' lang='lat' dir='ltr'><strong>satirica</strong></span> 
     </span>
     <span class='ocr_line' id='line_1_16' title="bbox 434 1624 623 1686; baseline 0.006 24.833"><span class='ocrx_word' id='word_1_199' title='bbox 434 1624 623 1686; x_wconf 66' lang='lat' dir='ltr'><strong>omno</strong></span> 
     </span>
     <span class='ocr_line' id='line_1_17' title="bbox 53 1740 1691 1835; baseline 0.005 -22"><span class='ocrx_word' id='word_1_200' title='bbox 53 1759 177 1815; x_wconf 83' lang='lat' dir='ltr'><strong>Portitr&#39;o</strong></span> <span class='ocrx_word' id='word_1_201' title='bbox 191 1764 266 1816; x_wconf 81' lang='lat' dir='ltr'><strong>ortis</strong></span> <span class='ocrx_word' id='word_1_202' title='bbox 280 1762 419 1815; x_wconf 81' lang='lat' dir='ltr'><strong>retinendi</strong></span> <span class='ocrx_word' id='word_1_203' title='bbox 430 1765 488 1816; x_wconf 84' lang='lat' dir='ltr'><strong>sive</strong></span> <span class='ocrx_word' id='word_1_204' title='bbox 502 1765 644 1817; x_wconf 81' lang='lat' dir='ltr'><strong>retentivoe</strong></span> <span class='ocrx_word' id='word_1_205' title='bbox 659 1764 687 1815; x_wconf 83' lang='lat' dir='ltr'><strong>in</strong></span> <span class='ocrx_word' id='word_1_206' title='bbox 708 1763 855 1817; x_wconf 83' lang='lat' dir='ltr'><strong>doctrinam</strong></span> <span class='ocrx_word' id='word_1_207' title='bbox 893 1741 1136 1834; x_wconf 60' lang='grc' dir='ltr'><strong>91111111111111111ζ</strong></span> <span class='ocrx_word' id='word_1_208' title='bbox 1153 1750 1182 1795; x_wconf 70' lang='grc'><strong>111</strong></span> <span class='ocrx_word' id='word_1_209' title='bbox 1201 1741 1303 1795; x_wconf 75' lang='grc'><strong>1111111111</strong></span> <span class='ocrx_word' id='word_1_210' title='bbox 1321 1740 1452 1834; x_wconf 58' lang='grc'><strong>(9111111111</strong></span> <span class='ocrx_word' id='word_1_211' title='bbox 1472 1744 1502 1798; x_wconf 84' lang='grc'><strong>111</strong></span> <span class='ocrx_word' id='word_1_212' title='bbox 1515 1743 1691 1835; x_wconf 56' lang='grc'><strong>11111111111111</strong></span> 
     </span>
    </p>

    <p class='ocr_par' dir='ltr' id='par_1_3' title="bbox 90 1820 1691 1905">
     <span class='ocr_line' id='line_1_18' title="bbox 90 1820 1691 1905; baseline 0.004 -10"><span class='ocrx_word' id='word_1_213' title='bbox 90 1843 123 1895; x_wconf 80' lang='lat' dir='ltr'><strong>ds</strong></span> <span class='ocrx_word' id='word_1_214' title='bbox 138 1842 322 1895; x_wconf 71' lang='lat' dir='ltr'><strong>adminiculis</strong></span> <span class='ocrx_word' id='word_1_215' title='bbox 335 1844 474 1905; x_wconf 80' lang='lat' dir='ltr'><strong>memorioe,</strong></span> <span class='ocrx_word' id='word_1_216' title='bbox 486 1851 512 1894; x_wconf 83' lang='lat' dir='ltr'><strong>ct</strong></span> <span class='ocrx_word' id='word_1_217' title='bbox 526 1843 674 1896; x_wconf 83' lang='lat' dir='ltr'><strong>doctrinam</strong></span> <span class='ocrx_word' id='word_1_218' title='bbox 688 1843 720 1895; x_wconf 88' lang='lat' dir='ltr'><strong>de</strong></span> <span class='ocrx_word' id='word_1_219' title='bbox 732 1845 855 1898; x_wconf 80' lang='lat' dir='ltr'><strong>memorio</strong></span> <span class='ocrx_word' id='word_1_220' title='bbox 892 1837 974 1873; x_wconf 74' lang='lat' dir='ltr'>⁸¹¹¹m¹</span> <span class='ocrx_word' id='word_1_221' title='bbox 998 1820 1072 1874; x_wconf 72' lang='grc'><strong>11111111</strong></span> <span class='ocrx_word' id='word_1_222' title='bbox 1093 1837 1194 1892; x_wconf 56' lang='grc'><strong>11181111</strong></span> <span class='ocrx_word' id='word_1_223' title='bbox 1214 1828 1257 1876; x_wconf 62' lang='grc'><strong>111</strong></span> <span class='ocrx_word' id='word_1_224' title='bbox 1275 1838 1373 1891; x_wconf 75' lang='lat' dir='ltr'>⁰⁰P¹⁸3</span> <span class='ocrx_word' id='word_1_225' title='bbox 1396 1840 1510 1894; x_wconf 58' lang='grc'><strong>(1111111111</strong></span> <span class='ocrx_word' id='word_1_226' title='bbox 1530 1825 1643 1894; x_wconf 61' lang='grc'><strong>1118111111</strong></span> <span class='ocrx_word' id='word_1_227' title='bbox 1662 1831 1691 1878; x_wconf 65' lang='lat'><strong>⁰⁸</strong></span> 
     </span>
    </p>
   </div>
   <div class='ocr_carea' id='block_1_3' title="bbox 86 1899 1691 2073">
    <p class='ocr_par' dir='ltr' id='par_1_4' title="bbox 86 1899 1691 2073">
     <span class='ocr_line' id='line_1_19' title="bbox 90 1899 1689 1994; baseline 0.001 -40"><span class='ocrx_word' id='word_1_228' title='bbox 90 1924 163 1993; x_wconf 53' lang='lat' dir='ltr'><strong>,m</strong></span> <span class='ocrx_word' id='word_1_229' title='bbox 208 1920 337 1974; x_wconf 56' lang='lat' dir='ltr'><strong>parmi,</strong></span> <span class='ocrx_word' id='word_1_230' title='bbox 363 1921 494 1979; x_wconf 57' lang='lat' dir='ltr'><strong>goeprpnoe</strong></span> <span class='ocrx_word' id='word_1_231' title='bbox 521 1923 554 1975; x_wconf 60' lang='lat' dir='ltr'><strong>d,</strong></span> <span class='ocrx_word' id='word_1_232' title='bbox 581 1924 703 1975; x_wconf 57' lang='lat' dir='ltr'><strong>memma</strong></span> <span class='ocrx_word' id='word_1_233' title='bbox 732 1925 801 1994; x_wconf 50' lang='lat' dir='ltr'><strong>ipsa,</strong></span> <span class='ocrx_word' id='word_1_234' title='bbox 826 1925 855 1976; x_wconf 58' lang='lat' dir='ltr'><strong>g„</strong></span> <span class='ocrx_word' id='word_1_235' title='bbox 892 1900 1088 1954; x_wconf 83' lang='lat' dir='ltr'><strong>exercitatione</strong></span> <span class='ocrx_word' id='word_1_236' title='bbox 1108 1901 1143 1954; x_wconf 89' lang='lat' dir='ltr'><strong>ad</strong></span> <span class='ocrx_word' id='word_1_237' title='bbox 1164 1899 1327 1954; x_wconf 87' lang='lat' dir='ltr'><strong>miraculum</strong></span> <span class='ocrx_word' id='word_1_238' title='bbox 1346 1918 1432 1972; x_wconf 90' lang='lat' dir='ltr'><strong>usque</strong></span> <span class='ocrx_word' id='word_1_239' title='bbox 1453 1902 1548 1956; x_wconf 86' lang='lat' dir='ltr'><strong>extolli</strong></span> <span class='ocrx_word' id='word_1_240' title='bbox 1563 1905 1689 1973; x_wconf 86' lang='lat' dir='ltr'><strong>possunt)</strong></span> 
     </span>
     <span class='ocr_line' id='line_1_20' title="bbox 86 1979 1691 2073; baseline 0.002 -40"><span class='ocrx_word' id='word_1_241' title='bbox 86 2003 291 2073; x_wconf 45' lang='lat' dir='ltr'><strong>‘mmmm</strong></span> <span class='ocrx_word' id='word_1_242' title='bbox 305 2010 331 2053; x_wconf 60' lang='lat' dir='ltr'><strong>,q</strong></span> <span class='ocrx_word' id='word_1_243' title='bbox 345 2002 476 2055; x_wconf 43' lang='lat' dir='ltr'><em>emblem·</em></span> <span class='ocrx_word' id='word_1_244' title='bbox 892 1979 951 2032; x_wconf 78' lang='lat' dir='ltr'><strong>hac</strong></span> <span class='ocrx_word' id='word_1_245' title='bbox 972 1987 1045 2033; x_wconf 88' lang='lat' dir='ltr'><strong>certe</strong></span> <span class='ocrx_word' id='word_1_246' title='bbox 1067 1982 1166 2045; x_wconf 88' lang='lat' dir='ltr'><strong>omnia,</strong></span> <span class='ocrx_word' id='word_1_247' title='bbox 1181 1986 1211 2034; x_wconf 91' lang='lat' dir='ltr'><strong>et</strong></span> <span class='ocrx_word' id='word_1_248' title='bbox 1230 1979 1275 2034; x_wconf 93' lang='lat' dir='ltr'><strong>his</strong></span> <span class='ocrx_word' id='word_1_249' title='bbox 1300 1980 1408 2045; x_wconf 89' lang='lat' dir='ltr'><strong>similia,</strong></span> <span class='ocrx_word' id='word_1_250' title='bbox 1429 1998 1479 2035; x_wconf 94' lang='lat' dir='ltr'><strong>nos</strong></span> <span class='ocrx_word' id='word_1_251' title='bbox 1501 1999 1557 2036; x_wconf 91' lang='lat' dir='ltr'><strong>non</strong></span> <span class='ocrx_word' id='word_1_252' title='bbox 1577 1979 1691 2057; x_wconf 89' lang='lat' dir='ltr'><strong>majoris</strong></span> 
     </span>
    </p>
   </div>
   <div class='ocr_carea' id='block_1_4' title="bbox 52 2058 1692 2927">
    <p class='ocr_par' dir='ltr' id='par_1_5' title="bbox 52 2058 1692 2927">
     <span class='ocr_line' id='line_1_21' title="bbox 893 2058 1689 2132; baseline 0.006 -21"><span class='ocrx_word' id='word_1_253' title='bbox 893 2058 1014 2123; x_wconf 87' lang='lat' dir='ltr'><strong>facimus,</strong></span> <span class='ocrx_word' id='word_1_254' title='bbox 1029 2075 1111 2129; x_wconf 89' lang='lat' dir='ltr'><strong>qnam</strong></span> <span class='ocrx_word' id='word_1_255' title='bbox 1126 2059 1344 2114; x_wconf 81' lang='lat' dir='ltr'><strong>funambulorum</strong></span> <span class='ocrx_word' id='word_1_256' title='bbox 1356 2069 1383 2114; x_wconf 92' lang='lat' dir='ltr'><strong>ct</strong></span> <span class='ocrx_word' id='word_1_257' title='bbox 1393 2060 1536 2116; x_wconf 90' lang='lat' dir='ltr'><strong>mimorum</strong></span> <span class='ocrx_word' id='word_1_258' title='bbox 1551 2060 1689 2132; x_wconf 78' lang='lat' dir='ltr'><strong>agilitates</strong></span> 
     </span>
     <span class='ocr_line' id='line_1_22' title="bbox 90 2136 1690 2205; baseline 0.003 -14"><span class='ocrx_word' id='word_1_259' title='bbox 90 2136 200 2192; x_wconf 78' lang='lat' dir='ltr'><strong>Arme</strong></span> <span class='ocrx_word' id='word_1_260' title='bbox 213 2137 352 2193; x_wconf 85' lang='lat' dir='ltr'><strong>retinendi</strong></span> <span class='ocrx_word' id='word_1_261' title='bbox 367 2137 424 2192; x_wconf 89' lang='lat' dir='ltr'><strong>sive</strong></span> <span class='ocrx_word' id='word_1_262' title='bbox 437 2137 605 2192; x_wconf 90' lang='lat' dir='ltr'><strong>custodiendi</strong></span> <span class='ocrx_word' id='word_1_263' title='bbox 624 2139 653 2192; x_wconf 90' lang='lat' dir='ltr'><strong>in</strong></span> <span class='ocrx_word' id='word_1_264' title='bbox 671 2138 739 2193; x_wconf 87' lang='lat' dir='ltr'><strong>duas</strong></span> <span class='ocrx_word' id='word_1_265' title='bbox 752 2139 848 2194; x_wconf 90' lang='lat' dir='ltr'><strong>doctri·</strong></span> <span class='ocrx_word' id='word_1_266' title='bbox 892 2147 919 2192; x_wconf 87' lang='lat' dir='ltr'><strong>et</strong></span> <span class='ocrx_word' id='word_1_267' title='bbox 933 2138 1054 2192; x_wconf 86' lang='lat' dir='ltr'><strong>ludicra:</strong></span> <span class='ocrx_word' id='word_1_268' title='bbox 1076 2141 1177 2193; x_wconf 87' lang='lat' dir='ltr'><strong>etenim</strong></span> <span class='ocrx_word' id='word_1_269' title='bbox 1190 2139 1285 2194; x_wconf 85' lang='lat' dir='ltr'><strong>endem</strong></span> <span class='ocrx_word' id='word_1_270' title='bbox 1300 2139 1386 2194; x_wconf 88' lang='lat' dir='ltr'><strong>ferme</strong></span> <span class='ocrx_word' id='word_1_271' title='bbox 1400 2157 1444 2194; x_wconf 87' lang='lat' dir='ltr'><strong>res</strong></span> <span class='ocrx_word' id='word_1_272' title='bbox 1458 2149 1538 2205; x_wconf 67' lang='lat' dir='ltr'><strong>eunte</strong></span> <span class='ocrx_word' id='word_1_273' title='bbox 1552 2158 1615 2195; x_wconf 88' lang='lat' dir='ltr'><strong>curn</strong></span> <span class='ocrx_word' id='word_1_274' title='bbox 1628 2140 1690 2196; x_wconf 74' lang='lat' dir='ltr'><strong>hnc</strong></span> 
     </span>
     <span class='ocr_line' id='line_1_23' title="bbox 54 2217 1692 2288; baseline 0.003 -18"><span class='ocrx_word' id='word_1_275' title='bbox 54 2234 101 2272; x_wconf 88' lang='lat' dir='ltr'><strong>nas</strong></span> <span class='ocrx_word' id='word_1_276' title='bbox 123 2218 299 2288; x_wconf 85' lang='lat' dir='ltr'><strong>partiemur:</strong></span> <span class='ocrx_word' id='word_1_277' title='bbox 331 2217 480 2271; x_wconf 87' lang='lat' dir='ltr'><strong>doctrinam</strong></span> <span class='ocrx_word' id='word_1_278' title='bbox 502 2218 606 2272; x_wconf 89' lang='lat' dir='ltr'><strong>scilicet</strong></span> <span class='ocrx_word' id='word_1_279' title='bbox 629 2219 662 2272; x_wconf 87' lang='lat' dir='ltr'><strong>de</strong></span> <span class='ocrx_word' id='word_1_280' title='bbox 685 2218 855 2274; x_wconf 84' lang='lat' dir='ltr'><strong>adminiculis</strong></span> <span class='ocrx_word' id='word_1_281' title='bbox 892 2219 1023 2288; x_wconf 89' lang='lat' dir='ltr'><strong>corporis,</strong></span> <span class='ocrx_word' id='word_1_282' title='bbox 1041 2217 1089 2272; x_wconf 87' lang='lat' dir='ltr'><strong>illa</strong></span> <span class='ocrx_word' id='word_1_283' title='bbox 1110 2219 1195 2272; x_wconf 88' lang='lat' dir='ltr'><strong>animi</strong></span> <span class='ocrx_word' id='word_1_284' title='bbox 1213 2219 1318 2273; x_wconf 87' lang='lat' dir='ltr'><strong>viribus</strong></span> <span class='ocrx_word' id='word_1_285' title='bbox 1340 2219 1504 2283; x_wconf 63' lang='lat' dir='ltr'><strong>abstentum</strong></span> <span class='ocrx_word' id='word_1_286' title='bbox 1528 2228 1556 2275; x_wconf 90' lang='lat' dir='ltr'><strong>et</strong></span> <span class='ocrx_word' id='word_1_287' title='bbox 1575 2220 1692 2275; x_wconf 88' lang='lat' dir='ltr'><strong>admira·</strong></span> 
     </span>
     <span class='ocr_line' id='line_1_24' title="bbox 54 2296 1636 2371; baseline 0.003 -21"><span class='ocrx_word' id='word_1_288' title='bbox 54 2298 203 2361; x_wconf 74' lang='lat' dir='ltr'><strong>memoriae,</strong></span> <span class='ocrx_word' id='word_1_289' title='bbox 218 2306 246 2351; x_wconf 91' lang='lat' dir='ltr'><strong>et</strong></span> <span class='ocrx_word' id='word_1_290' title='bbox 260 2297 410 2351; x_wconf 90' lang='lat' dir='ltr'><strong>doctrinam</strong></span> <span class='ocrx_word' id='word_1_291' title='bbox 421 2296 454 2351; x_wconf 91' lang='lat' dir='ltr'><strong>de</strong></span> <span class='ocrx_word' id='word_1_292' title='bbox 472 2299 604 2352; x_wconf 88' lang='lat' dir='ltr'><strong>memoria</strong></span> <span class='ocrx_word' id='word_1_293' title='bbox 624 2298 693 2368; x_wconf 88' lang='lat' dir='ltr'><strong>ipss.</strong></span> <span class='ocrx_word' id='word_1_294' title='bbox 735 2298 856 2352; x_wconf 89' lang='lat' dir='ltr'><strong>Admini-</strong></span> <span class='ocrx_word' id='word_1_295' title='bbox 892 2298 973 2351; x_wconf 91' lang='lat' dir='ltr'><strong>tionis</strong></span> <span class='ocrx_word' id='word_1_296' title='bbox 988 2297 1099 2352; x_wconf 75' lang='lat' dir='ltr'><strong>forsitan</strong></span> <span class='ocrx_word' id='word_1_297' title='bbox 1115 2297 1219 2368; x_wconf 90' lang='lat' dir='ltr'><strong>aliquid</strong></span> <span class='ocrx_word' id='word_1_298' title='bbox 1233 2299 1360 2363; x_wconf 89' lang='lat' dir='ltr'><strong>habeant,</strong></span> <span class='ocrx_word' id='word_1_299' title='bbox 1375 2299 1515 2370; x_wconf 76' lang='lat' dir='ltr'><strong>dignitatis</strong></span> <span class='ocrx_word' id='word_1_300' title='bbox 1529 2317 1636 2371; x_wconf 74' lang='lat' dir='ltr'><strong>parum.</strong></span> 
     </span>
     <span class='ocr_line' id='line_1_25' title="bbox 54 2375 1690 2449; baseline 0.002 -19"><span class='ocrx_word' id='word_1_301' title='bbox 54 2376 142 2432; x_wconf 83' lang='lat' dir='ltr'><strong>salum</strong></span> <span class='ocrx_word' id='word_1_302' title='bbox 161 2377 309 2431; x_wconf 79' lang='lat' dir='ltr'><strong>memoriae</strong></span> <span class='ocrx_word' id='word_1_303' title='bbox 330 2375 410 2447; x_wconf 90' lang='lat' dir='ltr'><strong>plane</strong></span> <span class='ocrx_word' id='word_1_304' title='bbox 433 2378 544 2447; x_wconf 90' lang='lat' dir='ltr'><strong>scriptio</strong></span> <span class='ocrx_word' id='word_1_305' title='bbox 566 2385 621 2431; x_wconf 86' lang='lat' dir='ltr'><strong>est:</strong></span> <span class='ocrx_word' id='word_1_306' title='bbox 642 2386 723 2448; x_wconf 88' lang='lat' dir='ltr'><strong>atque</strong></span> <span class='ocrx_word' id='word_1_307' title='bbox 744 2379 855 2432; x_wconf 89' lang='lat' dir='ltr'><strong>omnino</strong></span> <span class='ocrx_word' id='word_1_308' title='bbox 931 2377 984 2432; x_wconf 85' lang='lat' dir='ltr'><strong>Ars</strong></span> <span class='ocrx_word' id='word_1_309' title='bbox 1008 2388 1098 2432; x_wconf 88' lang='lat' dir='ltr'><strong>autem</strong></span> <span class='ocrx_word' id='word_1_310' title='bbox 1122 2378 1262 2432; x_wconf 76' lang='lat' dir='ltr'><strong>memoria</strong></span> <span class='ocrx_word' id='word_1_311' title='bbox 1285 2377 1388 2449; x_wconf 87' lang='lat' dir='ltr'><strong>duplici</strong></span> <span class='ocrx_word' id='word_1_312' title='bbox 1410 2379 1508 2434; x_wconf 88' lang='lat' dir='ltr'><strong>nititur</strong></span> <span class='ocrx_word' id='word_1_313' title='bbox 1530 2379 1690 2446; x_wconf 90' lang='lat' dir='ltr'><strong>intentione,</strong></span> 
     </span>
     <span class='ocr_line' id='line_1_26' title="bbox 52 2455 1690 2528; baseline 0.003 -19"><span class='ocrx_word' id='word_1_314' title='bbox 52 2457 220 2511; x_wconf 86' lang='lat' dir='ltr'><strong>mouendum</strong></span> <span class='ocrx_word' id='word_1_315' title='bbox 249 2457 323 2528; x_wconf 90' lang='lat' dir='ltr'><strong>quod</strong></span> <span class='ocrx_word' id='word_1_316' title='bbox 350 2458 488 2521; x_wconf 85' lang='lat' dir='ltr'><strong>memoria,</strong></span> <span class='ocrx_word' id='word_1_317' title='bbox 513 2458 572 2510; x_wconf 89' lang='lat' dir='ltr'><strong>sine</strong></span> <span class='ocrx_word' id='word_1_318' title='bbox 596 2456 649 2510; x_wconf 94' lang='lat' dir='ltr'><strong>hoc</strong></span> <span class='ocrx_word' id='word_1_319' title='bbox 677 2456 853 2523; x_wconf 89' lang='lat' dir='ltr'><strong>adminiculo,</strong></span> <span class='ocrx_word' id='word_1_320' title='bbox 891 2457 1057 2526; x_wconf 79' lang='lat' dir='ltr'><strong>praenotione</strong></span> <span class='ocrx_word' id='word_1_321' title='bbox 1080 2465 1108 2511; x_wconf 91' lang='lat' dir='ltr'><strong>et</strong></span> <span class='ocrx_word' id='word_1_322' title='bbox 1130 2455 1303 2512; x_wconf 85' lang='lat' dir='ltr'><strong>emblemate.</strong></span> <span class='ocrx_word' id='word_1_323' title='bbox 1345 2457 1545 2513; x_wconf 78' lang='lat' dir='ltr'><strong>Praenotionem</strong></span> <span class='ocrx_word' id='word_1_324' title='bbox 1559 2475 1690 2514; x_wconf 86' lang='lat' dir='ltr'><strong>vocamus</strong></span> 
     </span>
     <span class='ocr_line' id='line_1_27' title="bbox 53 2536 1691 2608; baseline 0.002 -19"><span class='ocrx_word' id='word_1_325' title='bbox 53 2536 132 2591; x_wconf 85' lang='lat' dir='ltr'><strong>rebus</strong></span> <span class='ocrx_word' id='word_1_326' title='bbox 147 2536 350 2607; x_wconf 81' lang='lat' dir='ltr'><strong>prolixioribus</strong></span> <span class='ocrx_word' id='word_1_327' title='bbox 362 2545 389 2590; x_wconf 92' lang='lat' dir='ltr'><strong>et</strong></span> <span class='ocrx_word' id='word_1_328' title='bbox 406 2536 618 2590; x_wconf 85' lang='lat' dir='ltr'><strong>accuratioribus</strong></span> <span class='ocrx_word' id='word_1_329' title='bbox 637 2537 725 2606; x_wconf 88' lang='lat' dir='ltr'><strong>impar</strong></span> <span class='ocrx_word' id='word_1_330' title='bbox 739 2540 789 2601; x_wconf 71' lang='lat' dir='ltr'><strong>sit,</strong></span> <span class='ocrx_word' id='word_1_331' title='bbox 810 2555 855 2591; x_wconf 87' lang='lat' dir='ltr'><strong>ne·</strong></span> <span class='ocrx_word' id='word_1_332' title='bbox 892 2536 1086 2590; x_wconf 83' lang='lat' dir='ltr'><strong>abscissionem</strong></span> <span class='ocrx_word' id='word_1_333' title='bbox 1099 2537 1235 2607; x_wconf 86' lang='lat' dir='ltr'><strong>quandam</strong></span> <span class='ocrx_word' id='word_1_334' title='bbox 1244 2537 1461 2608; x_wconf 89' lang='lat' dir='ltr'><strong>investigationis</strong></span> <span class='ocrx_word' id='word_1_335' title='bbox 1475 2538 1597 2593; x_wconf 80' lang='lat' dir='ltr'><strong>intinitm.</strong></span> <span class='ocrx_word' id='word_1_336' title='bbox 1620 2538 1691 2593; x_wconf 82' lang='lat' dir='ltr'><strong>Cum</strong></span> 
     </span>
     <span class='ocr_line' id='line_1_28' title="bbox 54 2615 1691 2686; baseline 0.002 -17"><span class='ocrx_word' id='word_1_337' title='bbox 54 2632 104 2685; x_wconf 87' lang='lat' dir='ltr'><strong>qne</strong></span> <span class='ocrx_word' id='word_1_338' title='bbox 118 2615 179 2670; x_wconf 90' lang='lat' dir='ltr'><strong>ullo</strong></span> <span class='ocrx_word' id='word_1_339' title='bbox 193 2617 285 2680; x_wconf 92' lang='lat' dir='ltr'><strong>modo,</strong></span> <span class='ocrx_word' id='word_1_340' title='bbox 300 2615 356 2669; x_wconf 89' lang='lat' dir='ltr'><strong>uisi</strong></span> <span class='ocrx_word' id='word_1_341' title='bbox 371 2616 526 2686; x_wconf 87' lang='lat' dir='ltr'><strong>descripto,</strong></span> <span class='ocrx_word' id='word_1_342' title='bbox 542 2615 627 2686; x_wconf 89' lang='lat' dir='ltr'><strong>recipi</strong></span> <span class='ocrx_word' id='word_1_343' title='bbox 641 2615 745 2671; x_wconf 77' lang='lat' dir='ltr'><strong>debeat</strong></span> <span class='ocrx_word' id='word_1_344' title='bbox 777 2616 855 2678; x_wconf 84' lang='lat' dir='ltr'><strong>Quod</strong></span> <span class='ocrx_word' id='word_1_345' title='bbox 892 2616 964 2669; x_wconf 89' lang='lat' dir='ltr'><strong>enim</strong></span> <span class='ocrx_word' id='word_1_346' title='bbox 976 2617 1037 2686; x_wconf 86' lang='lat' dir='ltr'><strong>quis</strong></span> <span class='ocrx_word' id='word_1_347' title='bbox 1052 2615 1155 2686; x_wconf 90' lang='lat' dir='ltr'><strong>aliquid</strong></span> <span class='ocrx_word' id='word_1_348' title='bbox 1170 2632 1297 2670; x_wconf 86' lang='lat' dir='ltr'><strong>revocare</strong></span> <span class='ocrx_word' id='word_1_349' title='bbox 1312 2617 1341 2670; x_wconf 92' lang='lat' dir='ltr'><strong>in</strong></span> <span class='ocrx_word' id='word_1_350' title='bbox 1356 2618 1515 2672; x_wconf 88' lang='lat' dir='ltr'><strong>memoriam</strong></span> <span class='ocrx_word' id='word_1_351' title='bbox 1529 2625 1651 2682; x_wconf 89' lang='lat' dir='ltr'><strong>conatur,</strong></span> <span class='ocrx_word' id='word_1_352' title='bbox 1665 2618 1691 2672; x_wconf 89' lang='lat' dir='ltr'><strong>si</strong></span> 
     </span>
     <span class='ocr_line' id='line_1_29' title="bbox 53 2694 1690 2767; baseline 0.001 -18"><span class='ocrx_word' id='word_1_353' title='bbox 53 2696 137 2749; x_wconf 86' lang='lat' dir='ltr'><strong>etiam</strong></span> <span class='ocrx_word' id='word_1_354' title='bbox 161 2697 193 2750; x_wconf 90' lang='lat' dir='ltr'><strong>in</strong></span> <span class='ocrx_word' id='word_1_355' title='bbox 217 2694 399 2766; x_wconf 84' lang='lat' dir='ltr'><strong>philosophia</strong></span> <span class='ocrx_word' id='word_1_356' title='bbox 417 2695 562 2759; x_wconf 86' lang='lat' dir='ltr'><strong>inductiva,</strong></span> <span class='ocrx_word' id='word_1_357' title='bbox 581 2705 609 2749; x_wconf 89' lang='lat' dir='ltr'><strong>et</strong></span> <span class='ocrx_word' id='word_1_358' title='bbox 631 2695 854 2767; x_wconf 88' lang='lat' dir='ltr'><strong>interpretatione</strong></span> <span class='ocrx_word' id='word_1_359' title='bbox 890 2694 994 2749; x_wconf 89' lang='lat' dir='ltr'><strong>nullam</strong></span> <span class='ocrx_word' id='word_1_360' title='bbox 1007 2696 1200 2765; x_wconf 79' lang='lat' dir='ltr'><strong>praenotionem</strong></span> <span class='ocrx_word' id='word_1_361' title='bbox 1215 2695 1325 2760; x_wconf 90' lang='lat' dir='ltr'><strong>habeat,</strong></span> <span class='ocrx_word' id='word_1_362' title='bbox 1340 2703 1386 2750; x_wconf 93' lang='lat' dir='ltr'><strong>aut</strong></span> <span class='ocrx_word' id='word_1_363' title='bbox 1404 2698 1608 2767; x_wconf 88' lang='lat' dir='ltr'><strong>perceptionem</strong></span> <span class='ocrx_word' id='word_1_364' title='bbox 1622 2698 1690 2765; x_wconf 86' lang='lat' dir='ltr'><strong>ejus,</strong></span> 
     </span>
     <span class='ocr_line' id='line_1_30' title="bbox 53 2773 1689 2848; baseline 0.001 -19"><span class='ocrx_word' id='word_1_365' title='bbox 53 2785 165 2839; x_wconf 71' lang='lat' dir='ltr'><strong>astum,</strong></span> <span class='ocrx_word' id='word_1_366' title='bbox 192 2776 335 2846; x_wconf 76' lang='lat' dir='ltr'><strong>praecipue</strong></span> <span class='ocrx_word' id='word_1_367' title='bbox 357 2775 479 2829; x_wconf 87' lang='lat' dir='ltr'><strong>obtinet:</strong></span> <span class='ocrx_word' id='word_1_368' title='bbox 511 2784 566 2828; x_wconf 89' lang='lat' dir='ltr'><strong>tam</strong></span> <span class='ocrx_word' id='word_1_369' title='bbox 589 2773 662 2830; x_wconf 91' lang='lat' dir='ltr'><strong>enim</strong></span> <span class='ocrx_word' id='word_1_370' title='bbox 686 2776 774 2846; x_wconf 86' lang='lat' dir='ltr'><strong>possit</strong></span> <span class='ocrx_word' id='word_1_371' title='bbox 795 2777 855 2848; x_wconf 91' lang='lat' dir='ltr'><strong>quis</strong></span> <span class='ocrx_word' id='word_1_372' title='bbox 892 2775 963 2845; x_wconf 91' lang='lat' dir='ltr'><strong>quod</strong></span> <span class='ocrx_word' id='word_1_373' title='bbox 984 2775 1097 2846; x_wconf 74' lang='lat' dir='ltr'><strong>quarit3</strong></span> <span class='ocrx_word' id='word_1_374' title='bbox 1123 2774 1219 2846; x_wconf 70' lang='lat' dir='ltr'><strong>quaerit</strong></span> <span class='ocrx_word' id='word_1_375' title='bbox 1238 2783 1310 2829; x_wconf 90' lang='lat' dir='ltr'><strong>certe</strong></span> <span class='ocrx_word' id='word_1_376' title='bbox 1332 2783 1360 2830; x_wconf 89' lang='lat' dir='ltr'><strong>et</strong></span> <span class='ocrx_word' id='word_1_377' title='bbox 1378 2776 1497 2840; x_wconf 90' lang='lat' dir='ltr'><strong>molitur,</strong></span> <span class='ocrx_word' id='word_1_378' title='bbox 1513 2783 1541 2831; x_wconf 91' lang='lat' dir='ltr'><strong>et</strong></span> <span class='ocrx_word' id='word_1_379' title='bbox 1559 2776 1612 2831; x_wconf 90' lang='lat' dir='ltr'><strong>hac</strong></span> <span class='ocrx_word' id='word_1_380' title='bbox 1625 2775 1689 2831; x_wconf 88' lang='lat' dir='ltr'><strong>illac</strong></span> 
     </span>
     <span class='ocr_line' id='line_1_31' title="bbox 54 2853 1690 2927; baseline 0.001 -17"><span class='ocrx_word' id='word_1_381' title='bbox 54 2855 253 2910; x_wconf 73' lang='lat' dir='ltr'><strong>telemationes</strong></span> <span class='ocrx_word' id='word_1_382' title='bbox 278 2853 470 2925; x_wconf 88' lang='lat' dir='ltr'><strong>ephemeridis,</strong></span> <span class='ocrx_word' id='word_1_383' title='bbox 494 2855 625 2909; x_wconf 86' lang='lat' dir='ltr'><strong>memoria</strong></span> <span class='ocrx_word' id='word_1_384' title='bbox 646 2855 727 2920; x_wconf 88' lang='lat' dir='ltr'><strong>nuda,</strong></span> <span class='ocrx_word' id='word_1_385' title='bbox 752 2856 854 2927; x_wconf 83' lang='lat' dir='ltr'><strong>absque</strong></span> <span class='ocrx_word' id='word_1_386' title='bbox 891 2855 1024 2920; x_wconf 86' lang='lat' dir='ltr'><strong>discurrit,</strong></span> <span class='ocrx_word' id='word_1_387' title='bbox 1052 2863 1181 2925; x_wconf 88' lang='lat' dir='ltr'><strong>tanquam</strong></span> <span class='ocrx_word' id='word_1_388' title='bbox 1208 2854 1237 2908; x_wconf 89' lang='lat' dir='ltr'><strong>in</strong></span> <span class='ocrx_word' id='word_1_389' title='bbox 1265 2855 1381 2910; x_wconf 87' lang='lat' dir='ltr'><strong>infinito.</strong></span> <span class='ocrx_word' id='word_1_390' title='bbox 1429 2855 1507 2918; x_wconf 87' lang='lat' dir='ltr'><strong>Quod</strong></span> <span class='ocrx_word' id='word_1_391' title='bbox 1534 2856 1558 2910; x_wconf 89' lang='lat' dir='ltr'><strong>si</strong></span> <span class='ocrx_word' id='word_1_392' title='bbox 1586 2863 1690 2911; x_wconf 83' lang='lat' dir='ltr'><strong>certam</strong></span> 
     </span>
    </p>
   </div>
   <div class='ocr_carea' id='block_1_5' title="bbox 53 2932 1690 3166">
    <p class='ocr_par' dir='ltr' id='par_1_6' title="bbox 53 2932 1690 3166">
     <span class='ocr_line' id='line_1_32' title="bbox 53 2932 1690 3008; baseline 0.001 -17"><span class='ocrx_word' id='word_1_393' title='bbox 53 2938 163 3006; x_wconf 82' lang='lat' dir='ltr'><strong>scripto,</strong></span> <span class='ocrx_word' id='word_1_394' title='bbox 178 2934 333 2999; x_wconf 87' lang='lat' dir='ltr'><strong>absolvere,</strong></span> <span class='ocrx_word' id='word_1_395' title='bbox 348 2953 428 3007; x_wconf 89' lang='lat' dir='ltr'><strong>quam</strong></span> <span class='ocrx_word' id='word_1_396' title='bbox 448 2934 662 3006; x_wconf 89' lang='lat' dir='ltr'><strong>interpretationi</strong></span> <span class='ocrx_word' id='word_1_397' title='bbox 681 2947 792 3001; x_wconf 87' lang='lat' dir='ltr'><strong>naturae,</strong></span> <span class='ocrx_word' id='word_1_398' title='bbox 806 2954 855 3008; x_wconf 66' lang='lat' dir='ltr'><strong>per</strong></span> <span class='ocrx_word' id='word_1_399' title='bbox 891 2932 1011 3006; x_wconf 89' lang='lat' dir='ltr'><strong>aliquam</strong></span> <span class='ocrx_word' id='word_1_400' title='bbox 1041 2935 1236 3006; x_wconf 75' lang='lat' dir='ltr'><strong>praenotionem</strong></span> <span class='ocrx_word' id='word_1_401' title='bbox 1263 2934 1371 3001; x_wconf 88' lang='lat' dir='ltr'><strong>haheat,</strong></span> <span class='ocrx_word' id='word_1_402' title='bbox 1400 2935 1492 2990; x_wconf 89' lang='lat' dir='ltr'><strong>statim</strong></span> <span class='ocrx_word' id='word_1_403' title='bbox 1520 2935 1690 2992; x_wconf 87' lang='lat' dir='ltr'><strong>abscinditur</strong></span> 
     </span>
     <span class='ocr_line' id='line_1_33' title="bbox 54 3015 1688 3087; baseline 0 -18"><span class='ocrx_word' id='word_1_404' title='bbox 54 3015 248 3070; x_wconf 87' lang='lat' dir='ltr'><strong>meditationes</strong></span> <span class='ocrx_word' id='word_1_405' title='bbox 269 3023 298 3069; x_wconf 92' lang='lat' dir='ltr'><strong>et</strong></span> <span class='ocrx_word' id='word_1_406' title='bbox 319 3016 393 3071; x_wconf 77' lang='lat' dir='ltr'><strong>vires</strong></span> <span class='ocrx_word' id='word_1_407' title='bbox 416 3017 556 3070; x_wconf 74' lang='lat' dir='ltr'><strong>memoriae</strong></span> <span class='ocrx_word' id='word_1_408' title='bbox 577 3017 683 3069; x_wconf 76' lang='lat' dir='ltr'><strong>nadvas</strong></span> <span class='ocrx_word' id='word_1_409' title='bbox 706 3024 734 3069; x_wconf 89' lang='lat' dir='ltr'><strong>et</strong></span> <span class='ocrx_word' id='word_1_410' title='bbox 760 3018 854 3081; x_wconf 85' lang='lat' dir='ltr'><strong>nudas,</strong></span> <span class='ocrx_word' id='word_1_411' title='bbox 890 3015 1034 3079; x_wconf 85' lang='lat' dir='ltr'><strong>infinitum,</strong></span> <span class='ocrx_word' id='word_1_412' title='bbox 1050 3024 1077 3070; x_wconf 90' lang='lat' dir='ltr'><strong>et</strong></span> <span class='ocrx_word' id='word_1_413' title='bbox 1090 3015 1121 3069; x_wconf 84' lang='lat' dir='ltr'><strong>fir</strong></span> <span class='ocrx_word' id='word_1_414' title='bbox 1131 3016 1268 3069; x_wconf 90' lang='lat' dir='ltr'><strong>discursus</strong></span> <span class='ocrx_word' id='word_1_415' title='bbox 1282 3015 1420 3069; x_wconf 85' lang='lat' dir='ltr'><strong>memorioe</strong></span> <span class='ocrx_word' id='word_1_416' title='bbox 1435 3016 1524 3087; x_wconf 88' lang='lat' dir='ltr'><strong>magis</strong></span> <span class='ocrx_word' id='word_1_417' title='bbox 1538 3015 1567 3069; x_wconf 90' lang='lat' dir='ltr'><strong>in</strong></span> <span class='ocrx_word' id='word_1_418' title='bbox 1580 3016 1688 3082; x_wconf 62' lang='lat' dir='ltr'><strong>vicinos</strong></span> 
     </span>
     <span class='ocr_line' id='line_1_34' title="bbox 54 3094 1689 3166; baseline -0.001 -16"><span class='ocrx_word' id='word_1_419' title='bbox 54 3097 194 3159; x_wconf 75' lang='lat' dir='ltr'><strong>sufficere3</strong></span> <span class='ocrx_word' id='word_1_420' title='bbox 209 3095 266 3150; x_wconf 88' lang='lat' dir='ltr'><strong>nisi</strong></span> <span class='ocrx_word' id='word_1_421' title='bbox 281 3094 372 3149; x_wconf 89' lang='lat' dir='ltr'><strong>eidem</strong></span> <span class='ocrx_word' id='word_1_422' title='bbox 387 3096 525 3150; x_wconf 82' lang='lat' dir='ltr'><strong>memorioe</strong></span> <span class='ocrx_word' id='word_1_423' title='bbox 535 3112 585 3165; x_wconf 91' lang='lat' dir='ltr'><strong>per</strong></span> <span class='ocrx_word' id='word_1_424' title='bbox 600 3095 705 3150; x_wconf 87' lang='lat' dir='ltr'><strong>tabulas</strong></span> <span class='ocrx_word' id='word_1_425' title='bbox 718 3096 855 3151; x_wconf 90' lang='lat' dir='ltr'><strong>ordinatas</strong></span> <span class='ocrx_word' id='word_1_426' title='bbox 889 3095 1042 3149; x_wconf 89' lang='lat' dir='ltr'><strong>utvenatio</strong></span> <span class='ocrx_word' id='word_1_427' title='bbox 1055 3094 1142 3149; x_wconf 72' lang='lat' dir='ltr'><strong>damae</strong></span> <span class='ocrx_word' id='word_1_428' title='bbox 1156 3095 1229 3149; x_wconf 88' lang='lat' dir='ltr'><strong>intra</strong></span> <span class='ocrx_word' id='word_1_429' title='bbox 1242 3105 1328 3165; x_wconf 82' lang='lat' dir='ltr'><strong>septa.</strong></span> <span class='ocrx_word' id='word_1_430' title='bbox 1371 3095 1466 3166; x_wconf 91' lang='lat' dir='ltr'><strong>ltaque</strong></span> <span class='ocrx_word' id='word_1_431' title='bbox 1481 3104 1508 3149; x_wconf 88' lang='lat' dir='ltr'><strong>et</strong></span> <span class='ocrx_word' id='word_1_432' title='bbox 1522 3095 1587 3149; x_wconf 90' lang='lat' dir='ltr'><strong>ordo</strong></span> <span class='ocrx_word' id='word_1_433' title='bbox 1600 3096 1689 3149; x_wconf 89' lang='lat' dir='ltr'><strong>mani·</strong></span> 
     </span>
    </p>
   </div>
   <div class='ocr_carea' id='block_1_6' title="bbox 53 3174 1689 5557">
    <p class='ocr_par' dir='ltr' id='par_1_7' title="bbox 53 3174 1689 4998">
     <span class='ocr_line' id='line_1_35' title="bbox 54 3174 1689 3245; baseline -0.001 -15"><span class='ocrx_word' id='word_1_434' title='bbox 54 3177 232 3230; x_wconf 83' lang='lat' dir='ltr'><strong>ministretur.</strong></span> <span class='ocrx_word' id='word_1_435' title='bbox 276 3175 380 3230; x_wconf 85' lang='lat' dir='ltr'><strong>Verum</strong></span> <span class='ocrx_word' id='word_1_436' title='bbox 400 3176 485 3229; x_wconf 85' lang='lat' dir='ltr'><strong>missa</strong></span> <span class='ocrx_word' id='word_1_437' title='bbox 506 3176 729 3245; x_wconf 90' lang='lat' dir='ltr'><strong>interpretatione</strong></span> <span class='ocrx_word' id='word_1_438' title='bbox 742 3184 853 3240; x_wconf 84' lang='lat' dir='ltr'><strong>naturae,</strong></span> <span class='ocrx_word' id='word_1_439' title='bbox 892 3174 961 3228; x_wconf 90' lang='lat' dir='ltr'><strong>festo</strong></span> <span class='ocrx_word' id='word_1_440' title='bbox 981 3174 1060 3243; x_wconf 80' lang='lat' dir='ltr'><strong>juvat</strong></span> <span class='ocrx_word' id='word_1_441' title='bbox 1081 3174 1249 3228; x_wconf 90' lang='lat' dir='ltr'><strong>memoriam.</strong></span> <span class='ocrx_word' id='word_1_442' title='bbox 1292 3174 1392 3229; x_wconf 89' lang='lat' dir='ltr'><strong>Subest</strong></span> <span class='ocrx_word' id='word_1_443' title='bbox 1411 3174 1485 3230; x_wconf 90' lang='lat' dir='ltr'><strong>enim</strong></span> <span class='ocrx_word' id='word_1_444' title='bbox 1505 3174 1645 3244; x_wconf 72' lang='lat' dir='ltr'><strong>praenotio,</strong></span> <span class='ocrx_word' id='word_1_445' title='bbox 1659 3174 1689 3229; x_wconf 89' lang='lat' dir='ltr'><strong>id</strong></span> 
     </span>
     <span class='ocr_line' id='line_1_36' title="bbox 54 3253 1687 3326; baseline 0 -17"><span class='ocrx_word' id='word_1_446' title='bbox 54 3273 112 3326; x_wconf 72' lang='lat' dir='ltr'><strong>que</strong></span> <span class='ocrx_word' id='word_1_447' title='bbox 123 3254 250 3309; x_wconf 84' lang='lat' dir='ltr'><strong>doctrina</strong></span> <span class='ocrx_word' id='word_1_448' title='bbox 262 3255 492 3320; x_wconf 61' lang='lat' dir='ltr'><strong>somersetiam</strong></span> <span class='ocrx_word' id='word_1_449' title='bbox 507 3255 541 3308; x_wconf 90' lang='lat' dir='ltr'><strong>ad</strong></span> <span class='ocrx_word' id='word_1_450' title='bbox 551 3265 656 3309; x_wconf 89' lang='lat' dir='ltr'><strong>veteres</strong></span> <span class='ocrx_word' id='word_1_451' title='bbox 668 3263 695 3309; x_wconf 88' lang='lat' dir='ltr'><strong>et</strong></span> <span class='ocrx_word' id='word_1_452' title='bbox 708 3256 854 3326; x_wconf 90' lang='lat' dir='ltr'><strong>populares</strong></span> <span class='ocrx_word' id='word_1_453' title='bbox 891 3255 964 3324; x_wconf 88' lang='lat' dir='ltr'><strong>quod</strong></span> <span class='ocrx_word' id='word_1_454' title='bbox 984 3254 1119 3325; x_wconf 77' lang='lat' dir='ltr'><strong>quaritur,</strong></span> <span class='ocrx_word' id='word_1_455' title='bbox 1135 3253 1190 3308; x_wconf 88' lang='lat' dir='ltr'><strong>tale</strong></span> <span class='ocrx_word' id='word_1_456' title='bbox 1209 3270 1269 3309; x_wconf 87' lang='lat' dir='ltr'><strong>csse</strong></span> <span class='ocrx_word' id='word_1_457' title='bbox 1290 3254 1395 3319; x_wconf 91' lang='lat' dir='ltr'><strong>debere,</strong></span> <span class='ocrx_word' id='word_1_458' title='bbox 1410 3262 1441 3309; x_wconf 93' lang='lat' dir='ltr'><strong>ut</strong></span> <span class='ocrx_word' id='word_1_459' title='bbox 1461 3254 1605 3308; x_wconf 89' lang='lat' dir='ltr'><strong>conveniat</strong></span> <span class='ocrx_word' id='word_1_460' title='bbox 1623 3271 1687 3309; x_wconf 90' lang='lat' dir='ltr'><strong>cum</strong></span> 
     </span>
     <span class='ocr_line' id='line_1_37' title="bbox 53 3333 1689 3407; baseline 0 -18"><span class='ocrx_word' id='word_1_461' title='bbox 53 3335 180 3390; x_wconf 81' lang='lat' dir='ltr'><strong>scientias</strong></span> <span class='ocrx_word' id='word_1_462' title='bbox 208 3333 286 3388; x_wconf 89' lang='lat' dir='ltr'><strong>haud</strong></span> <span class='ocrx_word' id='word_1_463' title='bbox 315 3335 460 3407; x_wconf 86' lang='lat' dir='ltr'><strong>quicquam</strong></span> <span class='ocrx_word' id='word_1_464' title='bbox 484 3336 540 3389; x_wconf 90' lang='lat' dir='ltr'><strong>fere</strong></span> <span class='ocrx_word' id='word_1_465' title='bbox 560 3333 654 3389; x_wconf 89' lang='lat' dir='ltr'><strong>utilius</strong></span> <span class='ocrx_word' id='word_1_466' title='bbox 675 3351 736 3389; x_wconf 89' lang='lat' dir='ltr'><strong>esse</strong></span> <span class='ocrx_word' id='word_1_467' title='bbox 759 3336 853 3405; x_wconf 88' lang='lat' dir='ltr'><strong>possit,</strong></span> <span class='ocrx_word' id='word_1_468' title='bbox 891 3333 992 3388; x_wconf 89' lang='lat' dir='ltr'><strong>ordine.</strong></span> <span class='ocrx_word' id='word_1_469' title='bbox 1035 3333 1168 3389; x_wconf 86' lang='lat' dir='ltr'><strong>Similiter</strong></span> <span class='ocrx_word' id='word_1_470' title='bbox 1178 3334 1300 3388; x_wconf 89' lang='lat' dir='ltr'><strong>carmina</strong></span> <span class='ocrx_word' id='word_1_471' title='bbox 1314 3333 1421 3389; x_wconf 79' lang='lat' dir='ltr'><strong>facilius</strong></span> <span class='ocrx_word' id='word_1_472' title='bbox 1435 3334 1574 3389; x_wconf 88' lang='lat' dir='ltr'><strong>discuntur</strong></span> <span class='ocrx_word' id='word_1_473' title='bbox 1587 3351 1689 3389; x_wconf 87' lang='lat' dir='ltr'><strong>memo·</strong></span> 
     </span>
     <span class='ocr_line' id='line_1_38' title="bbox 54 3412 1688 3486; baseline -0.001 -16"><span class='ocrx_word' id='word_1_474' title='bbox 54 3432 132 3486; x_wconf 83' lang='lat' dir='ltr'><strong>qoam</strong></span> <span class='ocrx_word' id='word_1_475' title='bbox 144 3415 289 3469; x_wconf 75' lang='lat' dir='ltr'><strong>memoria</strong></span> <span class='ocrx_word' id='word_1_476' title='bbox 301 3414 494 3468; x_wconf 88' lang='lat' dir='ltr'><strong>adminiculum</strong></span> <span class='ocrx_word' id='word_1_477' title='bbox 503 3413 619 3468; x_wconf 83' lang='lat' dir='ltr'><strong>solidam</strong></span> <span class='ocrx_word' id='word_1_478' title='bbox 634 3422 661 3468; x_wconf 90' lang='lat' dir='ltr'><strong>et</strong></span> <span class='ocrx_word' id='word_1_479' title='bbox 673 3415 787 3478; x_wconf 70' lang='lat' dir='ltr'><strong>bonum</strong></span> <span class='ocrx_word' id='word_1_480' title='bbox 802 3414 854 3468; x_wconf 89' lang='lat' dir='ltr'><strong>hoc</strong></span> <span class='ocrx_word' id='word_1_481' title='bbox 891 3413 965 3478; x_wconf 90' lang='lat' dir='ltr'><strong>riter,</strong></span> <span class='ocrx_word' id='word_1_482' title='bbox 977 3430 1058 3485; x_wconf 86' lang='lat' dir='ltr'><strong>quam</strong></span> <span class='ocrx_word' id='word_1_483' title='bbox 1073 3430 1162 3484; x_wconf 88' lang='lat' dir='ltr'><strong>prosa.</strong></span> <span class='ocrx_word' id='word_1_484' title='bbox 1185 3412 1215 3467; x_wconf 89' lang='lat' dir='ltr'><strong>Si</strong></span> <span class='ocrx_word' id='word_1_485' title='bbox 1229 3413 1302 3469; x_wconf 90' lang='lat' dir='ltr'><strong>enim</strong></span> <span class='ocrx_word' id='word_1_486' title='bbox 1316 3413 1434 3468; x_wconf 80' lang='lat' dir='ltr'><strong>haeretur</strong></span> <span class='ocrx_word' id='word_1_487' title='bbox 1447 3414 1476 3468; x_wconf 91' lang='lat' dir='ltr'><strong>in</strong></span> <span class='ocrx_word' id='word_1_488' title='bbox 1490 3413 1583 3484; x_wconf 90' lang='lat' dir='ltr'><strong>aliquo</strong></span> <span class='ocrx_word' id='word_1_489' title='bbox 1595 3414 1688 3480; x_wconf 89' lang='lat' dir='ltr'><strong>verbo,</strong></span> 
     </span>
     <span class='ocr_line' id='line_1_39' title="bbox 53 3492 1689 3567; baseline -0.001 -18"><span class='ocrx_word' id='word_1_490' title='bbox 53 3507 99 3560; x_wconf 84' lang='lat' dir='ltr'><strong>est,</strong></span> <span class='ocrx_word' id='word_1_491' title='bbox 113 3496 257 3567; x_wconf 87' lang='lat' dir='ltr'><strong>digestum</strong></span> <span class='ocrx_word' id='word_1_492' title='bbox 277 3494 394 3564; x_wconf 90' lang='lat' dir='ltr'><strong>probum</strong></span> <span class='ocrx_word' id='word_1_493' title='bbox 413 3503 441 3548; x_wconf 89' lang='lat' dir='ltr'><strong>et</strong></span> <span class='ocrx_word' id='word_1_494' title='bbox 457 3493 591 3548; x_wconf 88' lang='lat' dir='ltr'><strong>eruditum</strong></span> <span class='ocrx_word' id='word_1_495' title='bbox 604 3492 724 3549; x_wconf 91' lang='lat' dir='ltr'><strong>locorum</strong></span> <span class='ocrx_word' id='word_1_496' title='bbox 737 3512 855 3549; x_wconf 90' lang='lat' dir='ltr'><strong>commu·</strong></span> <span class='ocrx_word' id='word_1_497' title='bbox 891 3492 985 3547; x_wconf 89' lang='lat' dir='ltr'><strong>subest</strong></span> <span class='ocrx_word' id='word_1_498' title='bbox 998 3493 1135 3563; x_wconf 83' lang='lat' dir='ltr'><strong>praenotio,</strong></span> <span class='ocrx_word' id='word_1_499' title='bbox 1151 3492 1205 3547; x_wconf 91' lang='lat' dir='ltr'><strong>tale</strong></span> <span class='ocrx_word' id='word_1_500' title='bbox 1219 3493 1318 3548; x_wconf 90' lang='lat' dir='ltr'><strong>debere</strong></span> <span class='ocrx_word' id='word_1_501' title='bbox 1332 3510 1393 3548; x_wconf 87' lang='lat' dir='ltr'><strong>esse</strong></span> <span class='ocrx_word' id='word_1_502' title='bbox 1407 3494 1527 3556; x_wconf 91' lang='lat' dir='ltr'><strong>verbum,</strong></span> <span class='ocrx_word' id='word_1_503' title='bbox 1542 3493 1613 3564; x_wconf 89' lang='lat' dir='ltr'><strong>quod</strong></span> <span class='ocrx_word' id='word_1_504' title='bbox 1626 3510 1689 3548; x_wconf 91' lang='lat' dir='ltr'><strong>con·</strong></span> 
     </span>
     <span class='ocr_line' id='line_1_40' title="bbox 53 3572 1688 3645; baseline 0 -18"><span class='ocrx_word' id='word_1_505' title='bbox 53 3575 135 3630; x_wconf 85' lang='lat' dir='ltr'><strong>aium</strong></span> <span class='ocrx_word' id='word_1_506' title='bbox 178 3575 283 3645; x_wconf 87' lang='lat' dir='ltr'><strong>Neque</strong></span> <span class='ocrx_word' id='word_1_507' title='bbox 298 3583 388 3628; x_wconf 69' lang='lat' dir='ltr'><strong>minen</strong></span> <span class='ocrx_word' id='word_1_508' title='bbox 402 3592 446 3628; x_wconf 90' lang='lat' dir='ltr'><strong>me</strong></span> <span class='ocrx_word' id='word_1_509' title='bbox 461 3574 538 3645; x_wconf 90' lang='lat' dir='ltr'><strong>fugit,</strong></span> <span class='ocrx_word' id='word_1_510' title='bbox 554 3574 625 3645; x_wconf 90' lang='lat' dir='ltr'><strong>quod</strong></span> <span class='ocrx_word' id='word_1_511' title='bbox 639 3572 737 3628; x_wconf 90' lang='lat' dir='ltr'><strong>relatio</strong></span> <span class='ocrx_word' id='word_1_512' title='bbox 751 3592 853 3638; x_wconf 92' lang='lat' dir='ltr'><strong>eorum,</strong></span> <span class='ocrx_word' id='word_1_513' title='bbox 891 3573 982 3627; x_wconf 89' lang='lat' dir='ltr'><strong>veniat</strong></span> <span class='ocrx_word' id='word_1_514' title='bbox 994 3589 1056 3627; x_wconf 89' lang='lat' dir='ltr'><strong>cum</strong></span> <span class='ocrx_word' id='word_1_515' title='bbox 1069 3589 1157 3628; x_wconf 82' lang='lat' dir='ltr'><strong>versu.</strong></span> <span class='ocrx_word' id='word_1_516' title='bbox 1198 3573 1287 3644; x_wconf 85' lang='lat' dir='ltr'><strong>Atque</strong></span> <span class='ocrx_word' id='word_1_517' title='bbox 1302 3574 1355 3629; x_wconf 89' lang='lat' dir='ltr'><strong>ista</strong></span> <span class='ocrx_word' id='word_1_518' title='bbox 1368 3573 1688 3643; x_wconf 80' lang='lat' dir='ltr'><strong>praenotioestartificia·</strong></span> 
     </span>
     <span class='ocr_line' id='line_1_41' title="bbox 54 3651 1688 3725; baseline -0.001 -17"><span class='ocrx_word' id='word_1_519' title='bbox 54 3670 111 3724; x_wconf 69' lang='lat' dir='ltr'><strong>qna</strong></span> <span class='ocrx_word' id='word_1_520' title='bbox 121 3655 246 3725; x_wconf 92' lang='lat' dir='ltr'><strong>legimus</strong></span> <span class='ocrx_word' id='word_1_521' title='bbox 261 3661 309 3708; x_wconf 89' lang='lat' dir='ltr'><strong>aut</strong></span> <span class='ocrx_word' id='word_1_522' title='bbox 318 3654 455 3718; x_wconf 87' lang='lat' dir='ltr'><strong>discimus,</strong></span> <span class='ocrx_word' id='word_1_523' title='bbox 467 3653 496 3707; x_wconf 92' lang='lat' dir='ltr'><strong>in</strong></span> <span class='ocrx_word' id='word_1_524' title='bbox 503 3652 577 3707; x_wconf 89' lang='lat' dir='ltr'><strong>locos</strong></span> <span class='ocrx_word' id='word_1_525' title='bbox 586 3670 743 3708; x_wconf 88' lang='lat' dir='ltr'><strong>communes</strong></span> <span class='ocrx_word' id='word_1_526' title='bbox 756 3655 855 3708; x_wconf 86' lang='lat' dir='ltr'><strong>damno</strong></span> <span class='ocrx_word' id='word_1_527' title='bbox 890 3651 924 3706; x_wconf 91' lang='lat' dir='ltr'><strong>lis</strong></span> <span class='ocrx_word' id='word_1_528' title='bbox 938 3651 1078 3707; x_wconf 80' lang='lat' dir='ltr'><strong>memoriis</strong></span> <span class='ocrx_word' id='word_1_529' title='bbox 1091 3668 1155 3722; x_wconf 90' lang='lat' dir='ltr'><strong>pars</strong></span> <span class='ocrx_word' id='word_1_530' title='bbox 1166 3652 1271 3723; x_wconf 91' lang='lat' dir='ltr'><strong>prima:</strong></span> <span class='ocrx_word' id='word_1_531' title='bbox 1285 3669 1350 3706; x_wconf 91' lang='lat' dir='ltr'><strong>nam</strong></span> <span class='ocrx_word' id='word_1_532' title='bbox 1364 3653 1392 3706; x_wconf 92' lang='lat' dir='ltr'><strong>in</strong></span> <span class='ocrx_word' id='word_1_533' title='bbox 1404 3652 1540 3706; x_wconf 83' lang='lat' dir='ltr'><strong>artificiali</strong></span> <span class='ocrx_word' id='word_1_534' title='bbox 1555 3653 1688 3707; x_wconf 85' lang='lat' dir='ltr'><strong>memoria</strong></span> 
     </span>
     <span class='ocr_line' id='line_1_42' title="bbox 54 3730 1688 3805; baseline -0.001 -17"><span class='ocrx_word' id='word_1_535' title='bbox 54 3734 214 3788; x_wconf 86' lang='lat' dir='ltr'><strong>eruditionis</strong></span> <span class='ocrx_word' id='word_1_536' title='bbox 228 3733 266 3786; x_wconf 89' lang='lat' dir='ltr'><strong>ab</strong></span> <span class='ocrx_word' id='word_1_537' title='bbox 279 3732 417 3805; x_wconf 88' lang='lat' dir='ltr'><strong>aliquibus</strong></span> <span class='ocrx_word' id='word_1_538' title='bbox 430 3734 583 3803; x_wconf 87' lang='lat' dir='ltr'><strong>imputetur,</strong></span> <span class='ocrx_word' id='word_1_539' title='bbox 599 3741 630 3786; x_wconf 91' lang='lat' dir='ltr'><strong>ut</strong></span> <span class='ocrx_word' id='word_1_540' title='bbox 648 3750 709 3804; x_wconf 76' lang='lat' dir='ltr'><strong>qum</strong></span> <span class='ocrx_word' id='word_1_541' title='bbox 728 3733 854 3788; x_wconf 87' lang='lat' dir='ltr'><strong>lectionis</strong></span> <span class='ocrx_word' id='word_1_542' title='bbox 890 3730 965 3786; x_wconf 90' lang='lat' dir='ltr'><strong>locos</strong></span> <span class='ocrx_word' id='word_1_543' title='bbox 978 3731 1112 3786; x_wconf 87' lang='lat' dir='ltr'><strong>habemus</strong></span> <span class='ocrx_word' id='word_1_544' title='bbox 1130 3732 1188 3800; x_wconf 88' lang='lat' dir='ltr'><strong>jam</strong></span> <span class='ocrx_word' id='word_1_545' title='bbox 1203 3742 1264 3785; x_wconf 91' lang='lat' dir='ltr'><strong>ante</strong></span> <span class='ocrx_word' id='word_1_546' title='bbox 1284 3732 1405 3803; x_wconf 90' lang='lat' dir='ltr'><strong>digestos</strong></span> <span class='ocrx_word' id='word_1_547' title='bbox 1425 3740 1452 3786; x_wconf 88' lang='lat' dir='ltr'><strong>et</strong></span> <span class='ocrx_word' id='word_1_548' title='bbox 1473 3740 1583 3802; x_wconf 87' lang='lat' dir='ltr'><strong>paratos</strong></span> <span class='ocrx_word' id='word_1_549' title='bbox 1593 3754 1601 3797; x_wconf 63' lang='grc' dir='ltr'><strong><em>ς</em></strong></span> <span class='ocrx_word' id='word_1_550' title='bbox 1620 3732 1688 3787; x_wconf 85' lang='lat' dir='ltr'><strong>ims-</strong></span> 
     </span>
     <span class='ocr_line' id='line_1_43' title="bbox 54 3810 1688 3882; baseline 0.001 -16"><span class='ocrx_word' id='word_1_551' title='bbox 54 3829 159 3867; x_wconf 85' lang='lat' dir='ltr'><strong>eursum</strong></span> <span class='ocrx_word' id='word_1_552' title='bbox 170 3820 333 3877; x_wconf 89' lang='lat' dir='ltr'><strong>remoretur,</strong></span> <span class='ocrx_word' id='word_1_553' title='bbox 345 3821 372 3868; x_wconf 91' lang='lat' dir='ltr'><strong>et</strong></span> <span class='ocrx_word' id='word_1_554' title='bbox 380 3812 537 3867; x_wconf 89' lang='lat' dir='ltr'><strong>memoriam</strong></span> <span class='ocrx_word' id='word_1_555' title='bbox 547 3813 582 3865; x_wconf 88' lang='lat' dir='ltr'><strong>ad</strong></span> <span class='ocrx_word' id='word_1_556' title='bbox 592 3811 743 3867; x_wconf 84' lang='lat' dir='ltr'><strong>feriandum</strong></span> <span class='ocrx_word' id='word_1_557' title='bbox 751 3814 853 3867; x_wconf 88' lang='lat' dir='ltr'><strong>invitet</strong></span> <span class='ocrx_word' id='word_1_558' title='bbox 891 3812 970 3881; x_wconf 82' lang='lat' dir='ltr'><strong>gines</strong></span> <span class='ocrx_word' id='word_1_559' title='bbox 984 3818 1149 3881; x_wconf 87' lang='lat' dir='ltr'><strong>extempore,</strong></span> <span class='ocrx_word' id='word_1_560' title='bbox 1165 3818 1244 3882; x_wconf 91' lang='lat' dir='ltr'><strong>prout</strong></span> <span class='ocrx_word' id='word_1_561' title='bbox 1257 3829 1301 3867; x_wconf 93' lang='lat' dir='ltr'><strong>res</strong></span> <span class='ocrx_word' id='word_1_562' title='bbox 1321 3810 1447 3882; x_wconf 91' lang='lat' dir='ltr'><strong>postulat,</strong></span> <span class='ocrx_word' id='word_1_563' title='bbox 1462 3811 1638 3866; x_wconf 85' lang='lat' dir='ltr'><strong>conficimus:</strong></span> <span class='ocrx_word' id='word_1_564' title='bbox 1659 3819 1688 3867; x_wconf 87' lang='lat' dir='ltr'><strong>st</strong></span> 
     </span>
     <span class='ocr_line' id='line_1_44' title="bbox 54 3890 1688 3963; baseline 0.002 -19"><span class='ocrx_word' id='word_1_565' title='bbox 54 3893 182 3947; x_wconf 77' lang='lat' dir='ltr'><strong>Attamen</strong></span> <span class='ocrx_word' id='word_1_566' title='bbox 212 3893 345 3963; x_wconf 87' lang='lat' dir='ltr'><strong>quoniam</strong></span> <span class='ocrx_word' id='word_1_567' title='bbox 373 3892 525 3946; x_wconf 89' lang='lat' dir='ltr'><strong>adulterina</strong></span> <span class='ocrx_word' id='word_1_568' title='bbox 549 3909 593 3946; x_wconf 88' lang='lat' dir='ltr'><strong>res</strong></span> <span class='ocrx_word' id='word_1_569' title='bbox 615 3902 658 3946; x_wconf 89' lang='lat' dir='ltr'><strong>est</strong></span> <span class='ocrx_word' id='word_1_570' title='bbox 677 3893 707 3946; x_wconf 91' lang='lat' dir='ltr'><strong>in</strong></span> <span class='ocrx_word' id='word_1_571' title='bbox 730 3893 854 3947; x_wconf 90' lang='lat' dir='ltr'><strong>scientiis</strong></span> <span class='ocrx_word' id='word_1_572' title='bbox 890 3891 983 3945; x_wconf 89' lang='lat' dir='ltr'><strong>subest</strong></span> <span class='ocrx_word' id='word_1_573' title='bbox 996 3892 1126 3962; x_wconf 65' lang='lat' dir='ltr'><strong>praenotio</strong></span> <span class='ocrx_word' id='word_1_574' title='bbox 1139 3891 1223 3945; x_wconf 91' lang='lat' dir='ltr'><strong>talem</strong></span> <span class='ocrx_word' id='word_1_575' title='bbox 1236 3908 1296 3946; x_wconf 90' lang='lat' dir='ltr'><strong>esse</strong></span> <span class='ocrx_word' id='word_1_576' title='bbox 1310 3891 1408 3945; x_wconf 90' lang='lat' dir='ltr'><strong>debere</strong></span> <span class='ocrx_word' id='word_1_577' title='bbox 1422 3891 1579 3962; x_wconf 77' lang='lat' dir='ltr'><strong>imaginem,</strong></span> <span class='ocrx_word' id='word_1_578' title='bbox 1598 3890 1688 3962; x_wconf 89' lang='lat' dir='ltr'><strong>qualis</strong></span> 
     </span>
     <span class='ocr_line' id='line_1_45' title="bbox 54 3969 1688 4042; baseline -0.001 -15"><span class='ocrx_word' id='word_1_579' title='bbox 54 3987 202 4040; x_wconf 72' lang='lat' dir='ltr'><strong>pracocem</strong></span> <span class='ocrx_word' id='word_1_580' title='bbox 217 3989 281 4026; x_wconf 87' lang='lat' dir='ltr'><strong>esse</strong></span> <span class='ocrx_word' id='word_1_581' title='bbox 297 3981 325 4026; x_wconf 92' lang='lat' dir='ltr'><strong>et</strong></span> <span class='ocrx_word' id='word_1_582' title='bbox 344 3980 506 4042; x_wconf 90' lang='lat' dir='ltr'><strong>promptum,</strong></span> <span class='ocrx_word' id='word_1_583' title='bbox 522 3971 577 4025; x_wconf 90' lang='lat' dir='ltr'><strong>nisi</strong></span> <span class='ocrx_word' id='word_1_584' title='bbox 598 3971 680 4025; x_wconf 89' lang='lat' dir='ltr'><strong>ctiam</strong></span> <span class='ocrx_word' id='word_1_585' title='bbox 700 3971 802 4026; x_wconf 89' lang='lat' dir='ltr'><strong>solidus</strong></span> <span class='ocrx_word' id='word_1_586' title='bbox 816 3973 854 4026; x_wconf 90' lang='lat' dir='ltr'><strong>sis</strong></span> <span class='ocrx_word' id='word_1_587' title='bbox 891 3969 1063 4041; x_wconf 87' lang='lat' dir='ltr'><strong>aliquatenus</strong></span> <span class='ocrx_word' id='word_1_588' title='bbox 1082 3972 1225 4025; x_wconf 91' lang='lat' dir='ltr'><strong>conveniat</strong></span> <span class='ocrx_word' id='word_1_589' title='bbox 1243 3988 1305 4024; x_wconf 90' lang='lat' dir='ltr'><strong>cum</strong></span> <span class='ocrx_word' id='word_1_590' title='bbox 1324 3970 1393 4024; x_wconf 89' lang='lat' dir='ltr'><strong>loco.</strong></span> <span class='ocrx_word' id='word_1_591' title='bbox 1437 3971 1476 4035; x_wconf 91' lang='lat' dir='ltr'><strong>ld,</strong></span> <span class='ocrx_word' id='word_1_592' title='bbox 1492 3972 1565 4042; x_wconf 90' lang='lat' dir='ltr'><strong>quod</strong></span> <span class='ocrx_word' id='word_1_593' title='bbox 1578 3970 1688 4027; x_wconf 84' lang='lat' dir='ltr'><strong>vellicat</strong></span> 
     </span>
     <span class='ocr_line' id='line_1_46' title="bbox 55 4050 1686 4122; baseline 0.002 -19"><span class='ocrx_word' id='word_1_594' title='bbox 55 4059 81 4104; x_wconf 89' lang='lat' dir='ltr'><strong>et</strong></span> <span class='ocrx_word' id='word_1_595' title='bbox 92 4052 284 4122; x_wconf 90' lang='lat' dir='ltr'><strong>multipliciter</strong></span> <span class='ocrx_word' id='word_1_596' title='bbox 294 4052 457 4114; x_wconf 83' lang='lat' dir='ltr'><strong>instmctus;</strong></span> <span class='ocrx_word' id='word_1_597' title='bbox 472 4050 642 4121; x_wconf 86' lang='lat' dir='ltr'><strong>diligentiam</strong></span> <span class='ocrx_word' id='word_1_598' title='bbox 653 4061 682 4106; x_wconf 94' lang='lat' dir='ltr'><strong>et</strong></span> <span class='ocrx_word' id='word_1_599' title='bbox 695 4050 815 4106; x_wconf 89' lang='lat' dir='ltr'><strong>laborem</strong></span> <span class='ocrx_word' id='word_1_600' title='bbox 825 4052 854 4105; x_wconf 89' lang='lat' dir='ltr'><strong>in</strong></span> <span class='ocrx_word' id='word_1_601' title='bbox 891 4050 1058 4115; x_wconf 85' lang='lat' dir='ltr'><strong>memoriam,</strong></span> <span class='ocrx_word' id='word_1_602' title='bbox 1081 4059 1109 4104; x_wconf 92' lang='lat' dir='ltr'><strong>et</strong></span> <span class='ocrx_word' id='word_1_603' title='bbox 1133 4050 1226 4120; x_wconf 88' lang='lat' dir='ltr'><strong>aliquo</strong></span> <span class='ocrx_word' id='word_1_604' title='bbox 1247 4051 1327 4104; x_wconf 90' lang='lat' dir='ltr'><strong>modo</strong></span> <span class='ocrx_word' id='word_1_605' title='bbox 1349 4050 1437 4104; x_wconf 90' lang='lat' dir='ltr'><strong>munit</strong></span> <span class='ocrx_word' id='word_1_606' title='bbox 1457 4051 1491 4104; x_wconf 90' lang='lat' dir='ltr'><strong>ad</strong></span> <span class='ocrx_word' id='word_1_607' title='bbox 1513 4067 1579 4115; x_wconf 90' lang='lat' dir='ltr'><strong>rem,</strong></span> <span class='ocrx_word' id='word_1_608' title='bbox 1603 4068 1686 4121; x_wconf 90' lang='lat' dir='ltr'><strong>quam</strong></span> 
     </span>
     <span class='ocr_line' id='line_1_47' title="bbox 54 4127 1686 4202; baseline 0.001 -17"><span class='ocrx_word' id='word_1_609' title='bbox 54 4127 119 4185; x_wconf 83' lang='lat' dir='ltr'><strong>locis</strong></span> <span class='ocrx_word' id='word_1_610' title='bbox 140 4131 336 4185; x_wconf 86' lang='lat' dir='ltr'><strong>communibus</strong></span> <span class='ocrx_word' id='word_1_611' title='bbox 355 4130 534 4202; x_wconf 88' lang='lat' dir='ltr'><strong>congerendis</strong></span> <span class='ocrx_word' id='word_1_612' title='bbox 553 4132 646 4201; x_wconf 91' lang='lat' dir='ltr'><strong>magni</strong></span> <span class='ocrx_word' id='word_1_613' title='bbox 667 4148 776 4201; x_wconf 87' lang='lat' dir='ltr'><strong>prorsus</strong></span> <span class='ocrx_word' id='word_1_614' title='bbox 796 4148 854 4185; x_wconf 89' lang='lat' dir='ltr'><strong>rem</strong></span> <span class='ocrx_word' id='word_1_615' title='bbox 891 4131 1046 4200; x_wconf 75' lang='lat' dir='ltr'><strong>quaerimus.</strong></span> <span class='ocrx_word' id='word_1_616' title='bbox 1087 4129 1230 4184; x_wconf 85' lang='lat' dir='ltr'><strong>Emblems</strong></span> <span class='ocrx_word' id='word_1_617' title='bbox 1243 4147 1308 4184; x_wconf 80' lang='lat' dir='ltr'><strong>sero</strong></span> <span class='ocrx_word' id='word_1_618' title='bbox 1326 4129 1434 4185; x_wconf 89' lang='lat' dir='ltr'><strong>deducit</strong></span> <span class='ocrx_word' id='word_1_619' title='bbox 1451 4130 1636 4184; x_wconf 90' lang='lat' dir='ltr'><strong>intellectuale</strong></span> <span class='ocrx_word' id='word_1_620' title='bbox 1651 4131 1686 4186; x_wconf 91' lang='lat' dir='ltr'><strong>ad</strong></span> 
     </span>
     <span class='ocr_line' id='line_1_48' title="bbox 55 4208 1687 4280; baseline 0.001 -16"><span class='ocrx_word' id='word_1_621' title='bbox 55 4225 112 4264; x_wconf 82' lang='lat' dir='ltr'><strong>esse</strong></span> <span class='ocrx_word' id='word_1_622' title='bbox 127 4218 230 4266; x_wconf 83' lang='lat' dir='ltr'><strong>ususet</strong></span> <span class='ocrx_word' id='word_1_623' title='bbox 245 4209 420 4265; x_wconf 86' lang='lat' dir='ltr'><strong>firmitudinis</strong></span> <span class='ocrx_word' id='word_1_624' title='bbox 435 4210 464 4263; x_wconf 91' lang='lat' dir='ltr'><strong>in</strong></span> <span class='ocrx_word' id='word_1_625' title='bbox 477 4208 574 4264; x_wconf 90' lang='lat' dir='ltr'><strong>studiis</strong></span> <span class='ocrx_word' id='word_1_626' title='bbox 585 4210 754 4278; x_wconf 83' lang='lat' dir='ltr'><strong>judicamus;</strong></span> <span class='ocrx_word' id='word_1_627' title='bbox 770 4209 853 4265; x_wconf 91' lang='lat' dir='ltr'><strong>veluti</strong></span> <span class='ocrx_word' id='word_1_628' title='bbox 892 4208 1039 4264; x_wconf 86' lang='lat' dir='ltr'><strong>sensibile:</strong></span> <span class='ocrx_word' id='word_1_629' title='bbox 1061 4209 1189 4265; x_wconf 88' lang='lat' dir='ltr'><strong>sensibile</strong></span> <span class='ocrx_word' id='word_1_630' title='bbox 1212 4217 1302 4264; x_wconf 87' lang='lat' dir='ltr'><strong>nutem</strong></span> <span class='ocrx_word' id='word_1_631' title='bbox 1323 4226 1431 4280; x_wconf 87' lang='lat' dir='ltr'><strong>semper</strong></span> <span class='ocrx_word' id='word_1_632' title='bbox 1452 4208 1547 4265; x_wconf 84' lang='lat' dir='ltr'><strong>fortius</strong></span> <span class='ocrx_word' id='word_1_633' title='bbox 1570 4212 1687 4280; x_wconf 86' lang='lat' dir='ltr'><strong>percutit</strong></span> 
     </span>
     <span class='ocr_line' id='line_1_49' title="bbox 55 4288 1686 4361; baseline 0.001 -17"><span class='ocrx_word' id='word_1_634' title='bbox 55 4306 114 4360; x_wconf 79' lang='lat' dir='ltr'><strong>quae</strong></span> <span class='ocrx_word' id='word_1_635' title='bbox 124 4289 279 4344; x_wconf 88' lang='lat' dir='ltr'><strong>inventioni</strong></span> <span class='ocrx_word' id='word_1_636' title='bbox 293 4291 402 4360; x_wconf 85' lang='lat' dir='ltr'><strong>copiam</strong></span> <span class='ocrx_word' id='word_1_637' title='bbox 412 4289 604 4352; x_wconf 86' lang='lat' dir='ltr'><strong>subministret,</strong></span> <span class='ocrx_word' id='word_1_638' title='bbox 619 4299 646 4343; x_wconf 91' lang='lat' dir='ltr'><strong>et</strong></span> <span class='ocrx_word' id='word_1_639' title='bbox 660 4292 746 4344; x_wconf 91' lang='lat' dir='ltr'><strong>aciem</strong></span> <span class='ocrx_word' id='word_1_640' title='bbox 757 4290 854 4359; x_wconf 89' lang='lat' dir='ltr'><strong>judicii</strong></span> <span class='ocrx_word' id='word_1_641' title='bbox 891 4289 1058 4353; x_wconf 89' lang='lat' dir='ltr'><strong>memoriam,</strong></span> <span class='ocrx_word' id='word_1_642' title='bbox 1079 4297 1161 4360; x_wconf 87' lang='lat' dir='ltr'><strong>atque</strong></span> <span class='ocrx_word' id='word_1_643' title='bbox 1182 4288 1211 4342; x_wconf 91' lang='lat' dir='ltr'><strong>in</strong></span> <span class='ocrx_word' id='word_1_644' title='bbox 1233 4305 1266 4343; x_wconf 92' lang='lat' dir='ltr'><strong>es</strong></span> <span class='ocrx_word' id='word_1_645' title='bbox 1287 4288 1395 4344; x_wconf 88' lang='lat' dir='ltr'><strong>facilius</strong></span> <span class='ocrx_word' id='word_1_646' title='bbox 1412 4289 1587 4358; x_wconf 88' lang='lat' dir='ltr'><strong>imprimitur,</strong></span> <span class='ocrx_word' id='word_1_647' title='bbox 1603 4307 1686 4361; x_wconf 89' lang='lat' dir='ltr'><strong>quam</strong></span> 
     </span>
     <span class='ocr_line' id='line_1_50' title="bbox 55 4367 1687 4442; baseline 0.002 -20"><span class='ocrx_word' id='word_1_648' title='bbox 55 4369 176 4425; x_wconf 77' lang='lat' dir='ltr'><strong>monum</strong></span> <span class='ocrx_word' id='word_1_649' title='bbox 191 4368 347 4424; x_wconf 85' lang='lat' dir='ltr'><strong>contrahat.</strong></span> <span class='ocrx_word' id='word_1_650' title='bbox 387 4369 491 4423; x_wconf 83' lang='lat' dir='ltr'><strong>Verum</strong></span> <span class='ocrx_word' id='word_1_651' title='bbox 504 4376 547 4423; x_wconf 89' lang='lat' dir='ltr'><strong>est</strong></span> <span class='ocrx_word' id='word_1_652' title='bbox 560 4377 652 4422; x_wconf 90' lang='lat' dir='ltr'><strong>tamen</strong></span> <span class='ocrx_word' id='word_1_653' title='bbox 665 4370 737 4424; x_wconf 91' lang='lat' dir='ltr'><strong>inter</strong></span> <span class='ocrx_word' id='word_1_654' title='bbox 751 4368 853 4424; x_wconf 89' lang='lat' dir='ltr'><strong>metho·</strong></span> <span class='ocrx_word' id='word_1_655' title='bbox 890 4367 1082 4425; x_wconf 85' lang='lat' dir='ltr'><strong>intellectuale.</strong></span> <span class='ocrx_word' id='word_1_656' title='bbox 1111 4369 1188 4422; x_wconf 85' lang='lat' dir='ltr'><strong>Adeo</strong></span> <span class='ocrx_word' id='word_1_657' title='bbox 1201 4376 1230 4423; x_wconf 94' lang='lat' dir='ltr'><strong>ut</strong></span> <span class='ocrx_word' id='word_1_658' title='bbox 1244 4369 1326 4423; x_wconf 90' lang='lat' dir='ltr'><strong>etiam</strong></span> <span class='ocrx_word' id='word_1_659' title='bbox 1337 4369 1475 4423; x_wconf 88' lang='lat' dir='ltr'><strong>brutorum</strong></span> <span class='ocrx_word' id='word_1_660' title='bbox 1491 4370 1687 4442; x_wconf 85' lang='lat' dir='ltr'><strong>memoriaper</strong></span> 
     </span>
     <span class='ocr_line' id='line_1_51' title="bbox 53 4447 1686 4522; baseline 0.002 -21"><span class='ocrx_word' id='word_1_661' title='bbox 53 4447 101 4501; x_wconf 84' lang='lat' dir='ltr'><strong>dor</strong></span> <span class='ocrx_word' id='word_1_662' title='bbox 125 4457 152 4504; x_wconf 89' lang='lat' dir='ltr'><strong>et</strong></span> <span class='ocrx_word' id='word_1_663' title='bbox 176 4457 312 4518; x_wconf 84' lang='lat' dir='ltr'><strong>syntaxes</strong></span> <span class='ocrx_word' id='word_1_664' title='bbox 332 4449 453 4503; x_wconf 90' lang='lat' dir='ltr'><strong>locorum</strong></span> <span class='ocrx_word' id='word_1_665' title='bbox 474 4448 666 4513; x_wconf 84' lang='lat' dir='ltr'><strong>communium,</strong></span> <span class='ocrx_word' id='word_1_666' title='bbox 690 4465 757 4519; x_wconf 88' lang='lat' dir='ltr'><strong>quas</strong></span> <span class='ocrx_word' id='word_1_667' title='bbox 775 4448 854 4502; x_wconf 88' lang='lat' dir='ltr'><strong>nobis</strong></span> <span class='ocrx_word' id='word_1_668' title='bbox 890 4448 1019 4502; x_wconf 89' lang='lat' dir='ltr'><strong>sensibile</strong></span> <span class='ocrx_word' id='word_1_669' title='bbox 1030 4450 1169 4513; x_wconf 88' lang='lat' dir='ltr'><strong>excitetur,</strong></span> <span class='ocrx_word' id='word_1_670' title='bbox 1181 4465 1230 4518; x_wconf 91' lang='lat' dir='ltr'><strong>per</strong></span> <span class='ocrx_word' id='word_1_671' title='bbox 1243 4447 1427 4503; x_wconf 87' lang='lat' dir='ltr'><strong>intellectuale</strong></span> <span class='ocrx_word' id='word_1_672' title='bbox 1437 4448 1561 4503; x_wconf 90' lang='lat' dir='ltr'><strong>minime.</strong></span> <span class='ocrx_word' id='word_1_673' title='bbox 1589 4449 1686 4522; x_wconf 87' lang='lat' dir='ltr'><strong>ltaque</strong></span> 
     </span>
     <span class='ocr_line' id='line_1_52' title="bbox 54 4526 1686 4605; baseline 0.002 -24"><span class='ocrx_word' id='word_1_674' title='bbox 54 4528 141 4582; x_wconf 82' lang='lat' dir='ltr'><strong>adhue</strong></span> <span class='ocrx_word' id='word_1_675' title='bbox 155 4530 251 4583; x_wconf 82' lang='lat' dir='ltr'><strong>ridere</strong></span> <span class='ocrx_word' id='word_1_676' title='bbox 266 4529 389 4599; x_wconf 90' lang='lat' dir='ltr'><strong>contigit,</strong></span> <span class='ocrx_word' id='word_1_677' title='bbox 403 4526 506 4582; x_wconf 85' lang='lat' dir='ltr'><strong>nullam</strong></span> <span class='ocrx_word' id='word_1_678' title='bbox 525 4527 647 4598; x_wconf 88' lang='lat' dir='ltr'><strong>reperiri,</strong></span> <span class='ocrx_word' id='word_1_679' title='bbox 666 4545 727 4600; x_wconf 82' lang='lat' dir='ltr'><strong>quae</strong></span> <span class='ocrx_word' id='word_1_680' title='bbox 740 4527 853 4605; x_wconf 90' lang='lat' dir='ltr'><strong>alicujus</strong></span> <span class='ocrx_word' id='word_1_681' title='bbox 891 4527 998 4582; x_wconf 86' lang='lat' dir='ltr'><strong>facilius</strong></span> <span class='ocrx_word' id='word_1_682' title='bbox 1012 4529 1128 4582; x_wconf 89' lang='lat' dir='ltr'><strong>retineas</strong></span> <span class='ocrx_word' id='word_1_683' title='bbox 1149 4528 1297 4599; x_wconf 89' lang='lat' dir='ltr'><strong>imaginem</strong></span> <span class='ocrx_word' id='word_1_684' title='bbox 1311 4528 1446 4583; x_wconf 89' lang='lat' dir='ltr'><strong>venatoris</strong></span> <span class='ocrx_word' id='word_1_685' title='bbox 1460 4528 1581 4597; x_wconf 91' lang='lat' dir='ltr'><strong>leporem</strong></span> <span class='ocrx_word' id='word_1_686' title='bbox 1596 4546 1686 4599; x_wconf 90' lang='lat' dir='ltr'><strong>perse·</strong></span> 
     </span>
     <span class='ocr_line' id='line_1_53' title="bbox 54 4606 1686 4679; baseline 0.002 -19"><span class='ocrx_word' id='word_1_687' title='bbox 54 4609 89 4660; x_wconf 86' lang='lat' dir='ltr'><strong>sit</strong></span> <span class='ocrx_word' id='word_1_688' title='bbox 112 4609 215 4678; x_wconf 87' lang='lat' dir='ltr'><strong>pretii:</strong></span> <span class='ocrx_word' id='word_1_689' title='bbox 249 4607 469 4678; x_wconf 87' lang='lat' dir='ltr'><strong>quandoquidem</strong></span> <span class='ocrx_word' id='word_1_690' title='bbox 497 4606 526 4660; x_wconf 90' lang='lat' dir='ltr'><strong>in</strong></span> <span class='ocrx_word' id='word_1_691' title='bbox 560 4606 647 4661; x_wconf 81' lang='lat' dir='ltr'><strong>timlis</strong></span> <span class='ocrx_word' id='word_1_692' title='bbox 671 4609 728 4662; x_wconf 91' lang='lat' dir='ltr'><strong>suis</strong></span> <span class='ocrx_word' id='word_1_693' title='bbox 756 4608 853 4662; x_wconf 89' lang='lat' dir='ltr'><strong>faciem</strong></span> <span class='ocrx_word' id='word_1_694' title='bbox 891 4608 1008 4677; x_wconf 89' lang='lat' dir='ltr'><strong>quentis,</strong></span> <span class='ocrx_word' id='word_1_695' title='bbox 1030 4616 1078 4662; x_wconf 91' lang='lat' dir='ltr'><strong>aut</strong></span> <span class='ocrx_word' id='word_1_696' title='bbox 1096 4607 1300 4677; x_wconf 85' lang='lat' dir='ltr'><strong>pharmacopoei</strong></span> <span class='ocrx_word' id='word_1_697' title='bbox 1320 4607 1436 4679; x_wconf 80' lang='lat' dir='ltr'><strong>pyxides</strong></span> <span class='ocrx_word' id='word_1_698' title='bbox 1457 4607 1615 4673; x_wconf 90' lang='lat' dir='ltr'><strong>ordinantis,</strong></span> <span class='ocrx_word' id='word_1_699' title='bbox 1637 4617 1686 4664; x_wconf 86' lang='lat' dir='ltr'><strong>aut</strong></span> 
     </span>
     <span class='ocr_line' id='line_1_54' title="bbox 54 4685 1686 4759; baseline 0 -16"><span class='ocrx_word' id='word_1_700' title='bbox 54 4703 163 4757; x_wconf 77' lang='lat' dir='ltr'><strong>prorsus</strong></span> <span class='ocrx_word' id='word_1_701' title='bbox 184 4688 338 4742; x_wconf 84' lang='lat' dir='ltr'><strong>exhibeant</strong></span> <span class='ocrx_word' id='word_1_702' title='bbox 356 4688 445 4759; x_wconf 87' lang='lat' dir='ltr'><strong>magis</strong></span> <span class='ocrx_word' id='word_1_703' title='bbox 463 4685 572 4750; x_wconf 75' lang='lat' dir='ltr'><strong>schola,</strong></span> <span class='ocrx_word' id='word_1_704' title='bbox 587 4703 668 4757; x_wconf 89' lang='lat' dir='ltr'><strong>quam</strong></span> <span class='ocrx_word' id='word_1_705' title='bbox 682 4687 783 4752; x_wconf 92' lang='lat' dir='ltr'><strong>mundi,</strong></span> <span class='ocrx_word' id='word_1_706' title='bbox 798 4686 854 4741; x_wconf 83' lang='lat' dir='ltr'><strong>rul-</strong></span> <span class='ocrx_word' id='word_1_707' title='bbox 890 4686 1010 4756; x_wconf 88' lang='lat' dir='ltr'><strong>pedantii</strong></span> <span class='ocrx_word' id='word_1_708' title='bbox 1025 4688 1173 4741; x_wconf 85' lang='lat' dir='ltr'><strong>orationem</strong></span> <span class='ocrx_word' id='word_1_709' title='bbox 1186 4686 1320 4751; x_wconf 88' lang='lat' dir='ltr'><strong>habentis,</strong></span> <span class='ocrx_word' id='word_1_710' title='bbox 1330 4695 1377 4742; x_wconf 90' lang='lat' dir='ltr'><strong>ant</strong></span> <span class='ocrx_word' id='word_1_711' title='bbox 1391 4688 1470 4758; x_wconf 88' lang='lat' dir='ltr'><strong>pueri</strong></span> <span class='ocrx_word' id='word_1_712' title='bbox 1479 4704 1571 4742; x_wconf 87' lang='lat' dir='ltr'><strong>versus</strong></span> <span class='ocrx_word' id='word_1_713' title='bbox 1584 4705 1686 4743; x_wconf 87' lang='lat' dir='ltr'><strong>memo·</strong></span> 
     </span>
     <span class='ocr_line' id='line_1_55' title="bbox 54 4765 1685 4839; baseline 0.001 -18"><span class='ocrx_word' id='word_1_714' title='bbox 54 4783 132 4837; x_wconf 84' lang='lat' dir='ltr'><strong>gares</strong></span> <span class='ocrx_word' id='word_1_715' title='bbox 154 4775 183 4821; x_wconf 94' lang='lat' dir='ltr'><strong>et</strong></span> <span class='ocrx_word' id='word_1_716' title='bbox 210 4767 405 4838; x_wconf 72' lang='lat' dir='ltr'><strong>paedagogicas</strong></span> <span class='ocrx_word' id='word_1_717' title='bbox 429 4765 593 4820; x_wconf 89' lang='lat' dir='ltr'><strong>adhibentes</strong></span> <span class='ocrx_word' id='word_1_718' title='bbox 620 4767 774 4831; x_wconf 85' lang='lat' dir='ltr'><strong>divisiones,</strong></span> <span class='ocrx_word' id='word_1_719' title='bbox 798 4784 854 4820; x_wconf 91' lang='lat' dir='ltr'><strong>non</strong></span> <span class='ocrx_word' id='word_1_720' title='bbox 890 4766 956 4820; x_wconf 91' lang='lat' dir='ltr'><strong>riter</strong></span> <span class='ocrx_word' id='word_1_721' title='bbox 976 4766 1122 4830; x_wconf 86' lang='lat' dir='ltr'><strong>recitantis,</strong></span> <span class='ocrx_word' id='word_1_722' title='bbox 1137 4774 1184 4820; x_wconf 87' lang='lat' dir='ltr'><strong>sut</strong></span> <span class='ocrx_word' id='word_1_723' title='bbox 1204 4766 1282 4821; x_wconf 90' lang='lat' dir='ltr'><strong>mimi</strong></span> <span class='ocrx_word' id='word_1_724' title='bbox 1303 4767 1331 4821; x_wconf 90' lang='lat' dir='ltr'><strong>in</strong></span> <span class='ocrx_word' id='word_1_725' title='bbox 1352 4783 1434 4822; x_wconf 89' lang='lat' dir='ltr'><strong>scens</strong></span> <span class='ocrx_word' id='word_1_726' title='bbox 1455 4767 1579 4838; x_wconf 71' lang='lat' dir='ltr'><strong>agentisr</strong></span> <span class='ocrx_word' id='word_1_727' title='bbox 1602 4784 1685 4839; x_wconf 91' lang='lat' dir='ltr'><strong>quam</strong></span> 
     </span>
     <span class='ocr_line' id='line_1_56' title="bbox 53 4844 1683 4918; baseline 0 -18"><span class='ocrx_word' id='word_1_728' title='bbox 53 4857 142 4901; x_wconf 82' lang='lat' dir='ltr'><strong>sutem</strong></span> <span class='ocrx_word' id='word_1_729' title='bbox 170 4863 228 4910; x_wconf 84' lang='lat' dir='ltr'><strong>eas,</strong></span> <span class='ocrx_word' id='word_1_730' title='bbox 253 4865 315 4918; x_wconf 77' lang='lat' dir='ltr'><strong>qua</strong></span> <span class='ocrx_word' id='word_1_731' title='bbox 345 4847 380 4901; x_wconf 90' lang='lat' dir='ltr'><strong>ad</strong></span> <span class='ocrx_word' id='word_1_732' title='bbox 403 4862 492 4900; x_wconf 88' lang='lat' dir='ltr'><strong>rerum</strong></span> <span class='ocrx_word' id='word_1_733' title='bbox 514 4844 647 4900; x_wconf 88' lang='lat' dir='ltr'><strong>medullas</strong></span> <span class='ocrx_word' id='word_1_734' title='bbox 670 4853 698 4902; x_wconf 89' lang='lat' dir='ltr'><strong>et</strong></span> <span class='ocrx_word' id='word_1_735' title='bbox 724 4846 854 4901; x_wconf 86' lang='lat' dir='ltr'><strong>interiora</strong></span> <span class='ocrx_word' id='word_1_736' title='bbox 891 4846 964 4915; x_wconf 88' lang='lat' dir='ltr'><strong>ipsas</strong></span> <span class='ocrx_word' id='word_1_737' title='bbox 978 4846 1102 4900; x_wconf 90' lang='lat' dir='ltr'><strong>notiones</strong></span> <span class='ocrx_word' id='word_1_738' title='bbox 1119 4846 1291 4911; x_wconf 90' lang='lat' dir='ltr'><strong>inventionis,</strong></span> <span class='ocrx_word' id='word_1_739' title='bbox 1305 4846 1500 4918; x_wconf 87' lang='lat' dir='ltr'><strong>dispositionis,</strong></span> <span class='ocrx_word' id='word_1_740' title='bbox 1515 4845 1683 4912; x_wconf 88' lang='lat' dir='ltr'><strong>elocutionis,</strong></span> 
     </span>
     <span class='ocr_line' id='line_1_57' title="bbox 53 4925 1684 4998; baseline 0.001 -19"><span class='ocrx_word' id='word_1_741' title='bbox 53 4927 147 4996; x_wconf 85' lang='lat' dir='ltr'><strong>qaoris</strong></span> <span class='ocrx_word' id='word_1_742' title='bbox 161 4926 245 4981; x_wconf 90' lang='lat' dir='ltr'><strong>modo</strong></span> <span class='ocrx_word' id='word_1_743' title='bbox 258 4933 414 4997; x_wconf 87' lang='lat' dir='ltr'><strong>penetrent.</strong></span> <span class='ocrx_word' id='word_1_744' title='bbox 890 4925 1038 4989; x_wconf 78' lang='lat' dir='ltr'><strong>memorio,</strong></span> <span class='ocrx_word' id='word_1_745' title='bbox 1053 4925 1174 4980; x_wconf 90' lang='lat' dir='ltr'><strong>actionis.</strong></span> <span class='ocrx_word' id='word_1_746' title='bbox 1217 4925 1285 4980; x_wconf 86' lang='lat' dir='ltr'><strong>Sunt</strong></span> <span class='ocrx_word' id='word_1_747' title='bbox 1298 4933 1326 4981; x_wconf 92' lang='lat' dir='ltr'><strong>et</strong></span> <span class='ocrx_word' id='word_1_748' title='bbox 1344 4926 1406 4991; x_wconf 90' lang='lat' dir='ltr'><strong>alis,</strong></span> <span class='ocrx_word' id='word_1_749' title='bbox 1421 4944 1482 4998; x_wconf 83' lang='lat' dir='ltr'><strong>quae</strong></span> <span class='ocrx_word' id='word_1_750' title='bbox 1496 4925 1634 4998; x_wconf 88' lang='lat' dir='ltr'><strong>pertinent</strong></span> <span class='ocrx_word' id='word_1_751' title='bbox 1647 4925 1684 4980; x_wconf 89' lang='lat' dir='ltr'><strong>ad</strong></span> 
     </span>
    </p>

    <p class='ocr_par' dir='ltr' id='par_1_8' title="bbox 53 5003 1685 5557">
     <span class='ocr_line' id='line_1_58' title="bbox 90 5003 1684 5077; baseline 0.001 -18"><span class='ocrx_word' id='word_1_752' title='bbox 90 5005 172 5060; x_wconf 82' lang='lat' dir='ltr'><strong>Circa</strong></span> <span class='ocrx_word' id='word_1_753' title='bbox 191 5005 356 5060; x_wconf 89' lang='lat' dir='ltr'><strong>memoriam</strong></span> <span class='ocrx_word' id='word_1_754' title='bbox 379 5012 470 5061; x_wconf 90' lang='lat' dir='ltr'><strong>sutem</strong></span> <span class='ocrx_word' id='word_1_755' title='bbox 491 5005 581 5077; x_wconf 89' lang='lat' dir='ltr'><strong>ipsam</strong></span> <span class='ocrx_word' id='word_1_756' title='bbox 603 5004 668 5059; x_wconf 90' lang='lat' dir='ltr'><strong>satis</strong></span> <span class='ocrx_word' id='word_1_757' title='bbox 685 5004 806 5075; x_wconf 88' lang='lat' dir='ltr'><strong>segniter</strong></span> <span class='ocrx_word' id='word_1_758' title='bbox 825 5013 854 5060; x_wconf 90' lang='lat' dir='ltr'><strong>et</strong></span> <span class='ocrx_word' id='word_1_759' title='bbox 890 5005 1049 5059; x_wconf 87' lang='lat' dir='ltr'><strong>memoriam</strong></span> <span class='ocrx_word' id='word_1_760' title='bbox 1057 5004 1205 5073; x_wconf 81' lang='lat' dir='ltr'><strong>jurandam</strong></span> <span class='ocrx_word' id='word_1_761' title='bbox 1213 5005 1257 5075; x_wconf 88' lang='lat' dir='ltr'><strong>(ut</strong></span> <span class='ocrx_word' id='word_1_762' title='bbox 1267 5006 1348 5060; x_wconf 91' lang='lat' dir='ltr'><strong>modo</strong></span> <span class='ocrx_word' id='word_1_763' title='bbox 1361 5003 1492 5076; x_wconf 81' lang='lat' dir='ltr'><strong>diximus)</strong></span> <span class='ocrx_word' id='word_1_764' title='bbox 1501 5004 1549 5059; x_wconf 87' lang='lat' dir='ltr'><strong>sed</strong></span> <span class='ocrx_word' id='word_1_765' title='bbox 1559 5020 1611 5068; x_wconf 90' lang='lat' dir='ltr'><strong>ars,</strong></span> <span class='ocrx_word' id='word_1_766' title='bbox 1622 5021 1684 5076; x_wconf 77' lang='lat' dir='ltr'><strong>quas</strong></span> 
     </span>
     <span class='ocr_line' id='line_1_59' title="bbox 53 5083 1683 5156; baseline 0.001 -18"><span class='ocrx_word' id='word_1_767' title='bbox 53 5083 180 5156; x_wconf 84' lang='lat' dir='ltr'><strong>languide</strong></span> <span class='ocrx_word' id='word_1_768' title='bbox 194 5086 306 5140; x_wconf 89' lang='lat' dir='ltr'><strong>videtur</strong></span> <span class='ocrx_word' id='word_1_769' title='bbox 319 5085 408 5140; x_wconf 90' lang='lat' dir='ltr'><strong>adhuc</strong></span> <span class='ocrx_word' id='word_1_770' title='bbox 423 5086 592 5156; x_wconf 88' lang='lat' dir='ltr'><strong>inquisitum.</strong></span> <span class='ocrx_word' id='word_1_771' title='bbox 632 5085 718 5139; x_wconf 82' lang='lat' dir='ltr'><strong>Extat</strong></span> <span class='ocrx_word' id='word_1_772' title='bbox 731 5092 804 5139; x_wconf 89' lang='lat' dir='ltr'><strong>certe</strong></span> <span class='ocrx_word' id='word_1_773' title='bbox 819 5084 852 5139; x_wconf 90' lang='lat' dir='ltr'><strong>de</strong></span> <span class='ocrx_word' id='word_1_774' title='bbox 887 5085 945 5153; x_wconf 89' lang='lat' dir='ltr'><strong>jam</strong></span> <span class='ocrx_word' id='word_1_775' title='bbox 958 5084 1079 5149; x_wconf 88' lang='lat' dir='ltr'><strong>habetur,</strong></span> <span class='ocrx_word' id='word_1_776' title='bbox 1094 5102 1130 5139; x_wconf 87' lang='lat' dir='ltr'><strong>ex</strong></span> <span class='ocrx_word' id='word_1_777' title='bbox 1144 5084 1189 5138; x_wconf 91' lang='lat' dir='ltr'><strong>his</strong></span> <span class='ocrx_word' id='word_1_778' title='bbox 1203 5084 1306 5141; x_wconf 90' lang='lat' dir='ltr'><strong>duobus</strong></span> <span class='ocrx_word' id='word_1_779' title='bbox 1317 5086 1375 5154; x_wconf 86' lang='lat' dir='ltr'><strong>jam</strong></span> <span class='ocrx_word' id='word_1_780' title='bbox 1391 5083 1539 5155; x_wconf 73' lang='lat' dir='ltr'><strong>promissis</strong></span> <span class='ocrx_word' id='word_1_781' title='bbox 1552 5083 1683 5140; x_wconf 88' lang='lat' dir='ltr'><strong>consistit.</strong></span> 
     </span>
     <span class='ocr_line' id='line_1_60' title="bbox 53 5161 1685 5238; baseline 0.001 -21"><span class='ocrx_word' id='word_1_782' title='bbox 53 5181 86 5217; x_wconf 74' lang='lat' dir='ltr'><strong>es</strong></span> <span class='ocrx_word' id='word_1_783' title='bbox 98 5181 142 5220; x_wconf 82' lang='lat' dir='ltr'><strong>ars</strong></span> <span class='ocrx_word' id='word_1_784' title='bbox 157 5166 314 5238; x_wconf 70' lang='lat' dir='ltr'><strong>quapiamr</strong></span> <span class='ocrx_word' id='word_1_785' title='bbox 336 5182 429 5219; x_wconf 88' lang='lat' dir='ltr'><strong>verum</strong></span> <span class='ocrx_word' id='word_1_786' title='bbox 442 5166 521 5220; x_wconf 89' lang='lat' dir='ltr'><strong>nobis</strong></span> <span class='ocrx_word' id='word_1_787' title='bbox 535 5172 642 5219; x_wconf 86' lang='lat' dir='ltr'><strong>constat</strong></span> <span class='ocrx_word' id='word_1_788' title='bbox 663 5172 718 5219; x_wconf 92' lang='lat' dir='ltr'><strong>tum</strong></span> <span class='ocrx_word' id='word_1_789' title='bbox 739 5163 853 5219; x_wconf 89' lang='lat' dir='ltr'><strong>meliora</strong></span> <span class='ocrx_word' id='word_1_790' title='bbox 890 5164 1070 5219; x_wconf 88' lang='lat' dir='ltr'><strong>Particulares</strong></span> <span class='ocrx_word' id='word_1_791' title='bbox 1084 5173 1174 5218; x_wconf 87' lang='lat' dir='ltr'><strong>autem</strong></span> <span class='ocrx_word' id='word_1_792' title='bbox 1194 5165 1291 5219; x_wconf 76' lang='lat' dir='ltr'><strong>artium</strong></span> <span class='ocrx_word' id='word_1_793' title='bbox 1310 5165 1431 5220; x_wconf 89' lang='lat' dir='ltr'><strong>deiectus</strong></span> <span class='ocrx_word' id='word_1_794' title='bbox 1451 5161 1586 5234; x_wconf 88' lang='lat' dir='ltr'><strong>persequi,</strong></span> <span class='ocrx_word' id='word_1_795' title='bbox 1601 5161 1685 5218; x_wconf 75' lang='lat' dir='ltr'><strong>riserit</strong></span> 
     </span>
     <span class='ocr_line' id='line_1_61' title="bbox 54 5241 1684 5316; baseline -0.001 -17"><span class='ocrx_word' id='word_1_796' title='bbox 54 5255 187 5316; x_wconf 65' lang='lat' dir='ltr'><strong>precepta</strong></span> <span class='ocrx_word' id='word_1_797' title='bbox 216 5246 251 5301; x_wconf 87' lang='lat' dir='ltr'><strong>de</strong></span> <span class='ocrx_word' id='word_1_798' title='bbox 279 5245 415 5299; x_wconf 91' lang='lat' dir='ltr'><strong>memoria</strong></span> <span class='ocrx_word' id='word_1_799' title='bbox 438 5244 623 5299; x_wconf 84' lang='lat' dir='ltr'><strong>confirmanda</strong></span> <span class='ocrx_word' id='word_1_800' title='bbox 647 5252 675 5298; x_wconf 87' lang='lat' dir='ltr'><strong>et</strong></span> <span class='ocrx_word' id='word_1_801' title='bbox 697 5243 853 5314; x_wconf 84' lang='lat' dir='ltr'><strong>amplianda</strong></span> <span class='ocrx_word' id='word_1_802' title='bbox 890 5244 925 5297; x_wconf 87' lang='lat' dir='ltr'><strong>ab</strong></span> <span class='ocrx_word' id='word_1_803' title='bbox 938 5244 1063 5298; x_wconf 90' lang='lat' dir='ltr'><strong>instituto</strong></span> <span class='ocrx_word' id='word_1_804' title='bbox 1071 5252 1164 5298; x_wconf 88' lang='lat' dir='ltr'><strong>nostro</strong></span> <span class='ocrx_word' id='word_1_805' title='bbox 1172 5244 1309 5300; x_wconf 87' lang='lat' dir='ltr'><strong>recedere.</strong></span> <span class='ocrx_word' id='word_1_806' title='bbox 1332 5245 1420 5315; x_wconf 89' lang='lat' dir='ltr'><strong>Igitur</strong></span> <span class='ocrx_word' id='word_1_807' title='bbox 1433 5242 1466 5296; x_wconf 87' lang='lat' dir='ltr'><strong>de</strong></span> <span class='ocrx_word' id='word_1_808' title='bbox 1480 5241 1684 5297; x_wconf 86' lang='lat' dir='ltr'><strong>arterctinendi</strong></span> 
     </span>
     <span class='ocr_line' id='line_1_62' title="bbox 54 5319 1684 5395; baseline 0.001 -19"><span class='ocrx_word' id='word_1_809' title='bbox 54 5321 147 5379; x_wconf 82' lang='lat' dir='ltr'><strong>haberi</strong></span> <span class='ocrx_word' id='word_1_810' title='bbox 162 5340 254 5395; x_wconf 87' lang='lat' dir='ltr'><strong>posse,</strong></span> <span class='ocrx_word' id='word_1_811' title='bbox 269 5341 354 5395; x_wconf 89' lang='lat' dir='ltr'><strong>quam</strong></span> <span class='ocrx_word' id='word_1_812' title='bbox 368 5323 416 5378; x_wconf 85' lang='lat' dir='ltr'><strong>ifle</strong></span> <span class='ocrx_word' id='word_1_813' title='bbox 429 5323 691 5394; x_wconf 85' lang='lat' dir='ltr'><strong>arscomplectitur;</strong></span> <span class='ocrx_word' id='word_1_814' title='bbox 707 5333 763 5378; x_wconf 92' lang='lat' dir='ltr'><strong>tum</strong></span> <span class='ocrx_word' id='word_1_815' title='bbox 778 5341 853 5394; x_wconf 84' lang='lat' dir='ltr'><strong>prac-</strong></span> <span class='ocrx_word' id='word_1_816' title='bbox 890 5324 947 5377; x_wconf 87' lang='lat' dir='ltr'><strong>sive</strong></span> <span class='ocrx_word' id='word_1_817' title='bbox 962 5323 1089 5378; x_wconf 82' lang='lat' dir='ltr'><strong>custodiro</strong></span> <span class='ocrx_word' id='word_1_818' title='bbox 1103 5322 1163 5377; x_wconf 85' lang='lat' dir='ltr'><strong>heac</strong></span> <span class='ocrx_word' id='word_1_819' title='bbox 1173 5323 1247 5377; x_wconf 91' lang='lat' dir='ltr'><strong>dicta</strong></span> <span class='ocrx_word' id='word_1_820' title='bbox 1261 5325 1324 5378; x_wconf 87' lang='lat' dir='ltr'><strong>sint.</strong></span> <span class='ocrx_word' id='word_1_821' title='bbox 1351 5322 1415 5376; x_wconf 87' lang='lat' dir='ltr'><strong>Jsm</strong></span> <span class='ocrx_word' id='word_1_822' title='bbox 1429 5337 1494 5375; x_wconf 89' lang='lat' dir='ltr'><strong>vero</strong></span> <span class='ocrx_word' id='word_1_823' title='bbox 1507 5319 1543 5375; x_wconf 85' lang='lat' dir='ltr'><strong>ad</strong></span> <span class='ocrx_word' id='word_1_824' title='bbox 1557 5328 1684 5392; x_wconf 92' lang='lat' dir='ltr'><strong>quartum</strong></span> 
     </span>
     <span class='ocr_line' id='line_1_63' title="bbox 54 5398 1683 5474; baseline 0.001 -19"><span class='ocrx_word' id='word_1_825' title='bbox 54 5403 134 5458; x_wconf 82' lang='lat' dir='ltr'><strong>ticam</strong></span> <span class='ocrx_word' id='word_1_826' title='bbox 155 5405 233 5459; x_wconf 86' lang='lat' dir='ltr'><strong>illius</strong></span> <span class='ocrx_word' id='word_1_827' title='bbox 257 5403 346 5474; x_wconf 83' lang='lat' dir='ltr'><strong>ipsius</strong></span> <span class='ocrx_word' id='word_1_828' title='bbox 370 5404 437 5458; x_wconf 89' lang='lat' dir='ltr'><strong>artis</strong></span> <span class='ocrx_word' id='word_1_829' title='bbox 463 5402 602 5457; x_wconf 89' lang='lat' dir='ltr'><strong>meliorem</strong></span> <span class='ocrx_word' id='word_1_830' title='bbox 631 5403 739 5457; x_wconf 89' lang='lat' dir='ltr'><strong>institui</strong></span> <span class='ocrx_word' id='word_1_831' title='bbox 763 5419 852 5472; x_wconf 91' lang='lat' dir='ltr'><strong>posse,</strong></span> <span class='ocrx_word' id='word_1_832' title='bbox 889 5404 1041 5457; x_wconf 84' lang='lat' dir='ltr'><strong>membrum</strong></span> <span class='ocrx_word' id='word_1_833' title='bbox 1059 5403 1164 5473; x_wconf 69' lang='lat' dir='ltr'><strong>logicas,</strong></span> <span class='ocrx_word' id='word_1_834' title='bbox 1179 5403 1252 5474; x_wconf 87' lang='lat' dir='ltr'><strong>quod</strong></span> <span class='ocrx_word' id='word_1_835' title='bbox 1264 5403 1436 5457; x_wconf 90' lang='lat' dir='ltr'><strong>traditionem</strong></span> <span class='ocrx_word' id='word_1_836' title='bbox 1452 5406 1481 5454; x_wconf 86' lang='lat' dir='ltr'><strong>et</strong></span> <span class='ocrx_word' id='word_1_837' title='bbox 1501 5398 1683 5457; x_wconf 87' lang='lat' dir='ltr'><strong>elocutionem</strong></span> 
     </span>
     <span class='ocr_line' id='line_1_64' title="bbox 55 5482 1296 5557; baseline 0.002 -20"><span class='ocrx_word' id='word_1_838' title='bbox 55 5499 133 5552; x_wconf 78' lang='lat' dir='ltr'><strong>quam</strong></span> <span class='ocrx_word' id='word_1_839' title='bbox 147 5501 210 5556; x_wconf 77' lang='lat' dir='ltr'><strong>quie</strong></span> <span class='ocrx_word' id='word_1_840' title='bbox 230 5494 343 5554; x_wconf 85' lang='lat' dir='ltr'><strong>recepta</strong></span> <span class='ocrx_word' id='word_1_841' title='bbox 361 5491 412 5537; x_wconf 90' lang='lat' dir='ltr'><strong>est.</strong></span> <span class='ocrx_word' id='word_1_842' title='bbox 453 5484 552 5552; x_wconf 88' lang='lat' dir='ltr'><strong>Neque</strong></span> <span class='ocrx_word' id='word_1_843' title='bbox 576 5491 667 5539; x_wconf 88' lang='lat' dir='ltr'><strong>tamen</strong></span> <span class='ocrx_word' id='word_1_844' title='bbox 689 5483 854 5557; x_wconf 83' lang='lat' dir='ltr'><strong>ambigimus</strong></span> <span class='ocrx_word' id='word_1_845' title='bbox 889 5490 994 5547; x_wconf 88' lang='lat' dir='ltr'><strong>tractat,</strong></span> <span class='ocrx_word' id='word_1_846' title='bbox 1003 5482 1096 5538; x_wconf 90' lang='lat' dir='ltr'><strong>ordine</strong></span> <span class='ocrx_word' id='word_1_847' title='bbox 1110 5483 1296 5554; x_wconf 86' lang='lat' dir='ltr'><strong>pervenimus.</strong></span> 
     </span>
    </p>
   </div>
   <div class='ocr_carea' id='block_1_7' title="bbox 0 0 1904 5875">
    <p class='ocr_par' dir='ltr' id='par_1_9' title="bbox 0 0 1904 5875">
     <span class='ocr_line' id='line_1_65' title="bbox 0 0 1904 5875; baseline 0 1"><span class='ocrx_word' id='word_1_848' title='bbox 0 0 1904 5875; x_wconf 95' lang='lat' dir='ltr'><strong> </strong></span> 
     </span>
    </p>
   </div>
  </div>
 </body>
</html>
