3800 5875
729 381 834 439 Nova
855 379 1053 436 ATLANTIS.
1447 370 1457 393 ⁸
1646 380 1702 443 725

909 539 990 602 dulci,
1002 544 1049 592 aut
1062 544 1222 601 commeatu,
1236 545 1283 593 out
1296 539 1439 604 medicina,
1454 545 1482 593 et
1494 540 1633 594 curatione
1653 557 1705 610 pro

117 617 541 684 NarrasvtuusePemriaubi
555 636 604 690 per
617 636 717 674 annum
735 621 872 689 integrum
910 619 1030 688 aegrotis,
1053 624 1099 671 aut
1122 618 1146 670 si
1172 618 1249 671 navis
1273 626 1362 672 vestra
1384 619 1554 687 reparatione
1575 619 1703 690 indigeat,

73 698 237 752 commorati
257 714 366 753 mmus:
400 699 560 768 petebamus
583 707 674 753 autem
698 699 824 762 Chinam,
846 706 874 752 et
910 696 1025 767 singula,
1048 697 1145 766 quibus
1165 698 1271 760 caretis,
1289 698 1319 749 in
1339 697 1448 766 scriptis
1466 698 1603 751 exhibete.
1643 699 1703 753 Nos

74 774 244 847 Japoniam;
265 786 444 832 commeatum
457 779 486 832 iu
503 778 645 832 duodecim
660 795 767 833 menses
781 777 872 831 nobis·
909 783 1000 829 autem
1012 775 1108 830 officiis
1120 774 1182 828 ullis
1192 775 1469 830 misericordiaevobis
1479 777 1702 832 nondeerimus.”

75 872 142 909 cum
152 864 307 926 portantesr
324 866 406 928 atque
416 874 465 927 per
474 858 592 927 spatium
602 857 719 928 quinque
730 856 872 919 mensium,
911 854 1026 908 Botulus
1046 854 1097 907 iste
1118 854 1209 924 sigillo
1223 856 1344 908 firmatus
1357 864 1415 908 erat
1429 872 1464 909 ex
1477 855 1529 909 alis
1544 856 1702 920 Cherubim,

74 944 105 988 et
125 934 250 1005 amplius,
268 936 356 991 ventis
376 937 500 990 secundis
520 937 556 988 ab
575 947 635 989 ortu
655 936 788 999 flantibus,
809 934 872 989 licet
910 934 1022 987 minime
1036 934 1172 1003 expansis,
1187 934 1235 986 sed
1247 933 1372 987 deorsum
1386 934 1571 1003 pendentibus,
1586 943 1614 989 et
1623 937 1704 1003 juxta

74 1094 160 1148 vertit
173 1110 202 1148 se
216 1101 320 1158 ventus,
335 1101 362 1147 et
375 1094 410 1147 ab
424 1094 563 1149 occidente
577 1110 625 1163 per
635 1093 733 1148 multos
743 1094 801 1147 dies
811 1110 872 1146 con·
911 1107 994 1144 unum
1008 1107 1043 1144 ex
1057 1090 1191 1145 famulitio
1205 1108 1254 1145 suo
1265 1091 1403 1146 uobiscum
1413 1092 1529 1163 reliquit,
1538 1093 1584 1164 qui
1596 1111 1704 1163 respou-

75 1179 184 1226 stanter
191 1173 316 1243 spirarit;
331 1173 569 1244 adeoutprogredi
579 1173 650 1227 lente
661 1172 805 1227 admodum
812 1188 871 1242 pos·
910 1186 970 1223 oum
984 1177 1270 1240 nostrumrcportaret.
1304 1169 1372 1223 Cum
1384 1173 1441 1240 jam
1455 1172 1526 1240 apud
1540 1189 1589 1226 nos
1603 1173 1636 1227 de
1650 1173 1703 1226 hac

75 1267 178 1316 oemus,
189 1261 270 1322 atque
280 1251 313 1305 de
324 1253 412 1306 reditu
424 1252 584 1323 quandoque
595 1253 783 1322 cogitaremus.
818 1251 872 1305 Sed
910 1265 938 1301 re
953 1248 1173 1313 deliberaremus,
1181 1249 1270 1303 timidi
1281 1258 1308 1302 et
1316 1251 1391 1303 anxii
1402 1250 1579 1305 haerebamus.
1608 1251 1703 1306 Arceri

75 1338 144 1384 tunc
157 1347 249 1385 rursus
262 1331 314 1385 orti
323 1339 385 1385 sunt
394 1332 477 1386 austri
491 1332 573 1385 fortes
582 1341 609 1385 et
618 1332 800 1394 vehementes,
810 1348 871 1385 cum
909 1344 927 1380 a
939 1328 1072 1382 descensu
1084 1328 1114 1382 in
1126 1336 1233 1392 terram,
1248 1335 1275 1382 et
1287 1328 1390 1382 moneri
1404 1329 1437 1382 de
1457 1345 1630 1400 praepropero
1642 1347 1703 1386 uos-

75 1409 252 1464 inclinatione
270 1410 400 1465 nonnulla
418 1411 445 1465 iu
465 1411 613 1475 orientemr
635 1411 751 1482 quinos
773 1411 872 1480 (quam
910 1415 953 1461 tro
975 1407 1115 1472 discessu;
1136 1407 1207 1460 male
1229 1423 1279 1460 uos
1303 1406 1466 1462 afflixerunt
1507 1409 1615 1473 Contra,
1639 1425 1702 1465 cum

76 1497 140 1542 tum
154 1489 212 1542 fieri
232 1490 333 1559 potuit)
352 1497 445 1544 contra
461 1490 585 1553 nitentes,
599 1506 693 1543 versus
711 1489 871 1559 septentrio-
909 1486 1062 1540 rideremus
1084 1485 1213 1556 populum
1226 1486 1304 1541 illum
1323 1486 1432 1557 linguas
1448 1495 1574 1543 externos
1594 1487 1701 1554 callere,

75 1584 142 1621 nem
162 1568 364 1638 compulerunt:
385 1587 439 1639 quo
458 1576 581 1639 tempore
599 1576 764 1622 commestus
782 1575 873 1621 noster
910 1573 1039 1636 tantaque
1065 1565 1232 1621 humanitate
1259 1566 1400 1636 praeditum
1431 1583 1498 1631 esse,
1527 1568 1702 1624 consolationi

77 1647 147 1715 (etsi
168 1663 248 1716 parce
268 1648 413 1702 admodum
426 1664 488 1702 enm
501 1646 742 1717 distribuissemus)
762 1647 871 1717 penitus
909 1645 989 1698 nobis
1008 1653 1066 1698 erat
1078 1661 1133 1698 non
1146 1645 1270 1715 exiguos:
1291 1653 1352 1699 ante
1367 1646 1465 1711 omnio,
1478 1646 1587 1716 signum
1606 1649 1702 1714 crucis,

76 1726 245 1797 absumptus.
288 1727 390 1798 ltaque,
409 1745 471 1781 cum
491 1743 542 1781 nos
563 1727 638 1796 ipsos
658 1726 688 1781 in
709 1726 799 1780 medio
813 1743 872 1780 ras
909 1723 1087 1777 instrumento
1106 1725 1269 1794 appositum,
1282 1724 1414 1795 singulari
1427 1725 1527 1796 gaudio
1540 1743 1591 1780 nos
1604 1727 1701 1792 affecit,

76 1805 192 1859 tissima
205 1821 254 1875 per
262 1806 418 1860 universum
427 1806 520 1860 orbem
530 1821 660 1877 aquarum
670 1805 755 1860 eremi
768 1807 872 1875 positos
910 1810 1038 1874 tanquam
1050 1801 1296 1873 salutisaugurium
1310 1804 1489 1859 manifestum.
1531 1804 1703 1875 Responsum

76 1884 232 1939 rideremus
258 1885 360 1956 absque
388 1894 547 1949 commeatu,
571 1886 690 1956 perditos
717 1902 767 1938 nos
790 1885 872 1954 plane
910 1883 1072 1936 anobisest
1089 1882 1183 1952 lingua
1201 1882 1360 1952 Hispanico,
1378 1899 1475 1938 narem
1495 1891 1616 1938 nostram
1635 1886 1706 1940 satia-

76 1963 249 2034 putobamus,
269 1972 295 2018 et
319 1974 433 2018 mortem
453 1965 633 2035 propinquam
655 1964 871 2034 expectabamus.
910 1961 1050 2015 commode
1076 1978 1106 2016 se
1133 1960 1242 2024 habere,
1270 1962 1488 2033 quondoquidem
1514 1963 1651 2029 molesios,
1674 1975 1703 2020 et

77 2042 209 2096 Attamen
226 2044 307 2098 corda
327 2051 470 2107 nostrast
488 2060 567 2097 rocca
587 2044 621 2097 ad
638 2043 728 2097 Deum
747 2043 777 2097 in
796 2043 873 2097 coelis
910 2048 1004 2094 ventos
1017 2040 1167 2095 contrarios
1180 2041 1270 2110 potius
1284 2043 1391 2111 experti
1405 2058 1532 2107 essemus,
1543 2060 1624 2114 quam
1636 2054 1702 2098 tem·

76 2120 242 2186 levavimus,
265 2122 312 2194 qni
324 2123 462 2178 mirabilia
471 2139 521 2178 sua
533 2123 561 2176 in
573 2122 713 2193 profundis
727 2130 871 2186 monstrat,
910 2125 1045 2189 pestates:
1061 2126 1190 2190 quantum
1205 2120 1241 2173 ad
1253 2127 1370 2190 aegrotos
1382 2130 1497 2186 nostros,
1512 2138 1559 2176 eos
1573 2122 1702 2192 plurimos

77 2218 145 2255 eum
163 2209 312 2271 precantes,
332 2219 383 2272 pro
404 2202 588 2256 misericordia
607 2218 663 2266 sua,
686 2210 724 2266 ut,
747 2202 873 2273 quemad·
910 2199 1054 2269 esse,quin
1065 2205 1090 2252 et
1104 2199 1222 2270 grariter
1235 2198 1544 2265 laborantes,itautnisi
1557 2202 1702 2256 descensus

78 2280 191 2334 modurn
204 2281 232 2333 in
254 2281 388 2352 principio
408 2282 631 2351 congregationes
651 2296 782 2352 aquarum
798 2298 872 2335 man·
910 2277 939 2331 in
953 2287 1051 2331 terram
1065 2277 1122 2331 illis
1135 2278 1343 2348 permitteretur,
1357 2279 1391 2333 de
1404 2280 1460 2334 sita
1477 2280 1701 2349 periclitarentur.

77 2359 161 2422 davit,
181 2367 209 2414 et
222 2360 326 2414 aridam
342 2377 473 2431 apparere
491 2360 607 2426 fecerat3
627 2361 666 2413 ita
679 2377 750 2414 nnnc
765 2377 873 2431 quoque
911 2357 982 2421 Alia,
997 2357 1094 2428 quibus
1111 2358 1279 2422 carebamus,
1298 2358 1441 2428 speciatim
1461 2359 1643 2424 exhibuimus,
1657 2361 1703 2414 ad-

77 2446 180 2492 terrom
205 2439 283 2493 nobis
304 2440 463 2504 ostenderet,
490 2456 525 2493 ne
552 2440 711 2509 periremus.
753 2440 874 2510 Contigit
910 2436 1012 2500 dentes,
1033 2436 1127 2491 adesse
1148 2437 1226 2490 nobis
1245 2453 1349 2491 merces
1373 2437 1509 2506 pauculas,
1531 2456 1598 2511 quas
1616 2440 1641 2494 si
1662 2441 1703 2495 cis

77 2526 181 2582 autem,
194 2525 225 2571 ut
244 2518 288 2573 die
309 2527 445 2590 sequente,
459 2518 509 2572 sub
523 2518 636 2588 vesperi,
651 2518 724 2572 intra
739 2518 873 2572 modicam
911 2532 1000 2569 emere
1012 2514 1351 2586 placeretnecessitatibus
1360 2518 1603 2573 nostrissubreniri
1614 2536 1702 2589 posse,

78 2596 245 2659 distantiam,
267 2614 445 2663 cerneremus,
466 2598 676 2668 septentrionem
697 2614 799 2661 versus,
817 2605 873 2651 tan-
910 2611 944 2647 ne
961 2594 1016 2648 illis
1030 2595 1104 2649 oneri
1125 2611 1253 2650 essemus.
1294 2593 1447 2651 Obtulimus
1463 2613 1541 2651 servo
1560 2599 1703 2667 praemium

79 2691 162 2745 quam
176 2676 261 2730 nubes
275 2677 393 2747 spissas:
408 2695 468 2749 quaa
486 2677 566 2731 nobis
579 2676 612 2731 de
625 2685 696 2731 terra
710 2693 787 2746 spem
800 2677 872 2744 inje·
911 2674 1041 2744 exiguum
1061 2675 1090 2728 in
1111 2674 1222 2738 ducatis,
1242 2680 1269 2728 et
1287 2673 1431 2729 holoserici
1451 2675 1623 2746 charmosyni
1644 2695 1704 2747 par·

78 2764 183 2818 cerunt,
204 2755 271 2809 satis
291 2757 390 2827 gnaris,
410 2764 523 2811 tractum
543 2755 619 2811 illum
641 2757 725 2811 maris
748 2755 873 2811 australis
911 2753 1016 2816 cellam,
1032 2771 1092 2824 quae
1112 2753 1236 2807 ministro
1254 2755 1387 2823 superiori
1407 2755 1563 2819 offerretur;
1584 2756 1632 2810 sed
1652 2756 1701 2811 ille

77 2835 190 2904 penitus
207 2834 377 2906 incognitum
396 2836 495 2901 fuisoe;
519 2843 599 2906 atque
619 2835 730 2901 insulas,
745 2843 773 2889 et
788 2836 872 2889 conti·
911 2849 966 2886 non
980 2834 1091 2902 accepit,
1100 2833 1156 2886 imo
1169 2833 1216 2887 rix
1229 2834 1351 2902 aspicere
1365 2833 1512 2888 sustinuit:
1527 2841 1608 2905 atque
1622 2836 1660 2888 ita
1674 2836 1703 2890 in

77 2920 184 2978 nentes,
211 2913 299 2969 adhuc
332 2931 387 2970 non
418 2916 545 2982 detectas,
573 2915 717 2987 complecti
742 2915 871 2986 potuisse.
911 2911 966 2966 alia
979 2929 1064 2983 parra
1077 2912 1187 2983 scapha,
1199 2930 1259 2984 quar
1272 2912 1307 2966 ad
1320 2930 1382 2967 eum
1395 2912 1480 2968 missa
1499 2913 1557 2979 luit,
1571 2914 1702 2971 discessit.

78 2992 176 3064 ltaque
187 3010 303 3058 cursum,
313 3002 369 3048 tota
381 2995 430 3049 illo
440 3004 525 3061 nocte,
536 3012 570 3049 eo
579 2995 735 3060 direximus,
747 2995 873 3050 ubiterra
951 2992 1050 3047 Tribus
1065 2993 1127 3063 plus
1141 2993 1230 3046 minus
1243 2991 1318 3046 horis
1332 2992 1432 3063 elapsis
1451 3001 1594 3064 postquam
1609 3011 1704 3050 servus

78 3088 119 3135 se,
133 3083 164 3127 ut
184 3073 402 3141 conjiciebamus,
416 3076 583 3130 ostenderat:
604 3082 685 3147 atque
699 3074 872 3129 illucescente
911 3086 1070 3141 responsum
1089 3078 1210 3126 nostrum
1226 3072 1338 3141 accepit,
1358 3072 1450 3126 lembo
1473 3089 1567 3128 versus
1587 3089 1637 3128 nos
1658 3074 1703 3128 de·

78 3151 125 3205 die
151 3161 260 3222 postero
280 3154 453 3208 manifestum
476 3154 536 3218 fnit,
558 3153 594 3218 id,
619 3154 690 3225 quod
712 3154 873 3219 videramus,
910 3159 1003 3204 vectus
1017 3151 1113 3206 estsir
1126 3152 1168 3221 (ut
1184 3150 1337 3219 ridebatur)
1353 3168 1389 3205 ex
1403 3152 1617 3223 magistratibus.
1659 3153 1703 3207 ln·

78 3240 183 3284 terram
197 3248 291 3286 resera
304 3232 395 3296 fuisse,
403 3233 558 3304 depressam
568 3233 676 3304 quidem
687 3240 714 3287 et
723 3233 872 3304 sylvosom:
911 3230 991 3284 dutus
1012 3239 1070 3284 erat
1087 3237 1152 3302 toga
1171 3247 1233 3284 cum
1252 3231 1369 3285 manicis
1387 3230 1494 3302 amplis,
1508 3248 1544 3285 ex
1563 3231 1703 3299 cameloto,

78 3310 154 3380 quod
173 3326 233 3364 eam
257 3312 347 3381 magis
367 3313 509 3367 obscuram
534 3320 739 3368 monstraverat.
781 3311 873 3383 Atque
911 3309 1009 3364 coloris
1039 3309 1151 3364 coenrlei
1177 3309 1360 3380 pulcherrimi,
1388 3309 1578 3379 splendidioris
1602 3311 1703 3377 lmulto,

77 3396 143 3457 post
157 3389 338 3460 sesqui-horor
354 3392 555 3463 navigationem
569 3400 677 3462 portum
691 3399 777 3446 tutum
790 3409 874 3463 appu·
911 3406 992 3459 quam
1006 3404 1056 3444 uos
1070 3390 1099 3443 in
1113 3389 1223 3460 Europa
1235 3388 1386 3444 habemus:
1410 3390 1502 3444 tunica
1515 3390 1628 3446 interior
1640 3391 1705 3445 riri·

77 3466 180 3529 limus;
202 3476 309 3537 portum
324 3470 398 3525 urhis
412 3472 619 3540 cujusdam,non
633 3488 741 3542 magne
755 3471 872 3542 quidem,
911 3467 953 3521 dis
967 3478 1041 3533 erat;
1056 3476 1084 3524 et
1097 3468 1223 3522 similiter
1236 3468 1344 3540 galerus
1357 3468 1425 3537 ejus,
1440 3469 1487 3540 qui
1502 3469 1588 3524 factus
1603 3471 1704 3525 eratin

78 3547 129 3600 sed
146 3546 259 3616 pulchre
273 3556 424 3615 exstructo,
443 3558 471 3605 et
490 3569 558 3622 quae,
579 3567 615 3605 ex
635 3566 690 3621 quo
701 3558 779 3620 parte
798 3567 873 3605 mare
912 3548 1029 3617 figuram
1052 3547 1168 3611 turboni,
1193 3546 1332 3619 eleganter
1351 3548 1501 3618 compositi,
1525 3566 1614 3621 neque
1636 3567 1705 3620 prm-

77 3626 227 3695 spectabst,
242 3626 404 3698 elegantiam
426 3646 553 3700 magnam
575 3647 632 3699 pras
652 3647 681 3685 se
703 3629 773 3685 tulit.
814 3631 874 3684 Noa
911 3628 1029 3696 grandis,
1038 3628 1130 3698 qualis
1138 3626 1227 3681 solent
1236 3644 1296 3683 csse
1308 3628 1437 3693 Turcico;
1451 3635 1532 3699 atque
1542 3628 1704 3699 capillorum

77 3721 147 3759 vero
166 3705 274 3776 singula
295 3717 432 3761 momenta
451 3709 528 3763 tarda
545 3710 717 3772 estimantes,
736 3709 834 3781 quibus
856 3725 873 3761 a
912 3723 1021 3761 suornm
1043 3706 1161 3760 cincinni
1187 3705 1260 3761 iufra
1280 3723 1358 3762 oram
1378 3707 1486 3761 turboni
1507 3707 1704 3779 dependebant.

76 3794 153 3838 terra
172 3784 335 3850 abessemus,
349 3787 384 3840 od
405 3786 480 3842 littus
499 3789 710 3859 properavimus,
725 3798 752 3841 et
773 3789 808 3842 sd
826 3788 873 3842 de·
911 3785 961 3839 Vir
973 3802 1038 3840 saue
1053 3794 1163 3857 aspectu
1177 3786 1347 3841 venerabilis.
1388 3787 1488 3841 Vectus
1503 3796 1545 3842 est
1557 3788 1587 3842 in
1605 3787 1703 3853 lembo,

77 3880 206 3918 scensum
228 3864 372 3920 interram
391 3883 441 3920 nos
461 3868 683 3938 comparavimus.
724 3868 874 3922 Confestim
912 3863 1002 3936 aliqua
1016 3881 1052 3919 ex
1071 3874 1148 3935 parte
1166 3865 1296 3930 inaurato,
1311 3872 1427 3937 quatuor
1446 3864 1616 3921 solummodo
1629 3867 1703 3931 viris,

77 3950 171 3996 autem
186 3944 303 3999 vidimus
319 3945 464 4000 nonnullos
478 3963 513 4000 ex
532 3945 632 4017 populo
650 3947 733 4011 urhis,
754 3963 815 4001 cum
828 3948 874 3999 ba·
911 3944 939 3997 in
961 3945 1055 3999 eodem
1075 3943 1173 4009 lembo,
1193 3945 1345 4000 comitatus.
1386 3944 1465 3999 Alius
1486 3952 1576 4001 autem
1592 3964 1609 3999 a
1629 3953 1705 4017 tergo

76 4021 152 4076 ciliis
172 4022 201 4075 in
222 4023 355 4089 manibus,
371 4025 418 4095 qui
436 4032 503 4079 nutu
522 4035 550 4079 et
570 4026 655 4096 signis
668 4042 718 4080 nos
731 4027 760 4078 in
773 4034 873 4080 terram
911 4026 1079 4094 sequebatur,
1093 4025 1187 4095 inquo
1201 4031 1278 4078 erant
1291 4024 1342 4078 riri
1356 4024 1463 4079 circiter
1475 4025 1579 4097 viginti.
1605 4026 1704 4086 Quam·

76 4101 242 4156 descendere
255 4102 470 4172 prohibuerunt:
485 4105 587 4174 absque
602 4113 692 4159 tomen
702 4105 872 4168 clamoribus,
912 4104 1028 4171 primum
1042 4104 1114 4157 intra
1127 4102 1225 4173 spiculi
1235 4104 1340 4172 jactum
1352 4104 1480 4168 venisset,
1490 4105 1577 4176 signis
1593 4106 1705 4176 quibus·

76 4189 128 4235 aut
152 4181 261 4236 ferocia.
303 4182 382 4238 Unde
410 4183 483 4238 haud
506 4201 602 4253 parum
625 4185 783 4246 contristati,
806 4184 871 4255 quid
911 4182 974 4236 dam
989 4200 1004 4238 e
1017 4181 1109 4236 lembo
1122 4184 1218 4237 moniti
1238 4199 1338 4248 sumus,
1353 4191 1383 4237 ut
1401 4183 1509 4254 aliquos
1527 4201 1542 4238 e
1557 4185 1705 4239 nostrised

76 4259 234 4314 faciendum
243 4269 315 4316 esset
328 4262 400 4332 opud
413 4280 463 4317 nos
472 4261 660 4318 deliberamus.
693 4264 803 4318 Interim
815 4281 873 4333 pcr-
912 4261 989 4316 illum
1003 4262 1181 4316 mitteremus.
1223 4262 1255 4317 ld
1267 4262 1337 4333 quod
1351 4263 1443 4316 statim
1457 4263 1570 4318 fecimus
1584 4264 1614 4317 in
1626 4265 1705 4319 noris

76 4340 257 4394 rexitrersus
280 4357 330 4395 uos
350 4342 454 4412 scapha
471 4341 544 4395 haud
565 4359 672 4413 magna,
686 4350 747 4396 octo
766 4344 875 4397 circiter
911 4350 1010 4395 uostrae
1023 4341 1140 4411 scapha,
1161 4341 1249 4395 virum
1262 4358 1297 4395 err
1311 4343 1409 4396 nostris
1424 4346 1491 4411 (uno
1504 4343 1631 4414 excepto)
1651 4344 1706 4415 pri·

75 4419 154 4473 viros
167 4419 287 4484 schens3
311 4437 424 4491 quorum
440 4437 507 4474 unus
520 4421 549 4474 in
560 4438 642 4475 manu
655 4421 778 4492 gestabat
794 4421 874 4476 bacu-
911 4421 1027 4476 marium
1049 4421 1194 4484 mittentes,
1217 4430 1244 4474 et
1265 4429 1379 4491 quatuor
1400 4438 1462 4476 cum
1483 4422 1541 4478 iilo.
1580 4422 1705 4494 Cumque

74 4496 136 4552 lum
158 4515 193 4552 ex
207 4498 337 4553 arundine
352 4500 431 4564 luteo,
445 4500 480 4553 sd
493 4510 636 4571 utrumque
655 4502 738 4554 finem
759 4500 874 4555 caeruleo
911 4500 1017 4554 circiter
1027 4516 1077 4554 sex
1086 4500 1204 4570 virgatas
1218 4517 1236 4553 a
1253 4500 1344 4554 lembo
1356 4501 1520 4567 abessemus,
1531 4503 1663 4572 jubebant
1675 4511 1706 4557 ut

74 4577 170 4633 colore
190 4577 339 4643 imbutum,
362 4580 409 4650 qui
430 4596 529 4633 narem
548 4589 668 4634 nostram
681 4581 794 4634 fidenter
812 4596 874 4634 con·
911 4596 963 4632 nos
977 4579 1144 4642 sisteremus,
1158 4596 1207 4633 uec
1220 4581 1332 4650 propius
1348 4581 1546 4637 accederemus.
1567 4616 1569 4621 ,
1587 4582 1665 4644 Quod
1677 4589 1705 4637 et

75 4657 195 4711 scandit.
237 4656 360 4728 Cumque
374 4658 487 4713 vidisset
507 4676 590 4713 unum
609 4675 625 4712 e
645 4658 746 4713 nostris
765 4659 874 4713 obviam
911 4658 1032 4712 fecimus.
1073 4658 1146 4711 Tum
1165 4674 1231 4712 vero
1247 4659 1296 4725 vir,
1315 4676 1396 4731 quem
1414 4661 1495 4715 modo
1515 4661 1653 4731 descripsi,
1674 4661 1705 4716 in

74 4734 119 4790 illi
143 4736 329 4806 prodeuntem,
348 4754 363 4792 e
382 4738 442 4792 sinu
461 4738 581 4793 extruxit
601 4738 720 4793 rotulum
740 4738 873 4808 quendam
911 4738 994 4807 pedes
1008 4754 1037 4792 se
1051 4737 1145 4800 erexit,
1158 4744 1185 4792 et
1198 4737 1254 4791 alta
1267 4754 1333 4792 voce
1348 4739 1498 4809 Hispanico
1514 4739 1703 4811 interrogavit3

74 4831 262 4886 pergamenas,
278 4815 340 4884 (sed
352 4833 517 4888 pergamena
535 4823 628 4871 nostra
648 4816 731 4888 paulo
747 4818 873 4883 durioris,
912 4818 987 4871 Num
1007 4816 1156 4871 Christiani
1177 4815 1267 4872 estis?
1292 4818 1508 4889 Respondimus:
1532 4818 1704 4874 Christianos

75 4905 161 4965 atque
180 4894 215 4947 od
236 4895 323 4949 instar
345 4895 472 4950 foliorum
491 4895 675 4951 codicillorum
696 4895 873 4966 splendentis,
911 4913 961 4950 nos
980 4913 1059 4951 esse:
1079 4895 1168 4950 miuus
1188 4903 1346 4961 metuentes,
1363 4899 1427 4969 quia
1446 4898 1556 4968 signum
1573 4898 1661 4952 cmcis
1675 4897 1705 4951 in

74 4973 149 5027 alias
159 4982 250 5027 autem
261 4973 351 5028 mollis
361 4975 428 5029 eatis
438 4985 466 5029 et
475 4975 626 5043 flexibilis.)
636 4975 714 5047 eique
724 4975 753 5029 in
764 4992 875 5031 manum
911 4975 1092 5031 instrumento
1112 4974 1160 5029 illo
1177 4975 1339 5031 rideremus.
1382 4975 1425 5030 Ad
1445 4976 1517 5048 quod
1535 4992 1703 5045 responsum,

74 5053 163 5117 dedit,
187 5053 233 5123 qui
252 5054 358 5123 primus
375 5070 392 5108 a
411 5056 509 5109 nocuis
531 5071 561 5109 ss
582 5054 726 5109 obtulerat.
769 5055 802 5108 In
821 5072 876 5125 quo
911 5056 1051 5109 dexteram
1064 5053 1111 5108 ille
1121 5070 1215 5109 versus
1229 5054 1327 5110 coelum
1338 5055 1454 5120 sustulit,
1463 5062 1491 5109 et
1500 5054 1596 5109 deinde
1607 5055 1705 5111 leuiter

74 5130 176 5196 rotulo,
185 5131 280 5203 lingua
291 5132 430 5187 Hebraico
442 5134 540 5205 prisca,
552 5133 648 5190 Grmca
658 5149 764 5206 quoque
777 5133 874 5204 prisca,
912 5134 946 5186 ad
960 5151 991 5189 os
1009 5150 1088 5188 suum
1102 5133 1227 5199 adduxit3
1243 5135 1289 5206 qui
1303 5144 1397 5205 gestus
1411 5135 1440 5187 in
1453 5150 1505 5188 usu
1518 5132 1573 5188 illis
1586 5142 1629 5188 est
1641 5151 1705 5190 curn

74 5210 181 5267 Latina
202 5211 269 5265 satis
288 5228 364 5282 pura,
386 5220 413 5266 et
434 5213 591 5284 Hispanico,
606 5214 707 5284 scripto
720 5220 797 5268 erant
814 5211 875 5268 hnc
911 5212 973 5266 Deo
1000 5212 1103 5284 gratias
1129 5220 1222 5283 agunt.
1270 5213 1346 5268 'l'unc
1371 5223 1462 5267 autem
1487 5213 1622 5283 perrexit:
1644 5219 1660 5245 ‘⁶
1673 5213 1705 5268 si

74 5290 180 5348 verbs:
203 5297 219 5321 ‘⁴
234 5290 266 5345 In
277 5298 420 5346 terramus
433 5292 617 5356 descendatis;
632 5294 731 5348 nedum
740 5292 875 5363 quispiam
908 5291 1037 5359 jurabitis
1059 5291 1256 5363 (unusquisque
1274 5290 1406 5359 restrum)
1429 5292 1593 5361 permerito
1611 5293 1706 5346 Serra·

74 5369 214 5425 creatris.
255 5370 327 5431 Quin
348 5377 376 5425 et
395 5371 545 5427 discessum
558 5372 594 5425 ab
608 5371 652 5425 his
666 5373 720 5427 oris
734 5378 874 5436 maturate,
912 5373 985 5436 toris,
999 5372 1102 5442 piratas
1115 5388 1164 5426 ros
1184 5388 1239 5425 non
1260 5388 1339 5426 esse:
1360 5386 1410 5423 nec
1430 5373 1589 5441 sanguinem
1610 5372 1706 5426 huma·

74 5449 152 5503 intra
164 5449 304 5504 sexdecim
317 5449 384 5517 dies,
403 5450 458 5505 nisi
474 5450 585 5505 licentia
606 5451 684 5505 robis
701 5451 801 5505 diutius
814 5467 874 5504 mo·
911 5467 976 5505 num
990 5450 1127 5515 effudisse,
1141 5451 1198 5505 sire
1215 5450 1284 5517 jure,
1299 5450 1356 5502 sire
1367 5449 1402 5513 ri,
1418 5449 1490 5503 intro
1509 5450 1626 5521 spatium
1641 5468 1706 5523 qua-

74 5527 157 5584 rendi
177 5528 347 5585 concedatiu.
389 5529 504 5596 Interes,
523 5530 548 5585 ai
565 5545 638 5600 aqna
656 5529 735 5584 robis
751 5545 822 5601 opus
841 5529 877 5584 sit
912 5530 1038 5603 magiam
1050 5527 1706 5599 diemu,ulumoelapsorum,licemiamobtins
