3800 5875
640 320 806 378 meatus
827 322 1110 379 PHILOSOPHlCl.
1630 328 1687 390 673

56 474 289 547 nitaprsejndiaia
298 475 446 542 ιεειεειιιιι,
456 476 599 549 opiniones
607 478 720 543 haustas,
729 468 854 551 recepta,
892 496 970 535 arnus
983 498 1033 537 nos
1047 488 1176 553 tanquam
1186 481 1318 554 aliquose
1333 482 1428 554 plebe;
1447 489 1477 557 et
1487 484 1594 538 omissis
1608 486 1687 541 rebus

56 572 173 625 sparsas.
221 555 356 627 'l'heologi
382 556 467 611 multa
494 575 510 612 e
533 558 712 630 philosophia
731 558 784 613 ista
806 576 855 614 sus
892 558 967 629 ipsis,
982 577 1017 615 ex
1031 560 1118 631 signis
1133 561 1296 632 quibusdam
1308 563 1428 616 externis
1437 564 1605 631 coniecturas
1615 566 1687 634 eapi-

57 635 192 700 ιεεειιιιιι,
206 643 236 690 et
247 635 441 706 speculativam
456 638 591 707 quandam
605 638 640 693 ab
661 644 776 708 utraque
794 637 855 693 doo-
892 655 977 693 amus.
1020 640 1089 694 Haec
1115 642 1188 695 enim
1215 640 1312 695 saltem
1334 642 1414 696 nobis
1443 658 1505 695 eum
1532 641 1687 697 hominibus

56 716 132 769 trina
149 722 365 785 coagmentatum
387 715 572 770 condiderunt.
602 716 674 771 ‘Viri
690 715 792 782 civiles,
807 717 853 788 qui
892 718 1045 772 communia
1059 726 1131 774 sunt.

56 795 94 848 ad
115 793 324 849 existimationis
342 810 399 848 suar
417 794 532 850 hactum
548 796 684 866 pertinere
701 802 805 865 putant,
826 805 854 850 ut
931 796 1061 852 Doctrina
1080 805 1178 863 vestra,
1200 805 1230 851 ut
1246 798 1349 853 dictum
1368 807 1417 864 εει,
1438 799 1517 853 fluxit
1537 815 1554 852 a
1574 799 1685 856 Gracia.

56 873 132 927 docti
148 873 306 938 habeantur,
320 872 405 927 multa
413 874 514 945 ubique
528 891 565 929 ex
574 875 669 930 eadem
677 874 785 944 scriptis
799 876 854 930 suis
892 874 988 936 Qualia
1000 877 1097 931 natiol
1117 876 1168 932 Nil
1184 876 1253 932 rnibi
1273 879 1313 932 rei
1333 896 1394 932 cum
1412 878 1529 932 consido
1549 886 1598 943 εει,
1619 878 1685 944 filii,

58 961 90 1006 et
99 951 267 1007 orationibus
280 953 448 1023 inspergunt.
488 953 674 1019 Etismroces,
686 952 743 1018 filii,
754 961 782 1008 et
795 971 854 1008 ver·
891 953 984 1025 itaque
999 956 1106 1026 quade
1124 972 1158 1009 ea
1175 956 1248 1009 dicta
1266 964 1328 1011 sunt
1347 958 1383 1011 ab
1400 957 1470 1022 aliis,
1484 973 1534 1010 nec
1555 966 1683 1028 repetam,

57 1032 95 1085 ba
109 1048 146 1086 ex
160 1032 306 1086 dictamine
320 1031 441 1101 ejusdem
459 1031 649 1103 philosophia,
668 1039 694 1086 et
707 1033 854 1088 secundum
892 1049 941 1087 nec
965 1034 1099 1089 imitabor.
1140 1035 1258 1090 'lantum
1281 1036 1343 1090 dico
1363 1053 1423 1090 earn
1445 1036 1581 1090 nationem
1603 1036 1685 1091 finisse

57 1112 120 1181 ejus
139 1111 297 1181 praecripta
321 1119 348 1164 et
370 1109 479 1181 placita,
500 1112 624 1182 apposite
646 1113 760 1167 conficta
783 1118 853 1178 sunt,
892 1129 999 1182 semper
1021 1114 1132 1185 ingenio
1154 1131 1362 1185 praeproperam,
1388 1131 1462 1169 more
1486 1114 1684 1186 professoriam,

56 1191 129 1245 adeo
142 1199 173 1244 ut
186 1189 267 1245 simul
281 1207 312 1244 ac
323 1190 398 1261 loqui
412 1190 567 1254 didiceritis,
581 1192 704 1265 (felicem
717 1191 806 1248 dicam
819 1208 853 1245 an
892 1208 954 1261 qum
976 1193 1029 1246 duo
1055 1193 1196 1263 sapientiae
1219 1202 1247 1247 et
1270 1194 1377 1249 veritati
1401 1202 1464 1248 sunt
1487 1192 1684 1249 inimicissima.

57 1268 220 1335 infelicem)
235 1269 306 1323 hanc
320 1286 443 1324 errorum
461 1268 584 1324 cabalam
601 1270 710 1325 haurne
732 1278 759 1324 et
777 1271 855 1325 imbi-
892 1270 953 1325 Nec
967 1273 1103 1341 preterire
1118 1272 1159 1326 ias
1172 1279 1214 1326 est
1225 1273 1306 1326 verba
1316 1273 1463 1327 sacerdotis
1477 1273 1607 1343 AEgyptii,
1619 1290 1685 1342 prae·

58 1350 124 1404 bere
144 1365 255 1404 necesse
274 1349 362 1403 fuerit.
403 1349 501 1419 Neque
522 1347 581 1405 haec
602 1356 705 1404 tanturn
722 1366 854 1404 consensu
891 1350 985 1404 sertim
1002 1351 1037 1404 ad
1053 1353 1141 1405 virum
1159 1367 1175 1404 ε
1194 1351 1300 1405 Gracia
1318 1352 1495 1406 excellentem
1517 1351 1627 1421 prolata,
1648 1354 1684 1407 ab

57 1428 230 1500 singulum
249 1427 362 1493 firmata,
376 1428 424 1482 sed
445 1436 472 1482 et
492 1429 624 1483 institutis
645 1427 853 1493 academiarum,
891 1438 1001 1484 auctore
1014 1430 1096 1484 etiam
1114 1429 1199 1484 nobili
1218 1447 1233 1484 e
1252 1431 1358 1485 Gracia
1375 1430 1470 1486 relata
1512 1431 1539 1483 Ιε
1559 1432 1684 1487 sacerdos

56 1507 246 1579 collegiorum,
266 1507 398 1574 ordinum,
413 1508 469 1562 iere
489 1508 749 1579 rerumpublicarum
769 1508 853 1563 veluti
891 1516 965 1562 certe
991 1526 1071 1563 verus
1096 1516 1171 1564 rates
1191 1508 1249 1574 iuit,
1269 1527 1331 1565 cunr
1351 1511 1459 1575 diceret,
1488 1515 1503 1540 ‘⁸
1517 1509 1573 1563 Vos
1594 1510 1683 1565 Greci

57 1589 166 1643 sancita
179 1594 229 1642 εει.
891 1603 999 1658 semper
1012 1589 1115 1658 pneri.’'
1156 1589 1253 1643 Annon
1267 1590 1336 1644 bene
1350 1589 1572 1643 divinatumesti’
1593 1589 1684 1644 Veris·

100 1667 175 1722 Huic
189 1667 281 1738 itaque
292 1666 351 1735 jam
364 1666 454 1721 subito
472 1665 687 1720 renunciabitisl
729 1665 794 1719 idne
808 1682 852 1720 su·
891 1666 959 1720 sinu
972 1676 1054 1730 certe,
1069 1668 1178 1722 Graecoa
1191 1684 1289 1737 pueros
1305 1677 1420 1723 reternos
1439 1684 1514 1722 esse:
1534 1667 1614 1738 idque
1629 1685 1683 1723 uon

56 1764 121 1802 mus
135 1746 212 1801 robis
227 1745 369 1801 auctores?
410 1745 495 1817 Atqui
509 1761 568 1815 ego,
583 1744 640 1808 lilii,
655 1744 773 1799 hocnon
794 1761 852 1815 pos
891 1752 995 1800 tantum
1017 1746 1046 1800 in
1069 1746 1191 1811 historia,
1215 1754 1242 1801 et
1261 1764 1350 1802 rerum
1371 1748 1509 1810 memoria,
1530 1747 1577 1801 sed
1599 1747 1684 1802 multo

59 1826 126 1891 tulo,
148 1842 237 1897 neque
261 1824 414 1895 hujusmodi
434 1823 616 1895 philosophia
636 1832 731 1878 restrae
752 1824 853 1879 fructus
891 1826 979 1895 magis
1002 1826 1140 1879 interum
1161 1826 1396 1896 contemplatione.
1436 1825 1534 1886 Quidni
1555 1826 1684 1882 enimait

57 1922 158 1970 moror,
172 1911 219 1960 aut
232 1921 278 1959 eos
291 1905 368 1960 robis
381 1904 520 1968 interdico,
534 1920 622 1974 neque
637 1903 665 1957 in
679 1901 853 1958 solitudinem
890 1903 976 1958 instar
988 1904 1113 1975 pueritia
1127 1920 1160 1959 ea
1177 1903 1362 1977 philosophia,
1378 1922 1438 1977 quae
1459 1905 1561 1975 garrire
1583 1913 1610 1960 et
1622 1922 1684 1960 cau·

58 1984 180 2056 aliquam
195 2001 243 2039 ros
256 1983 398 2054 abripiam.
441 1982 559 2037 Utimini
573 1981 755 2052 philosophia,
770 1999 852 2053 quam
891 1983 945 2038 sari
960 1984 1070 2048 noverit,
1085 2000 1214 2055 generare
1235 1991 1262 2038 et
1279 2001 1420 2054 procreare
1434 2001 1488 2038 non
1506 1984 1607 2053 possit:
1628 1985 1683 2039 dis·

58 2063 174 2129 hsbetis,
189 2064 384 2134 disputationes
401 2070 503 2117 vestras
518 2061 625 2129 exejus
639 2061 765 2116 uberibus
780 2061 852 2127 alite,
891 2063 1072 2132 putationibus
1099 2063 1200 2133 inepta,
1224 2063 1350 2134 operibus
1373 2063 1482 2117 inanis?
1515 2062 1683 2118 Mementote

58 2159 198 2199 sermones
219 2151 320 2206 ornate,
343 2142 481 2214 graviora
504 2140 577 2212 apud
595 2140 693 2212 vulgus
713 2139 853 2196 hominurn
890 2157 957 2212 ergo
972 2145 1013 2211 (ut
1027 2142 1065 2196 ait
1078 2141 1224 2213 propheta)
1244 2143 1319 2213 rupis
1338 2159 1373 2195 ειι
1392 2157 1446 2212 qua
1464 2140 1549 2196 excisi
1568 2142 1641 2207 estis,
1656 2151 1684 2197 et

57 2222 111 2277 hoc
129 2223 191 2294 ipso
209 2223 316 2276 nomine
337 2230 431 2277 estote.
472 2222 570 2292 Neque
590 2220 662 2274 enim
677 2218 853 2290 philosophia
890 2220 923 2274 de
956 2222 1074 2286 natione,
1101 2222 1179 2289 cujus
1209 2223 1395 2276 auctoritatem
1427 2220 1579 2293 sequimini,
1612 2221 1684 2293 quod

58 2318 125 2356 rera
144 2301 260 2357 adhaec
282 2300 396 2356 multum
414 2300 492 2355 utilia
507 2299 585 2354 robis
598 2299 665 2353 erit:
686 2315 740 2353 non
754 2309 853 2369 praesto
891 2299 986 2354 Graeca
1000 2301 1042 2364 sit,
1056 2301 1194 2355 interdum
1208 2301 1334 2372 cogitate.

58 2389 109 2447 εει,
130 2398 182 2436 nee
199 2380 229 2434 in
251 2381 365 2437 ιιιιιιεὶιιι
383 2380 495 2450 capitur,
513 2396 564 2433 nec
584 2395 619 2433 ex
642 2378 853 2449 proenotionibus
930 2380 1059 2453 Sequitur
1072 2380 1202 2453 temporis
1213 2389 1284 2448 nota,
1299 2398 1353 2453 qua
1369 2377 1546 2451 philosophia
1558 2379 1610 2434 ists
1623 2397 1681 2435 res·

57 2460 209 2515 intellectui
222 2459 365 2524 blanditur,
379 2477 433 2514 non
447 2460 482 2514 ad
495 2458 570 2531 vulgi
584 2468 694 2530 captum
717 2460 783 2528 (nisi
803 2476 854 2530 per
891 2467 933 2514 tra
946 2469 1010 2515 nata
1029 2467 1071 2515 est
1091 2468 1117 2514 et
1138 2460 1245 2530 prodiit.
1285 2461 1362 2515 AEtss
1383 2470 1449 2523 erat,
1471 2459 1529 2522 tilii,
1551 2475 1612 2513 curn
1636 2460 1683 2513 illa

57 2539 206 2594 utilitatem
226 2547 255 2594 et
277 2542 371 2610 opera)
393 2540 542 2595 descendit.
582 2538 693 2593 Servate
712 2539 805 2610 itaque
825 2547 853 2594 et
890 2539 998 2595 condita
1011 2538 1069 2604 luit,
1084 2539 1184 2594 sabulis
1203 2539 1299 2604 vicina,
1313 2539 1435 2594 historia
1454 2554 1549 2609 egena,
1563 2539 1683 2610 peregri·

57 2617 134 2675 illam
148 2618 270 2684 alteram,
285 2627 320 2684 et,
335 2628 415 2690 prout
428 2618 599 2674 commodum
614 2618 690 2672 vobis
704 2618 763 2684 erit,
777 2619 852 2672 adhi-
890 2619 1044 2673 nationibus
1070 2626 1099 2672 et
1123 2619 1222 2673 notitia
1246 2618 1319 2673 orbis
1345 2634 1440 2687 parurn
1468 2616 1611 2671 informata
1638 2626 1683 2672 aut

59 2698 138 2754 bete:
160 2706 241 2770 atque
260 2697 340 2753 aliter
361 2716 423 2754 cnm
440 2705 547 2765 natura,
570 2696 650 2752 aliter
669 2714 731 2752 cum
752 2696 854 2768 populo
890 2697 1034 2764 illustrata,
1045 2715 1159 2769 quaque
1172 2713 1223 2751 nec
1236 2696 1407 2767 antiquitatis
1416 2695 1624 2760 venerationem,
1633 2713 1683 2751 nec

58 2777 246 2850 negotiamini.
287 2779 377 2833 Nemo
387 2778 458 2834 enim
469 2787 519 2844 est,
530 2778 577 2850 qui
592 2776 653 2847 plus
666 2777 852 2848 multaqusm
891 2783 1044 2847 temporum
1062 2776 1211 2831 recentium
1229 2776 1336 2846 copiam
1355 2774 1480 2839 habebat,
1500 2774 1548 2829 sed
1569 2783 1683 2845 utraque

58 2856 129 2912 alius
150 2856 219 2928 quis,
242 2856 378 2928 intelligit,
398 2859 464 2929 quin
487 2858 522 2911 ad
546 2857 635 2912 minus
656 2855 852 2927 intelligentem
890 2856 1021 2929 dignitate
1034 2863 1063 2911 et
1082 2854 1261 2927 praerogativa
1279 2854 1397 2909 carebat.
1437 2853 1546 2908 Etenim
1565 2855 1684 2925 antiquis

59 2946 188 3009 tanquam
203 2946 363 3007 personatus
376 2938 418 3004 sit,
427 2947 457 2993 ιιι
471 2955 500 2993 se
514 2946 604 3003 exuat,
616 2935 693 2991 alteri
704 2938 757 2992 det.
798 2937 853 2992 Ve-
891 2937 1059 3009 temporibus
1079 2935 1187 2990 credere
1210 2934 1274 2990 licet
1296 2933 1380 2990 fuisse
1403 2932 1508 2988 divinos
1531 2933 1611 2997 viros,
1636 2935 1683 3005 qui

57 3013 118 3071 runi
133 3015 201 3070 illud
214 3033 262 3071 vos
283 3016 452 3073 familiariter
471 3034 521 3089 pro
538 3033 613 3071 more
633 3024 727 3070 nostro
748 3033 852 3081 moneo,
890 3015 995 3082 altiora,
1009 3032 1091 3087 quarn
1102 3014 1301 3085 proheminum
1315 3013 1450 3068 communi
1464 3013 1623 3077 conditione,
1638 3030 1682 3067 sa·

58 3096 201 3151 “Habete
221 3095 343 3162 Laidem,
364 3097 508 3151 dnmmodo
527 3113 545 3150 a
568 3095 654 3151 Laide
675 3112 730 3150 nou
751 3095 852 3150 habea·
890 3102 994 3166 perent.
1033 3095 1163 3149 Nostram
1177 3101 1267 3149 autem
1285 3101 1401 3158 aetatem,
1417 3091 1494 3147 lateri
1508 3109 1619 3147 necesse
1634 3101 1682 3156 est,

58 3175 154 3230 mini.”
196 3174 334 3230 iudicium
347 3176 485 3240 sustinete,
499 3176 561 3230 aliis
583 3192 631 3229 ros
652 3174 723 3241 date,
737 3191 791 3229 non
805 3176 852 3229 de·
890 3192 947 3245 pras
961 3174 1008 3227 illa
1022 3173 1056 3228 de
1070 3190 1124 3245 qua
1137 3172 1272 3244 loquimur
1291 3176 1332 3241 (ιιι
1347 3183 1451 3227 ιεεειιιιι
1469 3172 1638 3243 ingeniorum
1657 3181 1684 3226 et

58 3254 133 3319 diter
162 3262 191 3309 et
215 3271 263 3309 ros
285 3254 442 3310 melioribus
465 3262 579 3310 serrata.
621 3253 711 3325 Atque
731 3254 854 3309 videmur
890 3254 1094 3309 meditationum
1109 3253 1213 3308 fructus
1226 3259 1253 3307 et
1266 3251 1386 3319 labores)
1399 3251 1482 3305 etiarn
1500 3251 1612 3306 duorum
1628 3252 1683 3305 iere

58 3334 149 3388 minus
163 3333 291 3405 quiddam
311 3335 388 3389 vobis
407 3334 555 3405 imponere,
569 3333 642 3405 quod
661 3334 729 3398 brec,
743 3351 804 3405 quar
824 3334 852 3388 in
890 3332 966 3387 mille
989 3348 1120 3388 annorum
1143 3332 1248 3387 eventis
1271 3338 1299 3387 et
1319 3331 1498 3402 experientia,
1519 3340 1547 3384 et
1571 3331 1684 3384 duarum

57 3413 186 3469 manibus
206 3413 322 3479 habetis,
347 3432 398 3468 usn
417 3414 494 3468 robis
516 3420 544 3467 et
566 3412 668 3467 honore
689 3412 851 3468 manebunt:
891 3413 1030 3467 tertiarum
1045 3412 1118 3466 orbis
1132 3411 1228 3465 notitia
1248 3419 1355 3466 auctam
1375 3427 1443 3464 esse.
1485 3410 1580 3480 Itaque
1595 3410 1683 3464 ridete

59 3492 177 3564 ideoque
193 3493 311 3563 aequiore
325 3493 417 3547 animo
429 3492 535 3563 passuri
550 3491 624 3556 estis,
639 3492 734 3547 eadem
756 3492 789 3546 de
810 3510 852 3547 re·
890 3508 972 3562 quarn
987 3497 1104 3562 anguste
1118 3490 1307 3554 habitaverint,
1321 3489 1364 3544 vel
1378 3490 1467 3560 potius
1483 3489 1612 3543 conclusa
1625 3489 1683 3543 lue-

58 3572 140 3627 ritate
155 3579 183 3626 et
197 3571 311 3627 utilitate
325 3572 354 3626 in
367 3571 478 3626 dubium
491 3571 590 3625 vocari
891 3571 945 3624 rint
964 3570 1037 3625 illius
1057 3571 1146 3625 atatis
1165 3570 1283 3641 ingenia,
1300 3569 1324 3625 si
1342 3586 1398 3623 rern
1419 3568 1462 3621 rel
1484 3585 1532 3638 per
1554 3575 1682 3639 ternpore,

97 3651 203 3705 Verum
229 3651 335 3706 etiamsi
362 3668 410 3705 ros
433 3652 533 3720 optime
555 3649 667 3703 animati
691 3651 796 3716 essetis,
822 3659 853 3705 ιιι
890 3648 934 3703 vel
957 3667 1008 3720 per
1033 3650 1158 3721 regiones
1179 3648 1350 3720 computetis.
1391 3649 1490 3718 Neque
1512 3648 1585 3701 enim
1608 3647 1683 3701 mille

57 3746 226 3802 quascumque
244 3729 377 3785 hactenus
396 3729 528 3784 didicistis
541 3736 587 3783 aut
605 3728 766 3793 credidistis,
780 3745 853 3799 spre-
891 3745 1021 3783 annorum
1035 3728 1185 3794 historiam,
1201 3747 1262 3800 qum
1275 3728 1358 3799 digna
1376 3727 1496 3781 historiae
1516 3727 1626 3780 nornine
1640 3728 1682 3786 sit,

58 3811 92 3864 tis
106 3808 288 3880 opinionibus,
303 3827 334 3864 sc
353 3809 435 3864 etiam
455 3808 604 3864 rationibus
618 3808 715 3863 restris
733 3808 852 3878 privatis,
890 3808 1041 3874 habebant,
1063 3808 1112 3863 aad
1130 3808 1236 3863 fabulas
1253 3814 1282 3861 et
1300 3807 1411 3861 somnia.
1454 3806 1606 3877 Regionum
1621 3823 1685 3858 vero

57 3887 100 3942 rel
114 3888 169 3943 hoc
188 3888 250 3959 ipso
267 3888 328 3944 loco
347 3887 494 3960 deposituri
514 3888 581 3953 sitis,
596 3887 676 3943 modo
693 3888 726 3941 de
740 3888 852 3942 veritate
891 3894 1077 3959 tractuumque
1099 3888 1191 3942 mundi
1210 3895 1320 3958 quotam
1340 3892 1443 3957 partem
1462 3894 1601 3949 noverant,
1623 3902 1684 3940 cum

57 3967 136 4022 robis
148 3975 300 4033 constaret;
321 3976 440 4022 attamen
454 3967 507 4022 hac
521 3983 628 4038 quoque
646 3985 682 4021 ex
698 3974 776 4038 parte
794 3967 851 4022 hre-
891 3984 985 4022 omnes
1008 3966 1199 4038 hyperboreos,
1222 3966 1353 4035 scytham
1382 3981 1476 4018 omnes
1498 3964 1683 4028 occidentales,

56 4064 166 4103 murus:
186 4063 274 4118 neque
292 4048 425 4102 habemus
443 4046 500 4101 iere
519 4064 573 4118 quo
590 4064 640 4101 nos
653 4054 803 4111 vertamus;
823 4056 853 4102 ut
892 4045 994 4112 Celtas,
1012 4046 1163 4100 indistincte
1182 4043 1369 4116 appellarent;
1390 4043 1430 4097 nil
1450 4043 1478 4096 in
1500 4043 1593 4097 Africa
1615 4044 1685 4098 ultra

58 4126 140 4181 iidem
161 4125 240 4180 robis
259 4126 300 4181 rei
322 4132 378 4180 tam
397 4127 545 4197 inopinata
566 4134 595 4180 et
614 4143 691 4181 nona
713 4126 852 4181 iaciamus.
891 4126 1012 4179 citimam
1026 4125 1174 4195 AEthiopiae
1193 4131 1305 4196 partem,
1326 4122 1364 4176 nil
1384 4122 1413 4176 in
1435 4121 1502 4176 Asia
1520 4121 1590 4176 ultra
1612 4123 1684 4176 Gan-

58 4205 141 4261 Certe
154 4204 345 4276 disputationis
363 4206 410 4261 lex
429 4208 536 4276 penitus
555 4204 663 4259 sublata
676 4213 723 4269 est,
744 4221 806 4259 cum
819 4205 853 4259 de
891 4222 963 4274 gem,
976 4203 1165 4259 multominus
1178 4203 1241 4258 nori
1255 4202 1328 4257 orbis
1347 4201 1506 4273 provincias,
1521 4218 1556 4256 ne
1573 4218 1622 4271 per
1635 4220 1684 4256 an·

57 4284 203 4355 principiis
229 4284 308 4340 nobis
328 4285 467 4340 vobiscum
490 4301 544 4339 non
571 4285 726 4339 conveniat:
762 4284 853 4338 Etiam
891 4284 976 4338 ditum
985 4301 1050 4339 sane
1059 4290 1107 4338 aut
1117 4283 1190 4337 fama
1200 4289 1327 4337 nossent:
1347 4282 1403 4336 imo
1413 4288 1439 4334 et
1448 4280 1563 4351 plurima
1575 4280 1685 4335 climata

57 4380 122 4434 spes
136 4363 259 4433 ejusdem
272 4364 387 4434 praecisa
397 4372 447 4430 est,
458 4364 563 4436 quiade
572 4363 853 4429 demonstrationibus,
891 4371 918 4417 et
940 4380 1030 4428 zonas,
1051 4362 1151 4435 quibus
1169 4360 1263 4433 populi
1283 4360 1383 4416 infiniti
1402 4361 1506 4431 spirant
1525 4368 1552 4414 et
1574 4360 1684 4430 degunt,

57 4460 119 4514 quse
133 4459 205 4498 nunc
223 4442 254 4496 in
271 4460 322 4498 usu
340 4451 410 4509 snut,
429 4443 561 4498 dubitatio
580 4442 683 4511 injecta
701 4448 750 4507 εει,
772 4451 853 4514 atque
892 4450 1021 4513 tanquam
1046 4441 1240 4496 inhabitabiles
1267 4440 1302 4494 ab
1326 4439 1382 4493 illis
1411 4440 1587 4509 pronuntiatae
1610 4441 1685 4494 sint?

57 4522 196 4577 scematio
208 4531 343 4593 suscepta.
384 4522 472 4594 Atque
484 4522 537 4577 boc
547 4522 699 4577 animorum
709 4522 853 4576 statureri·
891 4521 1047 4583 Quinetiam
1063 4520 1294 4593 peregrinationes
1312 4518 1471 4582 Democriti,
1485 4518 1616 4584 Platonis,
1631 4518 1685 4588 Py-

56 4611 99 4656 tas
113 4602 175 4671 ipsa
189 4601 267 4657 robis
286 4618 341 4656 non
361 4610 420 4657 tuto
438 4602 620 4657 committitur.
662 4601 758 4672 ltaque
777 4600 853 4656 intel·
892 4600 1021 4672 thagora,
1035 4617 1089 4655 non
1103 4599 1259 4671 longinqua
1274 4598 1401 4668 proiecto,
1415 4597 1462 4652 sed
1482 4598 1572 4668 potius
1589 4598 1685 4653 subur·

56 4678 144 4735 lectus
155 4687 245 4736 vester
262 4681 455 4752 praeparandus
473 4689 619 4751 antequam
637 4680 779 4745 docendus,
794 4680 853 4735 ani·
891 4680 977 4744 banae,
992 4688 1021 4734 ut
1034 4696 1163 4752 magnum
1178 4678 1280 4749 aliquid
1294 4676 1473 4732 celebrantur.

56 4760 94 4813 mi
110 4759 225 4814 mnandi
243 4767 389 4832 antequam
403 4760 547 4815 exercendi
568 4767 639 4825 sunt,
654 4776 718 4814 area
737 4759 854 4831 denique
931 4760 1021 4831 Atque
1036 4758 1212 4829 experientia,
1226 4756 1284 4822 lilii,
1299 4764 1328 4811 ut
1348 4773 1496 4829 aquaque
1514 4756 1616 4826 largior
1636 4763 1684 4820 est,

57 4839 202 4909 purganda
222 4847 368 4910 antequam
390 4839 595 4895 inaedificanda:
625 4845 706 4909 atque
725 4839 761 4892 ad
780 4838 853 4893 hunc
892 4854 925 4892 eo
945 4839 1035 4894 minus
1055 4837 1241 4907 corrumpitur.
1282 4836 1390 4890 Nostris
1408 4844 1498 4890 autem
1519 4835 1685 4905 temporibus

56 4917 141 4972 linem
154 4917 208 4972 hoc
228 4924 349 4989 tempore
368 4919 539 4973 convenistis.
581 4917 641 4981 Qua
660 4918 745 4989 igitur
764 4916 854 4973 indus·
893 4920 936 4989 (ut
950 4918 1039 4986 scitis)
1054 4933 1172 4971 oceanus
1186 4918 1260 4969 sinus
1274 4915 1386 4980 laxavit,
1400 4914 1502 4969 etnori
1516 4914 1595 4967 orbes
1608 4922 1686 4983 patu·

55 4996 109 5050 tris
124 5005 171 5050 aut
184 4997 374 5052 commoditate
388 4997 441 5052 hoc
458 4997 598 5069 negotium
617 4997 790 5052 discutiemus
808 5005 854 5051 aut
892 5013 945 5062 ere,
969 5004 996 5050 et
1016 4998 1116 5050 veteris
1137 4995 1210 5050 orbis
1230 5003 1354 5049 extrema
1373 4995 1489 5065 undique
1507 4994 1685 5056 innotescunt,

56 5076 194 5148 agemus?
215 5077 280 5130 Non
293 5077 499 5147 desperandum.
892 5076 973 5147 idque
997 5075 1123 5130 distincte
1145 5091 1176 5128 ac
1201 5075 1318 5145 proprie.
1360 5073 1454 5144 ltaque
1482 5088 1517 5125 ex
1545 5072 1634 5124 aetatis
1659 5077 1687 5125 et

98 5155 175 5210 lnest
188 5156 316 5227 proiecto,
331 5156 389 5221 filii,
404 5157 503 5210 animae
515 5154 651 5219 humanae,
665 5161 854 5227 utcunqueoc·
893 5155 1022 5224 temporis
1049 5164 1153 5218 natura,
1175 5153 1258 5208 veluti
1284 5171 1319 5209 ex
1343 5153 1485 5206 nativitate
1508 5157 1535 5204 et
1562 5150 1687 5219 genitura

55 5244 166 5305 capsim
186 5243 215 5288 et
232 5235 357 5301 obsessa,
371 5235 464 5307 aliqua
481 5252 545 5306 pars
565 5235 718 5291 intellectus
738 5251 808 5305 pura
827 5241 856 5288 et
891 5234 1075 5306 philosophiae
1088 5242 1192 5299 vestra,
1207 5233 1246 5287 nil
1259 5233 1352 5303 magni
1371 5232 1404 5285 de
1423 5247 1455 5284 ea
1474 5228 1597 5284 chaldei
1617 5245 1686 5299 pra·

55 5314 184 5368 veritatis
197 5313 322 5385 hospita,
343 5323 437 5386 estque
452 5315 560 5368 adeam
579 5315 670 5387 aliqua
690 5313 767 5369 molli
784 5314 855 5368 cliro
891 5313 1032 5367 dixerint?

55 5392 148 5447 orbita
162 5393 307 5448 deducens.
348 5394 437 5466 Agite,
451 5394 573 5458 lilii,ros
591 5404 619 5449 et
633 5413 685 5466 ego
699 5396 771 5450 viros
790 5393 854 5447 doc·
931 5392 974 5446 De
988 5391 1145 5446 hominibus
1159 5391 1304 5445 rideamus.
1346 5389 1405 5450 Qua
1422 5389 1450 5441 in
1465 5405 1493 5442 re
1513 5387 1618 5458 optimo
1632 5387 1687 5441 lato

55 5482 108 5538 tos,
123 5472 147 5525 si
164 5473 230 5543 quid
242 5473 270 5528 in
285 5473 337 5527 hoc
352 5490 451 5545 genere
465 5491 568 5542 sumus,
583 5491 729 5541 exuamus3
751 5481 778 5529 et
792 5473 855 5528 faei-
892 5471 944 5528 boe
953 5472 982 5525 fit
992 5475 1093 5543 (neque
1101 5471 1129 5525 id
1136 5471 1251 5526 artificio
1260 5470 1351 5539 aliquo
1362 5475 1454 5522 nostro
1463 5473 1570 5522 cautum
1580 5474 1628 5532 est,
1640 5466 1687 5523 sed

97 5566 164 5607 vor..
188 5568 218 5606 u.
449 5555 508 5607 21
