3800 5875
61 322 123 377 Lts.
138 321 176 376 11.
692 323 832 380 NOVUM
853 322 1054 380 OBGANUM.
1621 324 1676 379 491

60 481 159 551 Neque
186 480 272 535 etism
298 480 358 535 fieri
384 481 526 551 potuisset,
553 488 583 535 ut
608 497 693 553 parva
714 484 852 554 quantitas
890 491 1020 555 quantum
1038 498 1152 554 magnes
1171 482 1284 555 integer.
1325 481 1395 539 Sunt
1414 482 1497 537 etiam
1511 480 1630 547 virtutes,
1649 484 1680 539 in

59 561 171 631 spiritus
189 559 317 615 emmelis
338 560 367 614 in
384 560 555 624 animalibus,
575 561 725 630 prasertim
745 562 773 615 in
795 571 851 617 tam
890 563 987 632 quibus
1000 563 1121 633 parvitas
1134 565 1231 633 quam
1244 561 1332 631 magis
1346 569 1453 631 potest,
1474 570 1503 615 ut
1516 561 1544 614 in
1558 570 1680 631 penetra·

58 639 144 692 vastis
156 640 323 709 corporibus,
338 638 429 709 qualia
442 648 504 694 sunt
516 639 629 694 buente
643 647 690 694 sut
703 639 850 710 elephanti,
890 642 1017 706 tionibus,
1028 642 1114 711 stylus
1123 650 1218 697 acutus
1228 642 1308 696 citius
1318 648 1449 713 penetrat,
1460 657 1544 711 quam
1554 641 1678 707 obtusum

58 728 162 772 tantam
176 719 277 773 molem
295 734 452 789 corporeum
470 719 590 774 flecteret
608 726 637 772 et
652 728 777 789 regeret3
798 720 850 774 nisi
889 721 1000 774 adamas
1013 729 1175 791 punematus
1188 721 1287 791 sculpit
1296 720 1324 774 in
1338 721 1416 785 vitro,
1430 729 1457 774 et
1470 719 1580 774 similia.

60 806 171 868 propter
183 797 356 852 velocitatem
373 807 463 852 motus
482 797 602 869 spiritus,
616 804 643 853 et
659 797 850 853 hebetudinem
929 799 1032 854 Verum
1055 816 1110 854 non
1131 799 1176 853 hic
1190 801 1349 854 morandum
1363 808 1404 853 est
1421 800 1450 853 in
1463 799 1616 864 indefinitis,
1631 801 1679 855 sed

58 893 195 946 corporeae
221 876 310 942 molis,
334 886 468 949 quatenus
490 878 526 933 ad
551 877 750 949 expediendam
773 894 850 933 suam
889 879 973 933 etism
993 880 1027 933 de
1049 876 1203 934 rationibus
1224 880 1321 951 quanti
1342 879 1462 948 corporis
1485 895 1551 948 erga
1569 879 1678 934 modum

58 957 252 1010 resistentiam.
888 958 995 1012 vinetis
1008 958 1206 1029 inquirendum.
1246 957 1369 1013 Proclive
1385 957 1459 1011 enim
1476 956 1547 1012 ieret
1560 957 1676 1022 credere,

96 1035 231 1106 Denique,
246 1035 299 1089 hoc
311 1051 395 1090 unum
409 1052 447 1090 ex
458 1033 603 1106 praecipuis
615 1035 796 1090 fundamentis
809 1043 851 1091 est
889 1037 961 1108 quod
973 1038 1091 1091 rationes
1099 1038 1193 1108 quanti
1203 1037 1314 1092 rationis
1323 1037 1431 1091 vinctis
1439 1036 1626 1107 adequarente
1647 1045 1678 1093 ut

58 1115 305 1183 experimentorum
315 1113 528 1185 magicorum,de
538 1115 635 1185 quibus
644 1130 708 1170 mox
716 1114 848 1180 dicemusr
888 1117 911 1169 si
925 1115 982 1186 pila
995 1115 1122 1184 plumbea
1135 1117 1215 1171 unius
1228 1116 1433 1172 uneioecsderet
1445 1115 1533 1169 intuli
1548 1122 1677 1185 tempore,

58 1194 103 1246 nbi
126 1193 235 1247 scilieet
257 1210 343 1264 parva
363 1193 450 1248 moles
468 1195 588 1248 maurice
609 1193 690 1265 longe
717 1195 848 1261 majorem
888 1195 946 1264 pila
959 1196 1098 1250 unciarum
1109 1195 1222 1249 duarum
1235 1195 1447 1251 deberetcadere
1457 1194 1540 1264 duplo
1553 1193 1676 1261 celerius,

57 1280 173 1341 superat,
187 1273 260 1326 etin
274 1273 394 1328 ordinem
407 1272 523 1344 redigite
543 1272 596 1327 boc
610 1272 739 1344 inquam
754 1275 778 1327 si
792 1274 850 1328 fieri
888 1274 959 1344 quod
973 1272 1148 1329 laldssimum
1167 1282 1222 1339 este
1243 1291 1293 1328 nec
1308 1274 1410 1329 eaedem
1430 1274 1547 1328 udones
1559 1273 1588 1328 in
1601 1275 1677 1330 omni

55 1353 142 1420 possit
169 1353 324 1406 anteversio
349 1360 470 1407 motuum
496 1368 546 1424 per
568 1351 739 1408 velocitatem
761 1353 848 1418 unius,
887 1369 986 1422 genere
1000 1354 1128 1408 virtutum
1138 1352 1237 1418 valent,
1256 1354 1303 1408 sed
1322 1353 1403 1423 louge
1419 1353 1540 1407 diversae.
1581 1353 1676 1425 Itaque

56 1438 204 1501 autequam
218 1429 286 1485 alter
300 1447 330 1485 se
344 1431 482 1501 expediat.
887 1431 931 1485 hie
942 1449 1076 1487 mensurae
1089 1449 1126 1487 ex
1139 1433 1218 1486 rebus
1232 1433 1300 1502 ipsis
1313 1431 1435 1502 petendae
1448 1439 1517 1496 sunt,
1531 1438 1559 1486 et
1571 1447 1626 1486 non
1639 1450 1676 1487 ex

95 1509 247 1573 Postremo,
268 1509 321 1564 hoc
334 1511 424 1581 ipsum
442 1511 525 1581 prius
538 1516 567 1564 et
581 1511 761 1581 posterioria
776 1513 848 1565 omni
887 1511 1121 1566 verisimilitudine
1134 1520 1181 1566 sut
1193 1512 1363 1581 conjecturis.

55 1589 164 1643 actione
186 1589 306 1643 naturali
322 1590 412 1644 notari
431 1589 525 1653 debete
546 1589 629 1644 veluti
647 1590 718 1661 quod
736 1591 764 1644 in
777 1589 849 1645 infu-
925 1590 1050 1661 Denique
1070 1591 1099 1645 in
1122 1591 1196 1645 omni
1222 1591 1397 1662 inquisitione
1420 1596 1523 1644 naturae
1546 1600 1675 1662 mentun

56 1669 133 1723 sime
147 1668 308 1722 rhabarbari
321 1667 443 1723 eliciatur
457 1668 601 1738 purgativa
612 1669 653 1723 vis
665 1670 747 1739 prius,
758 1670 849 1723 astric-
887 1670 1007 1739 corporis
1029 1670 1180 1741 requiratur
1200 1671 1235 1724 ad
1255 1669 1366 1741 aliquod
1392 1670 1526 1735 effectum,
1546 1676 1676 1741 tanquam

56 1746 112 1800 tiva
125 1755 206 1817 ραις
227 1747 318 1802 simile
338 1747 465 1818 quiddam
479 1749 560 1802 etiam
574 1748 602 1801 iu
615 1747 750 1803 infusione
763 1747 848 1805 viola·
886 1748 967 1813 dosis,
985 1749 1147 1815 notandum
1175 1756 1203 1804 et
1221 1751 1359 1804 cautiones
1379 1748 1413 1804 de
1433 1750 1515 1805 nr'nis
1533 1757 1562 1804 et
1576 1766 1674 1822 perun

55 1843 115 1880 rum
128 1827 159 1880 in
177 1834 287 1880 acetum
300 1827 407 1896 experti
419 1843 526 1890 snmus3
547 1826 594 1880 ubi
615 1828 704 1897 primo
717 1828 849 1896 excipitur
886 1828 1069 1900 aspergenda.

55 1905 148 1959 suavis
156 1913 185 1960 et
193 1905 326 1961 delicatus
336 1905 411 1960 doris
420 1906 497 1969 odor3
518 1914 587 1977 post,
600 1922 663 1974 pars
671 1907 747 1961 floris
759 1907 848 1977 magis

55 1994 153 2049 terrea,
166 2002 228 2056 quac
245 1984 356 2039 odorem
369 1983 516 2039 confundit.
558 1985 653 2056 ltaque
668 1986 691 2040 si
705 1986 848 2040 infundan-

55 2072 99 2118 tur
111 2063 194 2118 violte
207 2081 259 2135 per
274 2064 346 2118 diem
359 2064 502 2135 integrum,
516 2063 582 2118 odor
595 2063 680 2119 multo
694 2064 848 2136 languidius
926 2063 1000 2117 luter
1021 2063 1222 2135 prerogativae
1242 2062 1434 2117 instantiarum
1460 2076 1591 2131 peneum
1613 2059 1675 2116 loco

55 2143 204 2213 exeipitun
227 2142 339 2215 quodsi
353 2143 528 2198 infundantur
541 2160 590 2214 per
604 2152 710 2215 partem
724 2152 848 2215 quartam
885 2141 1014 2196 vicesimo
1034 2150 1130 2213 quarto
1148 2143 1296 2197 instantias
1315 2142 1415 2206 luem
1437 2156 1506 2211 quas
1526 2141 1609 2195 etiam
1630 2143 1674 2194 in·

55 2220 130 2277 horse
150 2230 265 2288 tantum
285 2229 313 2277 et
334 2222 519 2288 extrahantur,
538 2231 565 2277 et
582 2221 663 2297 (quia
680 2240 783 2293 paucus
806 2232 849 2278 est
885 2222 1244 2293 stantiosproedonrinontic
1258 2218 1600 2291 appellereconsuevimus.
1625 2219 1675 2276 Ee

55 2302 166 2370 spiritus
178 2302 315 2367 odoratus,
330 2303 377 2373 qui
390 2302 512 2357 subsistit
529 2301 558 2355 in
572 2299 659 2376 viola)
673 2303 848 2357 infirndautur
885 2300 1005 2355 indicant
1019 2301 1272 2372 praedominantiam
1291 2307 1318 2354 et
1330 2300 1480 2354 cessionem
1493 2299 1622 2354 vunnu
1640 2299 1675 2354 ad

55 2389 115 2450 post
134 2381 261 2452 singulas
280 2390 389 2453 quartas
403 2381 478 2436 borae
490 2381 570 2436 violae
588 2396 666 2435 novae
680 2388 707 2436 et
726 2390 847 2438 recentes
885 2380 1017 2445 invicem3
1039 2387 1068 2434 et
1089 2397 1149 2451 quse
1162 2396 1198 2433 ex
1211 2379 1266 2433 illis
1287 2379 1326 2433 sit
1345 2378 1439 2433 fortior
1461 2385 1489 2431 et
1503 2378 1600 2441 vincat,
1614 2395 1675 2448 quse

55 2459 206 2525 adrexies3
228 2461 400 2516 turndemum
412 2460 570 2515 nobilitatur
580 2460 689 2526 infusio,
699 2462 774 2517 itaut
783 2462 849 2517 licet
883 2460 1017 2514 infirmior
1030 2466 1058 2513 et
1070 2458 1236 2513 succumbat.
1276 2457 1344 2512 Sunt
1357 2457 1431 2511 enim
1451 2464 1540 2510 motus
1553 2464 1581 2511 et
1592 2457 1675 2512 nixus

54 2554 108 2593 non
122 2541 277 2594 manserint
290 2540 378 2604 violoe,
387 2548 524 2613 utcunque
534 2550 677 2605 mnovatae,
690 2541 752 2612 plus
766 2559 848 2613 mam
885 2555 1028 2609 corporum
1041 2537 1190 2608 compositi,
1204 2536 1389 2606 decompositi,
1404 2542 1432 2589 et
1443 2535 1606 2606 complicati,
1619 2553 1675 2592 non

55 2619 89 2673 sd
107 2619 316 2690 sesqnihorame
337 2627 428 2675 tamen
447 2621 626 2690 permanserit
646 2621 712 2675 odor
728 2622 848 2691 gratim·
885 2618 976 2674 minus
989 2633 1071 2688 quam
1090 2633 1204 2687 corpora
1217 2616 1285 2685 ipsa
1326 2615 1511 2686 Proponemus
1526 2615 1609 2685 igitur
1621 2617 1675 2685 pri·

55 2714 122 2762 maa,
138 2708 167 2752 et
178 2699 253 2752 viola
265 2700 326 2769 ipsa
338 2715 393 2753 non
406 2700 526 2764 inferior,
540 2701 575 2754 ad
588 2716 690 2754 annum
702 2701 846 2771 integrum.
885 2715 959 2753 mum
973 2697 1077 2767 species
1093 2696 1245 2766 precipuas
1262 2700 1382 2749 motuum
1397 2694 1454 2748 sive
1468 2695 1594 2748 virtutum
1608 2695 1674 2749 acti·

56 2778 214 2832 Notandum
227 2786 319 2833 tamen
339 2786 388 2842 est,
403 2779 473 2850 quod
493 2796 547 2833 non
561 2796 590 2834 se
604 2778 715 2851 colliget
735 2781 800 2834 odor
813 2781 848 2834 sd
885 2793 997 2840 varum;
1018 2784 1048 2830 ut
1059 2776 1147 2846 magis
1164 2773 1307 2844 perspicua
1321 2774 1356 2827 sit
1369 2773 1491 2842 ipsarum
1507 2774 1675 2842 comparatio

56 2856 126 2911 vires
151 2873 215 2911 suas
236 2856 340 2929 plenas,
360 2857 414 2911 nisi
436 2865 497 2928 pon
514 2875 635 2914 mensem
649 2860 684 2914 ab
701 2859 847 2915 infusione.
885 2855 914 2909 in
935 2856 1039 2919 robore,
1053 2862 1079 2908 et
1094 2852 1192 2908 exinde
1209 2852 1403 2907 demonstratio
1422 2860 1504 2923 atque
1522 2850 1675 2922 designatio

57 2934 89 2990 ln
107 2935 410 2994 disullationibusvero
429 2948 578 2994 uomitum
602 2947 797 2996 maceratorum
818 2942 848 2995 in
886 2932 1455 3005 instantiarumluctoeetpecdoninantioe.

56 3016 215 3085 spiritnvini
225 3018 389 3089 patetquod
398 3026 491 3089 surgat
498 3019 587 3089 primo
595 3018 725 3090 phlegma
732 3037 848 3092 aqueum
924 3015 1019 3070 Motus
1040 3014 1143 3085 primus
1157 3013 1193 3067 sit
1206 3019 1294 3067 motus
1308 3008 1454 3082 antity'pioe
1467 3008 1595 3075 materie,
1614 3028 1674 3081 qute

56 3104 81 3147 ct
91 3095 199 3159 inutile,
209 3096 307 3151 deinde
317 3113 388 3168 aqua
398 3096 460 3166 plus
469 3097 573 3153 habens
584 3115 620 3153 ex
628 3100 724 3169 spiritu
734 3100 848 3164 vinide-
885 3094 956 3149 inest
968 3094 997 3148 iu
1011 3092 1126 3165 singulis
1145 3090 1314 3163 portionibus
1327 3091 1400 3159 ejuse
1421 3106 1471 3161 per
1491 3105 1572 3160 quem
1593 3088 1673 3160 plane

56 3174 116 3228 iude
128 3175 345 3248 poetaquaplus
357 3176 632 3232 habensexsromate.
667 3179 755 3250 Atque
764 3179 847 3247 hujus
885 3173 1031 3229 annihilari
1051 3189 1105 3227 non
1119 3170 1190 3226 vult:
1210 3171 1250 3225 ita
1266 3178 1297 3225 ut
1313 3168 1419 3224 nullum
1437 3169 1599 3234 incendium,
1613 3169 1674 3223 nul-

56 3255 165 3322 generis
178 3271 261 3324 quam
272 3255 390 3327 plurima
399 3255 571 3311 inveniuntur
584 3257 613 3311 in
627 3257 848 3313 distillationibus
884 3253 941 3309 lum
955 3253 1059 3324 pondus
1069 3259 1117 3307 aut
1128 3250 1274 3321 depressio,
1285 3248 1361 3304 nulla
1370 3247 1585 3312 violentinnulla
1599 3249 1675 3303 deni·

57 3341 152 3387 notatu
166 3333 260 3405 digna.
302 3335 404 3390 Verum
418 3334 479 3391 haec
489 3336 622 3392 sufficiant
631 3337 666 3392 ad
679 3337 813 3408 exempla
885 3350 938 3403 que
961 3340 1027 3388 atas
1051 3339 1098 3386 aut
1117 3330 1277 3386 diuturnitas
1297 3329 1425 3400 temporis
1446 3328 1531 3398 possit
1552 3328 1674 3398 redigere

217 3452 236 3482 .,
885 3412 1004 3483 aliquant
1015 3410 1058 3465 vel
1068 3411 1210 3466 minimam
1219 3409 1369 3481 portionem
1383 3408 1502 3462 materiae
1511 3408 1541 3461 in
1549 3406 1673 3473 nibilum,

409 3477 499 3516 ΜΠ·
885 3493 952 3563 quin
964 3491 1014 3545 illa
1027 3497 1055 3545 et
1068 3491 1105 3545 sit
1117 3490 1228 3561 aliquid,
1237 3497 1264 3544 et
1277 3487 1330 3543 loci
1340 3487 1443 3559 aliquid
1454 3493 1567 3556 occupet
1578 3508 1585 3548 t
1605 3495 1673 3542 etse

95 3569 172 3623 luter
194 3571 399 3641 praerogativas
422 3573 615 3626 instantior-sss
636 3586 768 3642 ponemus
787 3570 848 3627 loco
886 3567 931 3644 (in
956 3571 1135 3642 qualicunque
1157 3568 1318 3624 necessitate
1339 3562 1471 3638 ponatur)
1494 3566 1539 3620 vel
1560 3566 1674 3621 formam

58 3647 188 3703 vieesim
205 3649 288 3702 tertio
306 3651 454 3705 instantius
473 3653 576 3722 quanti,
590 3667 658 3722 quas
676 3652 758 3706 etiam
772 3652 847 3706 dores
885 3651 1013 3705 mutando
1026 3649 1071 3705 vel
1084 3649 1181 3714 locunt,
1191 3647 1306 3710 liberet3
1327 3646 1370 3702 vel
1381 3647 1480 3717 (sinon
1491 3645 1568 3699 detur
1581 3646 1673 3716 copia)

58 3737 162 3782 usare
177 3728 447 3798 (sumptovocabnlo
462 3747 480 3784 a
497 3727 652 3800 medicinis)
666 3746 762 3785 vocare
783 3747 847 3785 con·
886 3736 915 3784 ut
927 3739 975 3793 est,
990 3729 1131 3790 sobrietate
1152 3744 1241 3797 neque
1260 3744 1378 3797 unquam
1395 3743 1439 3780 res
1452 3741 1486 3780 eo
1498 3724 1629 3788 deveniat,
1644 3732 1674 3779 ut

58 3808 205 3861 emmanue
244 3805 294 3862 lise
314 3815 383 3873 sunt,
408 3826 469 3879 quse
488 3817 644 3864 mensurant
663 3810 776 3864 vinutes
798 3827 848 3880 per
885 3817 932 3863 aut
944 3808 1015 3863 nihil
1028 3809 1071 3873 sit,
1079 3816 1126 3862 aut
1138 3807 1244 3862 nullibi.
1287 3805 1370 3866 Quem
1381 3813 1483 3860 motum
1497 3802 1674 3875 schola(qute

58 3895 158 3956 quanto
170 3902 324 3957 corporum,
338 3896 367 3942 et
379 3888 499 3943 indicant
513 3888 577 3961 quid
590 3898 716 3960 quommn
729 3892 847 3961 corporis
885 3904 993 3959 semper
1010 3888 1069 3943 fere
1083 3895 1111 3942 et
1125 3886 1282 3941 denominat
1296 3892 1323 3939 et
1335 3884 1428 3939 definit
1448 3899 1499 3946 res,
1521 3883 1611 3952 potius
1626 3900 1675 3953 per

58 3965 139 4020 iamet
152 3965 188 4020 ad
205 3966 308 4020 norim
320 3967 436 4022 virtutis.
476 3969 517 4022 Ac
533 3968 621 4039 primo
639 3974 703 4023 suut
725 3968 847 4040 quedam
885 3968 997 4022 effectus
1010 3974 1037 4022 et
1050 3965 1228 4030 incommoda,
1243 3982 1324 4036 quam
1346 3981 1395 4034 per
1410 3979 1506 4017 causas
1519 3963 1673 4030 interiores)

57 4045 176 4110 virtutes,
190 4062 320 4115 qnmnon
339 4047 489 4101 subsistunt
502 4048 555 4101 nisi
576 4048 606 4101 iu
619 4049 846 4118 quantocoemico,
886 4046 928 4100 vel
941 4046 1113 4116 denotatper
1126 4044 1194 4100 illud
1207 4045 1324 4107 axioma,
1338 4043 1410 4114 quod
1424 4043 1477 4096 duo
1490 4059 1600 4114 empore
1622 4061 1674 4095 non

57 4121 106 4178 boc
119 4131 171 4189 est,
192 4123 242 4178 tali
265 4134 372 4195 monto,
392 4126 465 4197 quod
484 4125 584 4181 habeat
605 4142 766 4181 eonsensum
785 4143 847 4181 cum
881 4126 988 4197 possint
1009 4142 1065 4180 csse
1084 4126 1113 4178 in
1127 4142 1181 4177 uno
1203 4126 1277 4183 locor
1299 4122 1343 4177 vel
1356 4131 1434 4178 vocat
1455 4128 1565 4183 motum,
1579 4125 1674 4193 nefins

58 4203 270 4274 configuratione
285 4211 313 4257 et
321 4204 423 4258 fabrica
434 4205 561 4260 universi.
600 4205 767 4260 Terraenim
781 4213 845 4270 stst3
882 4207 1036 4276 penetratio
1058 4204 1260 4259 dimensionum.
1301 4204 1399 4273 Neque
1420 4202 1503 4270 hujus
1522 4208 1612 4256 motus
1629 4218 1675 4257 ex·

57 4283 220 4351 partesejus
236 4283 347 4337 cadunt.
389 4283 475 4355 Aqua
488 4284 517 4338 in
535 4284 655 4339 maribus
667 4285 752 4340 fluunt
765 4292 792 4338 et
805 4301 847 4339 re·
885 4283 976 4352 empla
996 4284 1110 4354 proponi
1124 4289 1336 4339 consentaneum
1349 4289 1407 4337 est:
1428 4281 1499 4336 inest
1512 4281 1585 4336 euim
1600 4281 1674 4336 omni

57 4361 158 4426 duunt3
178 4362 208 4415 in
221 4361 313 4417 fluviis
325 4363 446 4428 minime,
459 4363 513 4418 nisi
523 4380 573 4434 per
586 4365 739 4433 ingressum
752 4364 845 4419 maris.
885 4363 1000 4432 corpori.
1220 4427 1224 4435 ⁵

57 4439 162 4496 Deinde
176 4441 261 4495 etiam
272 4458 366 4498 omnes
375 4443 432 4498 iere
442 4442 555 4497 virtutes
569 4443 744 4514 particulares
755 4458 847 4497 secun·
925 4442 969 4496 Sit
989 4449 1080 4497 motus
1102 4442 1244 4506 secundus,
1268 4447 1357 4496 ntotus
1375 4441 1469 4510 (quem
1492 4439 1674 4511 appellamus)

57 4518 117 4575 dam
131 4522 244 4575 mltsss
257 4522 558 4592 autpcrusnscorporis
571 4529 725 4592 operantur.
761 4523 847 4592 Aque
887 4538 990 4581 mesu,-
1010 4538 1061 4591 per
1074 4538 1154 4593 quem
1175 4536 1288 4590 corpora
1307 4535 1360 4573 non
1373 4520 1512 4589 patiuntur
1525 4536 1555 4574 se
1569 4519 1625 4573 ulla
1638 4537 1675 4574 ex

57 4597 300 4670 largoenout'acile
314 4608 534 4671 corrumpunture
555 4602 732 4672 exiguacito.
772 4601 847 4656 Mna-
885 4609 961 4669 parte
975 4601 1016 4655 sui
1030 4601 1120 4654 dirimi
1134 4606 1289 4654 acontactu
1307 4599 1601 4669 alteriuaeorporinut
1614 4616 1675 4669 quse

59 4685 113 4733 tum
133 4687 162 4734 et
180 4679 297 4734 cervisia
313 4688 495 4735 maturescunt
518 4679 599 4752 longe
621 4681 711 4746 eitius,
730 4685 758 4734 et
781 4679 849 4735 fiunt
886 4688 979 4734 mutuo
987 4697 1060 4735 nexu
1067 4688 1094 4733 et
1102 4687 1225 4733 contactu
1235 4678 1385 4749 gaudeant:
1400 4695 1481 4750 quem
1491 4686 1591 4733 motum
1598 4677 1675 4731 scho-

57 4758 198 4826 potabilis,
211 4759 242 4812 in
258 4759 364 4813 utribus
382 4760 481 4829 parvis,
496 4777 576 4830 quam
591 4760 621 4813 iu
635 4759 715 4814 doliis
732 4759 846 4830 magnis.
885 4757 913 4811 la
926 4767 1005 4813 vocat
1022 4766 1124 4813 motum
1139 4776 1172 4811 ne
1186 4759 1266 4810 detur
1278 4774 1411 4812 uacuum:
1432 4757 1515 4812 veluti
1529 4774 1589 4812 cum
1603 4773 1675 4827 aqua

57 4835 87 4890 st
99 4836 186 4893 herba
200 4844 317 4906 ponatur
329 4839 359 4892 in
371 4839 474 4907 majore
492 4839 616 4909 portione
629 4838 752 4910 liquoris,
764 4839 794 4892 tit
805 4839 847 4892 in·
886 4838 1031 4893 attrahintr
1043 4854 1149 4892 sunum
1163 4837 1327 4900 exsectione,
1342 4844 1389 4889 aut
1401 4853 1451 4906 per
1470 4836 1590 4898 fistulam
1612 4851 1674 4889 earo

58 4914 129 4970 fusio
140 4917 231 4987 ωαςίι
245 4933 327 4987 quam
345 4917 492 4973 imbibitio:
513 4919 580 4973 siin
592 4918 704 4983 minore,
719 4919 750 4971 tit
767 4918 847 4973 imbi·
885 4933 935 4986 per
948 4925 1090 4981 ventosas3
1110 4923 1159 4971 aut
1177 4933 1238 4969 cum
1256 4932 1327 4987 aqua
1347 4915 1457 4981 sistitur,
1476 4932 1527 4969 nec
1540 4914 1626 4969 effluit
1645 4914 1674 4967 in

56 4992 228 5066 bitiomis
242 5012 323 5067 qnam
333 4996 442 5051 infusio.
484 4996 566 5053 Aliud
579 4998 848 5068 igiturergaeorpus
885 4995 991 5064 hydriis
1011 4995 1162 5066 perforatis,
1184 4995 1238 5050 nisi
1251 5012 1282 5050 os
1302 4994 1409 5069 hydriae
1423 4995 1457 5048 sd
1476 4993 1675 5048 immittendum

56 5071 206 5130 umanum
219 5074 409 5140 estbalneum,
423 5075 579 5132 aliudlevis
592 5077 723 5131 irroratio.
757 5076 847 5131 Etiam
885 5073 979 5129 adrem
988 5075 1143 5146 speciatum
1163 5081 1192 5129 et
1201 5075 1344 5129 innumera
1356 5074 1385 5127 id
1399 5089 1493 5144 genus.

56 5156 133 5221 parsi
142 5171 220 5209 rores
233 5154 262 5208 in
274 5157 338 5209 sire
351 5156 603 5225 nunqusmeadnnt,
614 5157 662 5211 sed
675 5156 847 5227 dissipantur,
925 5154 968 5208 Sit
978 5163 1066 5209 motus
1076 5154 1178 5218 tertius,
1192 5161 1281 5208 motus
1288 5150 1385 5229 (quem
1400 5145 1586 5223 appellamus)
1597 5150 1676 5203 liber·

55 5239 159 5288 etcum
171 5233 237 5289 a'ere
257 5234 468 5304 incorporantur.
507 5235 544 5289 Et
556 5235 647 5290 videre
661 5243 702 5291 est
719 5235 748 5289 in
762 5234 847 5289 anhe-
886 5236 973 5294 tatia:
994 5251 1043 5304 per
1057 5249 1137 5304 quem
1151 5250 1264 5303 corpora
1277 5250 1307 5287 se
1317 5231 1432 5286 liberare
1444 5232 1564 5284 nituntur
1577 5246 1676 5299 apres-

56 5309 106 5366 lits
119 5329 202 5383 super
220 5329 351 5383 gemmas,
365 5329 461 5382 parurn
476 5312 543 5368 illud
562 5314 693 5380 humoris,
708 5314 786 5384 qussi
801 5331 849 5368 nu·
886 5329 948 5368 sura
966 5322 1014 5367 aut
1033 5320 1143 5367 tensma
1155 5309 1380 5384 praeternaturali,
1394 5317 1422 5364 et
1435 5309 1576 5364 restituere
1597 5326 1628 5363 se
1645 5309 1676 5363 in

56 5388 179 5447 mam
199 5401 281 5446 vento
300 5391 468 5462 dissipatam,
489 5394 616 5449 continno
638 5394 715 5448 solvi.
757 5393 848 5448 Etiam
886 5392 1038 5446 dimensum
1061 5393 1237 5462 corporisne
1260 5389 1430 5445 conveniens.
1479 5387 1564 5456 Cujus
1586 5394 1676 5443 motus

56 5467 169 5526 insnum
188 5470 312 5540 ejusdem
331 5473 466 5544 magnetis
479 5489 534 5527 non
554 5473 638 5529 trahit
656 5479 760 5529 tantum
776 5474 848 5538 ierri,
886 5472 969 5527 etiam
985 5473 1128 5527 innumera
1141 5479 1203 5526 sunt
1216 5468 1360 5540 exempla:
1381 5466 1465 5523 veluti
1480 5470 1627 5538 (quatenus
1640 5468 1675 5522 nd

1232 1968 1330 2008 xtvnt.
