3800 5875
44 367 102 423 Lrs.
121 368 160 423 Il.
562 365 612 420 DE
634 363 860 420 AUGMENTIS
882 365 1157 422 SCIENTIARUM.
1618 365 1675 421 309

44 535 199 598 mactasse:
222 533 250 581 et
270 526 439 581 literatorum
454 525 545 596 potius
564 541 707 579 numerum
721 525 841 589 auxisse,
879 526 1001 579 membra
1021 524 1098 580 litem
1118 522 1270 578 ventriculo
1289 522 1469 587 intenderunt,
1494 524 1566 594 quod
1587 542 1675 596 neque

45 625 122 678 qoam
136 607 243 661 artibus
258 606 326 676 ipsis
340 605 455 659 multum
469 605 628 658 incrementi
643 603 775 659 attulisse.
879 613 982 659 motum
998 606 1136 675 praeberet,
1152 612 1182 657 ut
1201 611 1283 666 artus,
1299 620 1388 673 neque
1403 620 1520 668 sensum,
1535 612 1565 657 ut
1578 613 1674 674 caput:

81 687 208 741 Actiones
223 692 357 739 autemst
370 701 460 755 opera,
476 700 537 755 quse
555 684 589 736 ad
610 683 704 737 literas
726 683 841 754 amplifi-
879 685 1004 754 quamvis
1019 685 1122 738 interea
1136 683 1296 737 alimentum
1309 690 1414 736 coctttm
1428 690 1509 753 atque
1523 684 1675 738 confectum

45 767 140 821 caudas
153 767 299 837 pertinent,
314 766 387 819 circa
399 764 452 818 tria
463 772 606 817 versantur
619 763 745 830 objecta:
768 765 842 817 circa
880 764 1037 817 vintriculus
1051 764 1097 817 ille
1112 764 1140 816 in
1154 762 1288 832 reliquum
1307 778 1405 831 corpus
1423 762 1572 816 divideret:
1595 761 1675 833 plane

45 845 180 900 liternum
205 845 304 908 sedes,
336 845 410 898 circa
432 843 534 906 libros;
566 849 593 896 et
616 843 689 895 circa
709 859 840 911 personas
879 844 973 897 eodem
982 843 1124 913 modo,qui
1133 843 1161 895 in
1172 840 1346 913 philosophia
1357 858 1388 893 ac
1399 842 1675 912 contemplationibus

46 926 211 980 auditorum.
261 923 491 985 Quemadmodum
516 923 589 976 enirn
619 938 700 992 aqua,
720 922 776 975 sive
806 938 842 976 ex
878 922 1074 976 universalibus
1097 922 1215 993 positum
1234 937 1313 974 omne
1336 920 1462 984 studium,
1485 922 1566 976 inane
1593 930 1674 992 atque

47 1006 142 1059 musti
161 1022 224 1058 rore
238 1003 415 1067 descendens,
429 1003 486 1056 aive
500 1019 536 1056 ex
551 1001 670 1055 fontibus
684 1002 839 1066 scaturiens,
878 1002 1007 1072 ignavum
1022 1002 1175 1065 arbitratur,
1190 1017 1244 1054 nou
1267 999 1463 1065 animadvertit,
1479 998 1593 1071 singulis
1615 1019 1674 1071 pro-

48 1086 120 1138 facile
140 1084 318 1154 disperditur,
332 1091 360 1137 et
381 1081 556 1152 dispergitur,
569 1081 624 1134 nisi
645 1079 789 1151 colligatur
810 1081 840 1133 in
879 1082 1049 1141 sessionibus.
1065 1090 1092 1136 et
1106 1081 1209 1134 artibus
1231 1078 1329 1134 exinde
1344 1096 1455 1134 succum
1469 1088 1498 1134 et
1517 1081 1599 1134 robur
1612 1097 1675 1152 sup·

47 1165 132 1235 sliqaa
154 1162 336 1233 receptacula,
353 1161 401 1216 ubi
422 1177 472 1231 per
494 1161 622 1214 unionem
644 1167 671 1214 et
693 1176 840 1230 congrega·
879 1161 1002 1232 peditari.
1024 1161 1112 1231 Atque
1126 1169 1199 1214 certe
1213 1177 1372 1229 persuasum
1386 1158 1483 1224 habeo,
1496 1160 1567 1214 hanc
1582 1160 1673 1231 ipsam

47 1246 141 1298 novem
155 1261 185 1298 se
200 1251 360 1306 sustentare,
371 1250 399 1295 et
410 1243 501 1294 lovere
515 1240 601 1310 possit
610 1242 704 1309 (quem
718 1239 747 1292 in
757 1239 839 1292 finem
878 1240 950 1295 haud
965 1240 1104 1295 minimam
1118 1256 1230 1293 causam
1251 1238 1342 1303 fuisse,
1356 1256 1404 1292 cur
1419 1239 1524 1293 felicior
1544 1240 1673 1294 doctrinm

47 1324 206 1395 excogitavit
225 1322 339 1377 solertia
360 1321 481 1375 humana
500 1318 681 1390 aqueductus,
700 1319 838 1383 cisternas,
878 1320 1185 1390 progressuahucusque
1196 1318 1405 1381 retardatussit;
1421 1318 1684 1389 quodoperahisce¹

47 1413 147 1473 stagna,
163 1419 250 1472 eaque
269 1403 352 1456 etiam
366 1401 450 1454 variis
463 1398 628 1453 ornamentis
642 1398 838 1463 condecoravit,
878 1399 1125 1454 fundamentalibus
1140 1398 1260 1453 scientiis
1273 1405 1371 1451 navata
1386 1398 1422 1451 sit
1440 1405 1545 1452 tantum
1558 1399 1587 1452 in
1601 1407 1672 1452 tran-

47 1501 102 1553 quse
123 1482 336 1552 magnificentiae
360 1489 388 1535 et
408 1479 545 1550 dignitati,
566 1494 621 1532 non
645 1477 735 1531 minus
757 1494 839 1547 quarn
877 1481 936 1544 situ,
951 1496 1040 1549 neque
1059 1478 1171 1532 haustus
1193 1477 1329 1547 pleniores
1350 1477 1411 1530 inde
1432 1478 1512 1547 epoti.
1553 1479 1628 1532 Nam
1647 1479 1672 1532 si

46 1563 101 1615 asni
121 1571 149 1615 et
170 1561 334 1624 necessitati,
354 1557 520 1626 deserviant)
535 1556 659 1612 similiter
681 1555 770 1627 liquor
788 1558 838 1612 iste
877 1560 1000 1613 arborem
1016 1559 1097 1613 solito
1113 1559 1318 1613 fructuosiorem
1332 1556 1391 1610 fieri
1413 1557 1515 1627 cupias,
1530 1557 1563 1611 de
1587 1558 1671 1612 ramis

47 1642 165 1695 scientiae
184 1640 407 1710 pretiosissimus,
429 1639 486 1694 σίνε
508 1655 525 1691 a
546 1637 638 1691 divina
658 1636 838 1706 inspiratione
877 1638 1042 1693 medicandis
1056 1638 1156 1691 frustra
1170 1635 1346 1706 cogitaveris,
1367 1636 1506 1706 terraipsa
1519 1637 1671 1691 circaradi-

46 1721 170 1785 destillet,
184 1720 270 1774 sivee
285 1721 410 1774 sensibus
432 1717 535 1782 exiliat,
550 1734 615 1770 mox
634 1716 733 1785 periret
751 1717 838 1770 omnis
877 1735 936 1772 cem
951 1718 1108 1788 subigenda,
1120 1725 1147 1771 et
1160 1716 1240 1787 gleba
1253 1715 1340 1769 laetior
1350 1716 1525 1781 admovenda,
1540 1725 1587 1770 aut
1599 1716 1671 1770 nihil

46 1811 121 1871 atque
142 1807 326 1862 evanesceret,
341 1800 394 1854 nisi
414 1804 617 1853 conservaretur
639 1796 667 1848 in
688 1794 772 1860 libris,
787 1805 838 1850 tra·
877 1814 979 1869 egeres.
1010 1798 1108 1867 Neque
1123 1813 1215 1851 rursus
1228 1795 1337 1849 silentio
1351 1796 1670 1865 pretermittendumest,

46 1880 197 1944 ditionibus,
212 1878 364 1950 colloquiis,
379 1896 411 1932 ac
425 1877 561 1948 praecipue
575 1875 604 1928 in
617 1873 684 1929 locis
697 1877 779 1929 certis
793 1875 838 1929 his
876 1878 947 1931 hanc
970 1873 1147 1947 collegiorum
1170 1883 1199 1930 et
1218 1876 1382 1939 societatum,
1402 1874 1432 1928 in
1452 1892 1531 1929 usum
1554 1882 1671 1930 tantum·

46 1960 120 2013 rebns
146 1959 296 2023 damnatis,
321 1957 415 2029 quales
443 1965 505 2011 sunt
531 1955 685 2018 academiae,
713 1954 837 2026 collegia,
876 1957 957 2011 modo
968 1956 1097 2011 doctrinae
1110 1956 1287 2025 professoria,
1298 1954 1501 2019 dedicationem,
1513 1971 1568 2009 non
1582 1956 1671 2010 solum

47 2038 150 2102 scholar,
160 2039 206 2093 ubi
218 2047 246 2092 et
256 2045 447 2108 permanentes
456 2035 558 2089 habeat
568 2035 654 2098 sedes,
664 2041 692 2087 et
700 2036 838 2089 crescendi
876 2036 1050 2091 scientiarum
1058 2035 1233 2089 incrementis
1243 2034 1380 2088 inimicam
1391 2033 1482 2099 fuisse,
1490 2035 1538 2089 sed
1546 2035 1628 2089 etiam
1638 2037 1669 2089 in

46 2119 160 2189 iamper,
175 2127 203 2172 et
217 2134 246 2172 se
260 2115 446 2188 congregandi
459 2116 565 2185 copiam
579 2122 606 2168 et
620 2113 784 2170 facultatem.
876 2134 1021 2187 regnorum
1033 2125 1060 2170 et
1070 2114 1328 2185 rerumpublicarum
1339 2113 1529 2168 detrimentum
1544 2115 1668 2169 cessisse.

81 2199 119 2250 Ac
131 2198 231 2267 primo,
242 2214 334 2267 opera,
345 2213 406 2267 quac
415 2195 450 2249 ad
463 2195 606 2249 Musarum
617 2195 695 2247 sedes
706 2202 837 2264 spectant,
878 2197 950 2251 Hinc
966 2197 1037 2249 enim
1052 2195 1111 2250 fieri
1124 2195 1194 2249 solet
1204 2202 1235 2248 ut
1248 2191 1394 2263 principes,
1403 2193 1540 2247 delectum
1549 2193 1670 2248 habituri

46 2287 155 2347 quatuor
176 2286 370 2331 numerantur:
400 2275 573 2329 edificiorum
597 2281 746 2339 stmctura;
778 2290 838 2343 pro
876 2276 1069 2339 ministrorum,
1085 2275 1132 2345 qui
1153 2275 1233 2328 rebus
1247 2273 1371 2327 civilibus
1386 2273 1532 2328 tractandis
1546 2275 1602 2327 sint
1615 2274 1672 2328 ido·

45 2367 168 2411 reatuum
192 2356 316 2419 dotatio;
348 2354 549 2426 privilegionrm
574 2353 728 2418 concessio;
759 2354 838 2408 disei-
876 2356 929 2419 nei,
944 2356 1076 2423 ejusmodi
1091 2354 1231 2409 hominum
1250 2353 1348 2407 miram
1368 2352 1540 2408 solitudinem
1554 2353 1626 2407 circa
1640 2371 1670 2408 se

46 2437 122 2506 plina
137 2436 185 2491 lex
198 2443 228 2490 et
241 2436 394 2500 institutio;
415 2452 475 2505 quac
494 2434 585 2488 omnia
606 2432 641 2486 ad
659 2449 796 2487 secessum
810 2440 839 2487 et
874 2437 1028 2505 reperiant;
1058 2443 1202 2505 propterea
1222 2433 1293 2504 quod
1316 2449 1371 2486 non
1391 2432 1525 2488 habeatur
1545 2434 1671 2488 educatio

45 2517 123 2570 otium
139 2514 360 2586 (utplurimum)
375 2515 516 2568 conferunt
535 2521 563 2568 et
584 2514 619 2567 ad
639 2513 806 2567 vacationem
820 2529 837 2565 a
876 2513 969 2585 aliqua
982 2514 1135 2585 collegiata,
1149 2514 1177 2567 in
1192 2512 1243 2566 hos
1259 2529 1324 2567 usus
1344 2512 1485 2577 destinata,
1500 2512 1547 2566 ubi
1566 2513 1670 2568 scilicet

45 2597 110 2648 euris
124 2603 153 2649 et
166 2594 318 2649 molestiis:
340 2594 433 2665 qualia
445 2600 515 2657 sunt,
527 2611 587 2663 qnae
597 2593 632 2646 ad
644 2593 763 2647 alvearia
777 2609 837 2647 con·
876 2593 1008 2658 homines,
1023 2611 1040 2647 a
1053 2602 1149 2648 natura
1162 2593 1196 2646 ad
1209 2591 1262 2646 hoc
1274 2592 1338 2646 facti
1350 2598 1378 2646 et
1391 2592 1540 2662 comparati
1554 2593 1668 2663 (preater

46 2674 186 2740 stituenda,
199 2675 231 2728 in
245 2691 326 2728 usum
340 2673 437 2739 mellis,
451 2672 564 2744 requirit
575 2671 724 2744 Virgilium
876 2682 947 2728 artes
957 2674 1038 2741 alias)
1050 2671 1287 2742 historiae,linguis
1298 2671 1441 2735 modernis,
1448 2671 1525 2725 libris
1536 2678 1564 2725 et
1573 2680 1670 2725 tracta·

878 2754 948 2808 tibus
957 2753 1081 2823 politicis,
1089 2753 1225 2823 praecipue
1235 2751 1406 2816 incumbant;
1422 2751 1522 2805 atinde
1531 2750 1566 2805 sd
1576 2752 1669 2806 civilia

876 2850 988 2887 munera
1001 2834 1089 2904 magis
1104 2831 1209 2886 habiles
1223 2839 1251 2884 et
1264 2829 1391 2884 instructi
1405 2830 1541 2884 accedant.

916 2912 1050 2974 Quoniam
1073 2928 1136 2967 vero
1158 2911 1312 2966 fundatores
1335 2908 1511 2982 collegiorum
1535 2909 1667 2980 plantant,

80 2991 117 3045 At
131 3007 216 3062 opera
229 2991 304 3045 circa
316 2990 401 3045 libros
414 2989 694 3059 duosuntpraecipua.
714 2987 836 3043 Primum
876 2993 1079 3062 praelectionum
1099 3009 1163 3046 vero
1182 2992 1280 3063 rigant,
1294 2991 1415 3061 sequitur
1434 2990 1493 3059 jam
1514 2991 1615 3055 ordine,
1637 3000 1669 3045 ut

159 2807 306 2868 “Principio
315 2807 382 2875 sedes
390 2806 479 2876 apibus,
490 2806 605 2865 statioque
613 2805 722 2868 petenda,

156 2865 211 2920 Quo
222 2880 300 2926 neque
310 2872 342 2912 stt
351 2873 427 2912 ventu
437 2864 520 2923 aditos,
532 2866 594 2912 etc.''

44 3068 223 3134 utliomeeae,
238 3072 267 3125 iu
291 3070 399 3141 quibos,
418 3078 547 3140 tanquam
565 3068 718 3132 mausoleis,
737 3070 837 3138 prisco
876 3074 964 3126 dicam
974 3073 1039 3143 quid
1050 3074 1079 3125 in
1091 3071 1207 3142 publicis
1217 3070 1380 3125 lectionibus
1389 3070 1570 3125 desideretur:
1591 3070 1669 3124 nimi·
1754 3064 1762 3079 ⁸

43 3167 101 3204 mm
109 3158 267 3205 sanctorum
279 3150 409 3220 reliquiae,
420 3150 526 3204 virtutis
535 3148 631 3219 plena,
640 3148 755 3202 condita
766 3157 835 3204 sunt.
876 3170 943 3214 rum,
957 3153 1082 3222 improbo
1094 3151 1138 3206 vel
1151 3151 1271 3206 maxime
1284 3150 1442 3204 tenuitatem
1464 3150 1667 3220 stipendiorum,

44 3229 174 3293 Secmdo,
194 3247 275 3283 novae
295 3230 428 3284 editiones
450 3238 594 3293 auctorum,
609 3228 837 3283 emendatioribus
876 3231 1077 3302 praelectoribus
1099 3232 1155 3286 sive
1177 3231 1283 3294 artium,
1298 3230 1355 3285 sive
1377 3228 1573 3299 professionum
1587 3231 1669 3300 (prse-

43 3309 279 3378 impressionibus,
300 3308 467 3363 fidelioribus
489 3307 663 3370 versionibus,
685 3308 837 3363 utilioribus
876 3312 970 3366 sertim
984 3312 1056 3383 apud
1070 3314 1132 3378 uos)
1145 3311 1320 3382 assignatam.
1363 3309 1480 3363 Intereat
1492 3309 1669 3380 enimimpri·

44 3390 256 3453 commentariis,
272 3389 491 3442 annotationibus
511 3388 599 3457 magis
611 3388 795 3459 diligentibus,
810 3395 837 3442 et
876 3392 927 3445 mis
941 3407 1100 3462 progressus
1110 3391 1140 3445 in
1150 3390 1280 3455 scientiis,
1292 3395 1322 3444 ut
1334 3389 1448 3443 lectores
1462 3389 1491 3442 in
1506 3405 1668 3460 unoquoque

44 3466 199 3535 lmjusmodi
214 3467 356 3532 famulitio,
369 3467 507 3522 instructae
519 3478 546 3521 et
559 3476 668 3522 ornatae.
875 3487 975 3540 genere
1006 3488 1043 3525 ex
1074 3470 1184 3542 optimis
1218 3468 1486 3539 instructissimisque
1514 3466 1667 3538 eligantur:

78 3547 167 3603 Porro
180 3564 273 3618 opera,
289 3564 351 3619 quse
363 3547 528 3602 literatorum
547 3546 687 3601 hominum
706 3563 836 3617 personas
875 3558 968 3621 utpote
993 3567 1107 3621 quorum
1129 3566 1219 3620 opera,
1242 3566 1297 3603 non
1323 3549 1352 3602 in
1377 3565 1453 3602 usum
1476 3548 1667 3615 transitorium,

45 3628 191 3696 respiciam
214 3630 408 3697 (preterquam
432 3627 502 3696 qnod
522 3626 576 3695 ipsi
596 3626 708 3681 ornandi
732 3627 788 3680 sint
809 3634 837 3681 et
875 3630 923 3684 sed
943 3630 978 3684 ad
998 3630 1182 3685 sufficientiam
1204 3627 1324 3683 sobolem
1335 3628 1455 3682 scientiae
1472 3628 1501 3681 iu
1518 3627 1610 3683 secula
1624 3628 1669 3682 ad-

44 3707 232 3774 promoveudi)
247 3714 311 3760 sunt
328 3706 410 3761 etiam
424 3707 492 3760 duo:
513 3706 694 3760 remuneratio
707 3712 734 3760 et
748 3706 836 3776 desig·
875 3709 1010 3764 hibentur.
1060 3710 1093 3763 ld
1120 3709 1179 3763 fieri
1205 3709 1307 3779 nequit,
1328 3707 1382 3762 nisi
1411 3707 1524 3777 prumia
1550 3715 1579 3761 et
1606 3724 1668 3762 cou-

44 3787 115 3840 satio
138 3786 284 3848 lectorum,
309 3786 337 3840 in
361 3784 464 3839 artibus
484 3785 644 3853 jamdudum
667 3786 785 3840 inventis
808 3794 836 3839 et
875 3789 990 3844 ditiones
1012 3788 1080 3843 tales
1099 3789 1302 3851 constituantur,
1322 3786 1421 3858 quibus
1441 3787 1669 3842 eminentissimus

44 3867 176 3936 cognitis;
198 3874 228 3920 et
247 3865 428 3919 remuneratio
449 3881 481 3918 ac
503 3864 653 3935 designatio
666 3866 835 3935 scriptorum,
875 3869 989 3940 quisque
1007 3868 1085 3923 inea
1105 3876 1162 3923 arte
1181 3867 1262 3938 plane
1275 3875 1415 3921 contentus
1436 3883 1495 3920 esse
1513 3866 1616 3937 possit;
1638 3876 1670 3922 ot

44 3946 109 3999 caes
131 3963 180 3999 eas
202 3945 334 3999 doctrinae
353 3952 527 4014 partesque
546 3961 600 3998 non
618 3946 688 4000 satis
706 3944 836 3999 hactenus
874 3947 915 4002 illi
929 3948 1038 4002 demum
1053 3964 1135 4018 grave
1148 3964 1202 4001 non
1216 3948 1259 4010 sit,
1273 3947 1302 4000 in
1316 3946 1410 4000 eodem
1423 3962 1533 4000 munere
1551 3946 1667 4013 immori,

44 4025 197 4079 nmltaeet
210 4024 359 4079 elaborate
373 4030 444 4078 sunt.
874 4045 963 4098 neque
993 4027 1141 4097 practicam
1170 4028 1278 4096 cogitet.
1330 4026 1461 4086 Quocirca
1488 4026 1608 4080 scientiae
1636 4034 1668 4081 ut

79 4104 150 4158 Hoec
173 4104 332 4157 summatim
356 4119 438 4174 opera
459 4110 522 4157 sunt
544 4109 572 4156 et
593 4109 662 4164 acta,
685 4101 716 4156 in
739 4102 836 4172 quibus
875 4108 997 4171 floreant,
1012 4107 1137 4160 militaris
1150 4105 1196 4161 lex
1210 4105 1343 4160 servanda
1363 4104 1493 4169 Doridis,
1515 4110 1568 4159 “ut
1589 4123 1669 4177 aequa

44 4182 202 4252 inclytorum
212 4183 375 4253 principum,
385 4182 553 4253 aliorumque
560 4180 708 4235 illustrium
718 4182 836 4235 virorum
875 4196 948 4241 esset
962 4203 1026 4258 pars
1040 4186 1226 4240 descendentis
1241 4185 1275 4238 ad
1288 4184 1422 4255 proelium,
1438 4192 1467 4239 et
1485 4185 1619 4240 manentis
1633 4187 1668 4240 ad

43 4264 186 4329 promerita
201 4279 269 4333 erga
281 4279 339 4317 rem
353 4262 503 4316 literariam
516 4261 678 4315 clamerunt.
719 4260 762 4315 De
776 4278 836 4331 par·
875 4266 1030 4321 sarcinis:”
1063 4264 1176 4320 sarcinis
1203 4263 1274 4319 male
1301 4265 1381 4319 aliter
1407 4273 1579 4335 prospectum
1606 4265 1667 4321 erit.

43 4341 148 4396 titulari
163 4340 282 4409 alicujus
290 4341 554 4405 commemoratione,
565 4340 612 4412 qui
626 4340 659 4394 de
669 4339 757 4394 literis
767 4340 836 4394 benc
876 4344 920 4399 Sic
940 4346 1056 4400 lectores
1069 4346 1097 4398 in
1112 4344 1231 4399 scientiis
1246 4352 1308 4399 sunt
1320 4351 1450 4415 tanquam
1468 4352 1668 4399 conservatores

41 4422 144 4485 meruit,
156 4421 299 4492 cogitanti,
310 4421 425 4475 occurrit
437 4421 505 4475 illud
519 4419 666 4484 Ciceronis,
682 4420 752 4491 quod
766 4436 835 4484 eum,
875 4432 903 4479 et
916 4424 1040 4480 custodes
1053 4424 1135 4479 totius
1149 4423 1261 4478 literarii
1282 4432 1435 4495 apparatus,
1450 4425 1520 4478 unde
1534 4424 1628 4495 praxis
1641 4432 1670 4479 et

42 4509 98 4567 post
119 4500 239 4554 reditum
264 4517 352 4565 suum,
366 4500 401 4554 ad
421 4501 523 4571 gratias
543 4499 697 4570 promiscue
716 4500 836 4570 agendas
875 4504 976 4560 militia
1003 4505 1132 4574 deinceps
1160 4503 1334 4558 scientiarum
1361 4503 1523 4558 instruatur:
1555 4504 1667 4575 proinde

41 4579 167 4649 ifflwffls
190 4578 324 4633 “difficile
336 4597 391 4635 ¹1⁰⁰
400 4581 526 4650 aliquem.
536 4580 672 4650 ingratum
683 4596 836 4650 quenquam
875 4602 982 4655 aequum
1003 4591 1056 4651 est,
1071 4593 1100 4638 ut
1122 4599 1225 4638 merces
1246 4583 1370 4653 ipsorum
1390 4582 1467 4638 lucra
1487 4584 1668 4655 practicarum

40 4660 208 4728 pmtedre.’'
250 4658 408 4728 Potius(ex
423 4659 622 4730 Scripturarum
636 4658 763 4727 consilio)
777 4675 837 4728 spa⁴
875 4680 1018 4734 exaequare
1042 4665 1137 4735 possit.
1186 4661 1273 4718 Aliter
1295 4663 1319 4717 si
1343 4663 1465 4733 patribus
1494 4664 1669 4718 scientiarum

40 4740 108 4794 tium
131 4740 296 4803 intueamur,
312 4738 384 4810 quod
397 4739 486 4793 adhuc
499 4744 585 4793 restat
598 4738 725 4792 iustadio
745 4737 837 4792 decut-
876 4744 989 4813 praemia
1002 4760 1056 4798 nou
1070 4743 1267 4799 constituantur
1286 4743 1352 4798 satis
1366 4742 1458 4814 ampla
1478 4751 1505 4797 et
1522 4742 1667 4808 luculenta,

40 4818 169 4883 rendum
192 4835 274 4888 qnam
284 4816 378 4873 oculos
388 4818 557 4873 reflectamus
566 4817 601 4871 ad
613 4833 653 4882 ea,
666 4834 725 4888 quas
735 4834 752 4869 a
760 4824 837 4888 tergo
875 4823 981 4876 eveniet
994 4822 1079 4887 illud;

38 4898 204 4968 mmm
216 4897 385 4991 3²?me
511 4976 517 4989 .
803 4976 809 4988 .
993 4936 1048 4983 “Et
1058 4943 1151 4998 patrum
1160 4937 1257 4986 invalidi
1268 4941 1469 5001 referentjejunia
1478 4939 1553 4987 nati”

79 4977 204 5032 Primum
218 4984 397 5049 igitur,1uter
412 4982 452 5030 tot
470 4982 553 5031 totius
574 4976 691 5046 Europa
712 4976 836 5046 collegia,

41 5056 253 5125 praechriraime
277 5057 398 5119 fundata,
413 5055 504 5110 omnia
524 5054 573 5109 illa
593 5056 673 5109 certis
693 5055 837 5125 professio-
914 5057 1059 5111 Defectum
1072 5074 1143 5112 nunc
1163 5060 1264 5114 notabo
1278 5060 1369 5125 alium,
1383 5063 1411 5115 in
1434 5079 1489 5133 quo
1507 5056 1670 5113 ulchemista

41 5136 120 5191 nilm
145 5138 284 5192 destinata
305 5152 366 5190 esse
389 5134 513 5197 demiror,
537 5134 612 5188 nulla
637 5134 731 5189 liberis
755 5140 836 5206 atque
875 5137 1010 5207 quispiam
1021 5137 1050 5189 in
1060 5137 1192 5192 auxilium
1201 5139 1371 5194 advocandus
1381 5140 1462 5203 foretr
1476 5157 1539 5193 curn
1547 5138 1574 5191 id
1582 5152 1668 5207 genus

42 5216 240 5271 universalibus
253 5217 356 5270 artium
369 5223 397 5269 et
410 5215 581 5268 scientiarum
597 5214 835 5268 studiisdedicata.
875 5215 1015 5269 hominum
1029 5215 1156 5271 studiosis
1169 5226 1292 5274 auctores
1306 5221 1371 5286 sint,
1386 5229 1416 5273 ut
1435 5218 1519 5273 libros
1539 5216 1668 5281 vendant,

42 5294 150 5350 Namsi
168 5295 230 5367 quis
247 5295 353 5364 judicet
372 5295 526 5348 doctrinam·
541 5310 648 5348 omnem
669 5294 835 5348 referendam
876 5295 999 5349 fornaces
1023 5303 1157 5359 extruant,
1179 5296 1331 5353 Minervam
1354 5316 1385 5352 ac
1409 5297 1504 5352 Musas
1527 5298 1669 5365 (tanquam

43 5388 103 5426 esse
117 5374 153 5429 ad
166 5392 244 5429 usum
259 5382 289 5429 et
306 5374 448 5436 actionem,
464 5382 534 5427 reete
556 5373 642 5442 sapit:
662 5380 836 5428 veruntamen
874 5375 996 5445 virgines
1013 5373 1133 5441 steriles)
1148 5377 1279 5441 deserant,
1294 5395 1325 5431 ao
1340 5377 1463 5432 Vulcano
1476 5392 1506 5430 se
1521 5374 1668 5445 applicent.

44 5450 124 5506 faede
138 5462 187 5517 est,
200 5456 255 5509 isto
268 5452 352 5509 modo
364 5452 468 5523 prolabi
482 5452 511 5507 in
524 5469 640 5508 errorem
654 5452 740 5519 illum,
756 5470 836 5524 quem
874 5453 1026 5509 Fatendum
1040 5461 1082 5507 est
1094 5454 1239 5520 enimvero,
1255 5463 1311 5511 tam
1331 5456 1366 5510 ad
1385 5454 1538 5525 penetralia
1551 5460 1670 5509 contem-

45 5530 139 5587 fabals
148 5534 314 5606 perantiqua
324 5532 496 5605 perstringit3
510 5532 837 5604 iuquacaeteracorporis
874 5531 1010 5603 plationis,
1025 5549 1108 5602 quam
1127 5534 1163 5588 ad
1182 5537 1327 5606 operativa
1348 5535 1475 5604 fructum,
1486 5534 1514 5589 in
1533 5532 1670 5590 nonnullis
