3800 5875
265 276 324 333 285
875 273 1122 331 DISTRIBU'PIO
1142 273 1288 331 OPERIS.

266 435 331 490 Pari
345 434 418 490 enim
429 434 485 489 iere
495 433 587 489 studio
599 433 712 488 ferinam
721 440 749 487 ct
759 433 794 488 ad
804 439 895 487 vetera
903 433 1060 496 excolenda,
1097 433 1192 489 iectus.
1233 433 1294 488 Illic
1306 432 1381 487 euim
1394 433 1562 490 adversarius
1574 433 1747 504 disputatime
1757 435 1852 492 sineibr

265 513 342 568 etad
359 514 488 568 ulteriora
506 513 682 584 assequenda.
722 511 846 567 Pertinet
862 513 944 566 edam
959 512 1012 566 hoc
1026 513 1061 566 sd
1097 519 1125 565 et
1137 512 1346 583 constringitur:
1366 511 1413 566 hic
1425 520 1533 580 natura,
1547 528 1634 582 opere.

266 593 419 648 laciendum
431 592 527 655 tidem;
547 593 627 661 juxta
640 590 724 645 illud:
746 597 763 623 ‘⁴
777 592 843 645 Non
856 592 957 660 accipit
969 592 1060 645 indoc-
1137 591 1228 662 Atque
1241 609 1303 645 cum
1316 590 1472 659 hujusmodi
1485 593 1540 646 tine
1549 591 1708 646 conveniunt
1717 591 1853 647 demonstra

266 680 310 726 tus
324 673 407 726 verba
420 670 547 735 scientias,
562 670 615 725 nisi
630 670 1060 741 priuseadixerisquaeversan·
1098 671 1202 725 tionum
1224 672 1346 741 ipsarum
1368 679 1466 725 natura
1488 679 1516 724 et
1538 671 1610 725 ordo.
1645 670 1677 724 ln
1696 670 1780 742 logica
1797 675 1853 727 enin

266 751 536 820 turincordeejus.''
578 750 674 820 ltaque
685 750 860 804 scientiarum
869 759 951 819 atque
961 750 1058 803 artium
1097 750 1203 820 vulgari
1217 765 1301 819 opera
1314 749 1371 803 iere
1385 750 1511 804 universa
1529 751 1602 804 circa
1620 748 1853 820 syllogismumeou

266 839 436 901 receptarum
454 847 516 884 oras
536 829 635 901 legere,
657 845 762 883 necnon
784 829 863 882 utilia
883 828 1008 898 quasdam
1029 829 1059 882 in
1097 830 1217 884 sumitur.
1265 829 1308 882 De
1328 828 1482 884 inductione
1502 845 1567 883 vero
1587 828 1718 882 dialectici
1737 831 1779 884 vix
1798 833 1853 885 seria

266 910 328 964 illas
349 911 504 982 importare,
531 916 661 981 tanquam
683 909 714 962 in
741 908 864 973 transitu,
887 925 942 961 uon
970 907 1059 978 negli·
1097 909 1233 979 cogitasse
1246 908 1385 970 videntum
1407 906 1460 962 levi
1475 909 1612 962 mentione
1626 925 1686 962 eam
1700 909 1853 962 transmittet,

266 1006 369 1061 gemus
1096 994 1146 1050 tes,
1161 987 1233 1042 etad
1246 987 1399 1056 disputandi
1415 986 1544 1041 formulas
1562 996 1740 1057 properantes
1776 988 1852 1042 Atnos

307 1068 471 1122 Partitiones
497 1073 588 1121 tamma
616 1065 790 1120 scientiarum
813 1063 976 1119 adhibemus
1002 1080 1057 1128 eas,
1095 1065 1350 1120 demonstrationem
1373 1082 1423 1135 per
1442 1066 1631 1136 syllogismum
1652 1067 1786 1133 rejicimus,
1798 1069 1852 1137 quoi

267 1163 327 1216 quae
347 1164 403 1201 non
417 1154 522 1201 tanturn
536 1148 594 1215 jaan
616 1147 727 1200 inventa
738 1152 766 1200 et
778 1153 850 1207 nota,
865 1144 913 1197 sed
926 1142 1058 1197 hactenus
1095 1146 1232 1199 confusius
1246 1151 1356 1216 agatet
1369 1153 1493 1200 naturam
1507 1146 1775 1199 emittatemanibus
1793 1146 1852 1199 Tan

266 1227 367 1280 omissa
377 1235 405 1280 et
413 1225 504 1279 debita
514 1225 733 1296 complectantur.
767 1224 877 1278 Etenim
885 1223 1058 1277 inveniuntur
1096 1224 1147 1278 etsi
1162 1225 1235 1279 enim
1248 1224 1350 1278 nemini
1368 1224 1481 1279 dubium
1502 1241 1562 1279 esse
1582 1225 1676 1295 possit,
1690 1225 1757 1295 quin,
1771 1226 1851 1294 quain

265 1304 296 1359 in
309 1305 391 1375 globo
403 1303 588 1368 intellectuali,
602 1304 828 1376 quemadmodum
843 1303 873 1356 in
886 1302 1015 1366 terrestri,
1030 1309 1058 1356 et
1095 1304 1185 1357 medio
1198 1305 1313 1358 termino
1326 1305 1495 1368 conveniunt,
1509 1319 1542 1358 ea
1555 1312 1584 1357 et
1597 1305 1667 1357 iuter
1679 1321 1708 1357 se
1721 1305 1852 1357 cmreniatt

265 1384 338 1438 culta
360 1384 468 1455 pariter,
483 1390 511 1437 et
530 1384 645 1439 deserta
688 1383 783 1453 ltaque
801 1382 841 1436 nil
857 1382 957 1435 mirum
971 1380 1056 1435 videri
1096 1383 1181 1453 (quod
1194 1389 1237 1437 est
1249 1381 1448 1437 mathematicae
1457 1383 1599 1451 cujusdam
1608 1382 1781 1448 certitudinis)
1790 1381 1852 1436 nihil

266 1463 594 1526 debet,siadivisionibus
603 1462 709 1517 usitatis
719 1462 880 1533 quandoque
889 1460 1055 1515 recedamus.
1094 1462 1202 1516 ominus
1230 1461 1283 1515 hoc
1304 1461 1399 1516 subest
1426 1461 1535 1526 fraudis,
1557 1462 1630 1533 quod
1652 1461 1809 1532 syllogismus
1825 1478 1852 1515 er

266 1542 391 1611 Adiectio
412 1542 493 1607 euim,
507 1542 571 1596 dum
591 1550 676 1596 totum
690 1542 784 1606 variat,
799 1541 881 1595 etiam
902 1547 995 1610 partes
1013 1555 1057 1592 ea·
1094 1540 1852 1611 propositionibusconstetpropositionesexverbisserba

265 1638 377 1692 rumque
392 1621 525 1676 sectiones
538 1621 692 1676 necessario
704 1621 811 1675 vemat:
832 1627 950 1690 receptae
964 1626 1056 1672 autem
1094 1629 1186 1673 autem
1199 1620 1340 1674 notionum
1358 1628 1467 1674 tesserae
1488 1629 1516 1675 et
1532 1622 1613 1691 signa
1633 1620 1696 1674 sint
1735 1621 1817 1690 ltaque
1834 1620 1852 1673 si

265 1700 419 1766 divisiones,
433 1708 550 1771 receptae
565 1717 677 1755 summm
691 1700 871 1763 scientiarum,
887 1698 974 1769 qualis
984 1714 1055 1752 nunc
1093 1700 1215 1754 notiones
1229 1700 1297 1769 ipsae
1318 1700 1417 1753 menda
1431 1701 1506 1770 (qum
1524 1700 1668 1754 verbomtn
1691 1698 1764 1769 quasi
1781 1698 1852 1750 anius

266 1786 314 1844 est,
328 1787 433 1834 tantum
447 1787 610 1850 competunt
1094 1784 1196 1832 suntet
1209 1779 1291 1832 totius
1305 1778 1460 1847 hujusmodi
1471 1787 1613 1833 structurae
1628 1795 1660 1831 ac
1672 1778 1774 1831 fabricas
1784 1777 1850 1842 baua)

306 1859 431 1914 Circaea
442 1876 515 1924 vero,
530 1876 591 1929 quae
603 1875 653 1912 ceu
667 1856 769 1912 omissa
782 1857 943 1921 notabimus,
958 1857 997 1910 ita
1006 1871 1055 1910 nos
1093 1856 1164 1911 male
1177 1872 1209 1911 ac
1223 1865 1324 1912 temere
1339 1874 1356 1910 a
1369 1857 1448 1911 rebus
1457 1858 1599 1912 abstractas
1613 1866 1642 1912 ct
1654 1874 1736 1928 vagae,
1746 1874 1790 1910 nec
1801 1857 1851 1910 satis

265 1954 399 2008 geremus,
413 1946 512 1992 utnon
526 1936 600 1992 leves
620 1944 722 1991 tantum
744 1936 836 1991 timlos
854 1945 882 1991 et
895 1943 1056 2008 argumenta
1092 1936 1210 1991 definitae
1233 1944 1262 1991 et
1285 1936 1503 2006 circumscripte,
1525 1936 1643 2007 deniqne
1672 1937 1760 1990 multis
1785 1934 1851 1988 modis

264 2017 373 2071 concisa
387 2034 487 2082 eornm,
497 2034 557 2087 qum
570 2016 762 2080 desiderantur,
773 2032 971 2086 proponamus:
991 2028 1055 2068 nam
1093 2016 1198 2070 vitiosae
1212 2016 1319 2080 luerint,
1329 2016 1421 2069 omnia
1433 2021 1522 2069 ruunt.
1564 2016 1714 2085 Rejicimus
1725 2016 1799 2085 igitar
1809 2013 1852 2082 syl-

265 2095 356 2165 siquid
375 2095 448 2150 inter
461 2096 561 2150 omissa
580 2095 749 2150 retulerimus
763 2095 857 2165 (modo
876 2095 913 2148 sit
924 2093 1055 2164 dignioris
1092 2094 1252 2165 logismumr
1272 2111 1362 2166 neque
1375 2094 1403 2147 id
1416 2094 1503 2148 solum
1518 2095 1607 2165 quoad
1617 2095 1749 2165 principia
1758 2094 1853 2163 (adque

266 2174 395 2243 subiecti)
409 2175 486 2243 cujus
502 2175 571 2229 ratio
587 2173 670 2245 paulo
682 2173 806 2228 videatur
821 2173 960 2228 obscurior
975 2172 1055 2240 (adeo
1092 2190 1142 2227 nec
1156 2173 1198 2228 illi
1207 2191 1268 2228 eam
1278 2174 1420 2241 adhibent)
1431 2174 1570 2228 sedetiam
1581 2174 1672 2245 quoad
1685 2171 1853 2244 propositiones

264 2261 296 2307 ut
314 2254 412 2307 merito
432 2254 565 2325 suspicari
587 2253 730 2323 possimus,
751 2252 876 2307 homines
896 2269 952 2306 non
974 2251 1054 2305 facile
1092 2253 1210 2307 medias:
1231 2270 1299 2325 quas
1313 2252 1404 2306 educit
1424 2268 1488 2306 saue
1508 2261 1589 2323 atque
1611 2254 1853 2324 panuntntcmque

264 2331 454 2398 intellecturos,
469 2332 535 2404 quid
554 2332 631 2387 uobis
646 2332 768 2397 velimus,
780 2342 826 2387 aut
839 2331 918 2402 quale
931 2332 967 2386 sit
986 2331 1054 2385 illud
1092 2332 1265 2403 syllogismus
1276 2354 1283 2395 t
1304 2332 1352 2386 sed
1365 2347 1478 2400 operum
1491 2332 1609 2395 steriles,
1624 2338 1653 2387 et
1665 2350 1682 2385 a
1700 2332 1807 2402 practica
1819 2346 1853 2383 re·

264 2426 342 2480 opus,
370 2413 441 2481 quod
464 2411 556 2466 animo
580 2418 607 2466 et
629 2411 792 2482 cogitatione
819 2411 1053 2482 complectimur):
1092 2420 1186 2476 motas,
1200 2419 1227 2465 et
1244 2410 1326 2482 plane
1344 2410 1434 2483 quoad
1453 2419 1558 2480 partem
1571 2412 1688 2466 activam
1708 2412 1855 2465 scientiarum

265 2498 398 2561 perpetuo
417 2490 495 2545 nobis
517 2491 656 2546 caruerit
677 2497 722 2545 aut
745 2499 881 2561 praecepta
899 2490 1053 2559 hujusmodi
1091 2492 1311 2562 incompetentes
1352 2490 1480 2552 Quamvis
1491 2490 1577 2562 igitur
1598 2490 1775 2561 relinquamus
1792 2487 1855 2557 sylla

264 2570 355 2640 operis
375 2570 542 2635 conficiendi,
558 2576 605 2625 aut
626 2572 708 2625 ctiam
728 2578 832 2641 partem
855 2570 945 2640 operis
967 2570 1054 2639 ipsius
1092 2571 1187 2641 ςίσιιιο,
1202 2576 1230 2625 et
1250 2569 1407 2645 hujusmodi
1427 2569 1704 2624 demonstrationibus
1723 2570 1855 2625 famositas

262 2648 321 2716 jam
334 2665 352 2702 a
365 2649 443 2704 nobis
456 2650 618 2716 coniectum,
633 2649 668 2703 ad
681 2650 836 2721 exemplum
849 2650 931 2703 totius
944 2649 1055 2716 subjuu·
1088 2650 1206 2717 jactatis,
1217 2649 1432 2717 jurisdictionem
1446 2649 1475 2702 in
1489 2658 1562 2704 artes
1574 2649 1720 2720 populares
1739 2657 1765 2703 et
1781 2648 1856 2717 opina

264 2743 348 2797 gere;
369 2729 625 2800 utinsingulisaut
638 2745 722 2799 opera
734 2728 908 2784 autconsilio
917 2729 1052 2797 juvemus.
1091 2729 1161 2783 biles
1175 2729 1228 2798 (nil
1247 2730 1321 2784 euim
1341 2729 1370 2782 in
1390 2727 1443 2782 hac
1466 2735 1543 2798 parte
1563 2730 1717 2797 movemus)
1731 2737 1810 2782 nmen
1828 2724 1856 2777 ad

263 2805 381 2872 Etenim,
392 2808 646 2863 etiamadnostram
657 2809 892 2872 existimationem,
902 2824 957 2862 non
968 2807 1054 2861 solum
1091 2815 1215 2864 naturam
1238 2825 1336 2872 rerum,
1350 2807 1506 2862 inductione
1529 2824 1580 2878 per
1602 2809 1703 2872 omnis,
1717 2816 1743 2862 et
1763 2815 1810 2861 tan
1829 2803 1856 2857 al

264 2884 378 2943 aliorum
401 2887 544 2943 utilitatem
566 2887 702 2960 pertinere
726 2889 897 2959 putavimusr
930 2903 966 2942 ne
991 2886 1053 2957 quis
1092 2888 1209 2944 minores
1230 2887 1437 2961 propositiones,
1460 2904 1542 2958 quam
1565 2887 1602 2943 ad
1623 2889 1744 2957 majores,
1765 2886 1855 2941 utimur.

264 2967 414 3033 arbitretur,
428 2966 516 3023 levem
530 2968 649 3039 aliquam
662 2969 696 3023 de
709 2968 860 3023 istiusmodi
874 2968 956 3022 rebus
970 2968 1055 3021 notio-
1093 2968 1278 3023 Inductionem
1292 2968 1364 3022 enim
1378 2983 1520 3023 censemus
1533 2984 1595 3022 eam
1610 2984 1671 3024 esse
1682 2963 1856 3023 demonstrandi

263 3061 327 3100 nem
340 3054 458 3102 ruentem
471 3055 592 3102 nostram
602 3047 793 3119 perstrinxisse
804 3069 811 3113 t
832 3055 914 3118 atque
924 3062 984 3101 esse
993 3046 1053 3114 illa,
1092 3048 1214 3111 sormam,
1228 3065 1288 3119 qum
1302 3063 1411 3102 sensum
1423 3054 1520 3112 tuetur,
1535 3054 1564 3102 et
1583 3056 1711 3103 naturam
1731 3046 1823 3119 premit,
1834 3050 1855 3096 et

264 3141 324 3194 quta
335 3126 518 3181 desideramus
532 3143 564 3180 ac
574 3143 744 3197 musanus,
756 3134 885 3198 tanquam
898 3126 969 3180 votis
982 3125 1054 3180 simi-
1092 3127 1219 3198 operibus
1229 3126 1354 3181 imminet
1366 3143 1398 3181 sc
1412 3127 1469 3180 iere
1483 3127 1660 3182 immiscetur.

263 3203 313 3259 lia.
354 3204 396 3258 lla
415 3222 480 3260 vero
492 3206 559 3259 talia
572 3216 641 3271 suut
655 3222 769 3276 quorum
783 3213 811 3260 et
823 3221 907 3277 penes
927 3204 1054 3260 homines
1132 3205 1228 3277 ltaque
1238 3206 1303 3260 ordo
1313 3222 1422 3278 quoque
1430 3205 1633 3261 demonstrandi
1643 3208 1723 3278 plane
1732 3205 1855 3260 invertitur.

265 3283 332 3353 (nisi
345 3283 398 3339 sibi
411 3285 465 3356 ipsi
480 3284 581 3353 desint)
596 3292 714 3354 potestas
727 3285 808 3355 plane
821 3286 865 3349 sit,
877 3292 905 3339 ct
917 3300 968 3338 noa
982 3285 1054 3355 apud
1092 3283 1189 3339 Adhuc
1203 3285 1276 3340 enim
1289 3302 1333 3340 res
1351 3285 1391 3339 ita
1408 3285 1466 3356 geri
1488 3287 1646 3350 consuevit3
1668 3297 1697 3342 ut
1716 3301 1734 3339 a
1752 3301 1820 3339 seusu
1836 3290 1857 3333 st

263 3370 369 3417 nosmet
382 3365 514 3418 rationem
528 3364 661 3435 quandam
672 3372 773 3418 certam
787 3372 816 3418 et
826 3363 993 3435 explicatam
1006 3363 1054 3418 ba·
1092 3364 1299 3433 particularibus
1321 3364 1410 3435 primo
1422 3363 1483 3418 loco
1496 3365 1532 3419 ad
1544 3368 1667 3420 maxime
1687 3360 1855 3437 generalised

262 3440 385 3497 mamus.
431 3443 530 3515 Neque
554 3443 627 3497 enim
651 3444 776 3514 regiones
796 3444 886 3498 metiri
905 3444 1003 3507 animo,
1024 3450 1055 3498 ιιι
1091 3444 1202 3508 voletm,
1216 3452 1344 3516 tauquam
1358 3444 1392 3497 ad
1405 3442 1659 3514 polostixoacirca
1679 3444 1858 3516 questique

263 3535 390 3592 augures,
405 3522 588 3592 auspiciorum
601 3539 701 3577 causa:
723 3523 772 3576 sed
790 3523 900 3587 intrare,
919 3531 950 3576 ut
963 3523 1053 3587 duces,
1092 3524 1179 3577 tiones
1186 3532 1338 3587 venantum
1353 3523 1389 3577 ab
1396 3522 1452 3577 illis
1459 3526 1709 3595 eetempermeuia
1715 3525 1857 3578 deriventur:

263 3601 436 3668 promerendi
448 3601 545 3667 studio,
560 3602 739 3672 suscepimus.
1092 3602 1217 3658 macerte
1227 3602 1435 3672 compendiaria,
1447 3603 1495 3657 sed
1505 3605 1658 3675 precipiti,
1679 3604 1747 3659 etad
1756 3610 1858 3656 naturam

1091 3680 1231 3752 impervia,
1241 3682 1477 3752 addisputationes
1486 3699 1552 3737 sero
1560 3684 1690 3755 proclivis
1700 3691 1726 3737 et
1734 3692 1858 3736 aeeonne

1091 3760 1163 3814 data
1205 3761 1250 3826 At,
1265 3761 1411 3816 secundum
1431 3777 1490 3826 nos,
1505 3763 1645 3818 axiomata
1665 3763 1859 3818 continenteret

302 3829 401 3885 Panno
423 3832 590 3902 praetervecti
604 3840 676 3889 artes
688 3841 803 3900 veteres,
822 3834 989 3891 intellectum
1001 3836 1053 3892 hn-
1092 3839 1227 3910 gradatim
1247 3841 1408 3903 excitantur,
1427 3848 1458 3894 ut
1478 3842 1587 3896 nonnisi
1608 3852 1745 3913 postremo
1763 3839 1814 3893 loco
1831 3833 1858 3888 ad

263 3925 373 3964 manum
400 3912 435 3965 ad
460 3912 648 3980 trajiciendum
674 3913 846 3969 instruemus
897 3916 1055 3971 Destinatur
1092 3918 1298 3988 generalissima
1310 3919 1449 3973 veniatur:
1471 3936 1504 3974 ea
1517 3938 1582 3975 sero
1600 3921 1797 3993 generalissima
1810 3930 1858 3971 eva·

262 3987 354 4059 itaque
367 3990 439 4060 parti
453 3991 585 4056 secundae,
600 3992 721 4047 doctrina
734 3993 767 4047 de
781 3992 893 4048 meliore
908 4003 936 4048 et
948 3995 1053 4065 perlec-
1091 3997 1164 4062 dunt,
1178 4015 1232 4052 non
1245 3998 1401 4062 nationalia,
1415 3997 1464 4052 sed
1484 3998 1554 4055 bene
1575 4002 1735 4064 terminum
1755 4007 1781 4053 et
1797 3995 1857 4054 talia,

263 4068 331 4122 tiore
345 4085 396 4122 usu
409 4069 522 4124 rationis
536 4071 567 4125 in
585 4088 675 4126 rerum
695 4071 882 4143 inquisitione,
897 4073 972 4128 etde
986 4090 1053 4129 aux·
1092 4094 1153 4147 quse
1166 4085 1263 4132 natura
1276 4085 1305 4132 ut
1318 4094 1411 4131 revera
1424 4077 1476 4131 sibi
1490 4080 1597 4136 notiora
1615 4087 1750 4152 agnoscat,
1762 4087 1858 4148 queque

262 4146 318 4200 iliis
341 4148 412 4201 veris
431 4147 602 4204 intellectus:
631 4159 662 4205 ut
684 4167 734 4220 per
754 4151 807 4206 hoc
830 4154 972 4221 (quantum
993 4170 1054 4208 con-
1091 4156 1171 4211 rebus
1185 4155 1307 4212 baereaut
1318 4157 1349 4210 in
1363 4154 1498 4213 medullis.

263 4224 331 4279 ditio
350 4225 525 4282 humanitatis
546 4244 578 4282 ac
598 4228 770 4285 mortalitatis
790 4231 904 4301 patitur)
922 4231 1055 4288 exaltetur
1132 4235 1169 4290 At
1181 4236 1210 4291 in
1224 4236 1311 4291 torma
1329 4236 1390 4307 ipsa
1411 4252 1519 4307 quoque
1538 4236 1709 4302 inductionis,
1723 4242 1751 4291 et
1766 4232 1858 4303 judicio,

262 4303 416 4358 intellectus
429 4312 457 4360 et
469 4307 597 4363 facultate
610 4308 791 4378 amplificetur
803 4310 838 4364 ad
850 4319 956 4365 naturae
970 4311 1054 4366 ardua
1092 4315 1164 4384 quod
1184 4331 1233 4384 per
1246 4331 1306 4369 eam
1323 4316 1360 4380 tit,
1374 4330 1443 4384 opus
1463 4313 1544 4387 longe
1562 4318 1714 4373 maximnm
1730 4324 1858 4370 movent!-

263 4390 291 4436 et
305 4383 420 4438 obscura
433 4386 592 4454 superanda
633 4387 723 4459 Atque
745 4395 789 4443 est
807 4404 848 4454 ea,
862 4405 943 4459 quam
968 4391 1054 4447 addu·
1091 4392 1134 4446 Ea
1148 4394 1229 4458 enim,
1244 4393 1277 4447 de
1291 4411 1346 4465 qua
1362 4393 1497 4448 dialectici
1517 4394 1672 4468 loquvmtur,
1686 4413 1745 4467 qua
1756 4388 1859 4464 procedit

263 4462 356 4526 cimus,
367 4478 411 4516 ars
425 4464 521 4534 (quam
536 4471 552 4497 ‘⁴
563 4467 816 4537 Interpretationem
829 4470 951 4523 naturae”
961 4470 1054 4542 appel·
1091 4486 1141 4541 per
1154 4474 1383 4528 enumerationem
1397 4471 1559 4543 simplicem,
1569 4476 1674 4546 puerile
1688 4473 1806 4544 quiddam
1818 4473 1857 4529 etl·

262 4541 319 4595 lare
330 4542 531 4611 consuevimus)
542 4561 686 4617 exgenere
695 4545 807 4618 logicam
823 4546 888 4601 licet
897 4548 1052 4619 plurimum,
1091 4558 1120 4604 et
1132 4553 1256 4620 precario
1269 4551 1413 4616 concludit,
1429 4557 1457 4605 et
1476 4554 1598 4623 periculo
1619 4554 1656 4608 ab
1674 4550 1797 4609 ineuntis
1808 4563 1858 4602 con·

263 4625 344 4691 atque
357 4622 426 4675 adeo
444 4622 605 4679 immensum
627 4626 755 4695 quiddam
776 4626 890 4681 intersit
929 4628 1005 4682 Nam
1025 4638 1054 4684 et
1091 4629 1245 4686 tradictoriu
1257 4633 1409 4702 exponitur,
1422 4637 1451 4685 et
1470 4640 1600 4688 consueta
1620 4639 1726 4687 tantum
1745 4633 1857 4687 inimare

262 4699 323 4769 ipsa
336 4698 385 4754 illa
397 4700 489 4772 logica
501 4703 622 4775 vulgaria
636 4704 740 4760 auxilia
750 4712 779 4759 et
788 4705 916 4775 praesidia
928 4707 1053 4763 intellec·
1091 4725 1141 4762 uec
1154 4710 1258 4764 exitum
1271 4712 1379 4781 reperit.

262 4778 303 4833 tui
316 4779 407 4834 moliri
421 4797 453 4835 sc
466 4797 562 4850 param
576 4785 733 4855 profiteturr
754 4792 781 4839 et
794 4785 823 4839 in
843 4785 896 4839 hoc
913 4802 969 4841 uno
988 4803 1052 4842 con·
1131 4788 1215 4861 Atqui
1229 4806 1298 4859 opus
1311 4797 1353 4844 est
1365 4788 1400 4844 ad
1413 4791 1540 4846 mendas
1553 4791 1715 4845 inductionis
1724 4781 1856 4844 tenant.

262 4858 389 4913 sentiunt.
440 4859 539 4916 Differt
566 4870 657 4918 autem
682 4862 764 4934 plane
791 4880 808 4918 a
834 4863 949 4935 vulgari,
971 4867 1053 4922 rebus
1091 4884 1152 4937 quae
1165 4869 1362 4938 experientiam
1376 4871 1471 4935 solvat,
1482 4876 1510 4923 et
1520 4878 1634 4941 separet,
1648 4878 1677 4924 et
1696 4885 1745 4940 per
1762 4861 1857 4920 exclan

262 4937 399 5009 praecipue
410 4938 514 4995 tribus:
534 4941 585 4995 via
595 4941 657 5012 ipso
666 4942 728 5007 tine,
738 4942 832 4997 urdine
842 4943 1051 5010 demonstrandi,
1092 4962 1159 5000 ones
1181 4963 1213 5000 uc
1236 4947 1398 5015 rejectiones
1421 4950 1527 5005 debitas
1549 4949 1703 5003 necessario
1728 4941 1857 5001 eondudat

262 5022 290 5072 ei
303 5016 459 5088 inquirendi
470 5018 567 5075 initiis·
1090 5024 1168 5086 Quod
1181 5026 1205 5080 si
1221 5025 1355 5094 judicium
1370 5026 1438 5084 illud
1451 5027 1593 5099 vulgatum
1605 5026 1800 5082 dialecticorum
1811 5029 1856 5073 ιω

301 5096 376 5151 Nam
398 5096 463 5150 huic
484 5104 584 5152 nostra
603 5097 723 5152 scientiae
744 5099 807 5154 tinia
826 5102 1002 5172 proponitur;
1023 5110 1054 5157 ut
1091 5120 1235 5174 operosum
1245 5104 1754 5178 tueritettantaingeuiaexercueritr
1773 5106 1858 5174 quanto

261 5173 730 5245 invenianturnonargumcnmed
740 5186 828 5243 artes;
848 5196 899 5235 nec
909 5182 1053 5253 principiis
1090 5185 1177 5253 magis
1191 5183 1368 5240 laborandum
1382 5187 1464 5240 estin
1478 5187 1530 5241 boc
1544 5186 1636 5250 altero,
1652 5185 1724 5257 quod
1741 5198 1791 5237 non
1807 5188 1857 5233 tan·

262 5262 451 5318 consentanca,
465 5253 513 5307 sed
532 5254 593 5323 ipsa
614 5255 765 5325 principia3
786 5273 837 5312 nee
860 5260 978 5314 rationes
992 5277 1053 5331 pro·
1090 5269 1148 5316 tum
1167 5279 1203 5317 ex
1222 5264 1321 5318 mentis
1342 5265 1535 5335 penetralibus,
1549 5265 1597 5320 sed
1614 5266 1699 5319 etiam
1718 5279 1753 5317 ex
1770 5266 1857 5313 namn

262 5329 374 5398 habiles,
396 5332 445 5387 sed
464 5330 665 5403 designationes
684 5342 713 5388 et
729 5335 909 5392 iudicationes
930 5355 1051 5408 operum.
1089 5340 1239 5395 visceribus
1252 5343 1430 5398 extrahitur?

263 5407 360 5479 ltaque
379 5426 415 5465 ex
432 5410 582 5466 intentione
598 5412 714 5478 diversa,
734 5412 856 5470 diversus
873 5418 996 5487 sequitur
1014 5418 1052 5472 el·
1127 5420 1228 5489 Neque
1239 5422 1468 5478 tamenbictinis.
1500 5423 1575 5477 Nam
1584 5422 1756 5477 fundamenta
1767 5425 1856 5489 quoque

303 3706 393 3778 Atque
407 3707 466 3762 haec
479 3708 568 3779 prima
581 3709 671 3781 operis
689 3727 753 3780 pars
767 3718 817 3765 est.
