3800 5875
205 301 261 362 722
762 293 814 350 DE
835 293 1040 350 sustantia
1063 293 1259 351 VETERUM.

203 466 341 514 versatur:
367 456 460 511 uultus
472 461 500 510 et
512 471 567 510 vox
580 452 719 524 afflumtur
733 452 874 508 muliebris
888 453 924 507 ob
937 470 1002 524 gra-
1039 452 1252 526 Elegantissime
1275 461 1356 519 certe,
1376 467 1440 508 cum
1458 452 1533 509 nihil
1550 453 1589 510 sit
1608 460 1668 508 tam
1688 459 1799 508 masna
1816 462 1842 508 et

204 539 271 595 dam
285 546 313 593 et
329 537 540 608 loquacitatem:
560 535 695 590 adduntur
716 531 775 596 ala,
794 534 860 603 quia
879 534 1003 588 scientia
1040 535 1203 598 abstrusum,
1218 534 1284 606 quin
1298 544 1445 606 postquam
1458 534 1540 604 plane
1549 533 1725 589 intellectum
1736 542 1763 588 ct
1773 533 1843 588 deiu-

202 628 232 673 et
245 635 338 673 aarum
351 619 462 671 inventa
474 621 612 669 momento
626 613 926 678 discurruntetrolant,
939 630 1003 668 cum
1040 631 1106 684 ceps
1130 613 1319 686 pervulgatum
1343 617 1388 678 sit,
1411 614 1495 668 eriam
1517 614 1597 669 tardo
1620 614 1730 685 imponi
1753 614 1842 684 possit.

202 696 413 753 communicatio
425 695 546 750 scicntia
567 694 603 748 sit
620 693 705 746 instar
718 692 829 747 luminis
843 693 877 746 de
890 692 1002 759 lumine,
1040 694 1140 764 Neque
1149 694 1217 749 illud
1225 694 1495 765 prastermittendum,
1503 693 1671 748 debellatam
1679 693 1842 764 esseSphirs

203 777 276 849 quod
290 776 392 830 affatim
407 774 567 829 incenditur.
609 771 821 843 Elegantissime
845 781 938 826 autem
960 780 1002 825 ao
1041 791 1105 845 gem
1118 792 1136 827 a
1149 776 1207 828 siro
1221 773 1335 844 pedibas
1349 773 1473 828 clavato:
1494 773 1596 828 etenim
1605 774 1692 829 nimis
1706 773 1841 844 eitopcde

203 858 357 912 tribuuntur
380 870 487 926 ungnes
507 853 581 907 acuti
605 861 633 906 et
652 852 768 916 aduncis
798 853 863 922 quia
880 853 1002 907 scientim
1041 863 1069 907 et
1082 853 1163 908 celeri
1178 854 1265 924 gradu
1280 853 1315 907 sd
1328 854 1475 926 aenigmata
1488 853 1623 926 Sphingis
1639 853 1768 908 homines
1780 869 1840 925 pro-

204 938 345 991 axiomata
359 943 386 989 et
403 941 565 1004 argumenta
584 939 728 1002 penetrant
745 941 872 995 mentem,
887 949 1002 1002 eamque
1040 950 1136 1004 perure
1158 932 1262 989 solent:
1295 933 1367 988 unde
1389 932 1426 998 nr,
1449 941 1482 988 ut
1505 933 1686 1003 (praevalente
1709 933 1842 1004 Sphinge)

204 1015 377 1088 prehendunt
390 1023 418 1067 et
430 1021 524 1068 tenent
536 1021 567 1066 ut
580 1028 690 1066 morere
703 1018 731 1065 et
744 1010 817 1064 elabi
830 1027 884 1063 non
899 1012 1001 1081 possit:
1041 1014 1131 1084 potius
1144 1030 1194 1083 per
1206 1013 1403 1083 disputationes
1417 1013 1531 1083 ingenia
1543 1025 1571 1067 et
1589 1014 1700 1068 animos
1718 1012 1841 1078 meno

204 1094 278 1166 quod
292 1104 318 1149 et
333 1101 442 1149 sanctus
456 1091 638 1164 philosophus
652 1091 772 1145 notaritz
794 1096 810 1121 ‘¹
825 1090 918 1145 Verba
930 1091 1002 1162 sapi·
1041 1110 1123 1164 quam
1138 1109 1187 1164 per
1200 1110 1284 1164 opera
1298 1102 1325 1147 et
1338 1092 1452 1148 effectus
1465 1093 1611 1164 imperent.

204 1182 299 1228 cutum
307 1176 323 1201 ’¹
339 1173 435 1245 inquit,
451 1178 537 1227 “sunt
550 1179 679 1244 tanquam
692 1169 787 1234 aculei,
798 1178 825 1223 et
838 1171 921 1224 veluti
930 1170 1002 1224 clavi

204 1257 234 1309 iu
248 1254 333 1308 altum
347 1252 456 1308 defixi.'’
498 1252 595 1307 Omnis
618 1258 711 1304 autem
732 1250 847 1304 scientia
870 1249 1003 1303 collocata

204 1334 312 1388 ridetur
324 1335 353 1387 in
371 1333 463 1388 arduis
477 1341 504 1386 et
517 1331 596 1385 editis
609 1330 751 1385 montium.
793 1330 867 1383 Nam
881 1346 925 1383 res
939 1329 1003 1383 sub-
1081 1328 1227 1383 Nasutus
1241 1327 1393 1392 Plutonem,
1407 1335 1551 1399 postquam
1565 1345 1682 1400 regnum
1697 1317 1848 1383 iniermum'

204 1414 279 1469 limis
292 1413 392 1468 merito
404 1419 514 1484 putatur
527 1419 556 1466 et
568 1411 687 1475 excelsa,
703 1417 731 1462 et
745 1409 927 1480 ignorantiam
942 1417 1001 1462 tan·
1041 1426 1077 1463 ex
1090 1409 1238 1480 partitione
1252 1408 1301 1462 illa
1318 1408 1491 1462 memorabili
1509 1409 1669 1478 accepisset,
1684 1407 1719 1462 de
1739 1409 1840 1479 nuptiis

205 1511 287 1565 quam
300 1510 336 1547 ex
349 1493 489 1563 superiore
504 1492 566 1545 loco
578 1489 740 1560 despiciens,
754 1497 835 1559 atque
848 1489 930 1543 etiarn
947 1488 1002 1542 late
1040 1488 1158 1557 alicujus
1170 1506 1186 1542 e
1200 1488 1308 1559 superis
1328 1488 1497 1558 desperasse,
1517 1489 1542 1543 si
1560 1505 1609 1542 eas
1627 1505 1679 1560 per
1701 1487 1839 1559 colloquia,

204 1583 232 1627 et
244 1574 425 1644 undequaque
439 1570 596 1642 speculatur
609 1580 637 1624 et
648 1569 789 1639 prospicit,
800 1568 870 1623 utin
891 1568 1002 1622 vertici·
1041 1568 1196 1623 autmodos
1215 1584 1313 1622 mraves
1332 1574 1471 1631 tentarets
1492 1576 1523 1622 nt
1543 1568 1579 1622 ad
1598 1577 1711 1639 raptum
1731 1567 1840 1622 curulia

204 1654 255 1708 bus
268 1653 401 1708 montium
416 1651 474 1705 lieri
488 1651 565 1705 solet.
606 1650 674 1704 Vias
689 1655 781 1702 nutem
803 1648 929 1702 obsidere
951 1648 1003 1701 tin·
1041 1664 1091 1703 nra
1104 1648 1222 1718 dirigere
1240 1649 1267 1702 ei
1285 1648 1368 1702 suerit
1384 1662 1505 1702 neccsse
1548 1648 1646 1720 ltaque
1666 1657 1777 1719 csptsts
1793 1664 1839 1718 op·

204 1733 279 1803 gitur
292 1732 415 1794 scientia,
431 1731 495 1802 quia
507 1730 609 1801 ubique
623 1729 653 1782 in
666 1728 765 1782 itinere
779 1728 839 1792 isto,
851 1728 909 1781 sire
924 1744 1002 1797 pere·
1041 1728 1208 1799 portunitate
1233 1728 1425 1798 Proserpinam
1453 1726 1564 1782 Cereris
1587 1727 1683 1792 filiam,
1711 1727 1839 1798 virginem

204 1812 432 1883 grinationeritsa
446 1812 582 1874 humanm,
593 1809 708 1863 materia
719 1815 748 1862 et
761 1808 868 1861 occasio
881 1816 1003 1862 contem·
1041 1807 1261 1877 pulcherrimam,
1275 1807 1340 1861 dum
1354 1806 1435 1861 flores
1449 1807 1576 1862 Narcissi
1591 1807 1622 1860 in
1637 1806 1742 1862 Sicilia
1760 1809 1840 1878 pratis

204 1890 333 1962 plationis
361 1907 391 1945 aa
414 1890 516 1961 ingerit
529 1897 557 1944 et
579 1888 702 1943 occurrit.
754 1886 886 1956 Proponit
909 1895 1003 1941 autem
1041 1888 1189 1959 colligeret,
1217 1887 1308 1942 subito
1333 1886 1444 1941 incursu
1471 1889 1571 1958 rapuit,
1594 1897 1677 1959 atque
1705 1886 1841 1959 quadrigis

205 1970 314 2042 Sphinx
337 1970 501 2042 questiones
529 1977 557 2022 et
578 1969 724 2038 aenigmata
746 1967 908 2021 mortalibus
929 1968 1003 2020 saria
1041 1985 1134 2022 secum
1149 1968 1183 2022 ad
1197 1967 1373 2021 subterranea
1386 1969 1552 2036 asportaritr
1573 1967 1841 2039 eimagusrereren

203 2050 373 2114 etdilllcilia,
389 2067 450 2119 qum
463 2049 570 2119 accepit
583 2064 600 2101 a
614 2047 711 2102 Musis.
751 2046 794 2100 lla
806 2055 897 2100 tamen
911 2063 1004 2118 quam·
1042 2049 1081 2102 tia
1096 2047 1211 2118 prabita
1224 2054 1275 2112 est,
1285 2052 1315 2101 ut
1326 2055 1355 2101 et
1364 2044 1476 2101 domina
1486 2046 1559 2102 Ditis
1569 2055 1667 2101 vocata
1676 2047 1722 2102 sit.
1762 2045 1842 2101 Ceres

204 2130 250 2184 din
273 2131 346 2201 apud
368 2129 464 2183 Musas
486 2136 605 2192 manent,
628 2126 735 2181 santia
756 2127 871 2180 formasa
894 2133 1003 2191 carents
1042 2136 1141 2193 autem,
1156 2127 1216 2196 ejus
1229 2135 1324 2190 mater,
1338 2143 1401 2181 cnm
1415 2125 1473 2179 ntia
1491 2127 1545 2181 sibi
1564 2127 1647 2181 uuice
1665 2126 1769 2181 dileeta
1784 2142 1842 2180 nus·

204 2210 290 2264 donec
304 2210 378 2264 enim
392 2207 484 2263 nullus
497 2207 569 2261 alius
582 2206 645 2261 finis
658 2205 844 2261 meditationis
858 2213 886 2259 et
898 2205 1004 2277 disqui·
1042 2225 1125 2280 quam
1143 2207 1346 2277 comparuisset,
1361 2221 1446 2277 supra
1462 2206 1575 2261 modam
1593 2215 1693 2262 moesta
1710 2216 1739 2261 et
1755 2207 1841 2268 auxia

205 2289 314 2344 aitionis
326 2290 361 2342 ait
374 2294 475 2357 prater
494 2288 585 2358 ipsum
601 2286 679 2351 scire,
697 2284 852 2340 intellectus
871 2301 926 2339 uon
941 2303 1004 2355 pre·
1043 2288 1143 2343 mdam
1156 2303 1300 2342 accensam
1308 2286 1370 2358 ipsa
1378 2301 1462 2340 mann
1472 2301 1571 2357 praese
1582 2285 1682 2350 serens,
1692 2287 1842 2341 universum

204 2368 294 2434 mitur,
308 2386 360 2423 nec
374 2369 403 2423 in
417 2375 492 2422 arcto
504 2368 623 2438 ponitur,
637 2365 686 2420 sed
696 2374 811 2437 vagatur
824 2373 853 2419 et
866 2366 1004 2435 exspatia-
1043 2368 1117 2423 orbis
1131 2374 1264 2422 terrarum
1277 2366 1410 2421 ambitum
1422 2366 1587 2438 peragrarit,
1598 2374 1629 2421 ut
1638 2366 1726 2421 filiam
1737 2366 1843 2420 inresti-

204 2456 257 2515 tur,
272 2458 354 2520 atque
368 2448 398 2501 in
412 2448 473 2517 ipsa
486 2447 654 2501 dubitatione
668 2454 695 2500 et
706 2445 834 2499 varietate
845 2443 1004 2498 nonnullam
1043 2455 1122 2519 garet
1132 2457 1161 2501 et
1170 2453 1352 2518 recuperaret.
1395 2445 1500 2500 ldcnm
1510 2446 1610 2501 fruens
1619 2445 1728 2512 inisset,
1737 2451 1844 2516 accepto

201 2527 396 2596 jucunditatem
410 2537 439 2582 et
451 2526 660 2581 delectationem
673 2526 772 2581 sentit:
793 2525 842 2578 sed
860 2531 1005 2595 postquam
1043 2527 1111 2582 sorte
1125 2527 1227 2582 indicio
1245 2527 1318 2597 quod
1336 2527 1372 2581 ad
1389 2526 1492 2581 inferos
1515 2526 1628 2581 derecta
1650 2535 1733 2590 esset,
1756 2525 1843 2580 aunis

203 2625 222 2662 a
239 2607 329 2663 Musis
348 2606 506 2676 hujusmodi
525 2606 672 2678 aenigmata
690 2604 726 2659 ad
744 2603 897 2676 Sphingem
915 2611 1004 2658 nans·
1043 2607 1191 2678 lachrymis
1204 2615 1233 2662 et
1245 2606 1484 2661 lamentationibus
1498 2605 1595 2661 Jorem
1609 2606 1747 2678 fatigarit,
1760 2604 1844 2659 utilis

203 2687 288 2742 missu
301 2694 372 2752 sunt,
387 2686 416 2741 id
436 2694 485 2754 est,
500 2686 535 2740 ad
549 2686 705 2756 practicam,
720 2692 751 2739 ut
769 2685 852 2738 instet
867 2691 895 2738 et
907 2691 1006 2755 urgeat
1043 2688 1070 2742 ei
1084 2689 1279 2743 restitueretur.
1320 2687 1411 2758 Atque
1431 2686 1540 2740 tandem
1557 2687 1684 2757 pervicit,
1704 2696 1737 2740 ut
1757 2685 1779 2740 si
1799 2683 1843 2737 illa

203 2768 283 2831 actio,
298 2775 326 2823 et
337 2766 444 2832 electio,
455 2775 483 2821 et
493 2766 649 2821 decretum:
671 2773 729 2819 turn
739 2764 848 2819 demum
859 2763 1005 2834 aemgmau
1042 2767 1115 2822 nihil
1134 2784 1170 2823 ex
1189 2768 1232 2833 iis,
1252 2783 1313 2837 quae
1331 2766 1404 2837 apud
1424 2766 1526 2821 inferos
1548 2775 1648 2830 essem,
1670 2766 1843 2837 mgunaact

203 2847 319 2902 molesta
333 2854 446 2902 staura
459 2863 519 2901 esse
537 2846 680 2916 incipiunt,
695 2851 731 2909 et,
747 2844 802 2898 nisi
820 2843 960 2898 solvantur
978 2851 1006 2897 et
1045 2856 1103 2902 tum
1117 2863 1178 2902 earn
1192 2847 1326 2902 abducere
1339 2845 1443 2900 liceret.
1484 2846 1526 2899 aa
1538 2846 1661 2901 conditio
1670 2848 1769 2900 matris
1781 2845 1844 2898 desi·

203 2927 391 3001 expediantur,
406 2926 512 2982 animos
526 2925 668 2981 hominum
682 2925 759 2979 miris
773 2923 862 2979 modis
877 2931 1006 2994 torquent
1044 2927 1121 2984 derio
1134 2927 1248 2983 adressa
1266 2926 1332 2992 suits
1354 2926 1521 2997 Proserpina
1538 2927 1612 2981 enim
1631 2943 1723 2998 grana
1743 2925 1795 2981 tria
1811 2942 1843 2979 ea

204 3015 232 3062 et
250 3016 359 3074 vexant,
379 3016 408 3062 et
427 3009 456 3061 in
476 3023 571 3061 omnes
592 3015 684 3077 partes
703 3004 857 3059 distrahunt
878 3011 906 3057 et
924 3004 1005 3074 plane
1043 3008 1117 3063 malo
1129 3016 1242 3081 granato
1256 3015 1378 3079 gustasse
1392 3016 1531 3076 comperta
1544 3014 1595 3061 eat.
1637 3007 1741 3078 Neque
1751 3007 1845 3061 idcireo

204 3087 334 3143 lacerant
375 3086 492 3142 Proinde
507 3088 536 3141 in
550 3085 745 3157 aenigmatibus
759 3083 892 3154 Sphingis
903 3083 1006 3154 duplex
1045 3089 1129 3144 Ceres
1143 3089 1253 3152 destitit,
1268 3088 1334 3158 quin
1347 3103 1444 3157 preces
1460 3095 1489 3141 et
1501 3085 1624 3157 ploratus
1638 3086 1674 3141 de
1688 3089 1844 3158 integrorr·

204 3184 312 3239 semper
335 3168 494 3239 proponitur
516 3166 655 3231 conditior
689 3181 745 3219 non
769 3164 886 3219 solventi
907 3165 1006 3219 mentis
1045 3178 1170 3224 sumeret
1211 3168 1353 3223 Postremo
1370 3169 1464 3239 itaque
1483 3168 1509 3221 ei
1523 3165 1660 3222 indultum
1673 3176 1725 3232 est,
1740 3165 1844 3222 utl’ro·

204 3246 350 3310 18οἒηῇοε
372 3246 488 3301 Solvenli
501 3247 657 3316 imperium·
698 3245 750 3306 Qui
765 3244 906 3299 enimrem
917 3243 1005 3309 callet,
1045 3250 1163 3320 serpiua,
1185 3248 1336 3319 dispertitis
1358 3246 1525 3318 temporibus
1547 3254 1576 3301 et
1599 3245 1715 3302 alternis
1736 3247 1843 3310 simbus,

203 3326 230 3381 is
251 3327 305 3382 line
326 3343 376 3381 suo
397 3327 506 3397 potitur,
527 3336 609 3397 atque
630 3326 720 3380 omnis
740 3325 839 3378 artilex
858 3324 935 3393 operi
957 3340 1007 3377 suo
1045 3347 1095 3383 ser
1109 3345 1217 3383 menses
1231 3345 1292 3382 curn
1304 3328 1411 3392 marito,
1422 3326 1514 3380 altaris
1526 3343 1575 3382 sex
1588 3343 1653 3381 cnm
1667 3334 1756 3381 matre
1767 3333 1843 3381 esset

204 3406 331 3478 imperat.
373 3407 560 3478 AEnigmatum
574 3415 665 3459 autem
685 3404 818 3477 Sphingis
836 3404 891 3457 duo
903 3403 932 3456 in
944 3403 1007 3457 uni-
1046 3410 1127 3463 Hsno
1141 3408 1333 3479 Proserpinam
1353 3414 1451 3478 postea
1462 3406 1588 3461 Theseus
1601 3414 1630 3461 et
1644 3406 1787 3462 Pirithous
1799 3421 1844 3459 ex-

203 3503 313 3542 versum
335 3494 399 3541 aunt
418 3503 535 3557 genera:
564 3486 711 3557 aenigmata
731 3484 765 3538 de
785 3493 884 3537 natura
906 3498 1006 3547 rerum,
1045 3490 1113 3543 imis
1139 3488 1254 3543 audacia
1278 3487 1402 3541 thalamo
1432 3486 1506 3541 Ditis
1538 3485 1673 3541 deducere
1703 3494 1844 3541 namma

205 3573 286 3638 atque
301 3566 447 3638 aenigmata
461 3566 495 3620 de
509 3572 607 3619 natura
625 3564 764 3628 hominisr
786 3570 867 3634 atque
881 3561 1007 3617 similiter
1046 3568 1117 3624 curn
1131 3577 1223 3624 suurn
1236 3568 1266 3622 in
1279 3568 1376 3622 itinere
1395 3583 1478 3638 snper
1497 3583 1566 3620 saxo
1581 3566 1656 3638 apud
1676 3566 1780 3621 inieras
1799 3565 1844 3618 de·

204 3646 233 3700 in
247 3648 390 3717 praemium
404 3646 547 3701 solutionis
562 3654 711 3715 sequuntur
729 3644 783 3697 duo
800 3643 933 3713 imperia:
955 3642 1007 3696 im·
1047 3648 1111 3703 fessi
1129 3648 1321 3713 consedissent,
1340 3648 1380 3702 eis
1399 3663 1542 3717 resurgere
1563 3648 1677 3702 minime
1699 3646 1786 3709 licuit,
1801 3643 1846 3698 sed

204 3727 311 3796 1³0¹le
326 3726 356 3780 5¹¹
369 3734 502 3790 mimam»
516 3733 543 3779 ‘l
557 3725 704 3794 imperium
723 3725 752 3778 5¹¹
771 3722 912 3786 ll⁰ml¹¹0⁸3
933 3739 1007 3775 Veroe
1046 3738 1176 3784 aeternnm
1204 3728 1342 3784 sedebant
1383 3726 1548 3797 Proserpina
1575 3728 1671 3798 itaque
1700 3726 1844 3780 inferorum

204 3806 279 3861 enim
293 3805 478 3877 philosophiae
491 3805 623 3859 naturalia
637 3803 699 3859 finis
713 3803 840 3874 proprius
854 3809 882 3856 et
895 3801 1007 3855 ultimus
1046 3809 1142 3880 regins
1155 3809 1269 3874 massin
1291 3809 1320 3861 in
1334 3807 1411 3875 cnjus
1426 3807 1558 3861 honorem
1576 3808 1660 3861 oriam
1673 3805 1795 3860 additum
1807 3814 1846 3859 ert

204 3895 253 3952 est,
274 3885 420 3957 imperinm
439 3885 469 3939 in
486 3901 531 3939 res
551 3884 698 3950 naturales,
712 3899 835 3953 corpora,
849 3882 1007 3945 medicinas,
1046 3890 1221 3962 privilegium
1234 3904 1382 3958 mgnum
1403 3903 1466 3942 curn
1478 3887 1553 3941 eninr
1566 3886 1603 3941 ab
1612 3886 1712 3941 inferis
1721 3901 1845 3941 resones

152 3960 157 3977 '
204 3964 372 4029 mechanica,
394 3964 449 4019 alia
467 3964 591 4028 infinita,
612 3964 678 4018 licet
697 3962 800 4028 schola,
822 3962 921 4015 oblatis
941 3978 1007 4014 con·
1046 3969 1161 4041 gradum
1181 3968 1245 4034 illis,
1268 3967 1315 4040 qni
1335 3983 1369 4022 ro
1388 3965 1601 4032 descendissent,
1625 3966 1668 4022 sss
1692 3983 1747 4021 non
1769 3974 1844 4027 enarr,

205 4051 288 4110 tenta,
303 4055 331 4099 et
344 4045 513 4099 sermonibus
526 4042 680 4107 tumefacta,
692 4059 736 4097 res
747 4052 774 4097 et
784 4058 868 4112 opera
882 4041 1007 4112 negligat
1047 4050 1183 4121 adscripta
1197 4058 1239 4104 est
1249 4046 1377 4117 hniolegi
1388 4046 1515 4118 exceptio
1525 4045 1689 4118 singularior
1711 4047 1774 4101 utsi
1787 4046 1845 4117 qru's

205 4130 234 4178 ei
260 4125 317 4178 fere
342 4125 476 4195 projiciat
517 4123 622 4177 Vtrum
643 4123 763 4194 fflssigmtt
784 4122 853 4176 illud
877 4120 1008 4191 OEdiPOdi
1046 4147 1152 4184 ramum
1165 4146 1277 4183 aureum
1295 4127 1324 4181 in
1343 4125 1445 4180 donum
1463 4126 1638 4196 Proserpina
1657 4124 1843 4189 attulissetei

205 4204 385 4274 propositum,
399 4221 436 4258 ex
450 4221 504 4274 quo
517 4203 565 4257 ille
584 4204 732 4273 imperium
745 4201 908 4257 Thebanum
922 4200 1007 4270 aden·
1047 4209 1082 4263 ob
1096 4209 1149 4264 hoc
1163 4209 1203 4263 ire
1217 4219 1246 4262 et
1259 4208 1347 4262 redire
1361 4206 1465 4261 urent.
1507 4205 1536 4260 1·
1556 4222 1651 4261 ramus
1673 4207 1771 4261 unicus
1792 4212 1845 4259 ent

205 4292 249 4337 tus
270 4290 318 4346 est,
340 4283 493 4353 pertinebat
515 4283 550 4337 ad
570 4290 695 4337 naturam
715 4282 853 4336 hominis:
885 4281 1009 4351 quisquis
1047 4289 1075 4343 in
1090 4288 1194 4362 ingenti
1209 4296 1236 4342 st
1250 4304 1336 4359 opaco
1349 4286 1418 4350 luco,
1432 4302 1522 4355 nsque
1542 4286 1625 4356 stirps
1636 4294 1706 4350 erat,
1720 4286 1768 4340 sed
1782 4282 1844 4339 sissi

205 4363 279 4417 enim
293 4370 418 4417 naturam
431 4362 552 4417 hominis
565 4379 676 4433 prorsus
686 4360 856 4431 introspexit,
866 4360 915 4415 ille
931 4361 1009 4414 faber
1047 4370 1133 4424 instar
1152 4369 1182 4423 in
1196 4368 1286 4423 sliens
1299 4367 1395 4420 arbore
1415 4364 1564 4431 frondsbsr,
1585 4376 1669 4438 atquo
1690 4364 1788 4420 smlso
1802 4362 1846 4418 illo

207 4442 264 4497 iere
277 4440 392 4497 fortunae
410 4459 467 4496 sna
480 4458 540 4495 esse
555 4450 652 4511 potest,
667 4442 745 4496 etad
758 4440 947 4512 imperandum
962 4456 1009 4494 na·
1047 4448 1115 4504 alter
1127 4465 1182 4503 non
1196 4448 1345 4503 deficiebat,

206 4528 314 4577 tuaest
356 4522 388 4576 ld
402 4521 475 4591 qnod
488 4522 522 4575 de
537 4521 670 4575 Romanis
683 4521 787 4576 artibus
800 4521 870 4574 bene
888 4536 1008 4591 pronun·
1087 4528 1192 4584 Fabula
1213 4528 1247 4581 nd
1266 4534 1390 4581 naturam
1409 4523 1545 4596 pertinere
1559 4524 1677 4591 ridetur,
1691 4530 1776 4596 atque
1795 4524 1846 4577 riu

206 4602 376 4657 clatumessit
1047 4617 1075 4664 et
1089 4610 1196 4679 copiam
1211 4608 1287 4662 illam
1305 4607 1334 4660 in
1354 4605 1537 4659 subterraneis
1557 4604 1672 4659 divitem
1691 4611 1719 4658 et
1741 4602 1848 4676 irngiie

280 4706 296 4730 “
306 4701 345 4750 'l'u
356 4717 438 4764 regere
448 4700 546 4762 imperio
557 4701 663 4764 populos,
674 4701 791 4760 Romano,
802 4706 934 4759 memento;
1048 4707 1113 4755 rum,
1125 4708 1161 4744 ex
1175 4705 1228 4760 qua
1242 4688 1301 4742 haec
1313 4693 1408 4740 nostra
1421 4682 1562 4754 pullulant,
1573 4692 1602 4739 et
1615 4684 1645 4738 in
1660 4700 1745 4757 quum
1759 4698 1848 4738 rurant

282 4760 329 4809 ΗΒ
339 4761 383 4808 tibi
393 4766 462 4808 ‘³1⁰⁰‘
471 4763 591 4807 ⁸¹¹⁰¹3’-
897 4815 902 4825 .
1047 4769 1187 4824 solvuntur
1201 4777 1228 4822 et
1241 4767 1359 4829 redeunt,
1374 4764 1546 4836 perscrutari.
1587 4763 1847 4835 Pers-Proserpinam

799 4816 861 4864 AEu.
877 4829 911 4863 ἠ’
926 4814 979 4864 85¹⁴
1047 4849 1151 4920 antiqui
1167 4847 1355 4919 significarunt
1375 4844 1501 4913 spiritum
1521 4842 1600 4898 illum
1620 4843 1784 4907 ethereum,
1806 4841 1846 4916 qui

208 4925 305 4998 Itaque
324 4925 447 4996 apposite
470 4923 545 4990 illud,
566 4923 639 4995 (111οἆ
660 4922 799 4996 Αὓεῦδῒῦῦ
818 4922 911 4978 Caessar
928 4923 1009 4993 8lg¹¹⁰
1047 4930 1182 4983 subterra
1197 4931 1258 4997 (per
1272 4926 1416 4979 Plutonem
1436 4922 1660 4995 representatur)
1672 4924 1811 4979 clauditur
1823 4930 1846 4974 et

208 5004 348 5077 Sphingis,
370 5005 427 5059 sire
449 5003 483 5059 de
505 5005 645 5069 industria,
665 5005 722 5060 sice
742 5005 852 5059 fortuito
872 5019 937 5056 usus
956 5010 1007 5057 est.
1047 5010 1190 5072 detinetur,
1206 5025 1223 5060 a
1237 5005 1377 5077 superiore
1392 5002 1475 5076 globo
1488 5001 1846 5077 dimtms,qu0dnonmate

209 5085 261 5140 Ille
274 5086 348 5141 enim
364 5084 400 5153 (si
414 5084 475 5157 quis
489 5086 622 5154 unquam)
640 5086 669 5139 in
690 5084 803 5155 politica
821 5081 961 5147 excelluit,
982 5090 1010 5135 et
1047 5089 1181 5161 expressit
1194 5086 1258 5141 illes

208 5164 237 5219 in
251 5167 314 5220 vitm
328 5181 384 5218 suoe
397 5165 530 5218 curriculo
544 5163 661 5233 plurima
674 5181 745 5216 nora
756 5164 903 5233 aenigmata
915 5161 949 5215 de
963 5178 1010 5215 na-
1145 5223 1161 5246 ιι
1193 5219 1199 5230 ,

208 5255 271 5300 tura
287 5243 407 5299 hominis
428 5243 585 5297 felicissime
603 5244 691 5307 solvit,
712 5261 772 5313 quae
791 5242 844 5295 nisi
864 5242 963 5295 dexter
981 5250 1010 5294 et
1143 5214 1754 5338 Estfoffiggnffiug’iffimm'iffmffiffi

207 5331 320 5394 paratus
333 5322 467 5387 solvisset,
482 5322 620 5377 multoties
633 5339 688 5376 non
699 5323 792 5391 procul
803 5322 838 5374 ab
850 5321 1009 5375 imminente

208 5403 329 5472 pernicie
342 5410 369 5455 et
379 5402 466 5456 exitio
476 5402 616 5457 abluisset.
656 5403 747 5473 litque
758 5401 867 5455 additur
877 5402 905 5455 in
917 5400 1010 5454 fabula
1049 5400 1098 5457 llle
1121 5402 1231 5474 spiritus
1252 5407 1346 5470 raptus
1368 5415 1385 5452 a
1405 5406 1477 5453 terra
1501 5396 1621 5468 tingitur,
1645 5396 1712 5468 quia
1734 5392 1843 5450 minime

209 5480 342 5551 Sphingis
351 5480 464 5536 derictoe
475 5497 571 5552 corpus
582 5482 611 5537 in
619 5481 735 5538 asellum
747 5480 906 5553 impositum
915 5480 1007 5537 luisse.
1047 5484 1187 5539 cohibetur
1202 5482 1247 5536 ubi
1261 5490 1368 5550 tempus
1379 5487 1405 5534 et
1419 5494 1524 5533 moram
1538 5476 1622 5532 habet
1633 5478 1669 5532 ad
1679 5473 1840 5532 evolandum,

1179 1231 1262 1274 1¹1¹·
1285 1233 1471 1284 PROSBRPIM,
1486 1234 1549 1274 SIVB
1564 1234 1708 1274 saturus.
