3800 5875
854 288 995 343 NOVUM
1015 288 1216 343 ORGANUM.
1745 285 1802 339 Lm.
1816 286 1837 339 l.
1878 334 1879 345 ,

1054 454 1137 500 tatem
1150 446 1289 498 axiomata
1302 445 1393 498 media
1406 444 1501 514 probet
1511 452 1538 496 et
1551 442 1695 512 expediat:
1717 442 1788 513 quod
1800 444 1841 495 ad-

1054 524 1108 578 huc
1122 525 1223 578 iactum
1237 532 1286 587 est,
1301 539 1389 593 prono
1402 522 1436 575 ad
1456 522 1509 576 hoc
1522 524 1627 592 impetu
1638 520 1757 574 naturali
1770 521 1843 575 intel·

268 603 371 657 Atnon
384 600 471 657 solum
484 601 563 672 copia
576 601 662 668 major
681 598 928 668 experimentorum
946 619 1017 671 qua·
1053 602 1146 667 lectus‚
1161 613 1241 674 atque
1259 604 1342 655 etiam
1357 601 1463 655 adhoc
1483 602 1572 670 ipsum
1593 618 1644 671 per
1662 600 1843 654 demonstrati-

227 684 312 737 renda
338 690 387 745 est,
415 689 442 735 ct
477 679 651 750 procuranda,
678 686 759 748 atque
794 678 876 731 etiam
904 678 1017 734 alterius
1054 698 1127 745 ones,
1139 699 1200 753 qua
1214 683 1341 751 fiuotper
1355 679 1550 750 syllogismum,
1562 680 1739 747 jampridem
1752 680 1843 733 edocto

228 762 343 832 generis,
352 777 433 831 quam
443 758 530 813 adhuc
541 758 640 811 lactum
650 765 705 819 est3
720 755 768 809 sed
779 757 862 809 etiam
873 758 1016 812 methodus
1054 768 1081 814 et
1095 761 1254 814 assuefacto.
1297 760 1350 813 Sed
1371 761 1404 812 de
1425 759 1545 812 scientiis
1569 767 1628 812 tum
1645 759 1756 813 demum
1777 760 1841 812 bene

227 840 306 911 plane
327 841 393 903 alia,
415 846 444 892 et
465 839 537 901 ordo,
562 845 589 890 et
611 851 761 907 processus,
780 836 968 890 continuandas
990 846 1017 892 et
1054 841 1216 909 sperandum
1241 846 1289 902 est,
1315 837 1421 908 quando
1445 855 1494 906 per
1518 836 1620 891 scalam
1633 854 1728 892 veram
1748 846 1777 891 et
1799 855 1844 908 per

227 919 407 991 provehenda
421 916 605 988 experientiae,
619 913 820 968 introducenda
847 914 929 986 uaga
943 918 1016 970 enim
1054 919 1154 989 gradem
1168 919 1315 981 continuos,
1328 925 1356 970 et
1372 933 1427 969 non
1444 916 1621 980 intermissos,
1636 925 1684 970 aut
1703 916 1843 984 hiulcoaa

228 999 403 1069 experientia,
418 1005 445 1050 et
465 1014 493 1049 se
508 1005 612 1048 tannim
626 1010 743 1064 sequens
762 994 805 1061 (ut
824 997 948 1064 superius
963 996 1017 1048 dic·
1054 998 1260 1067 particularibus
1281 996 1440 1050 ascendetur
1459 996 1494 1049 ad
1518 996 1658 1049 axiomata
1684 996 1796 1058 minora,
1818 1008 1843 1050 et

228 1086 285 1131 tum
300 1080 353 1145 est)
368 1093 443 1130 mera
455 1074 576 1145 palpatio
586 1082 672 1136 estet
686 1072 811 1125 homines
825 1074 914 1142 potius
927 1083 1016 1144 stupe·
1054 1076 1151 1130 deinde
1172 1077 1206 1130 ad
1223 1076 1320 1138 media,
1336 1075 1392 1128 alia
1415 1075 1476 1127 aliis
1498 1075 1647 1143 superiora,
1661 1084 1692 1127 et
1712 1084 1844 1144 posteram

227 1157 299 1220 t'acit,
324 1174 405 1227 quam
432 1155 566 1208 informat.
607 1151 644 1207 At
670 1169 732 1204 oum
759 1152 930 1220 experientia
954 1152 1015 1224 lege
1054 1156 1163 1209 demum
1171 1155 1205 1208 ad
1215 1152 1427 1225 generalissima.
1469 1154 1577 1207 Etenim
1588 1154 1730 1207 axiomata
1742 1155 1842 1208 infirma

227 1247 299 1290 certe
317 1235 452 1305 procedet,
467 1233 588 1287 sensnm
609 1241 637 1284 et
657 1231 831 1295 continenter,
846 1231 879 1284 de
895 1233 1015 1286 scientiis
1054 1249 1108 1287 non
1128 1234 1243 1288 multum
1257 1234 1292 1286 ab
1306 1234 1474 1302 experientia
1497 1233 1569 1286 nuda
1591 1233 1756 1302 ducrepaut.
1795 1234 1841 1287 Su·

228 1315 330 1385 aliquid
343 1313 440 1369 melius
454 1311 559 1383 sperari
573 1310 679 1381 poterit.
1055 1330 1149 1382 prema
1171 1330 1234 1367 vero
1260 1311 1309 1365 illa
1332 1320 1359 1365 et
1382 1310 1588 1381 generalissima
1602 1315 1679 1383 (qnae
1702 1313 1841 1377 habentur)

1054 1392 1203 1447 notionalia
1220 1400 1291 1456 sunt,
1309 1400 1337 1445 et
1355 1392 1495 1453 abstracta,
1516 1400 1545 1444 et
1563 1389 1602 1444 nil
1629 1390 1738 1445 habent
1759 1392 1841 1446 solidi

1055 1471 1090 1524 Ar
1103 1472 1194 1525 media
1207 1481 1267 1524 sont
1284 1472 1422 1525 axiomata
1435 1470 1483 1523 illa
1496 1486 1567 1533 rere,
1583 1478 1611 1522 et
1625 1470 1723 1534 solida,
1738 1480 1766 1525 et
1778 1472 1841 1539 riis.

266 1549 413 1618 Postquam
422 1565 487 1602 vero
500 1546 580 1616 copia
593 1554 620 1599 et
633 1545 759 1600 materies
774 1544 894 1598 historias
909 1552 1016 1598 natura·
1054 1550 1082 1602 iu
1097 1552 1195 1621 quibus
1208 1551 1334 1604 humanm
1347 1567 1392 1604 res
1402 1558 1428 1603 et
1438 1549 1620 1604 tormnaesitae
1630 1558 1711 1612 surm
1733 1557 1843 1621 etsupra

227 1628 261 1681 lis
284 1636 312 1681 et
330 1628 506 1697 experientiae
527 1625 597 1687 talis,
613 1625 701 1694 qualis
721 1624 756 1677 ad
774 1640 843 1694 opus
860 1622 1015 1677 intellectus
1054 1628 1113 1683 haee
1132 1646 1238 1701 quoque
1253 1629 1361 1683 tandem
1381 1630 1442 1698 ipsa
1463 1627 1513 1681 illa
1533 1627 1764 1699 generalissimai
1783 1629 1842 1683 talia

228 1709 285 1760 sire
299 1707 333 1760 ad
347 1723 414 1776 opus
436 1703 655 1778 philosophicum
668 1703 822 1772 requiritur,
837 1710 937 1772 praesto
956 1703 1014 1770 jam
1054 1709 1169 1775 scilicet,
1183 1726 1244 1779 qua
1261 1725 1315 1763 non
1329 1709 1463 1762 abstracta
1476 1709 1536 1773 sint,
1552 1706 1600 1761 sed
1620 1724 1672 1777 per
1685 1708 1748 1762 hac
1761 1709 1843 1762 media

227 1788 264 1840 sit
277 1793 305 1840 et
319 1794 428 1855 parata;
450 1794 542 1838 tameo
555 1782 630 1836 nullo
649 1784 729 1836 modo
743 1783 841 1836 sufficit
854 1780 1015 1845 intellectus,
1055 1804 1116 1841 rere
1130 1787 1287 1843 limitantur.

227 1875 256 1921 ut
271 1866 386 1918 inillam
400 1864 539 1918 materiam
552 1870 617 1931 agat
624 1870 718 1931 sponte
733 1869 759 1915 et
772 1860 945 1922 memoriter3
961 1878 1015 1913 non
1095 1867 1189 1938 ltaque
1203 1867 1344 1921 hominum
1356 1865 1505 1921 intellectui
1523 1882 1578 1920 non
1591 1865 1697 1937 pluma
1714 1867 1841 1930 addenda,

227 1945 314 2014 magis
336 1944 459 2015 quamsi
481 1942 541 2012 quis
560 1942 784 2009 computationem
804 1938 920 2006 alicujus
934 1939 1015 2009 ephe·
1054 1945 1102 2000 sed
1123 1946 1263 2016 plumbum
1284 1948 1372 2017 potius
1386 1954 1414 2000 et
1430 1946 1566 2016 pondera3
1588 1953 1619 1999 ut
1633 1945 1843 2000 cohibeantom

228 2024 338 2077 meridie
364 2023 518 2076 memoriter
545 2037 574 2073 se
599 2027 699 2083 tenere,
727 2028 754 2072 et
780 2035 906 2089 superare
934 2036 1014 2087 posse
1053 2042 1116 2079 nem
1137 2025 1235 2080 saltum
1247 2034 1275 2079 et
1287 2025 1414 2079 volatum,
1456 2025 1546 2095 Atque
1563 2025 1615 2079 hoc
1638 2025 1731 2080 adhuc
1752 2026 1843 2079 factum

228 2109 327 2173 speret.
360 2101 450 2171 Atque
460 2100 590 2154 hactenus
601 2107 691 2152 tamen
702 2100 819 2168 potiores
831 2098 1015 2151 meditationis
1054 2106 1452 2168 nonest3011mverot'aetum
1469 2104 1665 2169 fueritmelius
1680 2104 1716 2159 de
1730 2105 1844 2158 scientiis

227 2190 325 2251 partes,
353 2198 434 2251 quam
461 2178 621 2248 scriptionis,
650 2179 678 2231 in
701 2178 863 2231 inveniendo
892 2176 1014 2239 fuerumt
1054 2200 1162 2254 sperare
1176 2184 1277 2238 licebit,

227 2277 315 2330 neque
336 2260 370 2313 ad
391 2259 443 2312 buc
458 2257 626 2328 experientia
645 2257 753 2311 literata
770 2257 843 2309 facta
856 2263 915 2309 est:
939 2258 1015 2327 atqui

228 2338 303 2393 nulla
324 2340 376 2393 nisi
397 2339 430 2391 de
451 2338 552 2407 scripto
572 2337 693 2390 inventio
713 2336 852 2406 probanda
872 2346 921 2389 est.
965 2334 1016 2389 llla

228 2419 334 2472 veroin
348 2435 426 2471 usum
439 2418 572 2479 veniente,
583 2416 618 2469 ab
631 2417 808 2488 experientia,
820 2415 892 2469 facta
905 2415 1016 2469 demum
1095 2418 1127 2470 lo
1141 2418 1328 2473 consumendo
1341 2424 1432 2473 autem
1445 2418 1591 2483 axiomate,
1610 2418 1703 2473 sonna
1718 2420 1847 2473 inductio-
1878 2462 1879 2465 ,

228 2497 343 2563 literata,
354 2497 451 2552 melius
464 2497 634 2567 sperandum.
1054 2498 1099 2550 nic
1114 2495 1176 2561 alia,
1190 2514 1271 2569 quam
1293 2497 1382 2552 adhuc
1400 2498 1429 2551 in
1442 2514 1494 2552 usu
1515 2498 1573 2562 fuit,
1588 2500 1775 2571 excogitanda
1790 2508 1846 2561 est;

1055 2592 1140 2647 eaque
1158 2593 1213 2631 non
1227 2578 1262 2631 ad
1283 2577 1418 2648 principia
1438 2584 1544 2631 tantum
1560 2580 1636 2648 (qum
1660 2580 1773 2646 vocant)
1787 2596 1847 2649 pro

1054 2655 1144 2708 banda
1158 2664 1184 2709 et
1197 2656 1367 2720 invenienda,
1381 2657 1429 2710 sed
1442 2657 1571 2710 etiamad
1584 2657 1726 2712 axiomata
1738 2659 1847 2721 minora,

269 2728 357 2799 Atque
374 2728 492 2797 insuper,
506 2744 568 2781 cum
589 2734 680 2781 tantus
694 2726 728 2780 sit
749 2727 953 2796 particularium
966 2745 1016 2782 nu·
1055 2743 1083 2787 et
1096 2735 1193 2799 media,
1208 2735 1324 2806 denique
1338 2736 1437 2789 omnia.
1480 2734 1603 2789 Inductio
1617 2737 1702 2801 enim,
1719 2753 1848 2807 quaepro

229 2825 329 2873 merus,
344 2815 371 2862 et
384 2808 462 2879 quasi
475 2807 617 2870 exercitus,
630 2807 710 2877 isque
723 2806 762 2859 ita
774 2823 884 2874 sparsus
899 2815 926 2860 et
939 2807 1017 2861 diffu-
1055 2813 1127 2867 cedit
1139 2831 1189 2885 per
1198 2814 1430 2869 enumerationem
1444 2814 1604 2884 simplicem,
1613 2832 1660 2869 res
1674 2815 1788 2885 puerilis
1800 2826 1847 2879 est,

230 2905 283 2953 sus,
299 2896 327 2942 ut
341 2886 507 2942 intellectum
520 2887 659 2958 disgreget
673 2893 700 2940 et
713 2886 878 2949 contundam
900 2886 933 2941 de
947 2887 1017 2941 reli·
1055 2901 1083 2947 et
1095 2894 1219 2963 precario
1239 2894 1382 2957 concludit,
1400 2900 1427 2949 et
1445 2893 1567 2966 periculo
1587 2895 1737 2966 exponitur
1756 2896 1791 2949 ab
1808 2897 1848 2949 in-

229 2968 382 3031 tationibus,
397 2975 425 3021 et
446 2967 550 3022 levibus
572 2966 696 3028 motibus,
711 2972 740 3019 et
758 2967 956 3022 transcursibus
975 2966 1017 3020 in·
1056 2974 1154 3026 stantia
1168 2975 1383 3039 contradictoria,
1399 2982 1426 3026 et
1445 2975 1605 3045 plerumque
1619 2977 1772 3030 secundum
1785 2992 1847 3046 pan·

229 3047 421 3110 tellectus,non
431 3046 669 3116 benesperandum
680 3053 733 3109 est;
754 3046 806 3098 nisi
818 3046 865 3098 liat
877 3045 1018 3099 instructio
1056 3053 1129 3106 ciera
1151 3069 1233 3123 quam
1260 3071 1310 3124 par
1332 3062 1380 3116 est,
1403 3060 1430 3107 et
1453 3070 1488 3107 ex
1510 3053 1555 3107 his
1577 3055 1770 3109 tantummodo
1792 3073 1849 3126 qua

230 3134 256 3180 et
265 3126 431 3180 coordinatio
445 3143 494 3196 per
502 3125 607 3180 tabulas
617 3124 771 3179 inveniendi
782 3124 901 3188 idoneas,
914 3126 1018 3180 etbene
1057 3139 1156 3200 praeto
1173 3140 1242 3197 sunt,
1261 3134 1432 3203 pronunciat.
1472 3132 1510 3186 At
1531 3133 1663 3197 inductio,
1679 3152 1743 3205 qum
1757 3134 1792 3208 ad
1811 3136 1850 3187 in·

229 3205 382 3276 dispositas,
396 3216 424 3259 et
442 3214 570 3274 tanquam
583 3204 666 3269 rivas,
685 3221 778 3257 eorum
799 3222 861 3274 qnae
881 3206 1019 3274 pertinent
1056 3212 1208 3265 sennonem
1219 3220 1246 3266 et
1256 3212 1511 3266 demonstrationem
1525 3212 1703 3267 scientiarum
1713 3223 1742 3267 et
1756 3214 1850 3267 artium

230 3285 265 3338 ad
279 3285 438 3352 subjeetum,
456 3284 486 3337 in
506 3300 560 3353 quo
573 3292 694 3336 versatur
713 3283 863 3353 inquisitio,
883 3291 966 3355 atque
985 3284 1019 3337 ad
1057 3291 1108 3344 erit
1121 3290 1204 3353 utilis,
1215 3300 1341 3345 naturam
1354 3307 1480 3361 separare
1494 3291 1582 3354 debet,
1590 3308 1642 3361 per
1654 3293 1817 3361 rejectiones
1826 3303 1851 3345 et

231 3363 328 3418 barum
343 3363 495 3418 tabularum
508 3361 612 3417 auxilia
625 3370 816 3432 praeparataet
828 3362 933 3433 digesta
941 3379 1019 3417 mens
1058 3367 1228 3424 exclusiones
1248 3371 1368 3434 debitam
1390 3387 1421 3423 ac
1443 3369 1539 3424 deinde
1562 3380 1625 3440 post
1642 3373 1791 3442 negativas
1813 3379 1851 3425 tot

231 3442 390 3514 applicetur.
1058 3457 1124 3519 quot
1135 3449 1281 3513 sufficiunt,
1296 3467 1378 3520 super
1390 3449 1564 3503 affirmativas
1578 3449 1744 3506 concludere
1755 3474 1762 3514 3
1783 3451 1852 3521 qnod

1058 3526 1146 3581 adbuc
1160 3528 1261 3583 iactum
1283 3545 1336 3583 noo
1352 3536 1400 3592 est,
1414 3545 1465 3582 nec
1483 3535 1615 3583 tentatum
1629 3537 1714 3594 certe,
1728 3530 1783 3584 nisi
1796 3538 1851 3583 tan·

1059 3607 1197 3660 tummodo
1210 3624 1227 3661 a
1240 3606 1362 3673 Platone,
1377 3608 1423 3678 qui
1440 3607 1474 3660 ad
1493 3608 1671 3663 excutiendas
1684 3610 1852 3663 definitiones

270 3677 372 3732 Verum
389 3686 449 3747 post
465 3680 571 3749 copiam
592 3678 804 3749 particularium,
818 3679 870 3733 rite
885 3686 912 3732 et
926 3678 1019 3732 ordine
1058 3693 1085 3737 et
1098 3686 1181 3750 ideas,
1189 3685 1240 3739 hac
1254 3694 1326 3740 certe
1340 3686 1426 3740 forma
1435 3687 1602 3740 inductionis
1613 3687 1790 3757 aliquatenus
1801 3689 1852 3741 nti·

230 3756 313 3811 veluti
327 3757 479 3814 suboculos
491 3760 646 3827 positurum,
654 3775 709 3812 nou
722 3759 816 3813 Statim
828 3758 1021 3812 “auteuudum
1058 3773 1108 3819 tur.
1150 3765 1251 3820 Verum
1262 3766 1297 3819 ad
1310 3766 1392 3834 hujus
1405 3766 1569 3820 inductionis
1583 3766 1641 3821 sive
1651 3767 1854 3821 demonstratio·

233 3844 274 3888 est
288 3835 321 3887 ad
331 3836 544 3907 inquisitionem,
558 3845 586 3891 et
599 3838 782 3891 inventionem
795 3854 924 3891 novorum
939 3836 1021 3907 parti·
1059 3844 1101 3897 nis
1114 3844 1318 3899 instructionem
1332 3845 1433 3899 bonam
1446 3853 1473 3898 et
1486 3845 1636 3914 legitimam
1652 3846 1854 3916 quamplurima

232 3915 363 3968 cularium
376 3923 423 3970 aut
440 3933 567 3986 operum;
589 3925 635 3970 aut
649 3916 751 3980 saltem,
766 3917 790 3970 si
803 3916 856 3970 hoc
877 3916 930 3980 fiat,
945 3916 974 3969 in
989 3931 1022 3969 eo
1059 3923 1212 3976 adhibenda
1225 3933 1294 3989 sumt,
1309 3941 1369 3994 quae
1382 3924 1471 3977 adhue
1490 3924 1592 3978 nullius
1610 3925 1769 3980 mortalium
1782 3925 1853 3995 cogi-

233 4009 287 4046 non
306 3995 538 4064 acquiescendum.
579 3996 676 4066 Neque
691 3996 764 4049 enim
784 4011 924 4065 negamus,
945 4002 1021 4064 post·
1059 4002 1187 4055 tationem
1209 4002 1331 4066 subici„
1358 4003 1427 4056 adeo
1442 4009 1472 4056 ut
1492 4003 1521 4055 in
1539 4019 1573 4056 ea
1592 4004 1683 4072 major
1704 4005 1741 4058 sit
1761 4021 1854 4057 cmm.

234 4088 314 4142 quam
328 4075 417 4127 omnia
427 4075 545 4128 omnium
559 4074 656 4129 artium
670 4076 857 4145 experimenta
870 4073 982 4127 collecta
996 4083 1023 4127 et
1060 4081 1157 4135 menda
1173 4097 1263 4151 opera,
1283 4098 1365 4153 quam
1385 4082 1474 4136 adbuc
1492 4091 1653 4152 consumpta
1666 4091 1711 4137 est
1728 4083 1760 4138 in
1776 4082 1854 4151 syllo

234 4151 340 4221 &80⁸2ss
353 4152 461 4216 fuerint,
476 4161 555 4224 utque
574 4154 608 4208 ud
622 4154 701 4207 unius
719 4153 837 4207 hominis
855 4153 981 4206 notitiam
995 4162 1023 4206 el
1060 4160 1164 4230 gismo;
1186 4167 1269 4231 atque
1286 4161 1368 4229 hujus
1387 4160 1550 4215 inductionis
1567 4161 1680 4228 auxilio,
1697 4179 1755 4217 non
1769 4162 1852 4216 solum

232 4229 364 4298 judicium
377 4233 565 4301 pervenerinti
586 4233 652 4304 quin
666 4250 701 4286 ex
720 4232 782 4302 ipsa
795 4233 963 4286 traductione
977 4249 1023 4286 ex·
1060 4238 1095 4291 ad
1113 4240 1250 4294 axiomata
1270 4239 1440 4303 invenienda,
1454 4255 1549 4294 rerum
1570 4241 1655 4295 etiam
1674 4242 1713 4296 ad
1733 4242 1854 4295 notiones

235 4308 443 4378 perimentomm
456 4311 536 4365 unius
556 4312 622 4365 artis
635 4312 663 4364 in
677 4311 753 4374 alias,
767 4311 854 4365 multa
867 4328 937 4365 nora
949 4311 1023 4364 inve·
1060 4318 1249 4383 terminandas,
1264 4319 1392 4373 utendum
1414 4326 1464 4372 est.
1505 4319 1596 4391 Atque
1611 4319 1640 4373 in
1661 4319 1717 4375 hac
1731 4329 1804 4376 certe
1817 4321 1854 4373 in

235 4387 288 4440 niri
301 4388 412 4456 possint,
420 4390 455 4443 ad
468 4390 615 4444 humanam
624 4390 708 4444 vitam
722 4397 750 4443 et
763 4397 862 4444 statum
876 4390 962 4454 utilia,
973 4406 1023 4458 per
1060 4396 1186 4451 ductione
1201 4413 1263 4465 spes
1276 4399 1397 4453 maxima
1409 4399 1461 4451 sita
1470 4407 1520 4451 est.

237 4465 315 4520 istam
337 4468 533 4536 experientiam
557 4486 638 4539 quarn
657 4486 784 4524 vocamus
804 4469 954 4523 literatum:
975 4468 1023 4522 sed

236 4554 324 4599 tamen
344 4547 449 4600 minora
462 4548 495 4601 de
516 4565 549 4601 ea
562 4548 696 4618 speranda
715 4556 792 4612 sunt;
813 4548 916 4616 majora
928 4564 1024 4602 veroa
1274 4615 1280 4630 Ι

236 4641 306 4678 nora
324 4624 385 4679 luce
408 4625 582 4691 axiomatum,
598 4645 634 4681 ex
652 4627 857 4699 particularibus
876 4627 932 4680 illis
951 4635 1025 4681 certa
1100 4629 1138 4684 At
1157 4630 1187 4683 in
1200 4630 1380 4684 axiomatibus
1393 4630 1589 4684 constituendis
1606 4647 1657 4699 per
1674 4630 1751 4687 hanc
1766 4633 1854 4686 induc·

237 4703 282 4757 via
295 4710 322 4757 et
334 4703 428 4774 regula
441 4706 602 4771 eductorum,
617 4725 679 4778 qua
692 4722 784 4761 mrsus
796 4722 867 4760 nora
880 4704 1024 4775 particula·
1062 4708 1162 4763 tionem
1183 4709 1348 4762 examinatio
1362 4717 1389 4762 et
1407 4709 1531 4778 probatio
1548 4710 1632 4763 edam
1657 4710 1786 4767 facienda
1809 4721 1853 4774 est,

237 4785 278 4837 ria
291 4784 410 4838 indicent
419 4792 447 4837 et
455 4785 607 4855 designent.
647 4787 745 4858 Neque
757 4786 831 4840 enim
844 4785 874 4839 in
887 4784 970 4855 plano
980 4784 1026 4837 ria
1061 4796 1151 4842 utrum
1166 4787 1239 4858 quod
1252 4788 1424 4841 constituitur
1437 4789 1547 4842 axioma
1556 4796 1680 4857 aptatum
1695 4791 1734 4844 sit
1747 4800 1854 4852 tantum,

610 509 634 547 C.

601 1453 637 1491 (ll.

1425 2321 1470 2361 CV.

602 2635 649 2677 ctt.

590 3583 654 3623 0111.

1424 4535 1487 4590 cv1,

237 4863 291 4916 sita
305 4872 351 4927 est,
360 4863 407 4917 sed
421 4864 588 4918 assendendo
596 4873 623 4919 et
633 4865 833 4929 descendendo;
851 4864 1025 4919 mccudendo
1062 4875 1089 4919 et
1112 4867 1147 4920 nd
1170 4883 1322 4920 mensuram
1347 4866 1448 4921 factum
1470 4882 1562 4920 comm
1583 4869 1801 4938 particularium,
1823 4887 1856 4922 ex

237 4943 325 5012 primo
339 4942 373 4996 ad
388 4943 533 5008 axiomata,
548 4943 734 4998 descendendo
748 4944 783 4997 ad
797 4961 887 5014 opera
1063 4946 1159 5015 quibus
1181 4945 1348 5009 extrahiturt
1376 4963 1412 4999 an
1431 4961 1495 5000 vero
1510 4945 1545 5000 sit
1563 4945 1683 5015 amplius
1703 4960 1753 5004 aut
1770 4949 1854 5002 latios

1063 5024 1140 5084 Quod
1161 5024 1184 5077 si
1206 5025 1243 5078 sit
1261 5023 1377 5093 amplius
1396 5031 1443 5078 aut
1465 5024 1554 5088 lanus,
1568 5025 1718 5080 ridendum
1741 5045 1777 5082 au
1798 5045 1854 5080 eam

1063 5120 1139 5157 suam
1148 5102 1354 5173 amplitudinem
1365 5111 1392 5156 et
1403 5101 1581 5169 latitudinem,
1592 5121 1643 5173 per
1653 5122 1787 5160 novorum
1801 5124 1856 5176 par·

278 5180 375 5248 Neque
395 5186 486 5234 tamen
505 5179 713 5248 permittendum
734 5187 783 5243 est,
797 5187 828 5233 ut
844 5181 1027 5234 intellectusa
1063 5181 1215 5236 ticularium
1242 5181 1465 5252 designationem,
1489 5185 1566 5251 quasi
1590 5184 1770 5251 fidejussione
1792 5203 1856 5255 qua-

240 5258 444 5328 particularibus
458 5258 492 5311 ad
509 5259 644 5311 axiomata
660 5267 762 5311 remota
776 5269 803 5311 et
818 5259 894 5330 quasi
915 5276 1028 5328 genera-
1063 5261 1133 5323 dam,
1148 5264 1250 5323 firmet3
1272 5278 1306 5314 ne
1321 5261 1364 5314 vel
1378 5261 1406 5313 in
1418 5262 1476 5328 jam
1491 5261 1561 5315 notis
1575 5268 1680 5316 tanturn
1696 5263 1855 5327 haereamus,

240 5337 344 5390 lissima
354 5337 458 5406 (qualia
471 5337 686 5406 suntprincipia,
696 5355 756 5406 quae
770 5346 873 5399 vocant,
889 5339 987 5392 artium
1000 5346 1028 5390 et
1063 5339 1105 5393 rel
1120 5339 1222 5393 laxiore
1237 5339 1351 5393 sortasse
1366 5339 1510 5409 complexu
1526 5340 1636 5394 umbras
1650 5351 1679 5395 et
1696 5342 1798 5397 formas
1811 5344 1855 5394 ab·

241 5417 341 5482 rerum)
357 5416 435 5470 saliat
449 5424 475 5469 et
488 5413 577 5479 volet3
599 5424 626 5469 et
644 5416 678 5469 ad
697 5433 789 5471 eorum
806 5416 946 5473 immotam
960 5417 1028 5471 reri-
1064 5427 1186 5483 structas,
1200 5433 1255 5472 non
1268 5417 1356 5472 solida
1369 5425 1396 5472 et
1410 5418 1586 5474 determinata
1598 5420 1629 5475 in
1641 5423 1768 5487 materia,
1782 5439 1855 5492 pren·

602 5086 661 5126 CIV·
