3800 5875
201 292 259 347 658
653 285 882 345 DESCRIPTIO
905 283 1019 340 auom
1044 282 1384 340 tuasaasctusats.

201 461 229 507 et
248 457 310 524 post
332 456 447 506 mortem
470 448 539 505 Julii
561 447 681 505 Caseus
694 464 745 518 per
759 443 912 515 complures
932 444 1000 499 dies.
1040 451 1120 508 terra,
1136 450 1292 516 retorqueat
1306 443 1446 512 (videlicet
1458 442 1533 517 qnod
1550 439 1728 506 mutationes,
1742 457 1804 513 quar
1817 440 1844 495 in

201 532 293 604 Atque
307 528 514 586 Julianaeillius
534 528 767 584 obtenebrationis
777 532 870 581 manet
878 526 1002 580 testimo·
1040 540 1074 578 ea
1098 523 1172 588 fiunt,
1197 542 1246 594 per
1268 524 1395 579 accidens
1418 525 1477 577 fieri
1501 523 1692 586 disoemimna
1716 538 1751 575 eo
1775 522 1845 591 quod
1893 566 1894 571 ,

201 613 276 667 nium
290 611 358 666 illud
372 612 480 682 insigne
495 608 622 681 Virgilii:
1040 612 1112 658 terra
1125 604 1244 674 patiatur
1257 622 1275 659 a
1288 602 1371 671 coelo)
1386 612 1467 674 atque
1480 608 1586 658 metat
1604 601 1773 655 contrariam
1786 618 1845 655 esse

289 718 305 740 ⁴·
317 713 362 761 llic
373 708 795 760 crimesuncromtserstoscassrs
805 708 914 767 Romam,
1040 683 1174 738 ῑθῑίθΰθω
1193 684 1265 749 00311,
1280 702 1342 738 011111
1362 684 1461 742 coelum
1479 682 1556 738 1111]Ῑο
1576 681 1661 736 modo
1681 680 1741 751 pati
1761 682 1846 752 posit

288 772 351 819 011111
362 780 432 832 capnt
442 771 541 817 ⁰¹³⁸⁰¹¹r⁸
550 770 650 816 riudam
660 769 780 830 ferrugine
790 767 857 824 tarn
1040 763 1160 818 vicissim
1174 782 1191 816 a
1204 772 1283 829 terra,
1293 764 1511 835 quandoquidem
1522 763 1611 817 omnis
1622 762 1736 815 emissio
1747 777 1765 812 a
1775 770 1845 814 terre

294 830 417 891 Impiaque
425 836 537 877 aternam
546 828 676 875 timuerunt
685 826 766 874 secula
774 827 893 873 noctem.”
1040 845 1108 897 cim
1127 842 1227 899 coequm
1247 844 1360 909 desinat,
1382 853 1411 898 m
1431 841 1572 913 probabile
1594 843 1632 895 git
1652 840 1762 903 coelnm,
1777 840 1844 894 „qm

202 930 333 986 Varronis
346 948 417 995 vero,
428 929 548 984 hominis
561 928 589 982 in
601 928 761 999 antiquitate
769 925 934 997 peritissimi,
942 941 1002 979 nar·
1041 940 1150 976 omnem
1170 924 1227 978 vim
1247 924 1386 977 inimicam
1406 925 1564 994 sepositum,
1580 921 1769 991 susceptivum
1786 937 1844 975 esse

201 1013 270 1067 ratio
284 1030 344 1082 quta
365 1011 500 1065 invenitur
513 1008 585 1080 apud
606 1008 789 1077 augustinum
805 1007 840 1061 dc
854 1004 933 1060 stella
946 1004 1001 1058 Ve-
1040 1004 1208 1067 aeternitatis,
1222 1021 1285 1058 cum
1298 1020 1316 1056 a
1328 1011 1426 1058 natura
1442 1002 1568 1073 opposita
1581 1001 1697 1055 minime
1712 1003 1846 1055 concaua»

201 1092 288 1145 neris:
303 1090 379 1145 illam
394 1089 498 1145 scilicet
511 1099 634 1158 tempore
646 1087 753 1159 Ogygia
768 1087 841 1157 regis
851 1085 1001 1139 mutavisse
1040 1092 1083 1137 tur
1100 1093 1148 1137 aut
1166 1082 1360 1147 labefactetur3
1381 1085 1406 1137 is
1424 1099 1480 1136 non
1500 1081 1702 1136 contemnenda
1722 1081 1844 1150 qondam

202 1172 329 1233 colorem,
343 1168 569 1241 magnitudinem,
584 1176 612 1224 et
625 1166 849 1239 liguram,dubioe
863 1165 927 1219 fidei
941 1182 1001 1219 esse
1040 1162 1142 1231 objicit
1183 1164 1283 1234 Neque
1294 1163 1368 1218 enim
1381 1163 1401 1216 ii
1416 1180 1518 1227 sumus,
1532 1163 1580 1234 qui
1595 1160 1725 1215 Thaletis
1738 1160 1843 1231 simpli-

202 1251 298 1320 potuit,
313 1251 342 1303 ni
365 1248 454 1304 simile
477 1256 604 1303 eventum
624 1247 725 1302 celebri
746 1244 902 1316 spectaculo
922 1252 1001 1299 aetate
1039 1243 1150 1297 citatem
1172 1259 1352 1309 revereamur,
1374 1244 1420 1313 qui
1444 1244 1523 1313 ignes
1546 1241 1676 1296 coelestes
1699 1240 1843 1310 depascere

201 1338 294 1385 nostra
315 1345 471 1384 uusxxvur
496 1328 663 1384 recurrisset.
713 1328 788 1381 Nam
811 1333 869 1381 tum
892 1341 1001 1396 quoque
1039 1339 1155 1393 vapores
1169 1340 1185 1377 e
1200 1332 1273 1378 terra
1286 1331 1314 1378 et
1328 1339 1430 1378 oceano
1442 1323 1612 1387 sublimatos,
1631 1330 1717 1392 atque
1730 1322 1793 1375 inde
1806 1321 1843 1375 ali

201 1427 251 1480 per
263 1427 364 1465 annum
377 1411 514 1480 integrum
532 1408 642 1462 novatio
662 1407 736 1461 lacta
755 1413 796 1461 est
815 1404 1001 1459 memorabilis
1040 1409 1067 1456 et
1081 1404 1156 1457 refici
1170 1405 1296 1473 opinatae
1310 1413 1358 1467 est,
1376 1402 1429 1472 (illi
1443 1420 1508 1457 vero
1520 1418 1638 1473 vapores
1652 1401 1778 1455 recidant
1788 1400 1843 1455 scre

201 1490 231 1544 in
252 1490 333 1545 stella
351 1490 475 1553 Veneris,
493 1507 555 1560 quta
575 1487 794 1557 conspiciebatur
813 1484 1001 1556 magnitudine
1040 1481 1124 1536 simili
1145 1491 1248 1554 quanto
1266 1500 1298 1536 ac
1317 1483 1506 1546 ascendemnt‚
1526 1498 1618 1554 neque
1643 1482 1797 1536 reficiendis
1815 1491 1843 1536 et

202 1578 231 1624 et
250 1569 394 1640 splendore
415 1569 541 1631 insolitis,
556 1568 685 1622 rubedine
706 1566 826 1621 Martem
846 1565 937 1636 ipsum
958 1580 1001 1619 su·
1040 1569 1118 1617 terrea
1131 1571 1159 1617 et
1172 1563 1262 1634 globis
1275 1562 1430 1618 coelestibus
1440 1562 1497 1618 ullo
1507 1562 1590 1617 modo
1599 1562 1842 1633 sufficiuntneque

201 1649 324 1719 perabat,
338 1660 366 1703 et
380 1649 494 1719 liguram
508 1648 607 1717 saepius
616 1647 745 1710 mutabat,
758 1646 829 1701 facta
839 1644 1001 1717 quaudoque
1040 1659 1151 1711 prorsus
1164 1644 1194 1697 in
1206 1652 1263 1698 tam
1283 1642 1368 1697 altum
1382 1643 1524 1713 pervenire
1541 1641 1671 1714 possiam
1686 1641 1735 1695 sed
1755 1650 1842 1696 tamea

202 1728 384 1801 triangularis,
396 1730 557 1800 quandoque
568 1726 800 1798 quadrangularis,
809 1727 893 1779 etiarn
907 1732 1001 1780 rotun·
1040 1730 1176 1792 ununquc
1190 1731 1270 1778 terrae
1284 1724 1392 1778 effluvia
1406 1724 1550 1778 mauriata
1562 1722 1647 1792 longe
1661 1722 1734 1776 inira
1747 1720 1842 1776 coetun

201 1809 243 1873 da,
253 1817 283 1864 ut
293 1809 322 1863 in
332 1810 394 1879 ipsa
404 1825 494 1863 massa
508 1816 536 1861 et
549 1807 699 1862 substantia
710 1822 821 1876 prorsus
829 1806 887 1875 peti
896 1804 1001 1859 videre-
1040 1819 1070 1856 se
1084 1803 1187 1868 sistant,
1198 1802 1422 1868 nihilominus,si
1436 1812 1509 1857 terra
1522 1803 1560 1856 sit
1569 1804 1692 1873 primum
1707 1801 1842 1870 frigidum,

201 1896 255 1943 tur.
286 1889 357 1950 Quin
368 1890 451 1942 etiam
462 1888 542 1942 stella
556 1886 605 1941 illa
617 1886 806 1951 caracteribus,
818 1903 879 1956 quta
892 1885 1002 1939 incoxa
1040 1900 1075 1937 ex
1089 1885 1224 1937 sententia
1238 1883 1409 1938 Parmenidis
1429 1891 1458 1937 et
1476 1882 1588 1946 Telesii,
1603 1899 1659 1936 non
1682 1881 1764 1936 facile
1785 1883 1843 1952 quis

202 1967 342 2023 Caniculae
356 1968 410 2022 rita
423 1975 471 2031 est,
486 1984 567 2038 quam
581 1968 641 2037 ipse
655 1984 685 2021 se
699 1966 800 2020 vidisse
813 1965 881 2018 dicit
894 1965 1002 2019 Aristo·
1040 1962 1164 2027 affirmet,
1178 1972 1224 2017 aot
1238 1970 1320 2027 certo,
1334 1963 1369 2017 ad
1386 1979 1467 2034 quam
1487 1962 1662 2017 altitudinem
1675 1962 1718 2016 vis
1736 1961 1786 2016 illa
1797 1962 1843 2016 ad·

201 2048 277 2111 teles,
291 2065 377 2102 comae
389 2047 515 2101 nonnihil
525 2046 680 2111 habentem,
691 2062 805 2117 eamque
816 2061 921 2098 comam
933 2062 1002 2115 prae-
1040 2042 1173 2099 versatrix
1187 2051 1215 2098 et
1228 2042 1322 2098 rivalis
1335 2044 1399 2097 coeli
1420 2059 1449 2096 se
1466 2043 1588 2097 insinuet
1608 2042 1733 2096 seriafim
1754 2050 1781 2095 et
1797 2058 1844 2112 per

202 2128 295 2182 sertim
309 2127 397 2182 obiter
408 2126 524 2182 intuenti
535 2126 695 2190 vibrantem,
706 2135 809 2180 mutata
820 2126 879 2192 jam
894 2124 1001 2179 videtur
1040 2124 1249 2187 successionem,
1264 2123 1413 2194 prasertim
1427 2140 1490 2177 cum
1505 2123 1600 2177 tenuia
1616 2131 1745 2177 naturam
1758 2130 1784 2175 et
1796 2122 1843 2176 im-

201 2215 230 2260 et
242 2223 349 2261 comam
359 2207 524 2277 deposuisse,
533 2220 596 2260 cum
609 2205 679 2259 nihil
693 2205 828 2274 ejusmodi
840 2205 899 2273 jam
908 2214 1001 2258 nostra
1040 2204 1209 2272 pressionem
1222 2203 1314 2274 frigidi
1328 2211 1356 2257 et
1369 2201 1450 2257 calidi
1473 2202 1616 2265 imbibant,
1632 2210 1662 2256 et
1682 2201 1766 2273 longe
1784 2218 1842 2273 per-

201 2294 282 2340 ratatc
301 2285 526 2355 deprehendatur.
567 2284 644 2339 lude
662 2286 746 2339 etiam
763 2284 835 2355 quod
848 2283 1002 2355 complures
1041 2283 1137 2336 lerant
1179 2283 1234 2338 Sed
1248 2292 1339 2337 tamen
1353 2282 1417 2337 dato
1431 2283 1504 2353 quod
1515 2282 1616 2336 οωΙιιιιι
1630 2298 1687 2336 ιιοιι
1702 2281 1844 2351 patiatura

201 2366 363 2420 mutationes
385 2365 543 2430 coeiestinm,
562 2366 713 2435 praesertim
734 2365 763 2419 in
782 2363 870 2418 stellis
889 2365 1001 2417 minori·
1040 2369 1127 2427 terra;
1154 2362 1195 2416 nil
1215 2363 1313 2428 obstat,
1335 2363 1401 2433 quin
1421 2361 1544 2416 coelestia
1564 2380 1582 2415 a
1602 2362 1771 2416 seinvicem
1789 2363 1843 2432 pati

201 2445 260 2511 bus,
275 2461 311 2500 ex
324 2444 451 2515 neglectu
470 2444 690 2500 observationum
709 2444 789 2499 facile
808 2444 1002 2514 praeterlabuu-
1040 2450 1153 2512 possent
1165 2448 1194 2498 et
1207 2442 1353 2507 immutari,
1369 2441 1411 2496 sol
1427 2443 1557 2496 nimirum
1571 2458 1589 2495 a
1610 2441 1709 2504 stellis,
1724 2441 1809 2496 stellae
1827 2458 1844 2495 s

200 2534 253 2588 tur,
268 2532 296 2578 et
310 2524 389 2578 nobis
403 2531 526 2595 pereunt.
567 2523 604 2577 At
618 2533 774 2595 promptum
788 2524 841 2578 erit
855 2523 939 2578 sciolo
953 2523 1001 2577 ali-
1040 2522 1105 2586 sole,
1120 2522 1238 2593 planetes
1253 2523 1288 2576 ab
1304 2523 1437 2594 utrisque,
1451 2523 1588 2576 universae
1608 2523 1646 2575 ab
1666 2521 1771 2577 rathere
1792 2522 1843 2575 eir·

201 2604 246 2658 cui
259 2604 313 2658 ista
326 2604 360 2658 ad
374 2620 489 2674 vapores
503 2612 532 2659 et
545 2604 751 2676 dispositionem
772 2604 856 2658 medii
879 2604 998 2658 referre:
1040 2602 1170 2668 cumiuso,
1185 2603 1335 2674 praesertim
1349 2603 1377 2656 in
1391 2602 1554 2657 desinentiis
1572 2600 1728 2673 globorum.
1771 2601 1844 2657 Prae·

201 2684 249 2738 scd
264 2685 437 2748 mutationes,
452 2701 512 2754 quse
525 2700 624 2758 corpus
638 2684 703 2738 astri
718 2683 832 2752 alicujus
846 2693 1003 2738 constanter
1041 2689 1116 2736 terea
1130 2682 1235 2737 videtur
1248 2683 1342 2753 opinio
1355 2683 1389 2737 de
1404 2682 1557 2738 eternitate
1569 2681 1633 2735 eoeli
1648 2698 1766 2753 magnas
1775 2682 1844 2735 vires

139 2814 140 2818 ,
202 2771 229 2817 et
243 2762 412 2840 aequabiliter
422 2771 450 2818 et
461 2764 507 2818 diu
518 2765 641 2818 obsidere
652 2764 898 2835 deprehenduntnr,
911 2771 938 2816 et
947 2780 1002 2817 una
1040 2761 1189 2833 sumpsisse
1210 2780 1246 2817 ex
1266 2764 1328 2833 ipsa
1348 2762 1477 2816 machina
1497 2771 1526 2815 et
1548 2762 1752 2817 constructione
1776 2760 1844 2825 coeli,

201 2861 264 2897 cum
287 2851 361 2897 astro
383 2844 573 2907 circumvolri3
595 2844 706 2898 omnino
726 2844 755 2897 in
775 2850 849 2898 astro
866 2843 935 2913 ipso,
956 2852 1002 2896 aut
1040 2859 1122 2912 quam
1144 2844 1290 2897 astronomi
1312 2841 1429 2913 plurima
1449 2859 1513 2896 cum
1533 2841 1691 2913 satagentis
1711 2841 1845 2896 introdux-

201 2921 299 2979 ssltem
312 2923 341 2977 in
355 2923 458 2979 aethere
473 2924 627 2996 propinquo
640 2923 722 2979 statui
735 2922 906 2987 debent,non
919 2923 948 2977 in
963 2941 1003 2978 re·
1040 2932 1130 2978 erunt.
1173 2922 1291 2979 Cautum
1304 2924 1377 2977 enim
1395 2939 1563 2993 magnopere
1578 2921 1688 2976 videtur
1708 2932 1845 2976 exeant

201 3003 330 3075 giombus
351 3004 423 3058 airis
441 3004 631 3068 inferioribus3
661 3004 739 3072 cujus
757 3003 797 3057 rei
819 3006 901 3057 etiam
920 3019 1002 3074 argu·
1040 3002 1163 3057 coelestia
1176 3001 1215 3057 nil
1230 3005 1374 3073 patiantur,
1388 3012 1488 3074 praeter
1506 3002 1662 3074 simplicem
1676 3003 1844 3062 rotatimem,

201 3091 322 3137 mentum
345 3083 461 3137 sumitur
489 3082 571 3154 plane
594 3083 722 3145 validum,
747 3083 819 3154 quod
845 3082 1002 3152 hujusmodi
1040 3084 1069 3136 in
1082 3084 1188 3138 caeteris
1202 3084 1351 3137 consistant
1364 3101 1415 3136 nec
1435 3084 1633 3153 perturbentur.
1678 3082 1775 3152 ltaque
1789 3099 1844 3136 cor-

203 3163 368 3217 mutationes
382 3179 444 3217 raro
458 3163 533 3227 fiunt,
548 3170 576 3217 et
588 3163 678 3234 longis
692 3163 841 3217 intervallis
855 3179 1001 3229 annorum,
1040 3179 1107 3232 pora
1122 3172 1255 3218 astrorum
1275 3164 1304 3218 in
1323 3163 1433 3218 orbibus
1454 3163 1511 3218 suis
1528 3170 1660 3234 tanquam
1684 3161 1772 3216 claris
1793 3161 1845 3215 lixa

203 3258 264 3311 qua
277 3250 368 3296 autem
382 3242 411 3296 in
429 3240 493 3297 a'e're
514 3243 580 3296 liunt
599 3260 648 3313 per
665 3242 900 3314 interpositionem
918 3258 1002 3313 sapo-
1040 3252 1196 3312 posuenrnt.
1243 3243 1365 3315 Singulis
1386 3252 1478 3298 autem
1498 3242 1738 3306 declinationibus,
1760 3241 1843 3296 subla·

201 3338 270 3384 runt,
284 3321 462 3393 frequentius.
505 3321 623 3382 Quodsi
643 3323 704 3393 quis
723 3322 857 3392 judicium
872 3322 955 3377 iaciat
967 3341 1003 3377 ex
1041 3322 1169 3387 tionibus,
1193 3322 1421 3394 depressionibus,
1442 3323 1643 3377 sinuationibus
1664 3322 1787 3393 ipsorum
1806 3331 1843 3374 tot

201 3400 296 3455 ordine
310 3399 380 3466 coeli,
396 3410 478 3472 atque
492 3409 582 3457 motus
597 3402 684 3473 ipsius
697 3401 888 3474 aequabilitate,
903 3401 1002 3457 coelum
1040 3402 1155 3456 circulos
1169 3402 1301 3473 perlectos
1316 3403 1501 3457 convenientis
1518 3403 1712 3457 crassitudinis
1731 3404 1842 3456 attribu·

200 3480 370 3534 immutabile
389 3497 457 3544 esse,
472 3488 553 3552 atque
571 3482 760 3536 certitudinem
780 3481 856 3536 illam
879 3483 1004 3553 periodo
1041 3490 1127 3546 erunt,
1139 3483 1304 3538 circulorum
1317 3500 1411 3537 eorum
1425 3492 1453 3537 et
1463 3499 1584 3537 concaua
1594 3490 1623 3536 et
1635 3499 1762 3537 convexa
1771 3500 1843 3553 egre-

201 3577 261 3615 rurn
275 3568 304 3615 et
317 3560 515 3615 restitutionum
537 3570 626 3616 sumat
645 3563 673 3617 iu
694 3562 852 3617 aetemitatia
872 3570 1002 3617 tesseram
1041 3561 1086 3631 gie
1101 3571 1241 3617 tornentes
1255 3572 1282 3617 et
1295 3563 1437 3633 polientes,
1451 3571 1483 3616 ut
1496 3563 1525 3617 in
1540 3563 1581 3616 eis
1598 3560 1638 3616 nil
1660 3563 1793 3624 eminens,
1806 3560 1843 3614 ml

200 3656 255 3694 non
270 3639 389 3706 dubiam,
404 3658 465 3695 cum
481 3641 640 3696 substantiae
654 3641 822 3713 corruptibili
834 3641 883 3697 vix
896 3659 1001 3712 compe-
1041 3658 1167 3711 asperum
1180 3643 1341 3706 inveniatur,
1353 3643 1400 3697 sed
1415 3642 1485 3697 alter
1498 3642 1571 3697 inter
1580 3640 1698 3696 alterum
1714 3652 1843 3713 receptus.

202 3728 259 3775 tere
273 3721 398 3775 videatur
420 3728 509 3775 motus
526 3723 693 3786 constantim
722 3722 746 3776 is
767 3722 849 3793 paulo
872 3724 1002 3777 attentius
1040 3729 1069 3776 et
1083 3722 1118 3776 ob
1132 3721 1260 3777 laerorem
1275 3731 1371 3776 exacte
1382 3722 1536 3794 contiguus,
1547 3730 1574 3777 et
1586 3733 1680 3777 tamen
1691 3722 1747 3776 labi
1759 3721 1845 3776 facilis

200 3800 336 3872 dispicere
363 3801 503 3864 debuerat,
530 3801 613 3856 istam
640 3801 802 3856 raditionem
830 3818 921 3856 rerum
954 3820 1003 3872 per
1040 3810 1148 3855 moveat
1161 3801 1268 3873 placide
1286 3811 1314 3857 et
1333 3803 1458 3867 feliciter,
1478 3819 1540 3873 quaa
1557 3801 1725 3858 immortalis
1743 3802 1845 3856 seilicet

200 3879 283 3945 vices,
297 3888 324 3935 et
338 3889 467 3952 tanquam
482 3882 511 3934 in
526 3881 621 3935 orbem
631 3898 681 3952 per
691 3889 816 3952 tempora
825 3890 907 3945 certa,
920 3883 1001 3936 etiam
1041 3883 1191 3952 ingeniatio
1204 3893 1355 3937 summovet
1369 3898 1478 3937 onmem
1493 3881 1653 3936 violentiam
1667 3891 1695 3937 et
1708 3883 1845 3953 perturbe-

200 3958 247 4016 hic
261 3959 333 4016 inira
346 3960 420 4032 apud
433 3977 483 4014 uos
497 3961 610 4031 reperiri
622 3961 652 4015 in
665 3961 802 4015 nonnullis
810 3984 817 4026 ς
838 3962 960 4016 maxime
974 3962 1003 4016 in
1041 3962 1150 4027 tionem,
1165 3962 1319 4016 individuas
1334 3961 1456 4033 proiecto
1468 3962 1652 4032 corruptionis
1670 3964 1842 4033 praenuntias

201 4046 269 4094 matu
290 4042 405 4095 oceani:
439 4040 600 4096 differentias
624 4048 715 4095 autem
741 4041 866 4107 minores,
889 4059 949 4112 quar
974 4042 1003 4095 in
1041 4042 1116 4096 Nam
1129 4051 1203 4097 certe
1218 4042 1241 4096 si
1255 4057 1370 4112 corpora
1382 4050 1467 4107 tanta,
1482 4041 1576 4113 qualia
1593 4049 1658 4096 sunt
1671 4041 1745 4112 globi
1761 4053 1845 4095 aruc

201 4117 359 4175 coelestibus
372 4137 432 4174 esse
446 4127 569 4191 possunt,
583 4127 614 4175 ut
626 4120 755 4191 periodis,
777 4129 806 4175 et
821 4121 1002 4177 restitutioni·
1040 4139 1109 4187 rum,
1130 4122 1236 4178 aethera
1255 4129 1357 4189 secant,
1377 4139 1466 4193 neque
1488 4131 1579 4176 tamen
1600 4129 1734 4193 perpetuo
1753 4132 1845 4175 meant

201 4197 253 4252 bus
267 4200 330 4265 suis,
345 4207 485 4269 aspectum
496 4209 618 4255 nostrum
632 4210 658 4255 et
669 4201 885 4271 computationes
896 4210 1003 4255 nostras
1041 4218 1090 4271 per
1103 4202 1213 4256 eaedem
1228 4202 1338 4257 aetheris
1356 4211 1455 4274 partes,
1470 4201 1520 4256 sed
1533 4219 1582 4272 per
1596 4210 1691 4272 partes
1705 4211 1734 4255 et
1745 4212 1844 4256 tracnrs

200 4276 320 4348 fugiunt.
361 4279 461 4350 Neque
475 4279 564 4350 magis
578 4288 667 4335 motus
681 4279 727 4334 ille
742 4280 882 4335 circularis
896 4279 959 4335 coeli
973 4282 1002 4336 in
1040 4280 1122 4353 longe
1150 4280 1280 4347 diversos,
1300 4299 1363 4337 cum
1386 4282 1535 4353 aliquando
1561 4297 1682 4352 superna
1708 4281 1843 4345 invadant,

202 4365 392 4426 argumentum
410 4360 569 4414 aternitatis
587 4360 656 4414 sumi
676 4368 784 4431 potest3
806 4362 878 4432 quod
898 4361 1003 4415 scilicet
1041 4360 1188 4433 aliquando
1202 4379 1296 4417 versus
1315 4370 1415 4416 terram
1429 4361 1605 4424 descendant,
1620 4361 1770 4433 aliquando
1784 4379 1842 4415 rer·

200 4434 311 4490 lationis
332 4437 474 4492 circularis
495 4456 550 4493 non
572 4440 608 4494 sit
629 4442 777 4506 terminum
799 4449 890 4495 motus
911 4448 1003 4495 autem
1042 4446 1101 4495 tant
1113 4458 1142 4495 se
1157 4443 1192 4495 ad
1207 4451 1335 4507 ausuum,
1349 4441 1497 4513 aliquando
1510 4442 1546 4496 ad
1559 4441 1681 4504 boream,
1696 4440 1843 4512 periculum

201 4515 364 4570 immortalis
388 4517 546 4572 substantiae
570 4519 716 4574 immortali
740 4520 876 4575 convenit.
926 4520 1003 4575 Nam
1041 4528 1083 4575 est
1101 4521 1280 4592 proculdubio
1299 4539 1334 4576 nc
1355 4522 1423 4575 liant
1442 4522 1568 4593 plurimae
1588 4523 1617 4575 in
1638 4521 1710 4576 coelo
1730 4523 1842 4592 impres·

201 4596 284 4649 etiam
299 4603 412 4651 cometa
426 4596 576 4663 inferiores,
591 4598 684 4655 subter
697 4601 790 4654 lunam
802 4599 893 4664 locati,
904 4607 1002 4665 rotant,
1041 4601 1139 4667 aiones,
1154 4610 1182 4656 et
1195 4602 1394 4667 concussiones,
1410 4612 1438 4654 et
1452 4602 1690 4673 reciprocationes,
1702 4603 1843 4664 attinctus,

201 4675 283 4747 idque
302 4676 378 4731 exui
400 4677 528 4748 propria3
550 4680 603 4733 nisi
624 4681 684 4750 quis
702 4681 770 4735 forte
792 4681 901 4735 credere
923 4681 1004 4735 malit
1041 4690 1123 4752 atque
1137 4681 1201 4737 inde
1215 4691 1365 4753 sequantur
1378 4681 1602 4736 condensationes
1613 4691 1640 4736 et
1650 4681 1843 4736 rarefactiones

201 4764 384 4810 commentum
398 4754 465 4810 illud
479 4757 512 4811 de
531 4756 689 4829 alligatione
708 4762 741 4814 ad
755 4768 870 4815 astrum.
910 4759 1003 4816 Enim·
1041 4778 1192 4832 corporum,
1208 4780 1269 4833 quaa
1283 4762 1503 4834 generationibus
1514 4772 1541 4816 et
1555 4759 1762 4815 alterationibus
1774 4763 1842 4815 ιιιιιι

200 4852 266 4889 vero
280 4836 304 4890 si
319 4836 425 4907 placeat
439 4840 623 4907 argumentari
638 4842 671 4895 de
686 4842 836 4895 aeternitate
850 4839 1003 4895 coelestiuru
1042 4843 1201 4911 praestinent
1221 4851 1249 4897 et
1269 4851 1440 4913 prastmant.
1481 4841 1709 4911 Quandoquidem
1726 4859 1793 4895 vero
1810 4857 1843 4894 ex

201 4931 237 4969 ex
264 4924 338 4970 motu
365 4915 499 4981 circadari,
520 4917 548 4970 id
568 4919 602 4970 ad
622 4921 827 4975 universitatem
840 4919 910 4987 ,coeli
930 4921 1002 4975 trahi
1042 4922 1192 4976 rationibus
1212 4922 1342 4992 physicis,
1364 4931 1445 4992 atquc
1466 4922 1579 4991 insuper
1600 4939 1636 4975 ex
1656 4921 1841 4992 phaenomenis

201 4994 303 5059 debuit,
318 5012 373 5050 non
388 4996 422 5049 ad
437 5004 528 5068 partes
543 4997 622 5061 coti,
644 5001 744 5054 etenim
758 4999 813 5064 adr,
826 5017 910 5067 mare,
923 5007 1002 5067 terra,
1041 5001 1110 5070 ipsis
1125 5001 1205 5072 plane
1220 5001 1353 5056 constabit
1366 5000 1419 5055 hoc
1431 5003 1565 5071 posterius
1575 5018 1671 5055 verum
1683 5018 1752 5063 esse,
1763 5012 1841 5072 atque

201 5074 300 5129 massis
315 5085 425 5141 aeterna,
446 5075 569 5146 partibus
589 5079 697 5133 caduca.
740 5079 810 5142 Quin
826 5081 923 5151 potius,
938 5098 1003 5134 con·
1042 5090 1195 5135 commenta
1209 5080 1257 5134 illa
1271 5082 1361 5151 priora
1375 5090 1592 5136 astronomorum
1607 5081 1641 5134 de
1659 5081 1758 5153 quibus
1773 5081 1840 5134 dixi-

200 5160 251 5217 tra,
266 5170 321 5208 non
335 5155 374 5209 ita
387 5156 457 5210 bene
471 5156 585 5210 ominari
601 5155 664 5211 licet
678 5159 711 5212 dc
726 5160 874 5214 eternitate
889 5161 951 5215 coeli
967 5178 1004 5214 ex
1042 5178 1103 5214 mus
1119 5163 1155 5230 (si
1170 5162 1232 5231 quis
1246 5179 1340 5215 sanam
1355 5169 1474 5215 mentem
1489 5162 1592 5228 sumat)
1607 5169 1714 5214 naturae
1736 5175 1841 5230 prorsus

201 5240 275 5286 motu
296 5233 344 5287 illo
364 5236 522 5298 rotationis3
545 5237 610 5306 quia
629 5236 676 5291 ille
697 5237 755 5310 ipse
777 5251 867 5294 motus
887 5258 941 5294 non
963 5253 1005 5293 est
1042 5239 1155 5294 illudere
1166 5241 1317 5307 videantur,
1328 5250 1356 5295 et
1368 5259 1459 5296 rerum
1474 5241 1644 5313 reperiantur
1658 5239 1767 5294 inania:
1781 5257 1842 5292 con·

201 5312 339 5382 perfectus
353 5315 382 5367 in
395 5315 473 5380 coelo,
488 5333 538 5369 nec
554 5317 671 5371 restituit
692 5336 721 5371 se
739 5329 834 5373 exacte
856 5321 884 5372 in
902 5319 1003 5373 circulo
1042 5329 1199 5374 sentaneum
1215 5329 1264 5386 est,
1278 5332 1306 5375 ut
1321 5321 1402 5375 etiam
1418 5321 1511 5392 opinio
1529 5322 1562 5374 de
1582 5321 1733 5375 aeternitate
1751 5317 1842 5373 coeles-

201 5390 310 5460 integro
323 5401 350 5446 et
362 5410 439 5462 puro,
454 5395 503 5449 sed
516 5413 577 5451 cum
592 5396 827 5474 declinationibus,
843 5400 1003 5453 sinuationi-
1042 5401 1118 5464 tium,
1133 5404 1194 5472 quaa
1208 5418 1270 5456 curn
1284 5400 1339 5456 illis
1354 5402 1498 5471 conjuncta
1512 5410 1560 5464 est,
1574 5400 1648 5455 idem
1662 5399 1755 5455 subeat
1771 5399 1842 5468 judi-

201 5466 262 5533 bus
275 5477 302 5523 et
316 5472 407 5540 eptas.
447 5474 534 5529 Porro
547 5477 569 5531 a
584 5477 646 5547 quas
659 5478 735 5544 artua,
752 5479 823 5549 qnos
837 5479 956 5534 arsimus
970 5480 1003 5535 ae
1041 5480 1120 5536 etum.
1164 5480 1243 5542 unos
1266 5481 1372 5553 siquis
1394 5480 1441 5540 nte
1464 5481 1627 5554 religionem
1650 5489 1776 5552 oppono,
1800 5477 1839 5531 aa
