3800 5875
653 307 705 366 DE
725 305 929 366 sartam
948 308 1144 366 manu.
1650 310 1708 378 71³.

85 464 177 536 prima
190 471 257 521 retas
269 463 305 520 ad
320 464 474 521 suessan
493 463 606 532 scilicet
626 471 674 522 aut
694 466 729 522 ad
748 466 878 523 invidiam
915 473 984 533 atur,
994 466 1143 523 similitudo
1154 465 1307 538 recipiatur.
1346 466 1708 541 Nmmtiuqusttnorem

86 561 174 616 nsque
192 545 383 616 donavitque
399 544 556 600 moestitiam
575 545 605 600 in
627 545 704 601 obitu
723 545 817 609 lenire,
831 553 878 603 aut
915 547 1037 602 omnium
1058 547 1170 601 deorum
1186 545 1271 602 fnisse
1292 547 1517 618 antiquissimum,
1538 554 1620 620 atquc
1638 550 1708 607 adeo

85 625 300 679 misen'cordiam
321 631 472 695 temperare
488 623 591 695 possiti
612 624 760 696 quinetiam
776 625 877 681 lamen
915 625 1037 680 omnium
1050 642 1148 690 rernm,
1163 635 1278 696 excepto
1291 626 1378 691 Chao,
1398 628 1470 699 qood
1481 628 1507 683 ei
1517 644 1638 683 coaevum
1647 645 1708 700 per-

85 703 203 758 tationes
217 713 249 758 et
267 703 391 773 planctus
409 719 464 757 non
484 702 572 757 solum
591 711 719 775 tanquam
739 720 804 759 aves
821 703 878 760 illm
915 704 1042 768 hibetnri
1064 705 1156 762 Chaos
1168 713 1288 760 autema
1307 706 1404 775 priscis
1423 707 1489 761 riris
1510 723 1647 779 nunquam
1665 709 1707 762 di·

85 782 215 837 funebres
232 784 305 838 circe
324 798 405 853 rogos
426 799 519 837 eorum
538 780 661 847 volitant,
683 782 731 836 sed
751 789 781 838 et
799 784 877 838 durat
900 784 979 840 'vino
1005 784 1115 848 honore,
1139 790 1186 838 sut
1212 785 1321 838 nomine
1343 784 1398 840 Dei
1424 787 1577 857 insignitur.
1618 786 1707 858 Atque

86 861 244 930 huiusmodi
262 862 399 916 miseratio
412 869 441 916 et
456 861 627 932 producitur:
647 861 767 917 maxime
787 870 876 918 autem
915 862 1000 918 Amor
1019 862 1068 917 ille
1088 879 1197 933 prorsus
1216 864 1275 917 sinc
1296 871 1406 932 parente
1428 865 1620 930 introduciturt
1652 866 1706 922 nisi

84 956 137 1011 per
147 942 305 995 ocmnones
318 948 346 995 et
363 957 448 995 novos
465 947 562 1004 motos,
578 948 606 994 et
623 939 702 994 initis
717 957 876 1012 magnarum
915 942 1014 1011 quoda
1026 941 1165 997 nonnrrllis
1177 957 1257 996 ovum
1270 942 1367 999 Noctis
1381 943 1464 998 inisse
1477 945 1600 999 traditur.
1642 944 1706 1015 lpse

86 1036 186 1084 rerum,
207 1019 291 1075 veluti
311 1036 361 1091 per
379 1019 447 1076 solis
464 1019 554 1075 radios
569 1020 724 1087 neutros,
743 1020 877 1076 desideria
915 1030 1007 1076 antem
1019 1037 1056 1076 ex
1076 1021 1154 1075 Chao
1174 1027 1202 1074 et
1220 1019 1285 1075 deos
1304 1030 1333 1076 et
1345 1038 1388 1076 res
1400 1024 1539 1078 universas
1553 1025 1706 1094 progenuit.

85 1116 181 1154 eorum
196 1109 368 1155 renovantur.
914 1099 982 1167 Ejus
989 1110 1079 1155 autem
1090 1098 1217 1154 attributa
1224 1107 1360 1171 ponuntur
1372 1117 1486 1157 numero
1495 1110 1617 1173 quatuor,
1628 1111 1657 1158 ut
1670 1104 1707 1159 sit

914 1180 1007 1234 inians
1019 1187 1173 1249 perpetuus,
1184 1195 1280 1243 caecus,
1289 1181 1385 1245 nudus,
1393 1181 1560 1253 sagittarius.
1601 1182 1666 1237 Fuit
1678 1192 1707 1238 et

914 1257 999 1313 Amor
1012 1259 1122 1330 quidam
1135 1258 1213 1322 alter,
1226 1257 1348 1313 Deorum
1360 1267 1425 1314 natu
1438 1261 1574 1326 minimus,
1588 1258 1706 1317 Veneris

123 1327 263 1384 Efflssii
289 1328 381 1383 sabuli
405 1335 529 1384 nmini
554 1327 589 1384 (¹0
601 1327 729 1395 Tiih0¹¹⁰s
752 1345 815 1384 ‘um
841 1329 877 1385 &b
914 1338 1000 1403 tiliusi
1021 1339 1049 1393 in
1071 1354 1152 1410 quem
1170 1338 1253 1392 etiam
1268 1337 1428 1410 antiquioris
1442 1340 1571 1395 attributa
1590 1342 1705 1395 transis·

85 1407 193 1463 Aurora
205 1409 359 1464 adamatum
379 1407 472 1474 fuisse,
486 1424 547 1478 quta
564 1416 723 1478 perpetuam
738 1408 798 1476 ejus
815 1424 876 1464 con·
913 1424 1015 1482 rnntnn,
1029 1425 1058 1473 ee
1070 1417 1187 1488 qnndnni
1200 1416 1280 1471 inodo
1293 1426 1456 1489 competunt

84 1488 256 1542 suetudinem
280 1496 421 1559 exoptans,
445 1503 463 1541 a
485 1485 555 1541 love
577 1486 663 1557 petiit,
688 1495 718 1541 ut
741 1487 875 1543 Tithonus
953 1496 1058 1551 linbnln
1069 1497 1104 1550 nti
1121 1494 1255 1551 cunabula
1272 1504 1376 1552 narum
1395 1498 1511 1568 pertinet
1527 1503 1555 1553 et
1572 1504 1704 1568 penetrat,

84 1583 225 1638 neumam
252 1567 320 1622 mori
348 1573 454 1637 noant:
494 1581 588 1621 verum
614 1566 720 1621 incuria
750 1566 874 1623 muliebri
913 1574 998 1630 Amor
1017 1575 1069 1631 iste
1082 1575 1189 1630 videtur
1200 1592 1260 1630 esse
1274 1577 1419 1646 appetitus,
1440 1578 1496 1631 sive
1509 1575 1635 1632 stmulm
1648 1595 1705 1632 ma-

84 1646 170 1700 oblita
181 1656 224 1701 est
236 1645 360 1716 petitioni
369 1662 426 1701 suar
434 1651 462 1700 et
470 1644 538 1699 illud
546 1645 673 1710 inserere,
683 1654 713 1699 ut
722 1662 772 1699 nec
785 1662 876 1701 seam
913 1655 989 1710 terim
1007 1656 1111 1726 primm,
1131 1654 1188 1710 sive
1204 1656 1246 1723 (ut
1264 1654 1426 1726 explicatius
1440 1654 1596 1728 loquamur)
1615 1664 1705 1712 motus

84 1734 144 1781 tute
157 1732 324 1798 gravaretur.
365 1725 460 1796 ltaque
471 1724 603 1779 moriendi
615 1724 733 1779 conditio
743 1724 768 1779 ei
783 1733 875 1796 erepta
911 1733 1043 1789 nnmnnlin
1056 1734 1148 1789 atoni,
1180 1733 1248 1789 Hine
1263 1735 1336 1788 enini
1349 1742 1391 1789 ent
1404 1734 1503 1790 illinis
1516 1735 1706 1807 antiqniniinin

83 1813 133 1871 Νι
147 1806 256 1860 “nium
275 1813 366 1860 “illem
384 1811 506 1858 “illium
524 1811 566 1858 0⁸²
582 1803 681 1858 mitum
699 1813 726 1858 01
744 1804 874 1859 mimu-
912 1820 939 1868 et
953 1813 1110 1886 unicaqute
1123 1829 1159 1868 ex
1174 1814 1290 1867 materia
1303 1814 1578 1870 omniaconstituitet
1590 1815 1704 1887 affingit.

83 1884 157 1950 dum,
171 1884 252 1957 quale
270 1890 481 1938 consentaneum
500 1891 550 1949 est,
565 1882 672 1938 evenire
690 1883 725 1949 ei,
739 1883 784 1938 cui
802 1900 874 1940 mors
912 1892 955 1945 Ea
976 1892 1087 1947 omnino
1106 1892 1166 1947 sinc
1187 1901 1300 1963 parente
1321 1901 1380 1959 esti
1408 1894 1437 1949 id
1459 1901 1508 1959 est,
1529 1893 1588 1948 sinc
1611 1911 1703 1950 causa.

83 1972 207 2036 negatur,
222 1971 288 2019 iiiii
300 1971 434 2034 perpetim
446 1962 617 2033 intimi&
657 1961 734 2016 Adeo
747 1970 778 2016 ut
797 1960 875 2034 Jupi·
913 1971 1003 2026 Causa
1015 1973 1088 2026 enim
1106 1972 1218 2026 effectus
1231 1971 1314 2027 veluti
1328 1988 1426 2042 parens
1438 1979 1498 2029 este
1518 1971 1599 2043 hujus
1612 1981 1705 2028 autern

83 2051 133 2107 ter.
157 2042 313 2112 huiusmodi
337 2051 438 2097 sortem
457 2041 610 2106 miseratus,
631 2041 739 2096 undem
762 2058 825 2096 eun
845 2043 873 2097 in
912 2051 1020 2106 virtum
1041 2067 1124 2106 musa
1142 2050 1218 2105 nutis
1235 2057 1326 2121 ponat
1349 2067 1409 2106 esse
1431 2051 1461 2106 in
1483 2058 1581 2106 naurs
1602 2052 1704 2121 (Deum

82 2123 206 2177 cicadam
219 2123 387 2176 converterit·
912 2130 985 2184 enim
1008 2147 1116 2201 semper
1139 2129 1312 2201 excipimus).
1367 2128 1449 2186 Nihil
1469 2129 1543 2186 enim
1567 2129 1618 2185 hac
1642 2132 1704 2202 ipsa

122 2202 194 2256 Haee
215 2201 308 2256 fabulis
326 2200 468 2272 ingenim
491 2199 661 2256 adumbratio
681 2205 709 2254 ei
730 2198 874 2270 deicripiio
912 2209 999 2279 priusi
1021 2210 1114 2281 itaque
1128 2208 1247 2264 efficiens
1259 2208 1352 2264 ntillat
1372 2226 1460 2282 neque
1479 2208 1582 2280 aliquid
1599 2218 1704 2267 naturas

81 2280 230 2352 voluptatis
251 2297 309 2335 esse
327 2280 446 2344 videtnr;
467 2297 528 2351 quta
545 2296 563 2334 a
580 2278 722 2350 principio,
736 2278 811 2332 velut
823 2280 874 2334 sub
911 2288 1017 2353 notin„
1033 2304 1157 2359 agonen
1164 2303 1310 2359 genuinis
1324 2289 1427 2354 iorni„
1443 2289 1618 2360 qnnmnbienn
1631 2307 1704 2361 qun.

81 2367 193 2431 tempus
206 2359 327 2425 Aurora,
341 2360 409 2414 adeo
422 2369 501 2430 grau
513 2367 563 2422 est.
576 2357 743 2413 utnomines
757 2359 873 2413 votatn.
911 2384 1017 2438 cunque
1031 2367 1185 2422 estendam
1198 2365 1241 2432 sit,
1255 2367 1371 2437 positiva
1384 2375 1425 2423 est
1442 2368 1573 2424 etsurda
1612 2368 1703 2441 aque

80 2440 155 2494 mant
168 2448 200 2494 ιιι
214 2439 314 2510 gaudia
325 2438 479 2507 hujusmodi
500 2438 554 2493 sibi
571 2445 702 2508 perpetua
718 2443 745 2491 et
764 2438 874 2508 propria
912 2447 994 2500 etiam
1007 2447 1032 2501 ni
1045 2447 1141 2502 inndnn
1161 2447 1221 2514 njnn
1234 2455 1261 2500 et
1277 2463 1419 2518 processui
1437 2447 1502 2502 icini
1514 2448 1638 2511 dinem„
1660 2456 1703 2503 tn.

81 2520 147 2584 sint,
161 2518 241 2573 obliti
255 2518 406 2572 satietatem
421 2526 448 2572 et
460 2518 569 2573 ιωιιιιιιιι
583 2533 684 2581 eorum,
699 2515 783 2571 instar
795 2518 873 2583 senii,
912 2542 975 2579 nien
987 2542 1037 2596 per
1046 2541 1155 2581 eausam
1163 2525 1227 2580 sciri
1237 2540 1292 2579 non
1305 2532 1409 2595 potesti
1423 2544 1485 2581 cum
1494 2527 1530 2581 sit
1543 2536 1603 2598 post
1613 2527 1704 2582 Deum

81 2598 150 2669 ipsis
170 2615 227 2652 noa
240 2597 420 2669 cogitantibus
434 2597 590 2651 obventura
639 2594 717 2650 Adeo
730 2603 760 2650 ut
777 2596 811 2649 ad
825 2613 874 2651 ex·
911 2620 993 2658 eausa
1005 2621 1155 2670 esumrum,
1168 2604 1230 2674 ipsa
1249 2604 1431 2660 incessabilis.
1470 2606 1568 2677 Neque
1590 2605 1703 2662 fortasse

81 2686 208 2740 uernum,
221 2694 284 2731 cum
297 2677 417 2731 actiones
430 2675 589 2747 voluptariae
602 2674 727 2730 homines
740 2674 873 2740 deserant,
911 2684 1021 2738 moduni
1038 2685 1097 2752 ejnn
1109 2684 1180 2738 inni
1196 2683 1399 2755 inquisitionem
1414 2684 1562 2740 hnnnnnni
1575 2685 1641 2751 sinti,
1656 2693 1705 2741 nni

79 2757 182 2827 cupido
196 2773 261 2811 vero
273 2763 300 2810 et
311 2756 425 2810 affectus
437 2770 492 2809 non
505 2755 659 2818 moriantur,
673 2753 732 2808 fieri
745 2752 831 2809 soleat
844 2763 875 2810 ut
911 2762 1105 2833 comprehendi
1124 2779 1204 2835 posse
1228 2762 1389 2833 sperandum
1409 2772 1465 2828 esti
1492 2764 1584 2835 itaque
1606 2766 1704 2819 merito

79 2836 209 2891 homines
226 2836 392 2890 sermonibus
410 2843 515 2888 tantum
537 2842 565 2887 et
577 2832 874 2889 commemorationibus
912 2843 1023 2913 fingitur
1036 2842 1243 2896 nenninNoete
1257 2841 1411 2907 exclusum
1432 2850 1505 2898 cente
1520 2849 1627 2898 rancun
1643 2843 1704 2913 phi.

78 2932 176 2971 cunm
186 2931 285 2981 rerum,
296 2914 608 2986 quaerimoniarum
618 2911 748 2984 voluptati
759 2912 873 2980 nerunt,
911 2920 1043 2993 tosopnus
1070 2922 1109 2976 its
1135 2921 1307 2992 pronuntiat:
1342 2928 1358 2954 ⁴⁴
1372 2920 1477 2977 caneto
1499 2922 1563 2978 tecit
1588 2921 1704 2993 putenm

76 3012 109 3050 se
124 2994 271 3050 oblectent
311 2994 388 3055 Quod
397 2994 426 3048 in
438 2993 590 3048 libidinosis
600 3002 627 3048 et
640 2993 704 3049 viris
714 2991 874 3050 militaribus
912 3002 1119 3072 tempestatibus
1132 3001 1196 3068 suis,
1211 3000 1381 3056 aimundum
1394 3001 1502 3058 tradidit
1514 3002 1703 3073 disputationi.

76 3074 140 3130 seri
162 3075 293 3139 videmus
307 3092 369 3129 cum
386 3072 428 3127 illi
441 3073 591 3144 impudicos
605 3089 751 3136 sermones,
764 3072 795 3126 bi
810 3072 874 3127 raci-
911 3081 962 3135 bus
983 3098 1084 3146 eorum,
1105 3082 1144 3135 its
1158 3088 1249 3135 nmen
1268 3088 1300 3136 ut
1320 3098 1376 3135 non
1395 3081 1517 3136 inveniat
1529 3080 1612 3136 homo
1625 3098 1703 3152 opus,

75 3171 148 3209 Νη
161 3171 213 3211 ⁸11⁸
228 3160 380 3220 remisiti·
393 3152 546 3209 &militum
566 3168 650 3218 ⁰¹⁰1&
662 3168 776 3222 (tumim
796 3152 874 3224 Vigor
912 3157 985 3231 quod
997 3168 1122 3230 operatas
1135 3160 1535 3233 estDeusaprincipiousque
1548 3160 1701 3216 adfinem.’'

77 3242 186 3289 tantmn
200 3234 231 3288 in
244 3250 310 3289 voce
323 3240 374 3288 est.
911 3236 972 3294 Lex
986 3240 1059 3295 enim
1073 3239 1221 3295 summaria
1232 3246 1345 3306 naturas,
1360 3240 1416 3294 sive
1430 3240 1514 3295 virtus
1529 3240 1608 3295 istius
1621 3239 1704 3310 Cupi-

911 3318 990 3383 dinis,
1004 3318 1091 3374 indita
1104 3319 1200 3390 primis
1210 3336 1300 3374 rerum
1314 3318 1453 3390 particulis
1466 3336 1484 3374 a
1496 3319 1557 3374 Deo
1566 3320 1704 3376 adcoitio·

910 3414 982 3464 nem,
993 3416 1029 3453 er
1039 3400 1116 3468 cujus
1126 3398 1285 3469 repetitione
1295 3406 1322 3453 et
1329 3397 1551 3470 multiplicatione
1562 3400 1649 3454 omnis
1661 3417 1704 3455 re-

119 3480 374 3551 Naaaartrpoitm
387 3479 492 3544 lovem,
507 3487 538 3534 ut
551 3479 689 3533 amoribus
702 3478 759 3535 suis
772 3479 873 3550 potire·
911 3495 970 3531 rum
994 3479 1112 3533 varietas
1135 3478 1250 3550 emergit
1277 3485 1304 3532 et
1326 3479 1477 3544 conflatori
1511 3478 1704 3550 cogitationem

76 3568 133 3624 tur,
147 3559 248 3615 multas
260 3568 289 3614 et
300 3560 389 3614 varias
399 3559 500 3615 formas
510 3557 667 3628 sumpsisse,
677 3558 756 3624 tauri,
766 3559 872 3630 aquilae,
911 3557 1065 3612 mortalium
1089 3558 1271 3630 perstringere
1293 3564 1392 3628 potest,
1415 3558 1504 3612 subire
1529 3558 1578 3613 vix
1601 3566 1701 3629 potest.

76 3639 169 3711 cycni,
183 3638 278 3693 imbris
292 3639 384 3702 aureit
413 3656 476 3693 cum
495 3645 587 3693 antem
604 3635 740 3692 lunonem
757 3638 874 3695 solicita·
910 3635 1091 3707 Philosophia
1112 3645 1202 3692 sutem
1224 3637 1379 3692 Graecorum
1402 3637 1537 3692 invenitur
1558 3637 1586 3691 in
1611 3655 1702 3692 rerum

75 3727 131 3782 ret,
145 3719 259 3773 vertisse
276 3735 306 3773 se
319 3718 348 3773 in
362 3718 475 3773 formam
489 3718 607 3771 maxime
620 3717 777 3788 ignobilem,
791 3725 873 3790 atque
911 3717 1059 3771 materiatis
1073 3716 1215 3787 principiis
1227 3717 1423 3787 investigandis
1433 3717 1520 3795 ptagis
1531 3723 1611 3770 scuta
1623 3724 1651 3770 et
1660 3733 1703 3771 so·

75 3799 250 3869 contemptui
263 3805 293 3852 et
309 3797 426 3852 ludibrio
445 3797 604 3868 expositam.
645 3796 687 3850 Ea
709 3796 761 3851 tuit
780 3798 873 3854 miseri
911 3794 1000 3860 licita;
1022 3796 1050 3848 in
1070 3796 1209 3866 principiis
1230 3804 1321 3851 autem
1340 3805 1431 3850 motus
1448 3798 1490 3864 (in
1504 3796 1601 3868 quibus
1615 3796 1703 3850 omnis

75 3876 179 3941 manli,
202 3876 287 3931 imbre
308 3886 337 3930 et
360 3884 519 3947 tempestate
541 3874 686 3931 madefacti
708 3883 738 3930 et
758 3878 872 3944 aconiti,
911 3875 1078 3944 operationis
1097 3874 1176 3947 rigor
1195 3875 1330 3945 consistit)
1350 3875 1494 3947 negligens
1517 3883 1544 3930 et
1565 3873 1702 3946 languida.

76 3956 260 4021 tremebundi,
274 3962 302 4011 et
315 3957 490 4011 semimortui.
912 3953 945 4007 ln
968 3953 1020 4008 hoc
1039 3962 1138 4019 autem,
1152 3954 1186 4009 de
1208 3971 1262 4026 quo
1281 3954 1395 4026 agimus,
1409 3971 1520 4026 prorsus
1537 3955 1661 4009 caecutire
1674 3961 1703 4010 et

120 4035 245 4090 Prudens
268 4035 361 4090 fabula
384 4044 433 4101 est,
458 4044 486 4089 et
507 4051 543 4090 ex
562 4035 666 4090 intimis
686 4034 807 4090 moribus
826 4036 873 4091 de·
910 4032 1044 4087 balbutire
1064 4034 1185 4088 videtur:
1215 4035 1317 4088 etenim
1338 4033 1578 4103 Peripateticorum
1601 4034 1701 4105 opinio,

74 4122 200 4184 sumpta
241 4114 341 4170 Senatu
354 4113 679 4178 verotaliqnenomines
692 4113 807 4169 nimium
820 4114 873 4169 sibi
910 4111 944 4167 de
958 4111 1068 4167 stimulo
1083 4114 1204 4168 materia
1221 4129 1272 4183 per
1293 4112 1480 4183 privationem,
1495 4113 1550 4167 iere
1564 4130 1618 4167 non
1632 4113 1703 4168 ultra

75 4193 217 4266 placeant,
240 4194 424 4249 existimantes
447 4194 554 4248 virtutis
579 4211 637 4249 suae
663 4194 802 4265 specimen
825 4211 873 4249 eos
911 4191 994 4246 verba
1006 4192 1098 4257 tendit,
1111 4199 1140 4245 et
1149 4209 1207 4246 rem
1217 4192 1308 4262 potius
1321 4199 1406 4256 sonat,
1418 4209 1499 4263 quam
1513 4193 1611 4263 signat.
1650 4193 1702 4254 Qui

76 4274 153 4344 apud
167 4290 261 4328 omnes
274 4274 303 4328 in
322 4274 410 4345 pretio
430 4279 459 4327 et
478 4274 567 4344 gratia
587 4290 688 4346 ponere
710 4289 799 4343 posse.
841 4274 873 4328 ld
910 4278 1000 4326 autem
1021 4271 1073 4325 hoc
1092 4270 1128 4325 ad
1145 4271 1235 4326 Deum
1259 4271 1384 4335 referunt,
1403 4271 1505 4341 optime
1525 4271 1565 4325 illi
1584 4271 1701 4342 quidem,

76 4354 156 4409 enim
171 4352 313 4408 succedere
326 4369 376 4422 pro
391 4361 489 4407 natura
502 4361 528 4406 et
549 4353 667 4407 moribus
688 4369 791 4415 eorum,
805 4370 872 4424 qnos
910 4350 959 4405 sed
972 4351 1051 4416 saltu,
1066 4366 1120 4405 non
1134 4350 1219 4422 gradu
1232 4350 1393 4406 ascendunt:
1414 4357 1456 4405 est
1471 4352 1544 4405 enirn
1562 4351 1702 4423 proculdu·

75 4432 207 4488 ambiunt
227 4438 255 4486 et
266 4432 375 4497 colunti
396 4432 443 4503 qui
461 4432 484 4485 si
501 4431 626 4486 homines
642 4440 703 4486 sunt
721 4430 804 4485 nullis
818 4432 872 4503 ipsi
910 4429 956 4483 bio
969 4430 1050 4486 unica
1063 4438 1090 4484 et
1103 4430 1249 4484 summaria
1263 4428 1316 4493 lex,
1325 4429 1355 4483 in
1366 4446 1447 4499 qnam
1461 4437 1557 4485 natura
1569 4431 1631 4496 coit,
1641 4431 1703 4486 Deo

75 4513 189 4567 dotibus
203 4519 231 4565 et
243 4511 409 4566 ornamentis
422 4511 562 4581 insignitii
584 4512 632 4565 sed
641 4518 745 4565 tantum
762 4512 873 4582 ingenio
910 4509 1071 4564 substituta:
1092 4525 1125 4563 ea
1138 4509 1206 4580 ipsa,
1220 4526 1282 4581 qua
1294 4509 1323 4562 in
1336 4509 1474 4579 superiore
1488 4517 1565 4564 textu
1578 4510 1626 4563 illo
1639 4527 1701 4564 ver-

75 4600 145 4647 snnt
158 4591 277 4661 superbo
286 4599 313 4646 et
326 4591 455 4662 maligno,
466 4590 506 4661 (id
520 4591 591 4662 quod
601 4589 652 4645 sub
662 4589 873 4660 figuralunonis
910 4587 1006 4643 borum
1018 4586 1162 4659 complexu
1175 4588 1381 4643 demonstratur.
1423 4593 1439 4620 ‘⁶
1453 4589 1537 4659 Opus,
1551 4589 1623 4660 quod
1639 4606 1704 4659 ope·

75 4672 311 4741 repraesentatae)
324 4680 380 4724 tum
397 4686 460 4724 vero
472 4669 563 4724 norint
576 4669 627 4725 sibi
638 4669 789 4723 exuendam
799 4687 873 4740 pror·
910 4676 984 4723 ratus
997 4675 1038 4722 est
1050 4667 1126 4722 Deus
1146 4684 1164 4721 a
1182 4666 1318 4738 principio
1333 4684 1419 4738 usque
1440 4668 1475 4722 ad
1496 4669 1603 4722 tinem.”
1645 4667 1702 4721 De-

75 4767 127 4807 sus
141 4766 203 4805 esse
224 4765 331 4804 omnem
348 4765 499 4820 personam,
514 4765 575 4819 qum
593 4747 637 4803 vel
657 4748 798 4804 minimum
816 4765 873 4818 prm
910 4746 1038 4802 mocritus
1051 4754 1148 4812 autem,
1163 4746 1209 4817 qui
1223 4745 1303 4800 altius
1317 4763 1375 4800 rem
1394 4748 1542 4817 perpendit,
1558 4755 1702 4817 postquam

75 4830 188 4885 scierat
198 4828 303 4883 decoris
316 4828 504 4900 etdignitatis:
519 4837 601 4900 atque
609 4826 734 4898 decipere
744 4844 774 4882 se
783 4827 872 4898 plane,
910 4834 1030 4881 atomum
1048 4825 1215 4881 dimensione
1234 4824 1372 4891 nonnulla,
1386 4834 1414 4880 st
1431 4827 1519 4898 figura
1532 4826 1701 4891 instruxerat,

75 4909 102 4964 si
116 4908 175 4963 alia
188 4908 234 4961 via
246 4907 389 4971 insistenti
403 4924 491 4979 neque
505 4908 637 4962 sndsessc
650 4906 674 4961 si
689 4907 812 4978 obsequii
825 4907 872 4963 de·
910 4905 1019 4960 unicum
1033 4903 1195 4975 Cupidinem
1208 4905 1265 4958 sive
1279 4912 1382 4959 motum
1401 4906 1519 4975 primum
1533 4906 1559 4959 ei
1580 4905 1702 4960 attribuit

74 4987 246 5043 formitatem
269 4992 406 5056 praestant,
429 4986 483 5041 nisi
503 4987 612 5042 omnino
635 5003 664 5041 se
682 4985 711 5041 in
730 5003 873 5058 personam
910 4985 1079 5054 simpliciter,
1102 4990 1186 5039 etex
1208 4984 1408 5053 comparatione
1429 4983 1551 5039 alterum.
1603 4983 1703 5040 Omnia

75 5068 217 5137 ιὴιωιιιιιι
229 5072 257 5120 et
269 5067 431 5138 degenerem
443 5073 556 5122 mutent.
911 5064 984 5118 enim
998 5062 1032 5117 ad
1046 5071 1167 5118 ceruum
1180 5062 1274 5117 mundi
1290 5063 1354 5118 ierri
1365 5064 1471 5134 putarit
1484 5062 1608 5133 proprie;
1629 5065 1700 5134 quod

909 5148 1002 5197 autent
1014 5140 1076 5213 plus
1088 5142 1209 5197 materias
1221 5142 1314 5210 habet,
1327 5159 1390 5196 cum
1403 5141 1516 5197 celerius
1530 5142 1565 5196 ad
1578 5149 1700 5199 centrum

911 5222 1019 5287 ieratur,
1038 5220 1113 5286 illud,
1128 5221 1199 5293 quod
1218 5222 1308 5277 minus
1326 5220 1416 5287 habet,
1437 5221 1609 5291 pemuasione
1627 5238 1700 5277 sum·

117 5301 191 5363 Qua
205 5300 239 5355 de
253 5300 387 5370 Cupidine
402 5302 458 5356 sive
474 5302 572 5356 Amore
586 5302 659 5357 dicta
672 5299 871 5370 suntspoiitis,
909 5317 1018 5356 movere
1031 5300 1102 5356 etin
1115 5301 1279 5355 contrarium
1293 5299 1405 5371 pellere.
1435 5299 1536 5355 Verum
1550 5301 1602 5354 ista
1614 5301 1701 5355 medi·

75 5382 107 5436 in
121 5380 237 5435 eandem
249 5397 391 5450 personam
402 5381 509 5452 proprie
522 5383 664 5438 convenire
678 5398 732 5437 non
745 5387 871 5452 possum:
910 5380 978 5435 tatio
992 5389 1107 5452 angusta
1121 5380 1178 5446 fuit,
1192 5386 1221 5434 et
1234 5380 1268 5434 ad
1281 5379 1410 5451 pauciora
1423 5396 1504 5450 quarn
1518 5396 1568 5450 par
1584 5390 1642 5435 erat
1661 5397 1702 5435 re-

76 5461 118 5516 ita
132 5468 227 5515 tamen
241 5459 402 5532 discrepant,
416 5469 445 5516 ut
459 5458 581 5516 confusio
594 5478 771 5532 personarum
784 5459 872 5530 rejici·
909 5459 1037 5534 spiciens.
1075 5459 1175 5531 Neque
1189 5459 1263 5516 enim
1275 5466 1324 5514 aut
1340 5474 1484 5531 corporum
1502 5458 1652 5517 coelestiurn
1672 5459 1703 5519 in

257 1237 306 1278 XV.
326 1237 476 1286 TITHONUS,
492 1236 708 1277 altaserram.

191 3371 249 3411 XVI.
271 3371 381 3411 PBOCUS
401 3370 530 3421 ῙΠΝΟΝῙΕ,
552 3370 615 3409 SIVE
634 3369 768 3409 umacus.

260 5208 331 5248 nvn.
359 5209 470 5258 CUPIDO,
491 5209 554 5248 ΕΗΒ
573 5210 696 5250 ATOHUS.
