3800 5875
64 329 127 385 Lra.
145 330 182 385 11.
699 331 838 387 NOVUM
860 332 1061 388 ORGANUM.
1639 333 1697 389 499

64 489 154 554 hitur;
176 505 266 561 neque
280 488 376 560 incipit
394 495 483 545 motus
504 490 555 545 iate
577 490 757 546 successionis
776 508 862 562 aquae,
901 490 950 546 lit:
971 507 1060 563 neque
1075 491 1102 545 id
1116 490 1304 561 imputandum
1319 497 1359 546 est
1373 490 1456 546 elicui
1470 487 1646 561 deperditioni
1661 512 1697 550 ex

64 577 212 640 antequam
238 570 287 623 fiat
310 570 441 624 extinctio
464 570 590 635 flamma,
618 575 666 624 aut
692 570 863 641 refrigeratio
889 579 1004 642 quanto
1016 570 1085 641 ligni
1099 587 1148 641 per
1168 587 1290 635 moram;
1311 586 1375 624 nam
1395 571 1468 625 idem
1489 572 1536 625 fiet
1553 571 1582 625 in
1595 571 1698 629 lamina

64 648 150 703 aeris:
173 649 242 709 adeo
255 654 285 703 nt
299 649 407 713 medici,
417 665 472 720 quo
482 650 579 705 fortius
589 649 726 704 attrahant
735 657 862 713 ventose,
901 651 966 703 ferri
985 651 1021 721 (si
1043 657 1175 721 augeatur
1195 650 1283 718 mora)
1304 667 1365 720 quse
1386 666 1441 704 uon
1462 659 1504 705 est
1527 651 1695 721 expirabilis.

64 736 166 799 ponant
192 728 324 800 spongias
350 727 464 799 frigidas
491 745 563 800 aqua
589 729 755 783 madefactas
781 746 863 799 super
901 728 1026 789 Quodsi
1050 746 1104 783 non
1129 730 1256 784 succedat
1278 729 1494 798 experimentum
1518 747 1568 801 per
1594 748 1697 787 moram

63 817 199 862 ventosas.
242 808 527 878 ltaquenonest‚cur
540 808 667 863 homines
680 807 795 863 multum
809 808 861 861 sibi
900 807 1069 878 simplicetur
1098 815 1190 862 tamen
1211 825 1265 862 uon
1287 808 1465 864 deserendum
1486 819 1529 864 est
1549 811 1695 880 negotium,

64 894 185 943 metuant
197 887 232 941 de
245 887 322 942 facili
340 888 415 942 exitu
435 887 508 943 atris
529 895 576 942 aut
592 888 744 959 spirituum.
784 887 862 941 Licet
900 888 947 941 sed
962 886 1133 941 auxiliaalia
1147 887 1309 942 adhibenda.
1350 889 1415 943 Non
1430 888 1503 943 enim
1517 905 1615 959 parum
1628 889 1696 944 lueri

64 968 135 1023 enim
157 984 253 1022 rerum
274 966 319 1032 sit,
334 967 416 1022 etiam
437 967 602 1021 solidissima
624 983 739 1037 corpora
759 965 862 1021 habere
901 967 938 1031 fit,
954 967 1041 1036 siper
1054 966 1195 1021 violentias
1212 967 1268 1020 indi
1290 967 1397 1037 possint
1413 969 1570 1038 corporibus
1592 976 1696 1024 naturae

64 1064 126 1103 suos
138 1064 230 1118 poros,
242 1056 334 1101 tamen
347 1064 420 1117 aegre
435 1047 536 1117 patitur
549 1045 652 1104 aeraut
666 1046 777 1117 spiritus
791 1064 862 1101 com·
900 1046 963 1099 fixae
984 1053 1012 1099 et
1032 1053 1195 1100 constantes.
1238 1046 1300 1100 Hac
1321 1046 1394 1100 enim
1416 1048 1520 1102 ratione
1541 1046 1589 1102 a'er
1610 1049 1697 1120 possit

63 1129 241 1183 minutionem
265 1126 307 1182 sui
329 1127 365 1181 ad
386 1134 490 1180 tautam
511 1127 706 1191 subtilitatem,
735 1127 861 1198 quemad·
900 1125 970 1182 verti
992 1125 1141 1196 inaquam
1163 1126 1472 1195 percondensationes:
1504 1134 1531 1181 et
1554 1127 1696 1198 complura

63 1207 172 1262 modum
181 1214 211 1260 et
220 1224 294 1279 aqua
305 1207 380 1261 exire
390 1214 496 1261 recusat
505 1222 555 1276 per
565 1205 661 1260 rimam
672 1206 859 1261 minusculam.
899 1203 955 1258 alia
976 1204 1005 1257 id
1021 1220 1117 1275 genus.
1158 1205 1292 1259 Dominus
1314 1206 1387 1258 euim
1407 1212 1449 1260 est
1468 1204 1552 1260 homo
1573 1215 1694 1262 motuum

99 1286 142 1342 De
158 1286 281 1342 secundo
292 1302 358 1340 vero
372 1285 452 1341 modo
465 1303 502 1340 ex
521 1292 627 1356 septem
642 1284 780 1356 praedictis
793 1285 861 1340 illud
899 1282 1079 1338 violentorum
1092 1283 1180 1355 magis
1195 1301 1275 1355 quarn
1289 1291 1455 1339 ceterorum.

62 1366 199 1437 imprimis
213 1365 363 1420 notandum
384 1373 434 1430 est,
448 1364 539 1420 valere
556 1372 629 1419 certe
646 1366 861 1435 compressiones
938 1362 975 1417 At
986 1364 1081 1418 tertius
1094 1380 1130 1418 ex
1147 1374 1252 1432 septem
1270 1365 1357 1418 modis
1375 1365 1490 1419 refertur
1509 1365 1543 1419 ad
1564 1382 1693 1437 magnum

62 1453 89 1499 et
109 1445 271 1515 huiusmodi
291 1444 436 1499 violentias
456 1445 492 1500 ad
510 1453 613 1499 motum
632 1443 756 1510 localem,
778 1452 859 1516 atque
899 1441 967 1497 illud
978 1459 1118 1513 organum,
1127 1450 1180 1497 tam
1191 1449 1297 1497 naturae
1307 1460 1389 1515 quam
1397 1445 1471 1511 artis,
1482 1444 1569 1515 quoad
1580 1461 1693 1514 operan-

61 1524 117 1578 alia
130 1526 160 1580 id
174 1541 270 1597 genus,
285 1524 488 1594 potentissime,
509 1530 540 1576 ut
553 1524 582 1578 in
596 1523 731 1579 machinis
749 1528 777 1578 et
797 1525 860 1579 mis
898 1521 979 1586 dum3
1001 1521 1127 1576 videlicet
1137 1521 1255 1576 calidum
1273 1530 1300 1577 et
1317 1523 1454 1593 frigidum.
1494 1524 1582 1595 Atque
1597 1525 1625 1577 in
1639 1524 1692 1578 bac

62 1604 176 1660 silibus:
203 1605 289 1658 etiam
309 1604 343 1657 ad
361 1604 572 1658 destructionem
591 1603 712 1673 corporis
729 1604 859 1673 organici,
898 1611 977 1671 parte
990 1600 1124 1655 claudicat
1136 1600 1215 1670 plane
1229 1603 1352 1672 potentia
1370 1602 1496 1668 humana,
1510 1610 1642 1675 tanquam
1656 1621 1692 1658 ex

61 1691 144 1756 atque
159 1701 254 1738 esrum
265 1684 402 1748 virtutum,
413 1701 474 1755 quaa
483 1682 635 1737 consistunt
644 1681 725 1753 plane
734 1683 764 1735 in
775 1689 858 1738 motu
897 1697 953 1735 uno
966 1681 1044 1751 pede.
1087 1681 1228 1735 Habemus
1237 1682 1309 1736 enim
1321 1680 1438 1736 calorern
1447 1682 1528 1753 ignis,
1540 1683 1586 1754 qui
1597 1682 1692 1737 calori-

62 1764 159 1818 Omnis
174 1763 248 1818 enim
261 1764 325 1828 rita,
339 1764 423 1817 immo
436 1763 519 1817 etiam
539 1761 627 1817 omnis
644 1762 754 1816 flamma
772 1770 800 1816 et
815 1763 858 1833 ig·
898 1761 948 1815 bus
963 1760 1028 1816 solis
1044 1762 1136 1831 (prout
1149 1761 1183 1816 ad
1196 1777 1247 1815 nos
1260 1760 1429 1828 deferuntur)
1444 1768 1471 1814 et
1484 1761 1617 1817 caloribus
1631 1763 1688 1816 ani-

61 1844 139 1908 nitio‚
161 1843 309 1898 destruitur
331 1858 380 1912 per
401 1842 633 1913 compressionem
667 1849 699 1896 ut
720 1849 749 1895 et
771 1843 859 1897 omnis
897 1840 1019 1905 analium,
1035 1840 1111 1912 quasi
1124 1840 1236 1894 infinitis
1253 1840 1374 1910 partibu‘s
1394 1840 1530 1911 potentior
1549 1845 1591 1896 est
1609 1849 1636 1896 et
1648 1843 1690 1896 in·

62 1922 190 1977 machina
216 1922 398 1992 corrumpitur
424 1929 452 1976 et
473 1919 646 1976 confunditur
670 1937 719 1991 per
740 1921 857 1976 easdem
899 1920 1008 1974 tensior.
1048 1921 1087 1975 At
1100 1920 1177 1974 deest
1189 1918 1284 1990 frigus,
1295 1920 1348 1976 nisi
1363 1920 1442 1990 quale
1456 1936 1506 1991 per
1518 1928 1690 1991 tempestates

61 2001 153 2057 Etiam
168 2002 203 2056 ad
217 2002 427 2057 destructionem
441 2002 579 2066 anunm,
593 2019 653 2073 quer
666 2000 816 2056 consimunt
830 2002 859 2056 in
897 1998 1039 2063 hiemales,
1057 2006 1104 2053 sut
1120 2016 1170 2069 per
1183 2014 1322 2063 cavernas,
1339 2008 1385 2054 aut
1398 2016 1448 2069 per
1467 1999 1690 2056 circumdationes

62 2082 199 2150 posituris,
213 2089 240 2135 et
254 2080 467 2135 dissimilaritate
481 2080 602 2152 partium
614 2079 697 2150 paulo
710 2080 857 2147 crassiore,
897 2079 969 2134 nivis
982 2085 1011 2133 et
1024 2077 1131 2150 glaciei,
1140 2078 1236 2133 haberi
1246 2086 1350 2149 poteste
1371 2079 1442 2150 quod
1451 2079 1482 2133 in
1490 2081 1690 2151 comparatione

63 2170 92 2215 ut
105 2162 133 2215 in
147 2160 284 2216 coloribus
298 2162 401 2231 (neque
414 2161 489 2215 enirn
502 2160 574 2214 idern
585 2159 658 2214 color
672 2159 747 2214 floris
760 2161 857 2232 integri
896 2159 999 2229 aequari
1013 2165 1103 2229 potest
1115 2175 1176 2213 cum
1190 2157 1280 2212 calore
1291 2159 1405 2213 fortasse
1416 2158 1482 2214 solis
1492 2160 1650 2224 meridiano,
1660 2160 1691 2214 in

62 2249 90 2293 et
116 2239 231 2306 contusi,
254 2257 344 2312 neque
371 2240 473 2295 succini
499 2239 601 2311 integri
623 2247 653 2294 et
674 2238 858 2310 pulverizati).
896 2238 1008 2309 regione
1022 2237 1114 2309 aliqua
1127 2254 1163 2292 ex
1177 2237 1294 2302 torridis,
1308 2246 1387 2293 aucto
1404 2239 1514 2310 insuper
1534 2255 1584 2309 per
1600 2256 1690 2294 rever·

62 2319 154 2374 Etiam
175 2321 204 2375 in
225 2320 367 2391 saporibus
385 2319 487 2392 (neque
508 2319 581 2374 enim
603 2319 677 2373 idem
698 2335 779 2389 sapor
797 2320 857 2389 pyri
896 2318 1050 2372 berstiones
1068 2317 1199 2372 montium
1220 2327 1249 2371 et
1267 2319 1418 2388 parietum:
1446 2335 1510 2373 nam
1527 2318 1689 2390 hujusmodi,

62 2399 201 2454 immaurri
223 2409 251 2454 et
271 2399 394 2469 ejusdem
417 2399 566 2470 compressi
587 2416 620 2453 ac
641 2397 760 2462 subacti;
795 2413 858 2453 nam
896 2397 990 2469 utique
1004 2405 1060 2452 tarn
1073 2396 1178 2451 calores
1198 2413 1278 2468 quam
1299 2397 1408 2469 frigora,
1422 2398 1457 2452 ab
1477 2398 1640 2455 animalibus
1655 2400 1691 2455 ad

62 2479 209 2534 manifesto
229 2478 400 2534 dulcedinem
420 2479 551 2547 majorem
571 2472 716 2550 concipit).
758 2477 858 2532 Verum
897 2484 1006 2547 ternpus
1030 2477 1159 2548 exiguum
1183 2476 1292 2531 tolerari
1315 2484 1437 2548 morunt.
1483 2478 1576 2533 Nihili
1599 2485 1690 2534 autem

62 2559 96 2612 ad
110 2558 363 2613 transformationes
377 2565 406 2612 et
419 2556 595 2612 alterationes
605 2556 752 2611 nobiliores
766 2573 858 2628 corpo
897 2564 963 2611 sunt
976 2558 1032 2611 fere
1046 2573 1102 2625 praa
1120 2555 1210 2610 calore
1230 2556 1348 2611 fomacis
1367 2556 1493 2621 ardentis,
1510 2566 1558 2613 aut
1575 2557 1690 2629 alicujus

62 2656 121 2692 rurn
134 2637 298 2693 similariurn
316 2654 371 2693 non
391 2637 506 2692 multum
523 2638 617 2692 valent
634 2635 857 2701 istaviolentioe3
897 2634 1007 2707 frigoris
1016 2635 1087 2707 quod
1097 2634 1161 2689 huic
1176 2635 1272 2707 gradui
1281 2636 1451 2706 respondeat
1493 2636 1587 2709 ltaque
1599 2640 1691 2693 omnia

62 2718 127 2788 qnia
150 2734 267 2788 corpora
290 2733 339 2788 per
355 2733 402 2771 eas
421 2732 476 2771 non
496 2717 638 2789 aequimnt
655 2715 858 2770 consistentiam
896 2715 943 2769 bic
958 2715 1030 2784 apud
1047 2730 1098 2768 uos
1116 2721 1230 2787 vergunt
1248 2714 1283 2769 ad
1301 2715 1509 2770 rarefactionem
1527 2723 1555 2770 et
1572 2717 1690 2773 desicca-

62 2798 185 2867 aliquam
213 2814 311 2851 nonam
338 2803 507 2851 constantem
534 2803 563 2850 et
590 2796 783 2866 quiescentem,
810 2796 859 2850 sed
897 2794 1007 2859 tionem,
1022 2801 1050 2848 et
1063 2794 1311 2865 consumptionem
1331 2794 1404 2850 nihil
1417 2796 1473 2850 fere
1487 2794 1521 2848 ad
1541 2796 1689 2851 condensa·

62 2876 248 2931 transitoriam
261 2883 290 2931 et
303 2875 434 2931 nitentem
449 2892 559 2948 semper
571 2875 606 2929 ad
619 2874 816 2929 restitutionem
830 2883 858 2930 et
898 2875 998 2929 donem
1011 2883 1039 2928 et
1048 2873 1280 2941 inteuerstionem,
1290 2873 1343 2929 nisi
1355 2891 1404 2945 per
1413 2874 1541 2929 misturss
1555 2883 1582 2930 et
1594 2876 1689 2933 modos

62 2955 253 3011 liberationem
269 2956 320 3012 sui.
362 2956 488 3011 Attamen
505 2972 561 3010 non
575 2954 624 3009 abs
640 2972 670 3009 re
690 2954 758 3010 foret
778 2954 858 3024 hujus
898 2954 975 3025 quasi
989 2954 1105 3026 spurios.
1146 2954 1235 3014 Quare
1252 2955 1389 3010 instantias
1407 2955 1517 3026 frigoris
1536 2956 1611 3010 omni
1628 2956 1689 3011 dili-

62 3037 101 3090 τοι·
117 3036 207 3091 faeere
227 3036 416 3107 experimenta
434 3035 527 3107 aliqua
544 3034 731 3106 diligentiorsr
752 3034 788 3089 ad
805 3034 858 3089 hoc
897 3033 992 3104 gentis
1006 3040 1069 3087 sunt
1088 3034 1293 3105 conquirendae:
1315 3033 1409 3106 quales
1429 3034 1553 3089 ridentur
1573 3036 1690 3091 inveniri

62 3115 175 3181 scilieet,
194 3123 285 3170 unum
304 3115 480 3171 condensatio
498 3115 620 3184 eorporis
640 3114 709 3169 bene
730 3114 858 3170 similaris
897 3113 925 3166 iu
939 3112 1110 3184 expositione
1126 3130 1269 3185 corporum
1286 3129 1368 3185 super
1387 3120 1474 3169 turres
1493 3115 1600 3185 quando
1616 3114 1691 3187 gelat

63 3195 169 3266 (qualia
187 3203 251 3250 sunt
273 3193 329 3258 aer,
354 3212 433 3267 aqna,
455 3193 552 3257 oleum,
574 3200 602 3248 et
624 3193 791 3264 hujusmodi)
813 3203 860 3248 ant
897 3193 1010 3247 acriter:
1031 3192 1060 3246 in
1074 3194 1197 3249 cavernis
1214 3194 1413 3249 subterraneis:
1435 3193 1689 3250 eiaumdauonibus

62 3274 216 3339 rarefactio,
242 3273 367 3329 similiter
388 3291 437 3344 per
457 3273 617 3328 violentiam
637 3273 731 3339 indita,
753 3273 859 3344 possint
896 3272 968 3329 nivis
985 3278 1013 3327 et
1028 3271 1127 3343 glaciei
1147 3274 1177 3328 in
1195 3272 1263 3328 locis
1283 3272 1510 3344 profundioribus,
1531 3281 1559 3328 et
1580 3274 1616 3329 ad
1636 3275 1689 3329 boe

63 3354 120 3408 fieri
133 3362 293 3408 constantes
306 3362 334 3408 et
346 3354 417 3417 fixae,
429 3359 457 3407 et
469 3352 546 3424 quasi
560 3358 670 3407 mutata
682 3352 712 3406 in
724 3361 857 3408 naturam.
897 3352 1054 3407 excavatis:
1074 3353 1238 3408 demissione
1256 3368 1398 3424 corporum
1417 3353 1446 3407 in
1466 3360 1577 3423 puteos:
1598 3353 1689 3425 sepul-

64 3433 94 3486 ld
108 3433 181 3505 qnod
195 3433 287 3503 primo
299 3432 494 3504 experiendum
507 3449 558 3504 per
570 3448 674 3486 moram
688 3430 857 3502 simplicem
898 3432 966 3486 turis
979 3448 1123 3503 corporum
1136 3433 1165 3487 in
1179 3440 1294 3505 argento
1305 3432 1367 3487 rivo
1381 3441 1409 3487 et
1425 3432 1558 3488 metallis:
1579 3434 1688 3489 immer-

61 3511 158 3567 deinde
173 3530 226 3584 per
239 3511 343 3567 auxilia
357 3519 385 3566 et
398 3528 552 3567 consensus.
593 3510 682 3582 Atque
699 3509 859 3567 illudnobis
897 3511 974 3566 sione
987 3512 1171 3582 corporumin
1184 3513 1272 3583 aquis,
1287 3530 1348 3583 quse
1361 3518 1467 3567 vertunt
1479 3511 1555 3583 ligna
1568 3513 1597 3567 in
1617 3512 1688 3583 lapi-

62 3592 89 3645 in
111 3600 243 3664 promptu
268 3591 363 3646 fuisset
384 3591 422 3663 (si
443 3592 524 3647 modo
539 3591 570 3646 iu
586 3598 706 3646 mentem
726 3590 856 3657 venisset)
896 3590 960 3645 des:
978 3592 1130 3647 defossione
1141 3608 1283 3662 corporum
1292 3593 1321 3647 in
1332 3600 1404 3646 terra
1414 3592 1516 3663 (qualis
1526 3591 1610 3646 fertur
1617 3592 1689 3663 apud

62 3688 120 3725 cnm
150 3687 254 3743 aquarn
283 3671 329 3739 (de
357 3687 412 3742 qua
436 3671 515 3740 abbi)
543 3687 593 3740 per
619 3668 806 3725 malleationea
830 3678 859 3725 et
898 3669 1052 3726 Chinenses
1065 3687 1125 3727 esse
1138 3671 1272 3726 confectio
1288 3671 1459 3741 porcellanae,
1474 3671 1519 3725 ubi
1539 3687 1636 3726 massae
1654 3671 1690 3726 ad

62 3750 439 3819 prcoeosiacondensavimus,
449 3756 765 3821 antequamerumperet.
805 3750 859 3805 De·
897 3750 949 3804 boc
964 3751 1044 3805 factae
1057 3750 1182 3806 dicuntur
1200 3767 1309 3805 manere
1328 3751 1399 3805 intra
1418 3760 1516 3806 terram
1535 3768 1585 3821 per
1604 3752 1689 3823 quad·

61 3830 201 3886 brennius
230 3829 304 3884 enirn
328 3829 464 3900 sphaeram
495 3829 696 3900 complanatam
726 3846 775 3899 per
805 3829 857 3883 ali·
896 3830 1005 3901 raginta
1030 3837 1077 3885 aut
1102 3830 1301 3903 quinquaginta
1320 3846 1413 3895 annos,
1435 3839 1464 3885 et
1484 3831 1627 3885 transmitti
1654 3832 1689 3886 ad

62 3918 126 3980 quot
146 3911 207 3965 dies
232 3909 286 3964 sibi
307 3909 483 3981 permississe,
505 3917 533 3964 et
554 3917 611 3964 tum
635 3908 744 3963 demum
760 3924 857 3981 aquam
896 3908 1028 3974 haeredes,
1049 3917 1176 3981 tanquam
1197 3911 1309 3965 minere
1330 3910 1453 3981 quadarn
1474 3910 1641 3979 artificiales)
1660 3918 1690 3965 et

62 3990 231 4053 maxim
270 3996 301 4043 ut
328 3990 406 4043 fieret
432 3989 658 4060 experimentum,
684 3995 775 4042 utrum
802 3996 857 4043 sta·
896 3987 1061 4057 hujnrmodi.
1103 3989 1258 4050 Quinetiam
1273 4007 1334 4060 que
1347 3990 1529 4045 interveniunt
1549 3990 1578 4044 in
1592 3998 1691 4045 natura

61 4069 109 4123 tim
130 4069 280 4140 impletura
301 4067 395 4123 fuisset
416 4068 498 4124 talem
519 4068 725 4132 dimensionem,
750 4066 857 4138 qualern
896 4068 1128 4133 condensationes,
1142 4068 1220 4123 facta
1238 4085 1288 4140 per
1306 4068 1416 4139 frigora,
1431 4068 1558 4124 similiter
1574 4077 1637 4125 sunt
1649 4071 1690 4125 in·

62 4146 180 4204 habebat
194 4155 257 4203 ante
272 4147 516 4203 condennationem.
557 4146 636 4209 Quod
646 4147 669 4201 si
679 4163 735 4202 non
748 4147 858 4202 fecisset
895 4148 1078 4219 vestigandaer
1107 4156 1138 4202 ut
1163 4149 1252 4202 causis
1278 4164 1371 4203 eorum
1398 4149 1523 4220 cognitis,
1548 4151 1690 4207 transferri

62 4229 224 4292 autmanm,
239 4233 288 4282 aut
300 4234 373 4281 certe
393 4227 475 4297 paulo
492 4235 569 4298 post;
590 4234 718 4281 constans
730 4226 857 4281 videlieet
896 4229 999 4297 possint
1016 4229 1046 4283 in
1064 4234 1144 4282 artea.
1185 4226 1283 4288 Quales
1300 4238 1446 4284 cernuntur
1464 4229 1494 4283 in
1513 4229 1690 4286 exsudatione

63 4305 134 4361 facta
148 4306 237 4361 rideri
254 4307 386 4376 potuisset
404 4307 459 4361 ista
474 4307 667 4362 condensatio:
688 4307 731 4360 sin
750 4306 856 4371 minus;
895 4308 1039 4363 marmoris
1060 4316 1088 4361 et
1107 4306 1244 4378 lapidum
1268 4307 1298 4361 in
1319 4308 1499 4363 rorationibus
1518 4325 1602 4379 super
1620 4310 1691 4364 vitra

62 4386 234 4456 apparuisset
246 4385 346 4439 factam
360 4385 443 4440 nise
457 4386 662 4450 restitutionem,
677 4393 705 4440 et
718 4401 856 4454 compres-
896 4403 945 4456 per
966 4387 1078 4442 interius
1099 4386 1287 4451 fenestrarum,
1313 4386 1364 4440 sub
1386 4404 1520 4454 auroram,
1541 4397 1605 4459 post
1625 4389 1690 4460 gelu

63 4465 166 4520 sionem
179 4466 266 4520 foisse
282 4464 474 4520 transitoriam.
514 4465 606 4520 Etiam
623 4463 712 4520 simile
729 4464 857 4536 quiddam
896 4467 998 4531 noctis;
1012 4467 1053 4529 ⁴iu
1072 4465 1223 4537 originibus
1241 4474 1270 4521 et
1286 4465 1490 4523 collectionibus
1509 4485 1639 4537 vaporum
1660 4469 1690 4524 in

62 4545 215 4599 nuendum
241 4551 300 4598 erat
327 4544 398 4598 circa
429 4545 616 4600 extensionem
644 4545 715 4598 airis
742 4544 771 4598 in
798 4545 858 4600 oris
896 4562 982 4616 aquas
1003 4546 1153 4611 subterra,
1175 4544 1248 4601 unde
1271 4562 1344 4615 sape
1366 4548 1516 4602 scaturiunt
1535 4546 1639 4614 fontes,
1661 4555 1691 4602 et

60 4623 162 4679 vitreis.
204 4623 315 4678 Etenim
341 4623 472 4678 debuerat
493 4626 561 4689 tieri,
586 4632 647 4694 post
671 4624 857 4679 exsuctionem
896 4641 1062 4697 quaecunque
1075 4623 1233 4693 sunthujus
1245 4626 1361 4695 generis

61 4703 166 4765 fortem,
180 4703 274 4758 subita
288 4708 316 4757 et
329 4703 407 4757 firma
423 4704 572 4768 obturatios
593 4701 690 4757 deinde
708 4702 859 4758 debuerant
937 4705 1114 4759 Inveniuntur
1127 4711 1224 4768 autem,
1243 4711 1342 4775 preter
1359 4704 1415 4769 illa,
1430 4724 1492 4776 quan
1510 4716 1573 4761 sunt
1590 4707 1690 4777 frigida

61 4800 112 4837 ora
123 4783 172 4838 illa
185 4799 299 4837 manere
313 4782 352 4836 ita
364 4782 487 4837 obturata
501 4799 551 4854 per
570 4781 713 4837 nonnullos
731 4782 790 4837 dies
801 4805 808 4848 t
830 4789 858 4837 et
895 4783 931 4838 ad
944 4790 1052 4846 tactum,
1064 4782 1190 4854 quedam
1203 4782 1259 4837 alia
1271 4790 1405 4854 potestate
1416 4785 1523 4856 frigida,
1535 4802 1596 4856 quae
1606 4787 1689 4840 etiam

61 4872 118 4917 tum
143 4863 254 4918 demum
286 4861 483 4932 experiendum
515 4862 619 4927 fuisset,
648 4870 737 4916 utrum
764 4870 858 4934 aperto
895 4863 1075 4927 condensant;
1110 4869 1288 4918 veruntamen
1319 4864 1427 4935 operari
1453 4865 1579 4920 videntur
1607 4871 1726 4936 rupert

61 4941 192 4997 foramine
206 4949 339 4996 attractus
355 4941 453 4996 fuisset
471 4940 593 4997 aereum
613 4940 701 5005 sibilo,
715 4942 858 4996 autetiam
896 4959 1010 5014 corpora
1036 4940 1195 4996 animalium
1222 4949 1336 5008 tautum,
1361 4952 1389 4998 et
1409 4943 1458 4999 vix
1478 4943 1556 4999 ultra.
1598 4945 1689 5013 Hujus

60 5028 174 5076 attracta
187 5021 286 5076 fuisset
300 5028 376 5075 tanta
390 5022 527 5093 quantitas
541 5038 620 5092 aque
633 5028 695 5093 post
708 5021 858 5076 immersio-
896 5023 1003 5093 generis
1016 5037 1047 5075 se
1061 5022 1204 5076 ostendunt
1219 5022 1305 5077 multa
1318 5024 1347 5076 in
1366 5023 1508 5077 medicinis
1525 5030 1553 5077 et
1571 5022 1690 5093 emplas-

60 5116 129 5165 nern,
144 5107 250 5173 quanta
262 5100 361 5155 fuisset
373 5100 410 5155 ab
422 5100 509 5166 initio,
523 5101 547 5156 si
560 5100 637 5155 nulla
650 5100 776 5155 adhibita
789 5100 856 5155 fuis·
897 5102 955 5155 tris.
995 5100 1059 5155 Alia
1072 5107 1162 5156 autem
1175 5102 1342 5157 condensant
1355 5104 1690 5175 carnesetpsrtestangi·

60 5188 196 5235 utrumn.
238 5179 386 5235 Probabile
400 5179 533 5236 enim'ant
545 5179 643 5235 saltem
663 5181 777 5253 dignum
795 5196 858 5250 pro·
896 5180 984 5245 bilesr
1006 5179 1098 5250 qualia
1111 5187 1174 5234 sunt
1191 5181 1390 5237 medicamenta
1409 5182 1593 5252 astringentis,
1608 5189 1689 5253 atque

59 5257 168 5314 latiam
181 5268 232 5324 est,
246 5259 308 5313 hac
329 5259 388 5314 fieri
410 5258 531 5331 potuisse
551 5266 579 5314 et
597 5275 693 5330 ponaer
714 5266 858 5331 propterea
896 5260 979 5314 etiam
992 5259 1182 5330 inspissantiar
1204 5260 1259 5315 alia
1268 5261 1436 5317 condenraut
1444 5261 1565 5331 spiritus,
1575 5261 1603 5315 id
1617 5262 1690 5333 quod

61 5338 129 5408 quod
139 5340 169 5394 in
179 5338 340 5410 corporibus
349 5338 530 5410 paulomagis
540 5337 747 5394 dissimilmibus
756 5338 859 5394 similia
895 5339 1016 5394 mamare
1029 5339 1149 5395 cernitur
1161 5339 1191 5394 in
1208 5340 1374 5410 soporiferia
1415 5339 1527 5411 Duplex
1546 5348 1636 5396 autem
1649 5348 1691 5397 est

60 5418 158 5473 efficiat
173 5434 250 5473 mora
264 5419 404 5489 temporis
444 5418 553 5473 Etenim
572 5418 697 5474 baculum
716 5436 766 5489 per
784 5435 858 5473 com·
896 5419 993 5474 modus
1018 5419 1235 5475 condensatiouis
1260 5419 1404 5489 spirituum
1425 5435 1475 5489 per
1494 5420 1691 5476 medicamenta

61 5498 228 5567 pressionem
243 5507 384 5555 cumatius
399 5505 463 5630 ρρτῐ
476 5497 585 5629 εὲίῳτοᾱ
598 5506 772 5571 tempusnon
790 5498 845 5554 resi
896 5499 1056 5571 soporifera,
1083 5499 1140 5554 sire
1172 5498 1349 5569 provocantia
1376 5514 1514 5557 somnum:
1548 5500 1617 5557 alter
1643 5518 1691 5573 per

452 5592 470 5630 r
