3800 5875
221 297 281 351 580
764 299 949 357 Histoatt
971 302 1070 357 VITAE
1089 301 1138 358 ET
1159 301 1312 358 MORTIS.

260 457 308 512 31.
329 458 375 512 Ex
387 457 441 522 his,
458 475 519 530 qum
534 458 607 513 dicta
621 468 691 525 sunt,
709 467 823 530 possent
835 460 931 515 deduci
947 477 1018 531 qure-
1055 461 1085 515 in
1099 462 1172 516 victu
1187 460 1345 532 quotidiano
1358 458 1495 514 moderate
1510 458 1633 513 adhiberi
1651 460 1826 529 potestatium

221 536 283 590 dam
304 537 514 608 designationes,
529 538 586 593 sive
601 538 716 594 consilia
729 539 765 593 ad
781 539 1018 610 prolongationem
1055 539 1137 612 longe
1161 542 1299 610 potentior
1318 540 1353 593 ad
1373 538 1608 611 prolongationem
1621 539 1683 593 vitre
1701 546 1746 604 est,
1759 556 1826 611 quam

221 616 292 681 vitre,
306 617 453 672 secundum
466 618 538 672 hanc
552 618 736 684 intentionem,
752 619 858 674 scilicet
870 621 1016 675 condensa·
1055 637 1104 690 per
1117 621 1218 690 opiata.

222 694 304 750 tionis
318 696 461 766 spirituum
468 714 518 766 per
532 698 632 768 opiata.
1095 697 1142 754 39.
1165 696 1350 769 Refrigeratio
1364 699 1509 768 spirituum
1523 698 1554 751 fit
1573 697 1661 751 tribus
1673 697 1770 761 modise
1789 708 1826 753 aut

261 774 309 828 32.
331 776 372 829 Sit
385 776 667 847 itaqnequotanniaa
677 777 926 845 juventuteadulta
935 778 1018 834 diaeta
1055 794 1105 848 per
1125 779 1351 850 respirationem
1371 787 1419 832 aut
1445 794 1495 847 per
1513 793 1647 847 vapores;
1670 786 1716 831 aut
1732 795 1775 847 per
1790 778 1826 832 ab

222 854 348 922 quadam
370 855 470 924 opiata
512 856 666 928 Usurpetur
689 857 739 911 sub
762 858 816 912 line
842 857 931 923 Maii;
953 859 1018 929 quia
1055 866 1154 913 menta.
1194 858 1290 912 Prima
1308 858 1412 927 optima
1431 865 1482 922 est,
1500 857 1550 910 sed
1568 856 1626 910 fere
1641 863 1824 910 extranoetnm

221 933 332 1002 spiritus
346 942 441 989 astute
455 936 574 989 maxime
593 935 732 991 solvuntur
748 944 777 990 et
796 944 977 1000 attenuantur,
991 946 1018 993 et
1054 945 1230 1006 potestateme
1252 936 1371 991 secunda
1384 937 1467 991 etiam
1488 944 1594 1006 potens,
1607 942 1635 990 et
1648 942 1825 1006 tammprvsto

221 1012 312 1066 minor
325 1013 409 1067 instat
424 1021 513 1069 metus
530 1016 566 1069 ab
579 1015 739 1071 humoribus
753 1016 875 1087 frigidis:
897 1026 934 1070 nt
952 1034 1018 1071 vero
1055 1024 1115 1080 este
1135 1017 1216 1073 tertia
1228 1015 1326 1070 debilis
1337 1026 1365 1070 et
1374 1033 1424 1086 per
1436 1016 1574 1071 circuitus.

221 1090 344 1160 opiatum
364 1092 475 1164 aliquod
495 1095 662 1166 magistrale,
676 1094 794 1150 debilius
808 1113 891 1166 quam
904 1113 938 1150 ea
956 1113 1017 1167 quae
1094 1096 1142 1151 40.
1164 1096 1220 1152 der
1232 1095 1371 1166 limpidus,
1386 1102 1415 1149 et
1426 1111 1517 1165 prims,
1531 1102 1560 1148 et
1572 1093 1646 1148 nihil
1664 1093 1763 1149 babens
1778 1093 1825 1148 fuli-

221 1169 251 1223 in
264 1186 315 1225 usu
334 1180 405 1235 sunt,
419 1181 448 1226 et
460 1173 549 1245 quoad
569 1175 701 1229 minorem
716 1176 895 1246 quantitatem
908 1176 974 1246 opii,
989 1183 1018 1229 et
1054 1174 1136 1246 ginis
1150 1183 1296 1247 autequam
1320 1175 1467 1246 recipiatur
1490 1175 1519 1229 in
1539 1173 1691 1244 pulmones,
1710 1182 1737 1230 et
1753 1174 1825 1229 minus

223 1250 313 1319 quoad
342 1252 492 1322 parciorem
525 1253 672 1308 mixturam
700 1253 824 1324 impense
851 1253 1016 1309 calidorum:
1055 1253 1189 1311 obnoxius
1203 1255 1287 1310 radiis
1303 1256 1376 1319 solis,
1391 1255 1503 1324 spiritns
1516 1255 1622 1324 optime
1631 1253 1731 1309 densat.
1766 1252 1824 1307 Talis

222 1338 342 1384 sumatur
355 1348 435 1385 mane
449 1332 522 1386 inter
534 1350 661 1398 somnos3
676 1333 763 1389 victus
775 1334 811 1387 sit
823 1334 975 1404 simplicior
988 1342 1017 1389 et
1054 1334 1191 1390 invenitur
1204 1343 1253 1389 aut
1272 1335 1301 1388 in
1319 1335 1395 1405 J'ugis
1414 1334 1547 1388 montium
1561 1332 1655 1399 siccis,
1668 1340 1715 1389 aut
1732 1335 1758 1389 in
1768 1350 1824 1387 eam

222 1409 337 1477 parcior,
352 1410 454 1481 absque
468 1412 538 1477 vino,
553 1421 600 1467 aut
613 1413 787 1478 aromatibus,
797 1422 844 1468 aut
856 1414 1015 1484 vaporosis;
1054 1414 1191 1483 pestribus
1205 1414 1384 1485 perflatilibus
1398 1423 1426 1467 et
1439 1421 1530 1468 tamen
1544 1412 1691 1468 umbrans

222 1496 344 1542 sumatur
357 1497 448 1545 autem
468 1492 604 1547 medicina
621 1491 733 1547 alternis
752 1500 858 1547 tantum
872 1493 975 1558 diebus,
989 1500 1017 1548 et
1094 1493 1143 1549 41.
1165 1493 1260 1555 Quoad
1274 1493 1508 1565 refrigerationem
1521 1500 1550 1547 et
1570 1492 1753 1548 densationem
1763 1492 1823 1563 spiri·

221 1568 391 1624 continuetur
404 1569 485 1625 diets
502 1572 537 1625 ad
556 1571 758 1641 quatuordecim
779 1573 848 1627 dies.
889 1573 958 1628 Hmc
972 1573 1017 1627 de·
1054 1580 1130 1628 tuum
1150 1591 1200 1645 per
1219 1589 1340 1644 vapores,
1354 1573 1473 1627 radicem
1492 1570 1578 1647 hujus
1597 1573 1823 1642 operationispoti

222 1648 341 1717 signatio
361 1649 466 1718 judicio
488 1660 581 1706 nostro
606 1652 751 1706 intentioni
772 1652 846 1707 haud
872 1669 1016 1724 perperam
1055 1668 1115 1707 mus
1126 1653 1156 1706 in
1165 1654 1243 1719 nitro,
1251 1651 1335 1708 veluti
1343 1660 1466 1708 creatura
1478 1653 1513 1707 ad
1526 1651 1581 1706 hoc
1594 1652 1705 1722 propria
1711 1660 1736 1706 et
1743 1651 1821 1715 electa,

222 1727 362 1782 satisfacit.
1054 1730 1099 1785 his
1114 1733 1156 1788 usi
1170 1742 1199 1787 et
1211 1733 1335 1803 persuasi
1349 1733 1474 1787 indiciis:

261 1806 308 1860 33.
330 1806 421 1861 Possit
441 1808 523 1863 ctiam
542 1826 602 1864 esse
630 1811 752 1881 acceptio
774 1812 934 1881 opiatorum,
962 1830 1016 1868 non
1094 1812 1142 1865 42.
1164 1813 1274 1866 Nitrum
1287 1820 1329 1866 est
1341 1820 1471 1883 tanquam
1486 1826 1582 1864 aroma
1601 1810 1742 1882 frigidum
1759 1811 1822 1881 idque

222 1893 327 1940 tantum
340 1902 389 1956 per
402 1902 441 1952 os,
455 1887 503 1941 sed
524 1889 607 1944 etiam
618 1905 668 1959 per
682 1888 788 1944 fumum
810 1890 859 1944 sed
878 1892 942 1947 talis
956 1910 1016 1947 esse
1054 1889 1156 1945 iudicat
1169 1908 1265 1946 sensus
1278 1892 1346 1962 ipse.
1376 1892 1485 1946 Mordet
1498 1890 1573 1944 enirn
1588 1899 1617 1943 et
1630 1898 1715 1944 tentat
1726 1890 1821 1961 linguan

222 1964 310 2028 debet,
324 1977 422 2020 utnon
437 1977 545 2022 moveat
562 1968 645 2023 nimis
663 1968 818 2024 facultatem
835 1970 1015 2040 expulsivam,
1055 1970 1218 2041 etpalatum
1238 1971 1351 2042 frigore,
1366 1979 1396 2025 ut
1413 1978 1536 2025 aromata
1554 1969 1668 2035 calum
1688 1980 1760 2040 atque
1770 1971 1823 2023 inter

222 2052 271 2098 aut
282 2044 375 2098 eliciat
387 2044 533 2112 humorem
547 2047 597 2101 sed
605 2054 710 2102 tantum
720 2049 796 2103 brevi
804 2065 881 2103 mora
891 2059 1017 2121 operetur
1055 2065 1094 2114 ea,
1109 2068 1171 2122 qum
1193 2051 1325 2116 novimus,
1344 2051 1454 2105 unicum
1474 2057 1518 2104 est
1538 2056 1566 2102 et
1591 2049 1688 2114 solum,
1706 2048 1768 2121 quod
1783 2048 1822 2102 boc

222 2138 303 2193 super
316 2124 427 2193 spiritus
445 2126 517 2179 intra
537 2126 697 2191 cerebrum3
719 2128 810 2199 itaque
831 2130 1017 2201 mffumigatio
1055 2137 1173 2198 prestet

221 2202 361 2267 matutina,
376 2220 425 2273 per
441 2221 472 2258 os
486 2211 515 2258 et
525 2223 606 2260 nares
619 2216 743 2276 excepta,
757 2225 818 2262 eum
833 2209 951 2274 tobacco,
967 2211 1016 2265 ad·
1095 2209 1142 2263 43.
1164 2209 1278 2280 Frigida
1291 2210 1347 2266 fere
1358 2210 1451 2264 omnia
1460 2211 1609 2279 (quaesunt
1621 2207 1727 2279 proprie
1739 2207 1822 2278 frigide,

221 2281 303 2335 misto
311 2282 477 2352 lignoalods,
489 2293 518 2339 et
528 2285 600 2340 foliis
610 2286 689 2342 siccis
699 2287 875 2343 roris-marini
885 2297 912 2343 et
920 2306 1016 2360 parum
1054 2304 1109 2343 non
1122 2306 1172 2359 per
1183 2290 1317 2356 accidens,
1327 2299 1359 2345 ut
1373 2290 1480 2359 opium)
1494 2287 1601 2342 habent
1614 2288 1732 2358 spiritum
1744 2286 1823 2343 erilem

221 2362 348 2431 myrrha,
358 2361 432 2416 utilis
447 2364 522 2418 foret.
1055 2376 1084 2422 et
1097 2385 1229 2438 pauonum
1244 2380 1340 2424 contra
1349 2370 1495 2439 spiritnosa
1505 2376 1572 2422 sunt
1582 2369 1676 2422 omnia
1688 2367 1822 2422 ferreslida

261 2440 308 2494 34.
324 2441 761 2516 Inopiatismagniaqualiasunt
772 2446 1017 2512 theriacaMitlrri·
1055 2446 1149 2503 Solum
1169 2449 1306 2504 invenitur
1325 2450 1426 2504 nitnrm
1445 2449 1476 2502 in
1494 2456 1595 2501 natura
1612 2446 1758 2518 vegetabili,
1770 2444 1823 2518 quod

222 2519 332 2585 datium,
356 2530 383 2576 et
408 2530 515 2588 cratera,
539 2525 702 2594 (presertim
725 2526 755 2579 iu
779 2526 941 2598 juventute)
962 2546 1018 2584 nou
1055 2527 1153 2597 spiritu
1173 2528 1300 2593 abundet,
1314 2537 1342 2583 et
1363 2536 1455 2583 tamen
1476 2526 1513 2580 sit
1532 2526 1677 2598 frigidum.
1714 2527 1777 2581 Nam
1791 2542 1823 2579 ce

221 2599 402 2655 malumforet
415 2603 599 2674 potiusequas
612 2604 894 2676 ipsommstillatitias
901 2624 1016 2675 sumere,
1054 2606 1151 2676 phura,
1175 2625 1237 2680 qun
1257 2617 1300 2665 est
1321 2608 1474 2678 spirituum,
1493 2615 1521 2661 et
1540 2613 1637 2661 tamen
1660 2606 1713 2661 edit
1729 2606 1823 2659 maanes

223 2696 304 2749 quam
314 2697 428 2752 corpora
446 2682 584 2752 ipsorum
605 2685 707 2740 etenim
720 2701 805 2755 vapor
817 2686 848 2741 in
861 2687 1018 2743 distillando
1055 2687 1156 2757 frigidi,
1165 2687 1309 2760 refrigerat
1322 2705 1371 2758 per
1379 2687 1506 2742 accidens
1519 2694 1643 2750 tantum
1657 2701 1748 2755 nempe
1759 2682 1822 2739 tenui

222 2759 320 2829 surgit3
336 2761 410 2814 calor
418 2763 607 2818 medicamenti
616 2764 673 2820 fere
685 2765 820 2820 subridet:
835 2783 914 2837 aquae
926 2778 1018 2823 autem
1056 2773 1111 2820 tate
1126 2784 1183 2831 sua,
1198 2768 1301 2839 absque
1315 2768 1472 2832 acrimonia,
1490 2765 1615 2834 juvando
1629 2764 1821 2836 perspirationen

221 2837 363 2894 stillatitiae
376 2840 535 2914 plerumque
549 2843 577 2897 in
592 2845 743 2910 virtutibus,
758 2863 819 2917 quse
841 2863 891 2916 per
903 2862 1018 2918 vapores
1055 2846 1084 2900 in
1096 2845 1365 2902 inflammationibus.

221 2918 297 2983 fiunt,
312 2919 406 2986 bonae3
421 2922 574 2988 incaeteris,
589 2942 709 2980 euemea.
1094 2926 1140 2982 44.
1164 2927 1197 2982 ln
1214 2926 1402 3000 congelatione
1420 2931 1449 2980 et
1468 2924 1688 2997 conglaciatione
1706 2924 1821 2997 uqnonn

262 2999 310 3054 35.
333 3000 402 3055 Sunt
409 3003 613 3070 medicamenta,
623 3022 684 3075 qum
694 3005 808 3076 gradum
823 3006 926 3061 habeut
935 3024 1019 3079 quen·
1056 3023 1117 3076 quae
1131 3024 1218 3079 nuper
1230 3008 1317 3079 eoepit
1328 3024 1389 3061 esse
1402 3006 1431 3060 in
1444 3023 1502 3070 usu,
1517 3023 1569 3077 per
1583 3007 1676 3060 nivem
1688 3017 1715 3061 et
1730 3003 1822 3075 glaciem

221 3077 285 3133 dam
305 3079 424 3136 debilem
448 3092 475 3136 et
496 3082 638 3150 occultum,
660 3093 687 3139 et
711 3095 856 3156 propterea
873 3094 968 3151 tutum,
983 3088 1019 3142 ad
1055 3086 1090 3140 ad
1117 3087 1255 3142 exteriora
1278 3087 1350 3141 vasis
1372 3087 1521 3157 appositas,
1542 3087 1711 3141 immiscetur
1730 3084 1822 3144 nitnm;

222 3158 350 3213 virtutem
363 3162 500 3231 opiatam;
522 3179 556 3218 ea
568 3163 719 3219 immittunt
732 3182 861 3235 vaporem
875 3165 980 3221 lentum
990 3174 1019 3222 et
1055 3175 1137 3236 atque
1151 3167 1329 3236 proculdubio
1342 3167 1447 3221 excitat
1455 3173 1483 3220 et
1496 3165 1609 3220 roborat
1621 3163 1823 3235 congelationem

221 3239 370 3307 copiosum,
386 3240 501 3295 sednon
515 3242 673 3313 malignum,
689 3246 915 3314 quemadmodum
925 3248 1018 3317 opiata
1055 3261 1149 3300 verum
1171 3254 1221 3310 est,
1242 3247 1327 3302 etiam
1348 3245 1475 3316 usurpari
1499 3244 1534 3299 ad
1557 3245 1615 3299 hoe
1639 3244 1723 3300 edem
1740 3243 1822 3327 nigrum

222 3316 340 3372 faciunt:
355 3319 446 3390 itaque
460 3321 571 3390 spirims
584 3339 639 3377 non
653 3324 757 3395 fugant,
777 3326 826 3380 sed
845 3336 1018 3398 congregant
1055 3340 1235 3391 communem,
1269 3327 1316 3397 qui
1348 3327 1438 3397 potins
1466 3324 1638 3379 activitatem
1664 3324 1729 3378 indit
1750 3322 1822 3389 trigon

222 3405 313 3451 mmen
321 3404 350 3452 et
363 3400 488 3454 nonnihil
501 3401 658 3473 inspissant.
1055 3404 1150 3469 nivali,
1172 3421 1256 3476 quam
1271 3422 1321 3476 per
1342 3422 1372 3460 se
1395 3404 1556 3475 infrigidati
1578 3405 1637 3466 sed,
1657 3411 1689 3458 nt
1708 3401 1822 3470 amedu

261 3475 310 3533 36.
333 3477 535 3536 Medicamenta
553 3483 584 3536 iu
601 3482 695 3538 ordine
710 3484 744 3542 ad
764 3484 856 3554 opiata
870 3493 934 3538 sont
954 3494 1016 3540 ante
1056 3484 1217 3555 regionibus
1229 3484 1411 3548 calidioribus,
1420 3484 1466 3538 ubi
1477 3484 1526 3538 nix
1540 3499 1596 3537 non
1608 3484 1690 3548 cadit,
1701 3483 1729 3536 tit
1739 3476 1824 3548 corpe

222 3557 314 3610 omnia
339 3575 441 3623 crocus,
469 3568 552 3632 atque
582 3563 642 3630 ejus
669 3564 768 3626 florem
796 3564 894 3619 deinde
922 3565 1018 3620 folium
1056 3564 1138 3618 ciatio
1151 3581 1168 3616 a
1181 3564 1254 3618 nitro
1268 3564 1340 3620 solo:
1355 3563 1403 3619 ved
1416 3563 1469 3617 hoc
1480 3563 1823 3633 mihieomperrunnmest

223 3636 336 3702 lndum;
351 3639 557 3711 ambra-grimm
571 3642 705 3698 cemandri
716 3660 809 3710 semen
820 3653 1017 3714 preparatum,
1097 3644 1144 3698 45.
1166 3643 1261 3699 Pulvis
1274 3644 1377 3716 pyrius,
1393 3643 1440 3715 qni
1455 3643 1594 3714 praecipue
1607 3649 1711 3696 condet
1721 3657 1754 3695 ex
1764 3637 1823 3694 uim

221 3733 359 3772 amomum
368 3727 395 3772 et
408 3720 647 3789 pseudamomumr
661 3722 766 3794 lignum
777 3722 931 3787 Rhodium
946 3742 1020 3796 aqua
1057 3724 1216 3795 perhibetur
1225 3732 1322 3793 epotus
1329 3723 1522 3777 conduceread
1536 3721 1729 3784 fortitudinem,
1736 3727 1760 3772 et
1768 3731 1824 3805 usur

221 3796 317 3850 florum
337 3800 529 3864 amandorum,
544 3809 573 3856 et
592 3801 678 3857 multo
699 3803 789 3874 magis
809 3802 911 3857 infusio
922 3805 1019 3859 florum
1056 3804 1117 3874 pari
1140 3821 1157 3856 a
1179 3805 1269 3858 navitis
1283 3819 1471 3874 sepenumero
1484 3809 1513 3855 et
1525 3801 1660 3857 militibus
1673 3807 1730 3854 ante
1744 3793 1824 3869 patella

221 3876 368 3931 eumndem
381 3880 529 3935 recentium
548 3882 577 3935 in
593 3880 654 3936 oleo
667 3881 859 3953 amygdalinor
880 3900 937 3938 nux
950 3901 1020 3938 mos-
1058 3883 1286 3954 quemadmodum
1299 3900 1317 3936 a
1330 3882 1427 3938 Turcis
1440 3881 1544 3953 opium.

221 3953 303 4008 chata
316 3956 478 4012 foraminato
491 3968 519 4014 et
532 3960 562 4014 in
572 3978 644 4033 aqua
656 3978 769 4016 rosacea
781 3969 926 4017 macerata.
1097 3962 1145 4016 46.
1166 3962 1255 4016 Datur
1268 3961 1385 4017 feliciter
1397 3962 1500 4016 nitrum
1513 3961 1543 4014 in
1556 3959 1717 4015 causonibus
1729 3962 1754 4010 et
1764 3951 1825 4008 febri·

262 4033 308 4095 37.
332 4036 368 4090 Ut
381 4038 474 4107 opiata
486 4057 569 4111 parce
591 4041 737 4096 admodum
751 4050 779 4096 et
798 4042 881 4097 certis
894 4043 1020 4112 tempori·
1057 4041 1108 4096 bus
1122 4041 1358 4112 pestilentialibas,
1370 4041 1405 4095 ad
1418 4039 1558 4095 leniendos
1568 4047 1598 4094 et
1612 4031 1824 4094 fraenaudossrdu

221 4113 280 4177 bus,
295 4116 338 4184 (ut
351 4116 454 4171 dictum
468 4119 532 4189 est)
545 4120 584 4174 ita
597 4119 658 4174 bruc
668 4121 828 4176 secundaria
838 4121 1018 4189 familiariter,
1057 4137 1101 4175 res
1115 4138 1208 4175 earum
1222 4121 1398 4191 perniciosos.
1806 4189 1811 4201 ι

222 4193 300 4247 etin
324 4195 398 4249 victu
420 4200 584 4267 quotidiano,
607 4201 677 4255 sumi
701 4209 832 4270 possunt,
857 4211 885 4255 et
904 4201 1020 4256 multum
1097 4197 1146 4260 47.
1168 4200 1425 4256 Manifestissimum
1439 4206 1480 4254 est
1494 4200 1596 4254 nitrum
1610 4198 1755 4268 inpulvere
1765 4205 1825 4282 prm

221 4273 364 4327 conferunt
384 4275 419 4328 ad
440 4278 675 4349 prolongationem
687 4281 760 4335 vitm.
800 4279 881 4334 Certe
895 4280 1021 4350 pharma·
1058 4296 1224 4350 magnopere
1235 4279 1380 4334 exhorrere
1390 4281 1542 4344 flammam
1562 4279 1635 4333 unde
1646 4279 1676 4332 lit
1685 4269 1824 4331 summula

222 4368 334 4421 oopoeus
348 4354 458 4424 quidam
467 4357 667 4423 cusantiam
677 4377 728 4414 usu
743 4360 896 4424 ambroe,ad
909 4369 1019 4415 centnm
1058 4359 1106 4413 ille
1119 4360 1271 4413 ventositas
1284 4366 1311 4413 et
1324 4359 1487 4414 exsufflatio.
1787 4429 1792 4441 .

222 4432 368 4501 sexaginta
377 4450 464 4490 annos
474 4437 577 4493 vixisse
591 4438 764 4507 perhibeturr
780 4447 861 4509 atque
874 4440 981 4493 nobiles
991 4440 1021 4494 in
1098 4437 1147 4493 48.
1169 4439 1279 4492 Ninum
1306 4438 1519 4508 deprehenditur
1545 4453 1606 4492 ease
1633 4434 1715 4490 veluti
1738 4430 1824 4502 spinlffl

222 4510 362 4576 Barbaria,
374 4530 410 4567 ex
424 4514 546 4582 ejusdem
560 4535 619 4583 usu,
633 4518 751 4590 longaevi
766 4518 943 4589 reperiuntur,
958 4536 1020 4573 eum
1059 4525 1154 4572 terrae:
1174 4519 1276 4572 etenim
1289 4519 1471 4574 certissimum
1482 4524 1533 4581 est,
1545 4530 1729 4588 quamcunque
1740 4519 1825 4565 mum·

221 4590 301 4660 plebs
312 4591 444 4648 brevioris
458 4596 495 4649 sit
508 4597 578 4662 aevi3
593 4606 621 4651 et
632 4600 705 4668 apud
719 4600 837 4668 majores
846 4605 962 4662 nostros,
973 4599 1020 4669 qui
1058 4596 1123 4651 licet
1136 4614 1240 4668 puram,
1253 4614 1344 4668 neque
1357 4599 1468 4653 nitrosis
1481 4596 1640 4660 admixtam,
1648 4596 1687 4649 ita
1699 4586 1825 4645 aoeumdv

222 4670 301 4724 nobis
315 4670 423 4727 fuemnt
436 4676 594 4740 vivaciores,
608 4695 704 4733 crocus
725 4695 827 4748 magno
846 4678 875 4731 in
888 4695 940 4732 usu
961 4678 1019 4741 fuit,
1058 4683 1114 4730 turn
1127 4688 1155 4730 et
1168 4684 1276 4742 tectam,
1291 4685 1322 4731 ut
1343 4676 1474 4732 immunis
1490 4676 1526 4730 sit
1540 4692 1557 4728 a
1573 4676 1657 4730 radiis
1676 4672 1744 4733 solis,
1756 4679 1823 4736 neque

222 4749 251 4803 5¹¹
275 4750 418 4819 Placentia
440 4754 564 4822 jusculis,
580 4760 633 4812 uc:
672 4758 762 4828 Atque
777 4759 811 4812 de
831 4750 920 4828 primo
940 4757 1022 4811 modo
1058 4757 1166 4809 emittat
1196 4756 1307 4826 aliquod
1334 4755 1496 4829 vegetabile,
1519 4754 1649 4825 colligere
1678 4752 1752 4806 etiam
1775 4751 1824 4799 ⁸⁸¹¹!

222 4831 439 4887 condensationis
454 4835 608 4904 spirituum,
624 4853 673 4906 per
686 4838 778 4907 upiata
791 4844 817 4890 et
838 4836 1021 4903 subordinate,
1058 4835 1169 4905 copiose
1189 4837 1309 4901 nitrum
1343 4837 1415 4890 unde
1440 4836 1527 4907 liquet
1550 4835 1677 4904 spiritum
1702 4829 1765 4891 nitri,
1785 4837 1824 4914 pot}

222 4907 283 4962 lraec
297 4910 430 4981 inquisita
442 4913 506 4969 sint.
1060 4922 1165 4969 tantum
1189 4915 1298 4985 spiritui
1326 4914 1493 4980 animalium,
1517 4929 1611 4968 verum
1637 4912 1717 4966 etiam
1740 4907 1824 4976 epium

263 4989 311 5043 38.
332 4991 397 5044 lam
417 5009 482 5047 vero
501 4994 535 5048 de
555 4994 674 5048 secundo
699 4994 781 5048 modo
800 4994 1021 5049 condensationis
1059 4994 1254 5065 vegetabilium
1269 5011 1330 5049 esse
1344 4995 1511 5050 inferiorem.
1810 5057 1815 5068 ,

222 5066 375 5137 spirituum,
394 5087 444 5141 per
464 5072 559 5144 frigus,
580 5075 762 5145 inquiremusr
787 5075 926 5144 proprium
947 5075 1022 5128 enim
1099 5072 1147 5128 49.
1169 5072 1309 5128 Animalia
1323 5092 1384 5144 quaa
1398 5082 1492 5145 potant
1507 5089 1544 5126 ex
1560 5070 1747 5143 equanimes
1758 5075 1823 5116 mm

222 5162 293 5216 opus
307 5148 417 5220 frigoris
430 5159 473 5204 est
493 5154 617 5206 densatio
629 5174 636 5217 ς
657 5161 739 5223 atque
760 5155 898 5222 perficitur
918 5155 1021 5225 absque
1060 5154 1128 5207 festo
1142 5153 1337 5223 pinguescuute
1359 5154 1432 5224 quod
1449 5155 1557 5224 signum
1571 5159 1612 5206 est
1624 5148 1713 5218 frigidi
1726 5145 1751 5197 in
1762 5149 1822 5225 num

222 5225 395 5296 malignitate
416 5230 516 5301 aliqua,
534 5239 583 5285 aut
602 5231 734 5302 qualitate
756 5233 884 5288 inimica:
906 5234 1021 5304 ideoque
1099 5232 1148 5286 50.
1172 5232 1357 5303 impinguatio
1366 5232 1416 5287 soli
1429 5232 1548 5287 maxime
1559 5226 1742 5284 fitenitroeis:
1754 5231 1823 5274 omuu

224 5304 305 5358 tutior
328 5314 370 5360 est
391 5311 525 5378 operatio,
546 5326 629 5380 quam
650 5327 699 5380 per
719 5312 830 5380 opiata;
852 5312 918 5367 licet
939 5312 1022 5382 paulo
1059 5313 1133 5366 enim
1154 5313 1314 5366 stercoratio
1326 5318 1367 5366 est
1381 5312 1502 5366 nitrosae
1523 5317 1604 5382 atque
1622 5308 1674 5363 hoc
1688 5303 1823 5374 gignamus

224 5382 314 5436 minus
336 5394 441 5454 potens,
463 5390 485 5442 si
504 5407 553 5460 per
567 5389 640 5442 vices
661 5397 772 5452 tantum,
795 5393 1021 5460 quamadmodum
1059 5391 1170 5460 spiritus
1185 5392 1213 5444 in
1228 5392 1307 5445 uitro.
1750 5457 1775 5470 ..

225 5460 326 5539 opiata,
346 5477 536 5535 usurparetur:
559 5478 587 5522 at
608 5485 707 5534 rursus,
723 5471 786 5540 quia
803 5471 973 5526 familiariter
994 5479 1022 5525 et
1100 5469 1146 5524 bl.
1168 5470 1211 5524 Ex
1225 5471 1270 5525 liis
1285 5477 1360 5541 putet
1379 5471 1490 5540 spiritus
1512 5469 1643 5524 humanos
1663 5465 1822 5537 perspmltffl

1763 5599 1795 5835 j
