3800 5875
661 271 1079 332 DISTRIBUTIOOPERIS.
1621 277 1678 332 289

76 427 179 484 munds
191 436 266 500 parte
279 429 371 500 operis
383 429 490 484 abunde
504 429 693 499 praestitimus)
708 432 756 485 sed
770 430 850 501 plane
932 431 1026 486 Ssxrs
1049 434 1156 488 tandem
1181 449 1244 503 pars
1267 431 1358 502 operis
1377 435 1462 487 nostri
1486 434 1543 502 (eui
1565 433 1677 506 reliquae

76 518 144 578 typos
156 508 328 579 intelligimus
341 516 369 561 et
383 507 526 579 plasmata,
537 525 598 579 qum
608 510 764 565 universum
778 528 851 564 men·
888 510 1042 566 inserviunt
1052 512 1258 579 aemiuistrant)
1268 528 1329 567 eam
1338 511 1448 566 demum
1460 513 1575 567 recludit
1584 521 1675 582 etpro-

75 588 262 657 mmoeemum,
272 599 352 658 atque
362 587 515 642 inveniendi
524 590 710 644 continuatam
720 590 851 644 fabricam
888 590 965 659 ponit
992 590 1202 662 philosophiam,
1224 608 1286 661 quae
1314 608 1349 645 ex
1373 591 1528 659 hujusmodi
1556 592 1678 662 (qualem

75 675 99 721 et
110 666 221 721 ordinem
236 668 264 722 in
278 667 358 720 certis
372 667 509 735 subjectis,
523 667 613 737 iisque
627 670 710 723 variis
724 677 753 722 et
765 669 850 739 insig·
889 678 951 723 ante
964 671 1105 725 docuimus
1118 682 1146 725 et
1164 669 1331 740 paravimus)
1346 670 1523 740 inquisitione
1542 671 1675 742 legitima,

75 746 149 809 uibus,
162 753 287 817 tanquam
307 746 358 801 sub
375 746 468 801 oculos
489 755 603 816 pouaut.
643 748 753 803 Etenim
771 750 850 802 nobis
889 756 917 801 et
931 759 1015 812 casta,
1030 758 1057 804 et
1077 767 1171 804 severa
1183 751 1305 804 educitur
1326 756 1354 802 et
1370 751 1553 805 constituitur.
1596 750 1677 806 Hanc

74 825 217 879 irruentem
231 826 314 889 venit,
325 827 354 880 in
369 826 576 891 mathematicis,
593 835 698 882 astante
712 828 848 892 maehina,
888 845 953 882 vero
965 835 1129 898 postremam
1143 837 1247 899 partem
1262 829 1391 899 perficere
1406 830 1485 889 etad
1499 831 1603 884 exitum
1617 848 1677 901 per·

75 905 138 975 sequi
151 905 403 959 demonstrationem
418 904 525 959 facilem
537 911 566 959 et
578 907 767 976 perspicuam:
788 925 850 961 eon·
888 907 993 972 ducere,
1009 925 1052 962 res
1066 916 1150 962 estet
1164 925 1245 977 supra
1258 909 1337 970 vires,
1353 914 1382 960 et
1402 906 1474 962 ultra
1492 926 1554 978 spes
1567 919 1675 965 nostras

75 984 222 1055 trusbsque
237 983 291 1038 hac
305 985 501 1046 commoditate,
514 985 606 1039 omnia
620 986 705 1039 videri
719 985 848 1050 involuta,
887 986 1029 1041 collocata.
1069 988 1130 1042 Nos
1153 989 1179 1041 ei
1200 987 1278 1041 initia
1298 990 1342 1056 (ut
1364 992 1517 1057 speramus)
1539 1005 1594 1042 nou
1613 1007 1676 1043 con·

73 1071 187 1134 utquam
199 1081 296 1118 revera
308 1073 378 1127 sunt,
392 1063 542 1118 subtiliora.
585 1065 680 1136 ltaque
694 1065 849 1135 hujusmodi
888 1067 1041 1130 temnands,
1061 1068 1164 1121 exitum
1183 1066 1292 1137 generis
1312 1065 1425 1120 humani
1449 1066 1559 1121 fortuna
1579 1068 1672 1132 dabit;

74 1143 189 1212 exemplis
202 1151 328 1213 quartum
338 1152 442 1213 partem
457 1143 542 1197 nostri
556 1145 647 1214 operis
661 1146 848 1200 attribuimus:
888 1144 997 1215 qualem
1011 1146 1080 1201 forte
1095 1146 1226 1210 homiues,
1242 1146 1270 1199 iu
1287 1146 1340 1199 hoc
1362 1163 1451 1199 rerum
1473 1157 1501 1200 et
1522 1147 1673 1202 animorum

74 1238 123 1291 qun
134 1239 223 1276 resera
236 1221 277 1276 nil
291 1222 365 1277 aliud
378 1230 427 1285 est,
443 1224 752 1294 quamseeundoepnrtis
762 1226 849 1295 sppli-
887 1231 968 1288 statu,
983 1225 1055 1279 haud
1071 1225 1149 1279 facile
1164 1225 1255 1279 auimo
1268 1240 1366 1294 capere
1386 1232 1433 1279 aut
1452 1226 1542 1280 metiri
1562 1237 1671 1297 queant.

73 1302 314 1372 adoperticulsris
328 1311 356 1356 et
369 1301 514 1371 explicata.
886 1304 986 1374 Neque
1008 1306 1079 1358 enim
1101 1306 1190 1376 agitur
1210 1304 1298 1358 solum
1317 1303 1434 1358 felicitas
1453 1305 1670 1375 contemplativa,

886 1383 934 1436 sed
942 1400 1005 1437 vere
1013 1401 1056 1437 res
1065 1383 1191 1438 humanm
1202 1391 1229 1437 et
1238 1384 1358 1447 fortunas,
1371 1390 1450 1453 atque
1461 1385 1548 1439 omnis
1559 1401 1672 1454 operum

103 1458 141 1515 Ar
154 1461 245 1531 quinta
258 1476 325 1531 pars
338 1460 373 1514 ad
387 1469 494 1532 tempus
508 1467 621 1526 mutum,
639 1462 723 1516 donec
743 1463 849 1533 reliqua
885 1463 1014 1531 potentia.
1056 1462 1148 1517 Homo
1168 1463 1250 1528 enim,
1272 1471 1378 1516 naturae
1399 1464 1521 1518 minister
1543 1472 1571 1518 et
1590 1465 1671 1519 inter-

71 1538 232 1607 ptrfieisntur,
244 1540 410 1595 adhibeturr
432 1549 460 1595 et
473 1549 602 1611 tanquam
618 1541 706 1596 foenus
720 1542 847 1607 redditur,
885 1557 957 1610 pres,
971 1549 1075 1596 tantum
1090 1542 1156 1596 facit
1168 1547 1197 1595 et
1208 1541 1344 1613 intelligit,
1362 1551 1492 1612 quantum
1512 1544 1546 1598 de
1566 1553 1671 1598 naturae

71 1619 214 1688 usquedum
228 1635 291 1674 sors
303 1619 400 1674 baberi
419 1621 512 1691 possit.
553 1619 653 1690 Neque
673 1622 745 1674 enim
767 1621 847 1675 tinem
885 1621 988 1685 ordine,
1003 1637 1093 1691 opere,
1108 1621 1149 1675 vel
1162 1628 1261 1686 mente,
1273 1622 1469 1676 observaverit:
1489 1639 1540 1676 nee
1554 1624 1671 1693 amplius

71 1706 174 1751 nmtrum
187 1699 225 1752 its
237 1699 359 1769 petimus
372 1699 517 1762 occaecari,
539 1706 576 1764 ut,
592 1717 653 1770 quae
667 1707 807 1755 occurrunt
818 1701 848 1754 in
885 1699 944 1764 scit,
959 1708 1006 1754 aut
1018 1709 1115 1770 potest
1155 1702 1254 1770 Neque
1275 1702 1349 1755 enim
1362 1699 1425 1755 ullm
1438 1701 1510 1756 vires
1528 1718 1671 1757 causarum

71 1775 386 1848 uaudlianegligamus.
418 1778 598 1838 Quamobrem
610 1781 731 1849 quintam
741 1789 847 1848 purtem
885 1788 1011 1833 catenam
1032 1779 1138 1835 solvere
1162 1788 1208 1834 aut
1230 1780 1399 1851 perfringere
1423 1788 1553 1850 possunt:
1581 1798 1671 1851 neque

71 1857 146 1926 operis
158 1874 193 1911 ex
212 1857 248 1911 iis
262 1858 430 1921 conficimus,
445 1875 507 1929 qum
527 1875 544 1911 a
561 1859 640 1913 uobis
660 1867 706 1912 aut
725 1859 843 1924 inventu,
883 1866 981 1913 natura
994 1858 1080 1923 aliter,
1089 1877 1170 1931 quam
1181 1859 1308 1929 parendo,
1320 1858 1444 1914 vincitur.
1479 1860 1671 1930 ltaqueiuteu·

71 1942 109 1987 aut
124 1937 241 2005 probate,
255 1944 307 1990 ant
327 1937 420 1991 addita
441 1944 521 1993 suntt
543 1953 631 2008 neque
651 1937 679 1991 id
699 1946 789 1992 tamen
809 1955 845 1992 ex
884 1938 971 1992 tiones
997 1939 1115 2009 geminae
1138 1938 1200 2002 illm,
1225 1938 1351 1993 humanm
1373 1938 1478 1993 scilicet
1499 1940 1619 1995 scientim
1642 1950 1670 1995 et

71 2014 201 2070 mtimibus
219 2022 306 2087 atque
324 2017 489 2087 praescriptis
502 2018 713 2087 interpretandi,
742 2017 790 2070 sed
809 2034 845 2071 ex
883 2019 1021 2086 potentiue,
1043 2035 1106 2073 vere
1127 2019 1156 2072 in
1178 2018 1251 2071 idem
1274 2017 1447 2072 coincidunt:
1477 2025 1511 2072 et.
1530 2019 1668 2075 frustratio

70 2092 149 2148 tudem
161 2095 315 2150 intellectus
329 2113 387 2162 usu,
395 2114 479 2167 quem
487 2095 535 2149 alii
549 2096 578 2150 in
591 2096 753 2166 inquirendo
767 2105 793 2150 et
805 2097 845 2150 in·
882 2113 996 2166 operum
1010 2098 1131 2152 maxime
1145 2098 1174 2151 tit
1190 2114 1226 2152 ex
1238 2098 1409 2168 ignoratione
1422 2114 1574 2153 causarum.

70 2173 183 2228 veniendo
198 2174 334 2230 adbibere
353 2181 557 2230 consueverunt.
597 2175 706 2231 Etenim
726 2193 795 2240 cum,
810 2194 846 2231 ex
922 2176 1012 2246 Atque
1029 2177 1059 2230 in
1077 2193 1110 2230 eo
1129 2185 1191 2231 sunt
1212 2177 1312 2238 omnia,
1326 2175 1415 2247 siquis
1434 2177 1527 2232 oculos
1541 2176 1640 2231 mentis
1653 2195 1672 2231 a

70 2261 182 2322 perpetus
195 2263 292 2309 noema
306 2272 368 2309 cum
382 2263 477 2310 natura
487 2253 687 2319 consuetudine,
697 2256 801 2325 majora
811 2256 844 2311 de
882 2255 964 2309 rebus
972 2256 1041 2326 ipsis
1048 2272 1186 2327 nunquam
1196 2255 1334 2325 dejiciens,
1344 2273 1437 2310 earum
1447 2256 1581 2327 imagines
1590 2257 1671 2328 plane

69 2332 270 2388 mebudonibus
293 2335 403 2398 nostris,
425 2352 507 2406 quam
529 2350 580 2404 pro
603 2334 707 2405 ingenii
732 2335 844 2400 viribus,
883 2341 913 2388 ut
924 2344 993 2398 sunt,
1008 2335 1137 2405 excipiat
1171 2336 1270 2406 Neque
1284 2336 1357 2390 enim
1371 2334 1423 2390 hoc
1438 2336 1533 2390 siverit
1543 2337 1627 2400 Deus,
1641 2343 1672 2390 ut

71 2426 204 2480 spasmum
225 2421 284 2468 tum
300 2421 429 2483 poterunt
441 2414 496 2468 ista
508 2413 592 2467 veluti
611 2413 845 2469 tabernaculorum
882 2413 1035 2482 phantasiae
1056 2423 1156 2469 nostrae
1177 2416 1311 2470 somnium
1336 2431 1386 2486 pro
1406 2416 1558 2486 exemplari
1578 2415 1672 2469 mundi

70 2488 142 2544 iuris
159 2495 307 2561 positorum
331 2493 390 2547 'rice
410 2492 496 2564 iungi,
518 2501 549 2546 ut
569 2509 647 2547 mens
670 2493 705 2547 sd
728 2494 845 2549 certiora
881 2494 1009 2548 edamus:
1030 2495 1078 2549 sed
1091 2495 1181 2565 potius
1194 2495 1312 2565 benigne
1321 2495 1421 2560 faveat,
1433 2502 1464 2549 ut
1476 2495 1671 2565 apocalypsim,

69 2570 212 2625 emtendens
231 2573 262 2626 iu
288 2573 324 2627 iis
347 2572 485 2643 paulisper
508 2571 669 2643 acquiescat.
717 2571 844 2627 Attamen
880 2587 913 2626 ac
928 2589 1021 2627 veram
1036 2574 1169 2630 visionem
1183 2575 1361 2643 vestigiorum
1378 2582 1406 2628 et
1423 2573 1577 2646 sigillorum
1591 2574 1672 2628 Crea-

70 2655 180 2705 lutsmur
191 2652 312 2716 interim,
328 2668 378 2706 nos
389 2650 445 2706 illis
461 2651 536 2722 ipsis,
552 2652 625 2722 quod
638 2668 673 2707 ex
686 2669 752 2706 vera
764 2652 845 2707 inter·
880 2653 948 2707 toris
964 2669 1046 2723 super
1060 2660 1204 2718 creaturas,
1219 2653 1375 2707 scribamus.

70 2729 172 2795 pretendi
187 2731 274 2785 forma
288 2747 345 2784 non
359 2731 413 2785 sint
425 2730 542 2795 invente,
557 2740 604 2785 aut
621 2731 742 2801 probata,
758 2732 843 2787 teneri
920 2732 1016 2803 ltaque
1037 2738 1074 2797 tu,
1094 2731 1183 2797 Pater,
1204 2732 1249 2803 qui
1271 2731 1359 2787 lucem
1378 2731 1513 2787 risibilem
1537 2733 1672 2805 primitius

69 2807 161 2863 smine
186 2810 266 2866 velle.
311 2810 397 2865 Istam
418 2827 483 2865 sero
507 2809 604 2878 judicii
630 2811 843 2881 suspensionem,
881 2819 1011 2865 creaturae
1032 2812 1139 2877 dedisti,
1167 2820 1195 2867 et
1223 2811 1311 2866 lucem
1333 2811 1544 2866 intellectualem
1564 2812 1599 2866 ed
1620 2812 1673 2867 fas·

71 2900 113 2940 am
124 2897 160 2943 est
172 2891 242 2961 quod
261 2890 412 2947 exhorreat
433 2890 570 2961 quispiam
589 2889 619 2945 in
639 2889 769 2956 doctriua,
784 2908 844 2963 qum
883 2891 981 2963 tigium
996 2907 1107 2962 operum
1119 2899 1226 2947 tuorum
1240 2892 1268 2947 iu
1277 2891 1375 2947 faciem
1386 2890 1505 2946 hominis
1515 2891 1654 2962 inspirasti
1662 2913 1670 2957 t

70 2980 114 3021 nm
125 2969 280 3041 simpliciter
294 2969 336 3025 uil
350 2970 414 3024 sciri
427 2987 515 3040 posse,
530 2968 578 3024 sed
591 2968 634 3023 nil
646 2970 699 3024 nisi
715 2978 790 3025 certo
804 2988 845 3025 or·
883 2987 953 3043 opus
965 2970 1026 3036 boc,
1042 2971 1114 3042 quod
1127 2988 1144 3025 a
1156 2977 1204 3026 tua
1217 2972 1335 3026 bonitate
1350 2972 1509 3041 profectum,
1524 2979 1600 3027 tuam
1615 2971 1672 3043 glo

69 3044 118 3101 diss
130 3058 155 3104 et
170 3058 243 3104 certa
263 3052 311 3105 via
331 3050 394 3105 sciri
413 3065 492 3120 posse
512 3048 624 3105 asserit:
645 3057 727 3120 atque
742 3050 846 3105 interea
883 3052 952 3105 mam
966 3052 1072 3121 repetit,
1086 3058 1161 3106 tuere
1176 3060 1204 3106 et
1224 3068 1298 3123 rege.
1340 3050 1390 3116 Tu,
1404 3058 1549 3122 postquam
1562 3067 1673 3105 conver·

70 3131 235 3184 sumcertos
242 3129 416 3185 certitudinis
430 3130 529 3201 gradus
540 3127 575 3181 ad
588 3145 667 3183 usum
682 3138 709 3183 et
721 3129 846 3186 levamen
884 3147 930 3185 sus
947 3147 978 3184 es
991 3130 1026 3184 ad
1046 3131 1222 3201 spectandum
1243 3147 1334 3201 opera,
1354 3148 1415 3201 qum
1436 3130 1556 3185 iecerunt
1574 3145 1673 3185 manus

70 3208 204 3273 tumuit,
232 3210 324 3264 donec
348 3225 426 3263 mens
445 3209 474 3262 in
494 3224 639 3262 causarum
663 3208 846 3280 explicatione
884 3216 945 3275 tute,
959 3210 1050 3265 vidisti
1064 3209 1136 3280 quod
1147 3211 1238 3265 omnia
1248 3210 1420 3266 esseutbons
1428 3209 1521 3274 valde;
1544 3217 1571 3264 et
1584 3209 1673 3281 requi-

71 3287 186 3343 emsistst
228 3289 334 3361 Neque
352 3288 424 3342 enim
444 3287 500 3342 illm
519 3288 587 3359 ipsae
607 3286 708 3342 scholae
728 3287 847 3360 philoso-
885 3290 973 3345 eristi.
1016 3288 1053 3343 At
1065 3289 1156 3354 homo,
1170 3307 1315 3345 conversus
1326 3290 1361 3344 ad
1372 3306 1462 3360 opera,
1477 3307 1537 3361 qum
1551 3290 1673 3345 fecerunt

71 3361 174 3430 phorum,
198 3369 245 3440 qui
271 3366 477 3439 Aeatalepsism
505 3366 666 3438 simpliciter
692 3375 846 3433 tenuerunt,
885 3386 982 3424 manua
995 3386 1059 3434 sum,
1073 3370 1141 3423 vidit
1155 3370 1226 3439 quod
1240 3370 1437 3425 omniaessent
1450 3370 1555 3424 vanites
1568 3375 1597 3424 et
1610 3385 1673 3423 vex-

70 3441 193 3501 inferiores
214 3449 292 3503 fuere
317 3448 388 3512 istis,
410 3464 471 3519 qum
491 3446 682 3518 pronuntiandi
709 3447 848 3502 licentiam
886 3449 943 3503 atio
962 3449 1091 3519 spiritus3
1113 3465 1163 3503 nee
1184 3449 1240 3503 ullo
1260 3449 1340 3503 modo
1358 3449 1498 3520 requievit.
1539 3448 1673 3509 Quaresi

73 3534 219 3593 surpuerat
256 3527 320 3582 illm
332 3536 424 3582 tumen
437 3527 528 3581 sensui
541 3534 570 3580 et
581 3525 731 3580 intellectui
745 3527 849 3582 auxilia
885 3528 915 3582 in
929 3528 1058 3600 operibus
1073 3528 1128 3583 tuis
1145 3529 1308 3593 sudabimus,
1329 3529 1415 3584 facies
1432 3545 1483 3583 nos
1495 3527 1606 3582 visionis
1619 3534 1672 3581 tute

71 3614 113 3654 M
130 3616 298 3675 penserunt,
324 3606 397 3677 quod
416 3623 465 3660 nos
485 3606 616 3661 fecimus:
645 3605 693 3660 sed
716 3606 797 3661 tidem
821 3615 849 3662 et
887 3616 916 3661 et
929 3608 1033 3662 sabbati
1049 3608 1088 3662 tui
1097 3609 1252 3678 participes.
1283 3607 1427 3680 Supplices
1435 3608 1561 3679 petimus,
1573 3616 1603 3662 ut
1612 3606 1673 3661 bmc

72 3685 237 3742 tucturitstem
252 3686 340 3756 plane
353 3686 531 3750 sustulerunt3
554 3685 625 3756 quod
643 3684 723 3756 louge
737 3685 791 3740 alia
804 3703 848 3741 res
886 3704 964 3742 mens
983 3687 1062 3741 nobis
1082 3697 1201 3742 constet:
1222 3696 1306 3758 utque
1327 3688 1403 3741 novis
1424 3687 1606 3756 eleemosynis
1625 3703 1675 3757 per
1758 3758 1762 3763 ἢ

72 3768 110 3824 U»
120 3770 146 3818 u
157 3763 211 3820 fere
224 3766 365 3837 opposita
890 3783 986 3820 manus
1000 3774 1107 3820 nostras
1121 3777 1150 3821 et
1170 3766 1293 3832 aliorum,
1308 3767 1406 3838 quibus
1427 3768 1540 3822 eandem
1554 3774 1673 3821 mentem

889 3846 1025 3916 largieris,
1037 3845 1169 3899 familiam
1184 3845 1332 3901 humanam
1345 3846 1463 3901 dotatam
1476 3844 1554 3901 velis.

542 4182 883 4256 GULIELMUS
923 4183 1182 4267 RAWLEY,

572 4374 696 4424 SACRAE
713 4376 930 4426 THEOLOGIAE
948 4376 1159 4433 PROFESSOR,

377 4533 752 4609 lLLUSTRlSSlMl
780 4537 973 4610 DOMINI
1001 4537 1047 4609 D.
1079 4534 1363 4620 FRANCISCI,

347 4711 472 4754 staurus
485 4712 524 4755 DE
537 4713 717 4765 vestituum.
728 4716 925 4761 vrcucortms
937 4716 1043 4760 sauc‘rt
1059 4715 1175 4763 ututur.
1188 4715 1384 4767 saumarius,

740 4865 932 4929 LECTORI
956 4863 988 4927 S.

107 5040 167 5095 Cura
176 5045 291 5100 Domino
298 5063 363 5101 men
371 5046 508 5116 placuerit,
519 5067 553 5106 eo
566 5068 609 5106 me
619 5051 726 5124 dignari
736 5054 849 5119 honore,
890 5053 985 5122 lingua
998 5054 1096 5124 petria,
1111 5053 1140 5107 in
1153 5053 1222 5107 duos
1239 5050 1426 5105 tantummodo
1445 5048 1532 5103 libros
1551 5047 1679 5102 distribu-

77 5126 100 5168 ¹¹²
111 5119 136 5173 in
148 5124 255 5180 edendis
267 5127 398 5197 operibus
412 5130 470 5183 suis
480 5146 561 5200 opera
572 5148 634 5185 mea
648 5149 714 5186 usus
725 5132 774 5196 sit,
796 5148 851 5186 uon
890 5140 961 5195 tum;
984 5141 1012 5185 et
1025 5134 1109 5201 regim
1123 5149 1180 5186 suae
1193 5131 1331 5199 majestati
1350 5130 1458 5192 dicarit,
1476 5128 1547 5198 quod
1565 5133 1593 5181 et
1606 5143 1677 5181 nunc

77 5195 153 5252 thare
166 5203 571 5270 foreexistimavi‚sileetorem
585 5211 618 5264 de
634 5211 779 5282 aliquibus,
792 5228 852 5281 qum
891 5209 964 5263 iacit
1005 5210 1071 5265 Non
1084 5211 1123 5264 ita
1135 5210 1241 5281 pridem
1255 5212 1377 5264 animum
1390 5208 1495 5276 adjecit,
1509 5215 1539 5260 ut
1556 5206 1586 5259 in
1604 5205 1678 5261 Lati·

78 5273 303 5353 tihumprimum
315 5295 418 5340 tomum
427 5288 569 5356 pertinent,
582 5288 702 5344 breviter
715 5306 849 5344 moneam.
890 5306 954 5343 nam
968 5287 1090 5359 linguam
1101 5297 1265 5344 verteretur:
1287 5288 1456 5342 inaudiverat
1466 5285 1601 5354 siquidem
1610 5285 1678 5341 illud

78 5350 214 5439 'luctatum
227 5365 320 5428 istum,
336 5372 351 5396 ‘⁴
360 5366 400 5419 De
410 5366 541 5437 dignitate
554 5376 581 5422 et
594 5369 749 5439 augmentis
761 5369 851 5423 Scieu·
890 5367 963 5439 apud
989 5376 1097 5423 exteros
1124 5369 1234 5439 expeti:
1264 5368 1414 5438 quinetiam
1437 5363 1542 5418 solebat
1563 5364 1678 5421 subinde

79 5438 188 5502 imm?
203 5451 264 5498 ante
277 5459 364 5499 annos
372 5445 527 5512 octodecim,
538 5446 624 5502 edidit
633 5448 782 5504 dominatio
794 5447 851 5516 sua,
891 5448 988 5514 dicere,
999 5447 1087 5504 libros
1108 5450 1245 5506 modernis
1258 5446 1358 5518 linguis
1375 5442 1548 5514 conscriptos,
1564 5461 1623 5501 uon
1640 5445 1679 5500 its

111 5526 164 5573 ¹01.
184 5534 213 5573 tt.
445 5539 466 5580 u
