<?xml version="1.0" encoding="UTF-8"?>
<!DOCTYPE html PUBLIC "-//W3C//DTD XHTML 1.0 Transitional//EN"
    "http://www.w3.org/TR/xhtml1/DTD/xhtml1-transitional.dtd">
<html xmlns="http://www.w3.org/1999/xhtml" xml:lang="en" lang="en">
 <head>
  <title>
</title>
<meta http-equiv="Content-Type" content="text/html;charset=utf-8" />
  <meta name='ocr-system' content='tesseract 3.04.00' />
  <meta name='ocr-capabilities' content='ocr_page ocr_carea ocr_par ocr_line ocrx_word'/>
</head>
<body>
  <div class='ocr_page' id='page_1' title='image "./workslordbaconw00bacogoog_0729.png"; bbox 0 0 3800 5875; ppageno 0'>
   <div class='ocr_carea' id='block_1_1' title="bbox 774 322 981 380">
    <p class='ocr_par' dir='ltr' id='par_1_1' title="bbox 774 322 981 380">
     <span class='ocr_line' id='line_1_1' title="bbox 774 322 981 380; baseline 0.014 -3"><span class='ocrx_word' id='word_1_1' title='bbox 774 322 981 380; x_wconf 69' lang='lat' dir='ltr'>Pausania</span> 
     </span>
    </p>
   </div>
   <div class='ocr_carea' id='block_1_2' title="bbox 672 680 1088 765">
    <p class='ocr_par' dir='ltr' id='par_1_2' title="bbox 672 680 1088 765">
     <span class='ocr_line' id='line_1_2' title="bbox 672 680 1088 765; baseline 0.005 -2"><span class='ocrx_word' id='word_1_2' title='bbox 672 680 860 764; x_wconf 88' lang='lat' dir='ltr'><strong>ALMAE</strong></span> <span class='ocrx_word' id='word_1_3' title='bbox 894 682 1088 765; x_wconf 86' lang='lat' dir='ltr'><strong>MATRI</strong></span> 
     </span>
    </p>
   </div>
   <div class='ocr_carea' id='block_1_3' title="bbox 429 892 1332 967">
    <p class='ocr_par' dir='ltr' id='par_1_3' title="bbox 429 892 1332 967">
     <span class='ocr_line' id='line_1_3' title="bbox 429 892 1332 967; baseline 0.012 -11"><span class='ocrx_word' id='word_1_4' title='bbox 429 892 636 959; x_wconf 79' lang='lat' dir='ltr'>lNCLY&#39;l&#39;AE</span> <span class='ocrx_word' id='word_1_5' title='bbox 657 896 914 963; x_wconf 84' lang='lat' dir='ltr'><strong>ACADEMIAE</strong></span> <span class='ocrx_word' id='word_1_6' title='bbox 935 898 1332 967; x_wconf 85' lang='lat' dir='ltr'><strong>CANTABRIGIENSI.</strong></span> 
     </span>
    </p>
   </div>
   <div class='ocr_carea' id='block_1_4' title="bbox 56 1137 1691 2164">
    <p class='ocr_par' dir='ltr' id='par_1_4' title="bbox 56 1137 1691 2164">
     <span class='ocr_line' id='line_1_4' title="bbox 101 1137 1689 1222; baseline 0.008 -30"><span class='ocrx_word' id='word_1_7' title='bbox 101 1137 248 1193; x_wconf 72' lang='lat' dir='ltr'>Cannae</span> <span class='ocrx_word' id='word_1_8' title='bbox 263 1137 438 1209; x_wconf 72' lang='lat' dir='ltr'><strong>philosophia</strong></span> <span class='ocrx_word' id='word_1_9' title='bbox 450 1156 494 1193; x_wconf 89' lang='lat' dir='ltr'>me</span> <span class='ocrx_word' id='word_1_10' title='bbox 508 1149 580 1194; x_wconf 91' lang='lat' dir='ltr'>certe</span> <span class='ocrx_word' id='word_1_11' title='bbox 594 1157 644 1195; x_wconf 90' lang='lat' dir='ltr'>nec</span> <span class='ocrx_word' id='word_1_12' title='bbox 657 1141 747 1196; x_wconf 83' lang='lat' dir='ltr'>vivere</span> <span class='ocrx_word' id='word_1_13' title='bbox 766 1144 856 1212; x_wconf 86' lang='lat' dir='ltr'>J&#39;uvet;</span> <span class='ocrx_word' id='word_1_14' title='bbox 886 1146 1046 1202; x_wconf 82' lang='lat' dir='ltr'>merituros</span> <span class='ocrx_word' id='word_1_15' title='bbox 1063 1148 1092 1201; x_wconf 92' lang='lat' dir='ltr'>in</span> <span class='ocrx_word' id='word_1_16' title='bbox 1112 1165 1212 1218; x_wconf 90' lang='lat' dir='ltr'>magno</span> <span class='ocrx_word' id='word_1_17' title='bbox 1226 1148 1328 1203; x_wconf 91' lang='lat' dir='ltr'>bonore</span> <span class='ocrx_word' id='word_1_18' title='bbox 1350 1149 1481 1215; x_wconf 69' lang='lat' dir='ltr'>habena</span> <span class='ocrx_word' id='word_1_19' title='bbox 1502 1151 1601 1222; x_wconf 89' lang='lat' dir='ltr'>quibos</span> <span class='ocrx_word' id='word_1_20' title='bbox 1621 1151 1689 1205; x_wconf 91' lang='lat' dir='ltr'>mihi</span> 
     </span>
     <span class='ocr_line' id='line_1_5' title="bbox 61 1216 1690 1301; baseline 0.009 -32"><span class='ocrx_word' id='word_1_21' title='bbox 61 1216 117 1271; x_wconf 88' lang='lat' dir='ltr'>ista</span> <span class='ocrx_word' id='word_1_22' title='bbox 132 1219 198 1272; x_wconf 76' lang='lat' dir='ltr'>vira</span> <span class='ocrx_word' id='word_1_23' title='bbox 211 1217 338 1288; x_wconf 77' lang='lat' dir='ltr'>praesidia</span> <span class='ocrx_word' id='word_1_24' title='bbox 351 1226 379 1272; x_wconf 91' lang='lat' dir='ltr'>et</span> <span class='ocrx_word' id='word_1_25' title='bbox 393 1219 489 1273; x_wconf 88' lang='lat' dir='ltr'>solatia</span> <span class='ocrx_word' id='word_1_26' title='bbox 513 1219 648 1275; x_wconf 83' lang='lat' dir='ltr'>fluxerint</span> <span class='ocrx_word' id='word_1_27' title='bbox 690 1222 785 1293; x_wconf 89' lang='lat' dir='ltr'>ltaque</span> <span class='ocrx_word' id='word_1_28' title='bbox 805 1222 858 1278; x_wconf 91' lang='lat' dir='ltr'>boc</span> <span class='ocrx_word' id='word_1_29' title='bbox 878 1225 995 1291; x_wconf 89' lang='lat' dir='ltr'>nomine,</span> <span class='ocrx_word' id='word_1_30' title='bbox 1010 1235 1038 1280; x_wconf 94' lang='lat' dir='ltr'>et</span> <span class='ocrx_word' id='word_1_31' title='bbox 1060 1244 1112 1289; x_wconf 87' lang='lat' dir='ltr'>me,</span> <span class='ocrx_word' id='word_1_32' title='bbox 1135 1234 1163 1280; x_wconf 90' lang='lat' dir='ltr'>et</span> <span class='ocrx_word' id='word_1_33' title='bbox 1183 1244 1245 1282; x_wconf 91' lang='lat' dir='ltr'>mea</span> <span class='ocrx_word' id='word_1_34' title='bbox 1267 1228 1344 1282; x_wconf 84' lang='lat' dir='ltr'>vobis</span> <span class='ocrx_word' id='word_1_35' title='bbox 1367 1229 1465 1283; x_wconf 89' lang='lat' dir='ltr'>debere</span> <span class='ocrx_word' id='word_1_36' title='bbox 1487 1231 1621 1299; x_wconf 86' lang='lat' dir='ltr'>profiteor,</span> <span class='ocrx_word' id='word_1_37' title='bbox 1635 1246 1690 1301; x_wconf 91' lang='lat' dir='ltr'>quo</span> 
     </span>
     <span class='ocr_line' id='line_1_6' title="bbox 60 1297 1691 1378; baseline 0.008 -29"><span class='ocrx_word' id='word_1_38' title='bbox 60 1297 158 1352; x_wconf 87' lang='lat' dir='ltr'>minna</span> <span class='ocrx_word' id='word_1_39' title='bbox 171 1297 270 1351; x_wconf 89' lang='lat' dir='ltr'>mirum</span> <span class='ocrx_word' id='word_1_40' title='bbox 288 1298 332 1363; x_wconf 91' lang='lat' dir='ltr'>sit,</span> <span class='ocrx_word' id='word_1_41' title='bbox 346 1298 370 1351; x_wconf 90' lang='lat' dir='ltr'>si</span> <span class='ocrx_word' id='word_1_42' title='bbox 384 1314 431 1352; x_wconf 87' lang='lat' dir='ltr'>vos</span> <span class='ocrx_word' id='word_1_43' title='bbox 452 1298 550 1352; x_wconf 82' lang='lat' dir='ltr'>vestris</span> <span class='ocrx_word' id='word_1_44' title='bbox 570 1316 758 1366; x_wconf 70' lang='lat' dir='ltr'>remunerem</span> <span class='ocrx_word' id='word_1_45' title='bbox 778 1309 810 1356; x_wconf 91' lang='lat' dir='ltr'>ut</span> <span class='ocrx_word' id='word_1_46' title='bbox 826 1311 901 1357; x_wconf 90' lang='lat' dir='ltr'>motu</span> <span class='ocrx_word' id='word_1_47' title='bbox 921 1305 1038 1359; x_wconf 91' lang='lat' dir='ltr'>naturali</span> <span class='ocrx_word' id='word_1_48' title='bbox 1062 1306 1175 1360; x_wconf 87' lang='lat' dir='ltr'>redeant</span> <span class='ocrx_word' id='word_1_49' title='bbox 1196 1322 1213 1359; x_wconf 92' lang='lat' dir='ltr'>a</span> <span class='ocrx_word' id='word_1_50' title='bbox 1235 1323 1289 1378; x_wconf 91' lang='lat' dir='ltr'>quo</span> <span class='ocrx_word' id='word_1_51' title='bbox 1309 1309 1440 1362; x_wconf 81' lang='lat' dir='ltr'><strong>traxerint</strong></span> <span class='ocrx_word' id='word_1_52' title='bbox 1462 1309 1604 1378; x_wconf 76' lang='lat' dir='ltr'>originem.</span> <span class='ocrx_word' id='word_1_53' title='bbox 1654 1308 1691 1363; x_wconf 80' lang='lat' dir='ltr'>Iit</span> 
     </span>
     <span class='ocr_line' id='line_1_7' title="bbox 59 1376 1687 1456; baseline 0.008 -27"><span class='ocrx_word' id='word_1_54' title='bbox 59 1382 164 1441; x_wconf 87' lang='lat' dir='ltr'>tamen,</span> <span class='ocrx_word' id='word_1_55' title='bbox 177 1376 269 1429; x_wconf 89' lang='lat' dir='ltr'>nescio</span> <span class='ocrx_word' id='word_1_56' title='bbox 279 1376 421 1447; x_wconf 88' lang='lat' dir='ltr'>quomodo,</span> <span class='ocrx_word' id='word_1_57' title='bbox 432 1393 494 1431; x_wconf 87' lang='lat' dir='ltr'>rara</span> <span class='ocrx_word' id='word_1_58' title='bbox 506 1377 631 1433; x_wconf 83' lang='lat' dir='ltr'>videntur</span> <span class='ocrx_word' id='word_1_59' title='bbox 644 1379 759 1450; x_wconf 80' lang='lat' dir='ltr'>vestigia</span> <span class='ocrx_word' id='word_1_60' title='bbox 772 1398 820 1436; x_wconf 84' lang='lat' dir='ltr'>ros</span> <span class='ocrx_word' id='word_1_61' title='bbox 831 1389 976 1438; x_wconf 75' lang='lat' dir='ltr'>retrorsum</span> <span class='ocrx_word' id='word_1_62' title='bbox 988 1385 1158 1453; x_wconf 73' lang='lat' dir='ltr'>spectantia:</span> <span class='ocrx_word' id='word_1_63' title='bbox 1179 1401 1241 1439; x_wconf 88' lang='lat' dir='ltr'>cum</span> <span class='ocrx_word' id='word_1_64' title='bbox 1253 1385 1358 1440; x_wconf 87' lang='lat' dir='ltr'>infinita</span> <span class='ocrx_word' id='word_1_65' title='bbox 1371 1403 1388 1439; x_wconf 91' lang='lat' dir='ltr'>a</span> <span class='ocrx_word' id='word_1_66' title='bbox 1401 1387 1477 1441; x_wconf 84' lang='lat' dir='ltr'>vobis</span> <span class='ocrx_word' id='word_1_67' title='bbox 1490 1387 1611 1456; x_wconf 83' lang='lat' dir='ltr'>profecta</span> <span class='ocrx_word' id='word_1_68' title='bbox 1624 1387 1687 1443; x_wconf 87' lang='lat' dir='ltr'>sint.</span> 
     </span>
     <span class='ocr_line' id='line_1_8' title="bbox 59 1453 1688 1537; baseline 0.007 -29"><span class='ocrx_word' id='word_1_69' title='bbox 59 1455 124 1509; x_wconf 90' lang='lat' dir='ltr'>Nec</span> <span class='ocrx_word' id='word_1_70' title='bbox 139 1455 255 1509; x_wconf 90' lang='lat' dir='ltr'>nimium</span> <span class='ocrx_word' id='word_1_71' title='bbox 270 1456 338 1510; x_wconf 89' lang='lat' dir='ltr'>mibi</span> <span class='ocrx_word' id='word_1_72' title='bbox 352 1472 457 1510; x_wconf 89' lang='lat' dir='ltr'>sumam</span> <span class='ocrx_word' id='word_1_73' title='bbox 469 1453 514 1529; x_wconf 88' lang='lat' dir='ltr'>(ut</span> <span class='ocrx_word' id='word_1_74' title='bbox 527 1453 673 1531; x_wconf 90' lang='lat' dir='ltr'>opinor)si</span> <span class='ocrx_word' id='word_1_75' title='bbox 688 1475 803 1529; x_wconf 88' lang='lat' dir='ltr'>sperem,</span> <span class='ocrx_word' id='word_1_76' title='bbox 814 1468 925 1531; x_wconf 88' lang='lat' dir='ltr'>propter</span> <span class='ocrx_word' id='word_1_77' title='bbox 938 1479 1026 1517; x_wconf 89' lang='lat' dir='ltr'>rerum</span> <span class='ocrx_word' id='word_1_78' title='bbox 1040 1480 1118 1517; x_wconf 92' lang='lat' dir='ltr'>usum</span> <span class='ocrx_word' id='word_1_79' title='bbox 1131 1463 1303 1529; x_wconf 82' lang='lat' dir='ltr'>mediocrem,</span> <span class='ocrx_word' id='word_1_80' title='bbox 1314 1466 1386 1536; x_wconf 92' lang='lat' dir='ltr'>quod</span> <span class='ocrx_word' id='word_1_81' title='bbox 1398 1474 1519 1520; x_wconf 89' lang='lat' dir='ltr'>nostrum</span> <span class='ocrx_word' id='word_1_82' title='bbox 1530 1467 1591 1520; x_wconf 81' lang='lat' dir='ltr'>vitre</span> <span class='ocrx_word' id='word_1_83' title='bbox 1602 1482 1688 1537; x_wconf 90' lang='lat' dir='ltr'>genus</span> 
     </span>
     <span class='ocr_line' id='line_1_9' title="bbox 58 1535 1688 1613; baseline 0.007 -26"><span class='ocrx_word' id='word_1_84' title='bbox 58 1543 88 1587; x_wconf 86' lang='lat' dir='ltr'>et</span> <span class='ocrx_word' id='word_1_85' title='bbox 102 1535 260 1589; x_wconf 90' lang='lat' dir='ltr'>institutum</span> <span class='ocrx_word' id='word_1_86' title='bbox 274 1535 428 1589; x_wconf 87' lang='lat' dir='ltr'>necessario</span> <span class='ocrx_word' id='word_1_87' title='bbox 446 1535 537 1598; x_wconf 77' lang='lat' dir='ltr'>traxit,</span> <span class='ocrx_word' id='word_1_88' title='bbox 551 1537 709 1592; x_wconf 81' lang='lat' dir='ltr'>nonnullam</span> <span class='ocrx_word' id='word_1_89' title='bbox 728 1538 762 1592; x_wconf 90' lang='lat' dir='ltr'>ad</span> <span class='ocrx_word' id='word_1_90' title='bbox 781 1539 923 1594; x_wconf 90' lang='lat' dir='ltr'>bominum</span> <span class='ocrx_word' id='word_1_91' title='bbox 946 1541 1084 1596; x_wconf 91' lang='lat' dir='ltr'>doctorum</span> <span class='ocrx_word' id='word_1_92' title='bbox 1105 1542 1222 1609; x_wconf 87' lang='lat' dir='ltr'>inventa,</span> <span class='ocrx_word' id='word_1_93' title='bbox 1237 1559 1287 1613; x_wconf 91' lang='lat' dir='ltr'>per</span> <span class='ocrx_word' id='word_1_94' title='bbox 1308 1543 1368 1598; x_wconf 77' lang='lat' dir='ltr'>bac</span> <span class='ocrx_word' id='word_1_95' title='bbox 1391 1552 1490 1608; x_wconf 85' lang='lat' dir='ltr'>nostra,</span> <span class='ocrx_word' id='word_1_96' title='bbox 1504 1544 1604 1599; x_wconf 84' lang='lat' dir='ltr'>iactam</span> <span class='ocrx_word' id='word_1_97' title='bbox 1627 1561 1688 1599; x_wconf 90' lang='lat' dir='ltr'>esse</span> 
     </span>
     <span class='ocr_line' id='line_1_10' title="bbox 58 1613 1687 1689; baseline 0.007 -24"><span class='ocrx_word' id='word_1_98' title='bbox 58 1615 256 1668; x_wconf 84' lang='lat' dir='ltr'>accessionem.</span> <span class='ocrx_word' id='word_1_99' title='bbox 298 1613 430 1684; x_wconf 85' lang='lat' dir='ltr'>Equidem</span> <span class='ocrx_word' id='word_1_100' title='bbox 445 1613 474 1668; x_wconf 93' lang='lat' dir='ltr'>in</span> <span class='ocrx_word' id='word_1_101' title='bbox 487 1630 521 1668; x_wconf 90' lang='lat' dir='ltr'>ea</span> <span class='ocrx_word' id='word_1_102' title='bbox 533 1615 660 1686; x_wconf 90' lang='lat' dir='ltr'>opinione</span> <span class='ocrx_word' id='word_1_103' title='bbox 678 1632 744 1682; x_wconf 91' lang='lat' dir='ltr'>sum,</span> <span class='ocrx_word' id='word_1_104' title='bbox 758 1619 1005 1688; x_wconf 86' lang='lat' dir='ltr'>contemplationes,</span> <span class='ocrx_word' id='word_1_105' title='bbox 1020 1621 1048 1675; x_wconf 92' lang='lat' dir='ltr'>in</span> <span class='ocrx_word' id='word_1_106' title='bbox 1068 1620 1152 1675; x_wconf 84' lang='lat' dir='ltr'>sitam</span> <span class='ocrx_word' id='word_1_107' title='bbox 1169 1621 1286 1676; x_wconf 81' lang='lat' dir='ltr'>activam</span> <span class='ocrx_word' id='word_1_108' title='bbox 1306 1623 1459 1689; x_wconf 89' lang='lat' dir='ltr'>translatas,</span> <span class='ocrx_word' id='word_1_109' title='bbox 1481 1623 1605 1678; x_wconf 85' lang='lat' dir='ltr'>nonnihil</span> <span class='ocrx_word' id='word_1_110' title='bbox 1624 1625 1687 1678; x_wconf 81' lang='lat' dir='ltr'>novi</span> 
     </span>
     <span class='ocr_line' id='line_1_11' title="bbox 58 1692 1687 1773; baseline 0.007 -28"><span class='ocrx_word' id='word_1_111' title='bbox 58 1692 169 1746; x_wconf 88' lang='lat' dir='ltr'>decoris</span> <span class='ocrx_word' id='word_1_112' title='bbox 183 1701 210 1747; x_wconf 92' lang='lat' dir='ltr'>et</span> <span class='ocrx_word' id='word_1_113' title='bbox 223 1693 324 1762; x_wconf 82' lang='lat' dir='ltr'>vigoris</span> <span class='ocrx_word' id='word_1_114' title='bbox 341 1693 495 1764; x_wconf 73' lang='lat' dir='ltr'>acquirere3</span> <span class='ocrx_word' id='word_1_115' title='bbox 516 1701 544 1748; x_wconf 87' lang='lat' dir='ltr'>et</span> <span class='ocrx_word' id='word_1_116' title='bbox 557 1703 716 1765; x_wconf 77' lang='lat' dir='ltr'>suppetente</span> <span class='ocrx_word' id='word_1_117' title='bbox 727 1696 848 1751; x_wconf 87' lang='lat' dir='ltr'>uberiore</span> <span class='ocrx_word' id='word_1_118' title='bbox 860 1700 979 1761; x_wconf 83' lang='lat' dir='ltr'>materia,</span> <span class='ocrx_word' id='word_1_119' title='bbox 994 1707 1022 1753; x_wconf 91' lang='lat' dir='ltr'>et</span> <span class='ocrx_word' id='word_1_120' title='bbox 1031 1700 1119 1770; x_wconf 86' lang='lat' dir='ltr'>magis</span> <span class='ocrx_word' id='word_1_121' title='bbox 1128 1699 1197 1755; x_wconf 87' lang='lat' dir='ltr'>altas</span> <span class='ocrx_word' id='word_1_122' title='bbox 1211 1699 1325 1755; x_wconf 78' lang='lat' dir='ltr'>tortasse</span> <span class='ocrx_word' id='word_1_123' title='bbox 1337 1702 1440 1757; x_wconf 75' lang='lat' dir='ltr'>radices</span> <span class='ocrx_word' id='word_1_124' title='bbox 1452 1719 1541 1773; x_wconf 88' lang='lat' dir='ltr'>agere,</span> <span class='ocrx_word' id='word_1_125' title='bbox 1555 1710 1602 1758; x_wconf 89' lang='lat' dir='ltr'>aut</span> <span class='ocrx_word' id='word_1_126' title='bbox 1614 1709 1687 1757; x_wconf 89' lang='lat' dir='ltr'>certe</span> 
     </span>
     <span class='ocr_line' id='line_1_12' title="bbox 57 1772 1688 1853; baseline 0.007 -29"><span class='ocrx_word' id='word_1_127' title='bbox 57 1773 151 1842; x_wconf 88' lang='lat' dir='ltr'>magis</span> <span class='ocrx_word' id='word_1_128' title='bbox 166 1788 292 1842; x_wconf 88' lang='lat' dir='ltr'>proceras</span> <span class='ocrx_word' id='word_1_129' title='bbox 306 1779 334 1826; x_wconf 86' lang='lat' dir='ltr'>et</span> <span class='ocrx_word' id='word_1_130' title='bbox 348 1772 487 1827; x_wconf 79' lang='lat' dir='ltr'>frondosas</span> <span class='ocrx_word' id='word_1_131' title='bbox 500 1773 622 1828; x_wconf 80' lang='lat' dir='ltr'>eradere.</span> <span class='ocrx_word' id='word_1_132' title='bbox 662 1776 761 1846; x_wconf 87' lang='lat' dir='ltr'>Neque</span> <span class='ocrx_word' id='word_1_133' title='bbox 771 1792 819 1829; x_wconf 83' lang='lat' dir='ltr'>vos</span> <span class='ocrx_word' id='word_1_134' title='bbox 833 1778 877 1849; x_wconf 90' lang='lat' dir='ltr'>(ut</span> <span class='ocrx_word' id='word_1_135' title='bbox 889 1776 1016 1845; x_wconf 76' lang='lat' dir='ltr'>arbitror)</span> <span class='ocrx_word' id='word_1_136' title='bbox 1030 1778 1083 1848; x_wconf 91' lang='lat' dir='ltr'>ipsi</span> <span class='ocrx_word' id='word_1_137' title='bbox 1097 1779 1191 1845; x_wconf 90' lang='lat' dir='ltr'>nostis,</span> <span class='ocrx_word' id='word_1_138' title='bbox 1202 1796 1284 1851; x_wconf 89' lang='lat' dir='ltr'>quam</span> <span class='ocrx_word' id='word_1_139' title='bbox 1294 1779 1347 1835; x_wconf 91' lang='lat' dir='ltr'>late</span> <span class='ocrx_word' id='word_1_140' title='bbox 1361 1788 1472 1852; x_wconf 88' lang='lat' dir='ltr'>pateant</span> <span class='ocrx_word' id='word_1_141' title='bbox 1484 1788 1581 1846; x_wconf 84' lang='lat' dir='ltr'>vestra,</span> <span class='ocrx_word' id='word_1_142' title='bbox 1596 1798 1688 1853; x_wconf 89' lang='lat' dir='ltr'>quam·</span> 
     </span>
     <span class='ocr_line' id='line_1_13' title="bbox 57 1850 1688 1929; baseline 0.007 -25"><span class='ocrx_word' id='word_1_143' title='bbox 57 1868 112 1921; x_wconf 89' lang='lat' dir='ltr'>que</span> <span class='ocrx_word' id='word_1_144' title='bbox 128 1851 164 1905; x_wconf 90' lang='lat' dir='ltr'>ad</span> <span class='ocrx_word' id='word_1_145' title='bbox 178 1850 264 1905; x_wconf 90' lang='lat' dir='ltr'>multa</span> <span class='ocrx_word' id='word_1_146' title='bbox 277 1852 436 1921; x_wconf 78' lang='lat' dir='ltr'>pertineant</span> <span class='ocrx_word' id='word_1_147' title='bbox 475 1853 592 1921; x_wconf 83' lang='lat' dir='ltr'>AEquum</span> <span class='ocrx_word' id='word_1_148' title='bbox 607 1860 751 1909; x_wconf 88' lang='lat' dir='ltr'>esttamen</span> <span class='ocrx_word' id='word_1_149' title='bbox 766 1855 856 1909; x_wconf 92' lang='lat' dir='ltr'>omnia</span> <span class='ocrx_word' id='word_1_150' title='bbox 869 1856 944 1910; x_wconf 82' lang='lat' dir='ltr'>robis</span> <span class='ocrx_word' id='word_1_151' title='bbox 962 1858 1077 1922; x_wconf 79' lang='lat' dir='ltr'>attribui,</span> <span class='ocrx_word' id='word_1_152' title='bbox 1092 1865 1174 1929; x_wconf 89' lang='lat' dir='ltr'>atque</span> <span class='ocrx_word' id='word_1_153' title='bbox 1191 1859 1220 1912; x_wconf 92' lang='lat' dir='ltr'>in</span> <span class='ocrx_word' id='word_1_154' title='bbox 1235 1866 1352 1913; x_wconf 86' lang='lat' dir='ltr'>vestmm</span> <span class='ocrx_word' id='word_1_155' title='bbox 1364 1860 1496 1915; x_wconf 89' lang='lat' dir='ltr'>bonorem</span> <span class='ocrx_word' id='word_1_156' title='bbox 1508 1860 1611 1924; x_wconf 85' lang='lat' dir='ltr'>cedere,</span> <span class='ocrx_word' id='word_1_157' title='bbox 1626 1877 1688 1916; x_wconf 88' lang='lat' dir='ltr'>cum</span> 
     </span>
     <span class='ocr_line' id='line_1_14' title="bbox 57 1930 1688 2009; baseline 0.006 -26"><span class='ocrx_word' id='word_1_158' title='bbox 57 1930 233 1984; x_wconf 71' lang='lat' dir='ltr'>accessiones</span> <span class='ocrx_word' id='word_1_159' title='bbox 247 1946 361 2001; x_wconf 75' lang='lat' dir='ltr'>quaque</span> <span class='ocrx_word' id='word_1_160' title='bbox 375 1930 514 2000; x_wconf 85' lang='lat' dir='ltr'>principiis</span> <span class='ocrx_word' id='word_1_161' title='bbox 528 1947 628 2003; x_wconf 89' lang='lat' dir='ltr'>magna</span> <span class='ocrx_word' id='word_1_162' title='bbox 641 1949 677 1986; x_wconf 82' lang='lat' dir='ltr'>ex</span> <span class='ocrx_word' id='word_1_163' title='bbox 690 1942 766 2003; x_wconf 85' lang='lat' dir='ltr'>parte</span> <span class='ocrx_word' id='word_1_164' title='bbox 779 1934 934 1988; x_wconf 80' lang='lat' dir='ltr'>debeantur.</span> <span class='ocrx_word' id='word_1_165' title='bbox 975 1937 1073 2007; x_wconf 91' lang='lat' dir='ltr'>Neque</span> <span class='ocrx_word' id='word_1_166' title='bbox 1085 1953 1150 1990; x_wconf 85' lang='lat' dir='ltr'>vero</span> <span class='ocrx_word' id='word_1_167' title='bbox 1162 1936 1197 1991; x_wconf 91' lang='lat' dir='ltr'>ab</span> <span class='ocrx_word' id='word_1_168' title='bbox 1210 1935 1321 1992; x_wconf 88' lang='lat' dir='ltr'>bomine</span> <span class='ocrx_word' id='word_1_169' title='bbox 1334 1945 1465 2009; x_wconf 88' lang='lat' dir='ltr'>occupato</span> <span class='ocrx_word' id='word_1_170' title='bbox 1478 1939 1581 2008; x_wconf 87' lang='lat' dir='ltr'>aliquid</span> <span class='ocrx_word' id='word_1_171' title='bbox 1594 1939 1688 2009; x_wconf 85' lang='lat' dir='ltr'>exqui-</span> 
     </span>
     <span class='ocr_line' id='line_1_15' title="bbox 57 2008 1686 2087; baseline 0.006 -24"><span class='ocrx_word' id='word_1_172' title='bbox 57 2009 153 2073; x_wconf 90' lang='lat' dir='ltr'>situm,</span> <span class='ocrx_word' id='word_1_173' title='bbox 168 2016 217 2062; x_wconf 88' lang='lat' dir='ltr'>ant</span> <span class='ocrx_word' id='word_1_174' title='bbox 232 2009 281 2062; x_wconf 83' lang='lat' dir='ltr'>otii</span> <span class='ocrx_word' id='word_1_175' title='bbox 294 2008 431 2074; x_wconf 84' lang='lat' dir='ltr'>miracula,</span> <span class='ocrx_word' id='word_1_176' title='bbox 446 2017 473 2064; x_wconf 92' lang='lat' dir='ltr'>et</span> <span class='ocrx_word' id='word_1_177' title='bbox 485 2010 680 2082; x_wconf 72' lang='lat' dir='ltr'>prerogativae</span> <span class='ocrx_word' id='word_1_178' title='bbox 690 2013 849 2084; x_wconf 71' lang='lat' dir='ltr'>requiretis3</span> <span class='ocrx_word' id='word_1_179' title='bbox 870 2014 918 2067; x_wconf 87' lang='lat' dir='ltr'>sed</span> <span class='ocrx_word' id='word_1_180' title='bbox 931 2021 959 2069; x_wconf 94' lang='lat' dir='ltr'>et</span> <span class='ocrx_word' id='word_1_181' title='bbox 968 2015 1020 2068; x_wconf 91' lang='lat' dir='ltr'>hoc</span> <span class='ocrx_word' id='word_1_182' title='bbox 1034 2014 1118 2069; x_wconf 86' lang='lat' dir='ltr'>amori</span> <span class='ocrx_word' id='word_1_183' title='bbox 1132 2030 1195 2070; x_wconf 90' lang='lat' dir='ltr'>meo</span> <span class='ocrx_word' id='word_1_184' title='bbox 1203 2032 1309 2071; x_wconf 89' lang='lat' dir='ltr'>summo</span> <span class='ocrx_word' id='word_1_185' title='bbox 1320 2034 1386 2087; x_wconf 89' lang='lat' dir='ltr'>erga</span> <span class='ocrx_word' id='word_1_186' title='bbox 1396 2033 1445 2071; x_wconf 84' lang='lat' dir='ltr'>vos</span> <span class='ocrx_word' id='word_1_187' title='bbox 1458 2026 1485 2072; x_wconf 92' lang='lat' dir='ltr'>et</span> <span class='ocrx_word' id='word_1_188' title='bbox 1498 2025 1587 2072; x_wconf 76' lang='lat' dir='ltr'>vestm</span> <span class='ocrx_word' id='word_1_189' title='bbox 1600 2017 1686 2072; x_wconf 85' lang='lat' dir='ltr'>tribu·</span> 
     </span>
     <span class='ocr_line' id='line_1_16' title="bbox 56 2087 1636 2164; baseline 0.007 -22"><span class='ocrx_word' id='word_1_190' title='bbox 56 2088 118 2155; x_wconf 85' lang='lat' dir='ltr'>etis,</span> <span class='ocrx_word' id='word_1_191' title='bbox 134 2088 207 2160; x_wconf 87' lang='lat' dir='ltr'>quod</span> <span class='ocrx_word' id='word_1_192' title='bbox 221 2088 294 2144; x_wconf 83' lang='lat' dir='ltr'>intra</span> <span class='ocrx_word' id='word_1_193' title='bbox 306 2104 395 2143; x_wconf 89' lang='lat' dir='ltr'>rerum</span> <span class='ocrx_word' id='word_1_194' title='bbox 406 2087 527 2144; x_wconf 80' lang='lat' dir='ltr'>civilium</span> <span class='ocrx_word' id='word_1_195' title='bbox 538 2091 629 2161; x_wconf 90' lang='lat' dir='ltr'>spinas</span> <span class='ocrx_word' id='word_1_196' title='bbox 641 2089 700 2146; x_wconf 84' lang='lat' dir='ltr'>baec</span> <span class='ocrx_word' id='word_1_197' title='bbox 714 2107 768 2146; x_wconf 90' lang='lat' dir='ltr'>non</span> <span class='ocrx_word' id='word_1_198' title='bbox 783 2108 894 2164; x_wconf 89' lang='lat' dir='ltr'>prorsus</span> <span class='ocrx_word' id='word_1_199' title='bbox 907 2093 1046 2164; x_wconf 88' lang='lat' dir='ltr'>perierint,</span> <span class='ocrx_word' id='word_1_200' title='bbox 1061 2095 1109 2148; x_wconf 88' lang='lat' dir='ltr'>scd</span> <span class='ocrx_word' id='word_1_201' title='bbox 1121 2094 1198 2148; x_wconf 84' lang='lat' dir='ltr'>vobis</span> <span class='ocrx_word' id='word_1_202' title='bbox 1208 2102 1297 2149; x_wconf 85' lang='lat' dir='ltr'>vestra</span> <span class='ocrx_word' id='word_1_203' title='bbox 1310 2102 1417 2150; x_wconf 85' lang='lat' dir='ltr'>serrata</span> <span class='ocrx_word' id='word_1_204' title='bbox 1430 2097 1491 2152; x_wconf 83' lang='lat' dir='ltr'>sint</span> <span class='ocrx_word' id='word_1_205' title='bbox 1532 2095 1636 2153; x_wconf 87' lang='lat' dir='ltr'>Valcte.</span> 
     </span>
    </p>
   </div>
   <div class='ocr_carea' id='block_1_5' title="bbox 1071 2201 1684 2370">
    <p class='ocr_par' dir='ltr' id='par_1_5' title="bbox 1071 2201 1684 2370">
     <span class='ocr_line' id='line_1_17' title="bbox 1071 2201 1529 2271; baseline 0.009 -14"><span class='ocrx_word' id='word_1_206' title='bbox 1071 2201 1204 2259; x_wconf 67' lang='lat' dir='ltr'>alumnus</span> <span class='ocrx_word' id='word_1_207' title='bbox 1216 2210 1307 2260; x_wconf 80' lang='lat' dir='ltr'>restes</span> <span class='ocrx_word' id='word_1_208' title='bbox 1319 2205 1529 2271; x_wconf 79' lang='lat' dir='ltr'>amatissimus,</span> 
     </span>
     <span class='ocr_line' id='line_1_18' title="bbox 1392 2311 1684 2370; baseline 0 -1"><span class='ocrx_word' id='word_1_209' title='bbox 1392 2314 1478 2370; x_wconf 76' lang='lat' dir='ltr'>FRA.</span> <span class='ocrx_word' id='word_1_210' title='bbox 1498 2311 1684 2370; x_wconf 74' lang='lat' dir='ltr'>ascoutts.</span> 
     </span>
    </p>
   </div>
   <div class='ocr_carea' id='block_1_6' title="bbox 736 2664 1012 2740">
    <p class='ocr_par' dir='ltr' id='par_1_6' title="bbox 736 2664 1012 2740">
     <span class='ocr_line' id='line_1_19' title="bbox 736 2664 1012 2740; baseline 0.004 -3"><span class='ocrx_word' id='word_1_211' title='bbox 736 2664 1012 2740; x_wconf 81' lang='lat' dir='ltr'><strong>PRAEFATIO.</strong></span> 
     </span>
    </p>
   </div>
   <div class='ocr_carea' id='block_1_7' title="bbox 32 2867 1737 5548">
    <p class='ocr_par' dir='ltr' id='par_1_7' title="bbox 32 2867 1737 5548">
     <span class='ocr_line' id='line_1_20' title="bbox 95 2867 1737 2943; baseline 0.002 -21"><span class='ocrx_word' id='word_1_212' title='bbox 95 2867 324 2930; x_wconf 78' lang='lat' dir='ltr'>Asrruurrsrau</span> <span class='ocrx_word' id='word_1_213' title='bbox 337 2869 495 2940; x_wconf 78' lang='lat' dir='ltr'>pnmrevsm</span> <span class='ocrx_word' id='word_1_214' title='bbox 509 2868 644 2943; x_wconf 85' lang='lat' dir='ltr'>(exceptis</span> <span class='ocrx_word' id='word_1_215' title='bbox 658 2888 719 2943; x_wconf 79' lang='lat' dir='ltr'>qua</span> <span class='ocrx_word' id='word_1_216' title='bbox 732 2871 761 2926; x_wconf 90' lang='lat' dir='ltr'>ia</span> <span class='ocrx_word' id='word_1_217' title='bbox 775 2872 861 2927; x_wconf 87' lang='lat' dir='ltr'>sacris</span> <span class='ocrx_word' id='word_1_218' title='bbox 872 2871 958 2926; x_wconf 88' lang='lat' dir='ltr'>literis</span> <span class='ocrx_word' id='word_1_219' title='bbox 972 2869 1119 2941; x_wconf 88' lang='lat' dir='ltr'>babemus)</span> <span class='ocrx_word' id='word_1_220' title='bbox 1129 2869 1230 2925; x_wconf 83' lang='lat' dir='ltr'>oblivio</span> <span class='ocrx_word' id='word_1_221' title='bbox 1242 2877 1270 2926; x_wconf 90' lang='lat' dir='ltr'>et</span> <span class='ocrx_word' id='word_1_222' title='bbox 1282 2869 1419 2925; x_wconf 87' lang='lat' dir='ltr'>silentium</span> <span class='ocrx_word' id='word_1_223' title='bbox 1432 2868 1559 2924; x_wconf 80' lang='lat' dir='ltr'>involvit:</span> <span class='ocrx_word' id='word_1_224' title='bbox 1580 2868 1688 2926; x_wconf 85' lang='lat' dir='ltr'>silentia</span> <span class='ocrx_word' id='word_1_225' title='bbox 1733 2873 1737 2879; x_wconf 84' lang='lat'><em>&#39;</em></span> 
     </span>
     <span class='ocr_line' id='line_1_21' title="bbox 51 2948 1687 3022; baseline 0.001 -19"><span class='ocrx_word' id='word_1_226' title='bbox 51 2949 232 3020; x_wconf 72' lang='lat' dir='ltr'>antiquitatis</span> <span class='ocrx_word' id='word_1_227' title='bbox 246 2948 346 3004; x_wconf 78' lang='lat' dir='ltr'>tabulas</span> <span class='ocrx_word' id='word_1_228' title='bbox 359 2952 501 3019; x_wconf 65' lang='lat' dir='ltr'>poetarum</span> <span class='ocrx_word' id='word_1_229' title='bbox 513 2960 694 3021; x_wconf 83' lang='lat' dir='ltr'>exceperunt:</span> <span class='ocrx_word' id='word_1_230' title='bbox 715 2951 814 3006; x_wconf 80' lang='lat' dir='ltr'>tabulis</span> <span class='ocrx_word' id='word_1_231' title='bbox 832 2953 941 3006; x_wconf 89' lang='lat' dir='ltr'>tandem</span> <span class='ocrx_word' id='word_1_232' title='bbox 962 2967 1114 3007; x_wconf 82' lang='lat' dir='ltr'>successere</span> <span class='ocrx_word' id='word_1_233' title='bbox 1128 2951 1228 3021; x_wconf 91' lang='lat' dir='ltr'>scripta</span> <span class='ocrx_word' id='word_1_234' title='bbox 1248 2968 1309 3022; x_wconf 80' lang='lat' dir='ltr'>quse</span> <span class='ocrx_word' id='word_1_235' title='bbox 1321 2950 1468 3013; x_wconf 77' lang='lat' dir='ltr'>babemus3</span> <span class='ocrx_word' id='word_1_236' title='bbox 1489 2949 1558 3004; x_wconf 87' lang='lat' dir='ltr'>adeo</span> <span class='ocrx_word' id='word_1_237' title='bbox 1570 2957 1601 3004; x_wconf 92' lang='lat' dir='ltr'>ut</span> <span class='ocrx_word' id='word_1_238' title='bbox 1615 2952 1687 3005; x_wconf 88' lang='lat' dir='ltr'>anti·</span> 
     </span>
     <span class='ocr_line' id='line_1_22' title="bbox 50 3027 1686 3102; baseline 0.001 -20"><span class='ocrx_word' id='word_1_239' title='bbox 50 3028 173 3099; x_wconf 82' lang='lat' dir='ltr'>quitatis</span> <span class='ocrx_word' id='word_1_240' title='bbox 192 3028 343 3097; x_wconf 79' lang='lat' dir='ltr'>pensualia</span> <span class='ocrx_word' id='word_1_241' title='bbox 361 3035 390 3082; x_wconf 89' lang='lat' dir='ltr'>et</span> <span class='ocrx_word' id='word_1_242' title='bbox 408 3045 530 3085; x_wconf 86' lang='lat' dir='ltr'>recessus</span> <span class='ocrx_word' id='word_1_243' title='bbox 550 3046 568 3083; x_wconf 91' lang='lat' dir='ltr'>a</span> <span class='ocrx_word' id='word_1_244' title='bbox 587 3031 757 3102; x_wconf 88' lang='lat' dir='ltr'>sequentium</span> <span class='ocrx_word' id='word_1_245' title='bbox 775 3031 927 3085; x_wconf 89' lang='lat' dir='ltr'>seculorum</span> <span class='ocrx_word' id='word_1_246' title='bbox 947 3032 1077 3086; x_wconf 90' lang='lat' dir='ltr'>memoria</span> <span class='ocrx_word' id='word_1_247' title='bbox 1097 3038 1125 3085; x_wconf 89' lang='lat' dir='ltr'>ct</span> <span class='ocrx_word' id='word_1_248' title='bbox 1143 3030 1285 3095; x_wconf 83' lang='lat' dir='ltr'>evidentia,</span> <span class='ocrx_word' id='word_1_249' title='bbox 1300 3037 1427 3100; x_wconf 89' lang='lat' dir='ltr'>tanquam</span> <span class='ocrx_word' id='word_1_250' title='bbox 1447 3027 1507 3083; x_wconf 80' lang='lat' dir='ltr'>selo</span> <span class='ocrx_word' id='word_1_251' title='bbox 1526 3028 1686 3095; x_wconf 74' lang='lat' dir='ltr'>tabidarum,</span> 
     </span>
     <span class='ocr_line' id='line_1_23' title="bbox 49 3108 1686 3181; baseline 0.001 -19"><span class='ocrx_word' id='word_1_252' title='bbox 49 3109 177 3162; x_wconf 74' lang='lat' dir='ltr'>diseoeta</span> <span class='ocrx_word' id='word_1_253' title='bbox 189 3115 217 3162; x_wconf 88' lang='lat' dir='ltr'>st</span> <span class='ocrx_word' id='word_1_254' title='bbox 230 3114 355 3177; x_wconf 84' lang='lat' dir='ltr'>separata</span> <span class='ocrx_word' id='word_1_255' title='bbox 368 3108 424 3162; x_wconf 91' lang='lat' dir='ltr'>sint</span> <span class='ocrx_word' id='word_1_256' title='bbox 431 3130 439 3173; x_wconf 81' lang='lat' dir='ltr'>t</span> <span class='ocrx_word' id='word_1_257' title='bbox 460 3109 533 3179; x_wconf 89' lang='lat' dir='ltr'>quod</span> <span class='ocrx_word' id='word_1_258' title='bbox 543 3125 575 3164; x_wconf 87' lang='lat' dir='ltr'>se</span> <span class='ocrx_word' id='word_1_259' title='bbox 588 3109 750 3179; x_wconf 88' lang='lat' dir='ltr'>interposuit</span> <span class='ocrx_word' id='word_1_260' title='bbox 763 3117 792 3165; x_wconf 90' lang='lat' dir='ltr'>et</span> <span class='ocrx_word' id='word_1_261' title='bbox 805 3110 906 3180; x_wconf 85' lang='lat' dir='ltr'>objecit</span> <span class='ocrx_word' id='word_1_262' title='bbox 917 3109 1036 3164; x_wconf 88' lang='lat' dir='ltr'>medinm</span> <span class='ocrx_word' id='word_1_263' title='bbox 1050 3110 1120 3164; x_wconf 89' lang='lat' dir='ltr'>inter</span> <span class='ocrx_word' id='word_1_264' title='bbox 1132 3124 1173 3175; x_wconf 90' lang='lat' dir='ltr'>ea,</span> <span class='ocrx_word' id='word_1_265' title='bbox 1187 3128 1248 3180; x_wconf 82' lang='lat' dir='ltr'>quae</span> <span class='ocrx_word' id='word_1_266' title='bbox 1261 3110 1406 3181; x_wconf 88' lang='lat' dir='ltr'>perierunt,</span> <span class='ocrx_word' id='word_1_267' title='bbox 1417 3115 1444 3161; x_wconf 86' lang='lat' dir='ltr'>et</span> <span class='ocrx_word' id='word_1_268' title='bbox 1457 3124 1498 3172; x_wconf 90' lang='lat' dir='ltr'>ea,</span> <span class='ocrx_word' id='word_1_269' title='bbox 1512 3125 1575 3179; x_wconf 80' lang='lat' dir='ltr'>quas</span> <span class='ocrx_word' id='word_1_270' title='bbox 1584 3115 1686 3164; x_wconf 85' lang='lat' dir='ltr'>extant.</span> 
     </span>
     <span class='ocr_line' id='line_1_24' title="bbox 48 3185 1687 3260; baseline 0.001 -19"><span class='ocrx_word' id='word_1_271' title='bbox 48 3187 194 3258; x_wconf 79' lang='lat' dir='ltr'>Equidem</span> <span class='ocrx_word' id='word_1_272' title='bbox 207 3186 336 3241; x_wconf 84' lang='lat' dir='ltr'>existimo</span> <span class='ocrx_word' id='word_1_273' title='bbox 346 3186 489 3258; x_wconf 88' lang='lat' dir='ltr'>plerosque</span> <span class='ocrx_word' id='word_1_274' title='bbox 502 3188 531 3242; x_wconf 92' lang='lat' dir='ltr'>in</span> <span class='ocrx_word' id='word_1_275' title='bbox 546 3204 580 3242; x_wconf 88' lang='lat' dir='ltr'>ea</span> <span class='ocrx_word' id='word_1_276' title='bbox 591 3188 718 3259; x_wconf 90' lang='lat' dir='ltr'>opinione</span> <span class='ocrx_word' id='word_1_277' title='bbox 729 3188 794 3253; x_wconf 83' lang='lat' dir='ltr'>iore,</span> <span class='ocrx_word' id='word_1_278' title='bbox 809 3206 852 3245; x_wconf 92' lang='lat' dir='ltr'>me</span> <span class='ocrx_word' id='word_1_279' title='bbox 863 3189 976 3244; x_wconf 84' lang='lat' dir='ltr'>delicias</span> <span class='ocrx_word' id='word_1_280' title='bbox 989 3205 1020 3242; x_wconf 88' lang='lat' dir='ltr'>ac</span> <span class='ocrx_word' id='word_1_281' title='bbox 1034 3189 1112 3244; x_wconf 92' lang='lat' dir='ltr'>ludos</span> <span class='ocrx_word' id='word_1_282' title='bbox 1125 3188 1231 3254; x_wconf 82' lang='lat' dir='ltr'>sacere;</span> <span class='ocrx_word' id='word_1_283' title='bbox 1252 3196 1334 3260; x_wconf 85' lang='lat' dir='ltr'>atque</span> <span class='ocrx_word' id='word_1_284' title='bbox 1348 3185 1464 3242; x_wconf 83' lang='lat' dir='ltr'>similem</span> <span class='ocrx_word' id='word_1_285' title='bbox 1476 3187 1533 3241; x_wconf 81' lang='lat' dir='ltr'>fere</span> <span class='ocrx_word' id='word_1_286' title='bbox 1547 3185 1687 3242; x_wconf 87' lang='lat' dir='ltr'>licentiam</span> 
     </span>
     <span class='ocr_line' id='line_1_25' title="bbox 47 3264 1686 3339; baseline -0.001 -18"><span class='ocrx_word' id='word_1_287' title='bbox 47 3267 79 3321; x_wconf 89' lang='lat' dir='ltr'>in</span> <span class='ocrx_word' id='word_1_288' title='bbox 93 3266 295 3321; x_wconf 77' lang='lat' dir='ltr'>transferendis</span> <span class='ocrx_word' id='word_1_289' title='bbox 309 3264 408 3320; x_wconf 77' lang='lat' dir='ltr'>nauus</span> <span class='ocrx_word' id='word_1_290' title='bbox 421 3282 558 3337; x_wconf 86' lang='lat' dir='ltr'>usurpare,</span> <span class='ocrx_word' id='word_1_291' title='bbox 572 3284 604 3321; x_wconf 85' lang='lat' dir='ltr'>ac</span> <span class='ocrx_word' id='word_1_292' title='bbox 615 3267 669 3338; x_wconf 89' lang='lat' dir='ltr'>ipsi</span> <span class='ocrx_word' id='word_1_293' title='bbox 688 3266 777 3338; x_wconf 82' lang='lat' dir='ltr'>po&#39;s‘tae</span> <span class='ocrx_word' id='word_1_294' title='bbox 791 3269 842 3322; x_wconf 89' lang='lat' dir='ltr'>sibi</span> <span class='ocrx_word' id='word_1_295' title='bbox 856 3268 1020 3339; x_wconf 87' lang='lat' dir='ltr'>sumpserint</span> <span class='ocrx_word' id='word_1_296' title='bbox 1038 3270 1067 3322; x_wconf 90' lang='lat' dir='ltr'>in</span> <span class='ocrx_word' id='word_1_297' title='bbox 1088 3268 1237 3338; x_wconf 69' lang='lat' dir='ltr'>tingendis,</span> <span class='ocrx_word' id='word_1_298' title='bbox 1259 3267 1330 3338; x_wconf 90' lang='lat' dir='ltr'>quod</span> <span class='ocrx_word' id='word_1_299' title='bbox 1349 3283 1400 3337; x_wconf 92' lang='lat' dir='ltr'>pro</span> <span class='ocrx_word' id='word_1_300' title='bbox 1417 3283 1481 3320; x_wconf 89' lang='lat' dir='ltr'>meo</span> <span class='ocrx_word' id='word_1_301' title='bbox 1489 3266 1550 3334; x_wconf 86' lang='lat' dir='ltr'>jure</span> <span class='ocrx_word' id='word_1_302' title='bbox 1567 3282 1632 3320; x_wconf 84' lang='lat' dir='ltr'>sanc</span> <span class='ocrx_word' id='word_1_303' title='bbox 1646 3267 1686 3321; x_wconf 81' lang='lat' dir='ltr'>ia·</span> 
     </span>
     <span class='ocr_line' id='line_1_26' title="bbox 46 3344 1685 3417; baseline 0.001 -19"><span class='ocrx_word' id='word_1_304' title='bbox 46 3362 116 3400; x_wconf 88' lang='lat' dir='ltr'>cere</span> <span class='ocrx_word' id='word_1_305' title='bbox 140 3361 260 3415; x_wconf 88' lang='lat' dir='ltr'>possem,</span> <span class='ocrx_word' id='word_1_306' title='bbox 274 3351 304 3399; x_wconf 89' lang='lat' dir='ltr'>ut</span> <span class='ocrx_word' id='word_1_307' title='bbox 324 3344 593 3416; x_wconf 88' lang='lat' dir='ltr'>contemplationibus</span> <span class='ocrx_word' id='word_1_308' title='bbox 609 3347 698 3417; x_wconf 57' lang='lat' dir='ltr'>mama</span> <span class='ocrx_word' id='word_1_309' title='bbox 718 3347 809 3403; x_wconf 86' lang='lat' dir='ltr'>arduis</span> <span class='ocrx_word' id='word_1_310' title='bbox 828 3347 896 3412; x_wconf 72' lang='lat' dir='ltr'>bec,</span> <span class='ocrx_word' id='word_1_311' title='bbox 909 3347 945 3401; x_wconf 89' lang='lat' dir='ltr'>ad</span> <span class='ocrx_word' id='word_1_312' title='bbox 964 3346 1129 3417; x_wconf 76' lang='lat' dir='ltr'>voluptatem</span> <span class='ocrx_word' id='word_1_313' title='bbox 1148 3346 1205 3401; x_wconf 82' lang='lat' dir='ltr'>sive</span> <span class='ocrx_word' id='word_1_314' title='bbox 1226 3345 1407 3401; x_wconf 87' lang='lat' dir='ltr'>meditationis</span> <span class='ocrx_word' id='word_1_315' title='bbox 1420 3345 1545 3416; x_wconf 78' lang='lat' dir='ltr'>propria,</span> <span class='ocrx_word' id='word_1_316' title='bbox 1559 3345 1617 3399; x_wconf 84' lang='lat' dir='ltr'>sive</span> <span class='ocrx_word' id='word_1_317' title='bbox 1631 3344 1685 3401; x_wconf 87' lang='lat' dir='ltr'>les·</span> 
     </span>
     <span class='ocr_line' id='line_1_27' title="bbox 46 3423 1687 3498; baseline 0 -19"><span class='ocrx_word' id='word_1_318' title='bbox 46 3424 138 3480; x_wconf 89' lang='lat' dir='ltr'>tionis</span> <span class='ocrx_word' id='word_1_319' title='bbox 159 3424 266 3490; x_wconf 79' lang='lat' dir='ltr'>alienae,</span> <span class='ocrx_word' id='word_1_320' title='bbox 280 3439 461 3496; x_wconf 82' lang='lat' dir='ltr'>aspergerem</span> <span class='ocrx_word' id='word_1_321' title='bbox 501 3426 601 3496; x_wconf 87' lang='lat' dir='ltr'>Neque</span> <span class='ocrx_word' id='word_1_322' title='bbox 621 3442 664 3480; x_wconf 86' lang='lat' dir='ltr'>mc</span> <span class='ocrx_word' id='word_1_323' title='bbox 678 3425 746 3481; x_wconf 89' lang='lat' dir='ltr'>latet</span> <span class='ocrx_word' id='word_1_324' title='bbox 759 3443 841 3498; x_wconf 90' lang='lat' dir='ltr'>quam</span> <span class='ocrx_word' id='word_1_325' title='bbox 854 3425 988 3481; x_wconf 81' lang='lat' dir='ltr'>versatilis</span> <span class='ocrx_word' id='word_1_326' title='bbox 1001 3427 1116 3481; x_wconf 88' lang='lat' dir='ltr'>materia</span> <span class='ocrx_word' id='word_1_327' title='bbox 1129 3425 1165 3481; x_wconf 90' lang='lat' dir='ltr'>sit</span> <span class='ocrx_word' id='word_1_328' title='bbox 1177 3425 1277 3490; x_wconf 82' lang='lat' dir='ltr'>fabola,</span> <span class='ocrx_word' id='word_1_329' title='bbox 1292 3432 1321 3480; x_wconf 91' lang='lat' dir='ltr'>nt</span> <span class='ocrx_word' id='word_1_330' title='bbox 1340 3425 1394 3479; x_wconf 92' lang='lat' dir='ltr'>huc</span> <span class='ocrx_word' id='word_1_331' title='bbox 1412 3424 1477 3478; x_wconf 92' lang='lat' dir='ltr'>illuc</span> <span class='ocrx_word' id='word_1_332' title='bbox 1495 3423 1574 3489; x_wconf 80' lang='lat' dir='ltr'>naui,</span> <span class='ocrx_word' id='word_1_333' title='bbox 1588 3423 1646 3478; x_wconf 90' lang='lat' dir='ltr'>imo</span> <span class='ocrx_word' id='word_1_334' title='bbox 1658 3433 1687 3479; x_wconf 90' lang='lat' dir='ltr'>et</span> 
     </span>
     <span class='ocr_line' id='line_1_28' title="bbox 45 3502 1686 3576; baseline -0.001 -17"><span class='ocrx_word' id='word_1_335' title='bbox 45 3503 114 3559; x_wconf 86' lang='lat' dir='ltr'>duci</span> <span class='ocrx_word' id='word_1_336' title='bbox 130 3503 239 3575; x_wconf 70' lang='lat' dir='ltr'>possit,</span> <span class='ocrx_word' id='word_1_337' title='bbox 261 3510 444 3575; x_wconf 86' lang='lat' dir='ltr'>quantumque</span> <span class='ocrx_word' id='word_1_338' title='bbox 458 3503 562 3575; x_wconf 90' lang='lat' dir='ltr'>ingenii</span> <span class='ocrx_word' id='word_1_339' title='bbox 576 3504 751 3560; x_wconf 81' lang='lat' dir='ltr'>commoditas</span> <span class='ocrx_word' id='word_1_340' title='bbox 765 3514 792 3559; x_wconf 92' lang='lat' dir='ltr'>et</span> <span class='ocrx_word' id='word_1_341' title='bbox 805 3506 941 3561; x_wconf 83' lang='lat' dir='ltr'>discursus</span> <span class='ocrx_word' id='word_1_342' title='bbox 955 3505 1054 3570; x_wconf 74' lang='lat' dir='ltr'>salem,</span> <span class='ocrx_word' id='word_1_343' title='bbox 1068 3511 1099 3560; x_wconf 88' lang='lat' dir='ltr'>ut</span> <span class='ocrx_word' id='word_1_344' title='bbox 1111 3522 1173 3576; x_wconf 77' lang='lat' dir='ltr'>qua</span> <span class='ocrx_word' id='word_1_345' title='bbox 1190 3522 1328 3576; x_wconf 87' lang='lat' dir='ltr'>nunquam</span> <span class='ocrx_word' id='word_1_346' title='bbox 1348 3504 1468 3574; x_wconf 87' lang='lat' dir='ltr'>cogitata</span> <span class='ocrx_word' id='word_1_347' title='bbox 1483 3502 1544 3566; x_wconf 88' lang='lat' dir='ltr'>sint,</span> <span class='ocrx_word' id='word_1_348' title='bbox 1558 3502 1631 3558; x_wconf 89' lang='lat' dir='ltr'>belle</span> <span class='ocrx_word' id='word_1_349' title='bbox 1645 3511 1686 3558; x_wconf 91' lang='lat' dir='ltr'>ta·</span> 
     </span>
     <span class='ocr_line' id='line_1_29' title="bbox 45 3582 1685 3655; baseline 0.001 -18"><span class='ocrx_word' id='word_1_350' title='bbox 45 3599 116 3637; x_wconf 89' lang='lat' dir='ltr'>men</span> <span class='ocrx_word' id='word_1_351' title='bbox 131 3582 322 3637; x_wconf 85' lang='lat' dir='ltr'>attribuantur.</span> <span class='ocrx_word' id='word_1_352' title='bbox 362 3583 454 3637; x_wconf 83' lang='lat' dir='ltr'>Etiam</span> <span class='ocrx_word' id='word_1_353' title='bbox 467 3583 516 3638; x_wconf 87' lang='lat' dir='ltr'>illa</span> <span class='ocrx_word' id='word_1_354' title='bbox 529 3584 657 3655; x_wconf 81' lang='lat' dir='ltr'>cogitatio</span> <span class='ocrx_word' id='word_1_355' title='bbox 670 3583 790 3639; x_wconf 90' lang='lat' dir='ltr'>animum</span> <span class='ocrx_word' id='word_1_356' title='bbox 809 3585 888 3650; x_wconf 87' lang='lat' dir='ltr'>subit,</span> <span class='ocrx_word' id='word_1_357' title='bbox 901 3601 981 3639; x_wconf 79' lang='lat' dir='ltr'>ustam</span> <span class='ocrx_word' id='word_1_358' title='bbox 1000 3584 1114 3653; x_wconf 87' lang='lat' dir='ltr'>hujusce</span> <span class='ocrx_word' id='word_1_359' title='bbox 1140 3584 1180 3638; x_wconf 89' lang='lat' dir='ltr'>rei</span> <span class='ocrx_word' id='word_1_360' title='bbox 1198 3584 1361 3654; x_wconf 89' lang='lat' dir='ltr'>jampridem</span> <span class='ocrx_word' id='word_1_361' title='bbox 1374 3582 1588 3636; x_wconf 79' lang='lat' dir='ltr'>contaniinatum</span> <span class='ocrx_word' id='word_1_362' title='bbox 1607 3598 1685 3638; x_wconf 85' lang='lat' dir='ltr'>esse:</span> 
     </span>
     <span class='ocr_line' id='line_1_30' title="bbox 43 3660 1686 3740; baseline -0.001 -23"><span class='ocrx_word' id='word_1_363' title='bbox 43 3661 133 3717; x_wconf 89' lang='lat' dir='ltr'>multi</span> <span class='ocrx_word' id='word_1_364' title='bbox 147 3661 231 3725; x_wconf 75' lang='lat' dir='ltr'>emm,</span> <span class='ocrx_word' id='word_1_365' title='bbox 244 3670 275 3715; x_wconf 89' lang='lat' dir='ltr'>nt</span> <span class='ocrx_word' id='word_1_366' title='bbox 287 3661 401 3716; x_wconf 76' lang='lat' dir='ltr'>invenus</span> <span class='ocrx_word' id='word_1_367' title='bbox 414 3669 443 3717; x_wconf 92' lang='lat' dir='ltr'>et</span> <span class='ocrx_word' id='word_1_368' title='bbox 454 3661 563 3733; x_wconf 82' lang='lat' dir='ltr'>placitis</span> <span class='ocrx_word' id='word_1_369' title='bbox 576 3663 631 3718; x_wconf 86' lang='lat' dir='ltr'>anis</span> <span class='ocrx_word' id='word_1_370' title='bbox 645 3663 813 3740; x_wconf 77' lang='lat' dir='ltr'>antiquitatis</span> <span class='ocrx_word' id='word_1_371' title='bbox 826 3663 1027 3718; x_wconf 86' lang='lat' dir='ltr'>venerationem</span> <span class='ocrx_word' id='word_1_372' title='bbox 1040 3664 1217 3735; x_wconf 85' lang='lat' dir='ltr'>acquirerent,</span> <span class='ocrx_word' id='word_1_373' title='bbox 1232 3665 1369 3732; x_wconf 69' lang='lat' dir='ltr'>poetarum</span> <span class='ocrx_word' id='word_1_374' title='bbox 1382 3660 1487 3715; x_wconf 81' lang='lat' dir='ltr'>fabulas</span> <span class='ocrx_word' id='word_1_375' title='bbox 1500 3660 1535 3714; x_wconf 87' lang='lat' dir='ltr'>ad</span> <span class='ocrx_word' id='word_1_376' title='bbox 1547 3676 1580 3714; x_wconf 86' lang='lat' dir='ltr'>ea</span> <span class='ocrx_word' id='word_1_377' title='bbox 1594 3661 1686 3716; x_wconf 87' lang='lat' dir='ltr'>tradu-</span> 
     </span>
     <span class='ocr_line' id='line_1_31' title="bbox 44 3739 1686 3814; baseline 0 -19"><span class='ocrx_word' id='word_1_378' title='bbox 44 3758 114 3796; x_wconf 88' lang='lat' dir='ltr'>cere</span> <span class='ocrx_word' id='word_1_379' title='bbox 129 3741 222 3794; x_wconf 87' lang='lat' dir='ltr'>conati</span> <span class='ocrx_word' id='word_1_380' title='bbox 235 3748 314 3795; x_wconf 70' lang='lat' dir='ltr'>sunta</span> <span class='ocrx_word' id='word_1_381' title='bbox 334 3750 416 3812; x_wconf 90' lang='lat' dir='ltr'>atque</span> <span class='ocrx_word' id='word_1_382' title='bbox 429 3748 506 3797; x_wconf 86' lang='lat' dir='ltr'>setus</span> <span class='ocrx_word' id='word_1_383' title='bbox 519 3741 568 3796; x_wconf 89' lang='lat' dir='ltr'>illa</span> <span class='ocrx_word' id='word_1_384' title='bbox 581 3742 685 3796; x_wconf 85' lang='lat' dir='ltr'>vanitas</span> <span class='ocrx_word' id='word_1_385' title='bbox 699 3750 728 3797; x_wconf 87' lang='lat' dir='ltr'>et</span> <span class='ocrx_word' id='word_1_386' title='bbox 741 3742 875 3814; x_wconf 78' lang='lat' dir='ltr'>frequens,</span> <span class='ocrx_word' id='word_1_387' title='bbox 886 3759 936 3797; x_wconf 89' lang='lat' dir='ltr'>nec</span> <span class='ocrx_word' id='word_1_388' title='bbox 950 3759 1037 3814; x_wconf 88' lang='lat' dir='ltr'>nuper</span> <span class='ocrx_word' id='word_1_389' title='bbox 1049 3752 1121 3807; x_wconf 85' lang='lat' dir='ltr'>nata,</span> <span class='ocrx_word' id='word_1_390' title='bbox 1131 3748 1179 3797; x_wconf 87' lang='lat' dir='ltr'>sut</span> <span class='ocrx_word' id='word_1_391' title='bbox 1193 3758 1254 3797; x_wconf 88' lang='lat' dir='ltr'>raro</span> <span class='ocrx_word' id='word_1_392' title='bbox 1264 3747 1394 3812; x_wconf 87' lang='lat' dir='ltr'>usurpata</span> <span class='ocrx_word' id='word_1_393' title='bbox 1402 3746 1453 3796; x_wconf 85' lang='lat' dir='ltr'>est.</span> <span class='ocrx_word' id='word_1_394' title='bbox 1493 3739 1567 3793; x_wconf 86' lang='lat' dir='ltr'>Nam</span> <span class='ocrx_word' id='word_1_395' title='bbox 1580 3746 1608 3793; x_wconf 91' lang='lat' dir='ltr'>et</span> <span class='ocrx_word' id='word_1_396' title='bbox 1620 3739 1686 3795; x_wconf 90' lang='lat' dir='ltr'>olim</span> 
     </span>
     <span class='ocr_line' id='line_1_32' title="bbox 43 3817 1685 3892; baseline -0.001 -17"><span class='ocrx_word' id='word_1_397' title='bbox 43 3820 231 3889; x_wconf 82' lang='lat' dir='ltr'>Chrysippus</span> <span class='ocrx_word' id='word_1_398' title='bbox 243 3819 388 3874; x_wconf 87' lang='lat' dir='ltr'>stoicorum</span> <span class='ocrx_word' id='word_1_399' title='bbox 398 3821 534 3890; x_wconf 89' lang='lat' dir='ltr'>opinionis</span> <span class='ocrx_word' id='word_1_400' title='bbox 546 3820 735 3875; x_wconf 83' lang='lat' dir='ltr'>vetustissimis</span> <span class='ocrx_word' id='word_1_401' title='bbox 748 3820 846 3892; x_wconf 69' lang='lat' dir='ltr'>poetis,</span> <span class='ocrx_word' id='word_1_402' title='bbox 860 3821 944 3877; x_wconf 84' lang='lat' dir='ltr'>veluti</span> <span class='ocrx_word' id='word_1_403' title='bbox 959 3821 1123 3876; x_wconf 89' lang='lat' dir='ltr'>somniorum</span> <span class='ocrx_word' id='word_1_404' title='bbox 1145 3820 1244 3891; x_wconf 89' lang='lat' dir='ltr'>aliquis</span> <span class='ocrx_word' id='word_1_405' title='bbox 1264 3821 1405 3890; x_wconf 89' lang='lat' dir='ltr'>interpres,</span> <span class='ocrx_word' id='word_1_406' title='bbox 1419 3817 1553 3873; x_wconf 88' lang='lat' dir='ltr'>ascribere</span> <span class='ocrx_word' id='word_1_407' title='bbox 1567 3817 1685 3886; x_wconf 63' lang='lat' dir='ltr'>solebam</span> 
     </span>
     <span class='ocr_line' id='line_1_33' title="bbox 43 3896 1685 3970; baseline -0.001 -17"><span class='ocrx_word' id='word_1_408' title='bbox 43 3907 74 3953; x_wconf 89' lang='lat' dir='ltr'>et</span> <span class='ocrx_word' id='word_1_409' title='bbox 88 3897 188 3969; x_wconf 85' lang='lat' dir='ltr'>magis</span> <span class='ocrx_word' id='word_1_410' title='bbox 201 3896 302 3953; x_wconf 85' lang='lat' dir='ltr'>insulae</span> <span class='ocrx_word' id='word_1_411' title='bbox 316 3898 431 3953; x_wconf 89' lang='lat' dir='ltr'>cbemici</span> <span class='ocrx_word' id='word_1_412' title='bbox 445 3898 523 3955; x_wconf 91' lang='lat' dir='ltr'>ludos</span> <span class='ocrx_word' id='word_1_413' title='bbox 537 3907 564 3954; x_wconf 91' lang='lat' dir='ltr'>et</span> <span class='ocrx_word' id='word_1_414' title='bbox 582 3899 694 3955; x_wconf 87' lang='lat' dir='ltr'>delicias</span> <span class='ocrx_word' id='word_1_415' title='bbox 715 3899 857 3970; x_wconf 70' lang='lat' dir='ltr'>poetarum</span> <span class='ocrx_word' id='word_1_416' title='bbox 876 3901 906 3955; x_wconf 90' lang='lat' dir='ltr'>in</span> <span class='ocrx_word' id='word_1_417' title='bbox 927 3917 1068 3970; x_wconf 89' lang='lat' dir='ltr'>corporum</span> <span class='ocrx_word' id='word_1_418' title='bbox 1086 3899 1374 3964; x_wconf 79' lang='lat' dir='ltr'>transformationibus,</span> <span class='ocrx_word' id='word_1_419' title='bbox 1388 3899 1424 3952; x_wconf 89' lang='lat' dir='ltr'>sd</span> <span class='ocrx_word' id='word_1_420' title='bbox 1440 3897 1557 3952; x_wconf 77' lang='lat' dir='ltr'>lomacis</span> <span class='ocrx_word' id='word_1_421' title='bbox 1576 3898 1685 3966; x_wconf 87' lang='lat' dir='ltr'>experi-</span> 
     </span>
     <span class='ocr_line' id='line_1_34' title="bbox 42 3975 1685 4051; baseline -0.001 -19"><span class='ocrx_word' id='word_1_422' title='bbox 42 3988 146 4032; x_wconf 87' lang='lat' dir='ltr'>menta</span> <span class='ocrx_word' id='word_1_423' title='bbox 159 3975 361 4032; x_wconf 87' lang='lat' dir='ltr'>transtulerunt.</span> <span class='ocrx_word' id='word_1_424' title='bbox 403 3978 471 4034; x_wconf 75' lang='lat' dir='ltr'>Haec</span> <span class='ocrx_word' id='word_1_425' title='bbox 486 3977 624 4051; x_wconf 88' lang='lat' dir='ltr'>(inquam)</span> <span class='ocrx_word' id='word_1_426' title='bbox 638 3986 735 4033; x_wconf 86' lang='lat' dir='ltr'>cuncto</span> <span class='ocrx_word' id='word_1_427' title='bbox 747 3978 825 4034; x_wconf 91' lang='lat' dir='ltr'>nobis</span> <span class='ocrx_word' id='word_1_428' title='bbox 838 3979 904 4034; x_wconf 90' lang='lat' dir='ltr'>satis</span> <span class='ocrx_word' id='word_1_429' title='bbox 918 3989 945 4034; x_wconf 91' lang='lat' dir='ltr'>et</span> <span class='ocrx_word' id='word_1_430' title='bbox 956 3979 1097 4051; x_wconf 81' lang='lat' dir='ltr'>explorata</span> <span class='ocrx_word' id='word_1_431' title='bbox 1110 3989 1138 4033; x_wconf 89' lang='lat' dir='ltr'>et</span> <span class='ocrx_word' id='word_1_432' title='bbox 1150 3994 1271 4050; x_wconf 85' lang='lat' dir='ltr'>expensa</span> <span class='ocrx_word' id='word_1_433' title='bbox 1283 3985 1362 4044; x_wconf 65' lang='lat' dir='ltr'>sunt,</span> <span class='ocrx_word' id='word_1_434' title='bbox 1383 3993 1543 4047; x_wconf 89' lang='lat' dir='ltr'>omnemque</span> <span class='ocrx_word' id='word_1_435' title='bbox 1560 3975 1685 4046; x_wconf 89' lang='lat' dir='ltr'>ingenio·</span> 
     </span>
     <span class='ocr_line' id='line_1_35' title="bbox 42 4053 1686 4129; baseline -0.001 -17"><span class='ocrx_word' id='word_1_436' title='bbox 42 4075 111 4112; x_wconf 88' lang='lat' dir='ltr'>rum</span> <span class='ocrx_word' id='word_1_437' title='bbox 125 4056 204 4110; x_wconf 91' lang='lat' dir='ltr'>circa</span> <span class='ocrx_word' id='word_1_438' title='bbox 218 4053 363 4126; x_wconf 78' lang='lat' dir='ltr'>allegorias</span> <span class='ocrx_word' id='word_1_439' title='bbox 376 4055 514 4113; x_wconf 84' lang='lat' dir='ltr'>levitatem</span> <span class='ocrx_word' id='word_1_440' title='bbox 527 4066 556 4113; x_wconf 87' lang='lat' dir='ltr'>et</span> <span class='ocrx_word' id='word_1_441' title='bbox 572 4057 767 4128; x_wconf 78' lang='lat' dir='ltr'>indulgentiam</span> <span class='ocrx_word' id='word_1_442' title='bbox 780 4057 969 4129; x_wconf 87' lang='lat' dir='ltr'>perspeximus</span> <span class='ocrx_word' id='word_1_443' title='bbox 983 4066 1011 4112; x_wconf 89' lang='lat' dir='ltr'>et</span> <span class='ocrx_word' id='word_1_444' title='bbox 1023 4057 1183 4122; x_wconf 84' lang='lat' dir='ltr'>notavimus,</span> <span class='ocrx_word' id='word_1_445' title='bbox 1196 4068 1287 4128; x_wconf 88' lang='lat' dir='ltr'>neque</span> <span class='ocrx_word' id='word_1_446' title='bbox 1300 4064 1444 4128; x_wconf 86' lang='lat' dir='ltr'>propterea</span> <span class='ocrx_word' id='word_1_447' title='bbox 1454 4054 1565 4109; x_wconf 88' lang='lat' dir='ltr'>omnino</span> <span class='ocrx_word' id='word_1_448' title='bbox 1577 4055 1610 4109; x_wconf 89' lang='lat' dir='ltr'>de</span> <span class='ocrx_word' id='word_1_449' title='bbox 1624 4072 1686 4110; x_wconf 90' lang='lat' dir='ltr'>sen·</span> 
     </span>
     <span class='ocr_line' id='line_1_36' title="bbox 43 4134 1686 4208; baseline -0.001 -17"><span class='ocrx_word' id='word_1_450' title='bbox 43 4137 138 4191; x_wconf 89' lang='lat' dir='ltr'>tentia</span> <span class='ocrx_word' id='word_1_451' title='bbox 150 4135 317 4190; x_wconf 84' lang='lat' dir='ltr'>decedimus.</span> <span class='ocrx_word' id='word_1_452' title='bbox 356 4135 449 4192; x_wconf 89' lang='lat' dir='ltr'>Primo</span> <span class='ocrx_word' id='word_1_453' title='bbox 460 4137 533 4192; x_wconf 89' lang='lat' dir='ltr'>enim</span> <span class='ocrx_word' id='word_1_454' title='bbox 547 4137 618 4191; x_wconf 87' lang='lat' dir='ltr'>absit</span> <span class='ocrx_word' id='word_1_455' title='bbox 631 4143 661 4192; x_wconf 89' lang='lat' dir='ltr'>ut</span> <span class='ocrx_word' id='word_1_456' title='bbox 673 4153 821 4207; x_wconf 88' lang='lat' dir='ltr'>paucorum</span> <span class='ocrx_word' id='word_1_457' title='bbox 834 4137 945 4208; x_wconf 77' lang='lat' dir='ltr'>ineptia</span> <span class='ocrx_word' id='word_1_458' title='bbox 960 4146 986 4192; x_wconf 91' lang='lat' dir='ltr'>et</span> <span class='ocrx_word' id='word_1_459' title='bbox 995 4136 1113 4200; x_wconf 88' lang='lat' dir='ltr'>licentia,</span> <span class='ocrx_word' id='word_1_460' title='bbox 1127 4135 1317 4206; x_wconf 89' lang='lat' dir='ltr'>parabolarum</span> <span class='ocrx_word' id='word_1_461' title='bbox 1330 4135 1427 4190; x_wconf 91' lang='lat' dir='ltr'>bonori</span> <span class='ocrx_word' id='word_1_462' title='bbox 1441 4135 1470 4188; x_wconf 92' lang='lat' dir='ltr'>in</span> <span class='ocrx_word' id='word_1_463' title='bbox 1484 4151 1584 4205; x_wconf 88' lang='lat' dir='ltr'>genere</span> <span class='ocrx_word' id='word_1_464' title='bbox 1598 4134 1686 4190; x_wconf 89' lang='lat' dir='ltr'>detra·</span> 
     </span>
     <span class='ocr_line' id='line_1_37' title="bbox 42 4213 1687 4288; baseline 0.001 -19"><span class='ocrx_word' id='word_1_465' title='bbox 42 4215 129 4270; x_wconf 83' lang='lat' dir='ltr'>bant.</span> <span class='ocrx_word' id='word_1_466' title='bbox 176 4213 237 4267; x_wconf 86' lang='lat' dir='ltr'>Hoc</span> <span class='ocrx_word' id='word_1_467' title='bbox 250 4214 324 4269; x_wconf 87' lang='lat' dir='ltr'>enim</span> <span class='ocrx_word' id='word_1_468' title='bbox 337 4214 508 4285; x_wconf 89' lang='lat' dir='ltr'>prophanum</span> <span class='ocrx_word' id='word_1_469' title='bbox 522 4216 650 4288; x_wconf 86' lang='lat' dir='ltr'>quiddam</span> <span class='ocrx_word' id='word_1_470' title='bbox 662 4223 740 4271; x_wconf 85' lang='lat' dir='ltr'>sonat</span> <span class='ocrx_word' id='word_1_471' title='bbox 753 4224 782 4271; x_wconf 92' lang='lat' dir='ltr'>et</span> <span class='ocrx_word' id='word_1_472' title='bbox 800 4216 897 4281; x_wconf 88' lang='lat' dir='ltr'>audax,</span> <span class='ocrx_word' id='word_1_473' title='bbox 912 4232 972 4270; x_wconf 90' lang='lat' dir='ltr'>cum</span> <span class='ocrx_word' id='word_1_474' title='bbox 993 4215 1148 4285; x_wconf 86' lang='lat' dir='ltr'>hujusmodi</span> <span class='ocrx_word' id='word_1_475' title='bbox 1169 4215 1238 4269; x_wconf 80' lang='lat' dir='ltr'>selis</span> <span class='ocrx_word' id='word_1_476' title='bbox 1251 4222 1279 4269; x_wconf 90' lang='lat' dir='ltr'>et</span> <span class='ocrx_word' id='word_1_477' title='bbox 1291 4214 1394 4270; x_wconf 90' lang='lat' dir='ltr'>umbris</span> <span class='ocrx_word' id='word_1_478' title='bbox 1407 4213 1504 4284; x_wconf 86' lang='lat' dir='ltr'>religio</span> <span class='ocrx_word' id='word_1_479' title='bbox 1517 4214 1642 4284; x_wconf 89' lang='lat' dir='ltr'>gaudeat,</span> <span class='ocrx_word' id='word_1_480' title='bbox 1655 4222 1687 4270; x_wconf 91' lang='lat' dir='ltr'>ut</span> 
     </span>
     <span class='ocr_line' id='line_1_38' title="bbox 42 4291 1685 4366; baseline 0.001 -18"><span class='ocrx_word' id='word_1_481' title='bbox 42 4295 95 4366; x_wconf 89' lang='lat' dir='ltr'>qni</span> <span class='ocrx_word' id='word_1_482' title='bbox 110 4309 163 4349; x_wconf 87' lang='lat' dir='ltr'>eas</span> <span class='ocrx_word' id='word_1_483' title='bbox 178 4291 262 4356; x_wconf 90' lang='lat' dir='ltr'>tollat,</span> <span class='ocrx_word' id='word_1_484' title='bbox 276 4295 438 4349; x_wconf 85' lang='lat' dir='ltr'>commercia</span> <span class='ocrx_word' id='word_1_485' title='bbox 451 4295 602 4350; x_wconf 87' lang='lat' dir='ltr'>divinorum</span> <span class='ocrx_word' id='word_1_486' title='bbox 615 4302 643 4349; x_wconf 87' lang='lat' dir='ltr'>et</span> <span class='ocrx_word' id='word_1_487' title='bbox 656 4294 837 4350; x_wconf 88' lang='lat' dir='ltr'>bumanorum</span> <span class='ocrx_word' id='word_1_488' title='bbox 851 4295 907 4349; x_wconf 84' lang='lat' dir='ltr'>iere</span> <span class='ocrx_word' id='word_1_489' title='bbox 921 4295 1071 4349; x_wconf 83' lang='lat' dir='ltr'>interdicat</span> <span class='ocrx_word' id='word_1_490' title='bbox 1101 4293 1204 4349; x_wconf 87' lang='lat' dir='ltr'>Verum</span> <span class='ocrx_word' id='word_1_491' title='bbox 1213 4294 1247 4348; x_wconf 92' lang='lat' dir='ltr'>de</span> <span class='ocrx_word' id='word_1_492' title='bbox 1257 4293 1377 4348; x_wconf 90' lang='lat' dir='ltr'>bumana</span> <span class='ocrx_word' id='word_1_493' title='bbox 1390 4293 1524 4363; x_wconf 87' lang='lat' dir='ltr'>sapientis</span> <span class='ocrx_word' id='word_1_494' title='bbox 1536 4294 1685 4349; x_wconf 83' lang='lat' dir='ltr'>videamus.</span> 
     </span>
     <span class='ocr_line' id='line_1_39' title="bbox 43 4371 1686 4444; baseline 0 -16"><span class='ocrx_word' id='word_1_495' title='bbox 43 4374 155 4428; x_wconf 81' lang='lat' dir='ltr'>Fateor</span> <span class='ocrx_word' id='word_1_496' title='bbox 169 4378 242 4426; x_wconf 88' lang='lat' dir='ltr'>certe</span> <span class='ocrx_word' id='word_1_497' title='bbox 256 4371 374 4443; x_wconf 87' lang='lat' dir='ltr'>ingenue</span> <span class='ocrx_word' id='word_1_498' title='bbox 388 4381 415 4428; x_wconf 92' lang='lat' dir='ltr'>et</span> <span class='ocrx_word' id='word_1_499' title='bbox 425 4371 547 4439; x_wconf 86' lang='lat' dir='ltr'>libenter,</span> <span class='ocrx_word' id='word_1_500' title='bbox 561 4391 605 4428; x_wconf 90' lang='lat' dir='ltr'>me</span> <span class='ocrx_word' id='word_1_501' title='bbox 619 4374 648 4427; x_wconf 90' lang='lat' dir='ltr'>in</span> <span class='ocrx_word' id='word_1_502' title='bbox 661 4373 732 4427; x_wconf 91' lang='lat' dir='ltr'>banc</span> <span class='ocrx_word' id='word_1_503' title='bbox 747 4374 909 4428; x_wconf 88' lang='lat' dir='ltr'>sententiam</span> <span class='ocrx_word' id='word_1_504' title='bbox 923 4375 1098 4444; x_wconf 86' lang='lat' dir='ltr'>propendere,</span> <span class='ocrx_word' id='word_1_505' title='bbox 1113 4380 1143 4428; x_wconf 93' lang='lat' dir='ltr'>ut</span> <span class='ocrx_word' id='word_1_506' title='bbox 1163 4389 1218 4428; x_wconf 91' lang='lat' dir='ltr'>non</span> <span class='ocrx_word' id='word_1_507' title='bbox 1239 4373 1333 4444; x_wconf 88' lang='lat' dir='ltr'>paucis</span> <span class='ocrx_word' id='word_1_508' title='bbox 1354 4373 1527 4444; x_wconf 88' lang='lat' dir='ltr'>antiquomm</span> <span class='ocrx_word' id='word_1_509' title='bbox 1544 4372 1686 4444; x_wconf 69' lang='lat' dir='ltr'>poetarum</span> 
     </span>
     <span class='ocr_line' id='line_1_40' title="bbox 41 4450 1685 4524; baseline 0.002 -20"><span class='ocrx_word' id='word_1_510' title='bbox 41 4451 154 4505; x_wconf 76' lang='lat' dir='ltr'>familis</span> <span class='ocrx_word' id='word_1_511' title='bbox 167 4450 328 4520; x_wconf 87' lang='lat' dir='ltr'>mysterium</span> <span class='ocrx_word' id='word_1_512' title='bbox 342 4460 369 4506; x_wconf 90' lang='lat' dir='ltr'>et</span> <span class='ocrx_word' id='word_1_513' title='bbox 382 4451 540 4524; x_wconf 86' lang='lat' dir='ltr'>allegoriam</span> <span class='ocrx_word' id='word_1_514' title='bbox 551 4453 608 4522; x_wconf 88' lang='lat' dir='ltr'>jam</span> <span class='ocrx_word' id='word_1_515' title='bbox 619 4454 654 4506; x_wconf 92' lang='lat' dir='ltr'>ab</span> <span class='ocrx_word' id='word_1_516' title='bbox 667 4452 772 4523; x_wconf 88' lang='lat' dir='ltr'>origine</span> <span class='ocrx_word' id='word_1_517' title='bbox 787 4452 898 4507; x_wconf 86' lang='lat' dir='ltr'>subesse</span> <span class='ocrx_word' id='word_1_518' title='bbox 912 4462 1020 4523; x_wconf 84' lang='lat' dir='ltr'>putem;</span> <span class='ocrx_word' id='word_1_519' title='bbox 1043 4453 1100 4507; x_wconf 84' lang='lat' dir='ltr'>sive</span> <span class='ocrx_word' id='word_1_520' title='bbox 1115 4459 1210 4522; x_wconf 89' lang='lat' dir='ltr'>captus</span> <span class='ocrx_word' id='word_1_521' title='bbox 1219 4452 1394 4507; x_wconf 83' lang='lat' dir='ltr'>veneratione</span> <span class='ocrx_word' id='word_1_522' title='bbox 1408 4451 1491 4523; x_wconf 89' lang='lat' dir='ltr'>prisci</span> <span class='ocrx_word' id='word_1_523' title='bbox 1506 4451 1606 4516; x_wconf 74' lang='lat' dir='ltr'>seculi,</span> <span class='ocrx_word' id='word_1_524' title='bbox 1628 4452 1685 4507; x_wconf 84' lang='lat' dir='ltr'>sire</span> 
     </span>
     <span class='ocr_line' id='line_1_41' title="bbox 41 4529 1684 4603; baseline 0.001 -18"><span class='ocrx_word' id='word_1_525' title='bbox 41 4530 123 4602; x_wconf 88' lang='lat' dir='ltr'>quod</span> <span class='ocrx_word' id='word_1_526' title='bbox 137 4530 169 4583; x_wconf 93' lang='lat' dir='ltr'>in</span> <span class='ocrx_word' id='word_1_527' title='bbox 183 4529 320 4584; x_wconf 89' lang='lat' dir='ltr'>nonnullis</span> <span class='ocrx_word' id='word_1_528' title='bbox 334 4530 433 4586; x_wconf 85' lang='lat' dir='ltr'>tabulis</span> <span class='ocrx_word' id='word_1_529' title='bbox 446 4532 552 4603; x_wconf 89' lang='lat' dir='ltr'>reperio</span> <span class='ocrx_word' id='word_1_530' title='bbox 566 4539 670 4586; x_wconf 90' lang='lat' dir='ltr'>tautam</span> <span class='ocrx_word' id='word_1_531' title='bbox 680 4538 708 4585; x_wconf 90' lang='lat' dir='ltr'>et</span> <span class='ocrx_word' id='word_1_532' title='bbox 721 4537 778 4586; x_wconf 89' lang='lat' dir='ltr'>tam</span> <span class='ocrx_word' id='word_1_533' title='bbox 791 4532 941 4587; x_wconf 81' lang='lat' dir='ltr'>evidentem</span> <span class='ocrx_word' id='word_1_534' title='bbox 956 4549 1017 4586; x_wconf 91' lang='lat' dir='ltr'>cum</span> <span class='ocrx_word' id='word_1_535' title='bbox 1030 4532 1184 4602; x_wconf 86' lang='lat' dir='ltr'>significato</span> <span class='ocrx_word' id='word_1_536' title='bbox 1196 4529 1403 4586; x_wconf 88' lang='lat' dir='ltr'>similitudinem</span> <span class='ocrx_word' id='word_1_537' title='bbox 1416 4538 1444 4584; x_wconf 91' lang='lat' dir='ltr'>et</span> <span class='ocrx_word' id='word_1_538' title='bbox 1456 4531 1684 4600; x_wconf 81' lang='lat' dir='ltr'>conjunctionem,</span> 
     </span>
     <span class='ocr_line' id='line_1_42' title="bbox 40 4609 1686 4682; baseline 0 -17"><span class='ocrx_word' id='word_1_539' title='bbox 40 4620 106 4665; x_wconf 88' lang='lat' dir='ltr'>turn</span> <span class='ocrx_word' id='word_1_540' title='bbox 122 4609 153 4663; x_wconf 89' lang='lat' dir='ltr'>in</span> <span class='ocrx_word' id='word_1_541' title='bbox 169 4613 278 4663; x_wconf 83' lang='lat' dir='ltr'>textura</span> <span class='ocrx_word' id='word_1_542' title='bbox 293 4609 354 4680; x_wconf 89' lang='lat' dir='ltr'>ipsa</span> <span class='ocrx_word' id='word_1_543' title='bbox 367 4609 473 4676; x_wconf 76' lang='lat' dir='ltr'>fabulae,</span> <span class='ocrx_word' id='word_1_544' title='bbox 487 4618 546 4665; x_wconf 88' lang='lat' dir='ltr'>tum</span> <span class='ocrx_word' id='word_1_545' title='bbox 558 4611 587 4666; x_wconf 92' lang='lat' dir='ltr'>in</span> <span class='ocrx_word' id='word_1_546' title='bbox 601 4610 764 4682; x_wconf 88' lang='lat' dir='ltr'>proprietate</span> <span class='ocrx_word' id='word_1_547' title='bbox 776 4611 922 4675; x_wconf 90' lang='lat' dir='ltr'>nominum,</span> <span class='ocrx_word' id='word_1_548' title='bbox 938 4611 1037 4681; x_wconf 90' lang='lat' dir='ltr'>quibus</span> <span class='ocrx_word' id='word_1_549' title='bbox 1051 4627 1173 4680; x_wconf 82' lang='lat' dir='ltr'>personae</span> <span class='ocrx_word' id='word_1_550' title='bbox 1196 4610 1252 4665; x_wconf 84' lang='lat' dir='ltr'>sire</span> <span class='ocrx_word' id='word_1_551' title='bbox 1267 4617 1373 4664; x_wconf 83' lang='lat' dir='ltr'>actores</span> <span class='ocrx_word' id='word_1_552' title='bbox 1394 4609 1492 4664; x_wconf 77' lang='lat' dir='ltr'>tabulae</span> <span class='ocrx_word' id='word_1_553' title='bbox 1512 4610 1637 4681; x_wconf 91' lang='lat' dir='ltr'>insigniti</span> <span class='ocrx_word' id='word_1_554' title='bbox 1658 4619 1686 4665; x_wconf 89' lang='lat' dir='ltr'>et</span> 
     </span>
     <span class='ocr_line' id='line_1_43' title="bbox 39 4686 1685 4761; baseline 0.001 -19"><span class='ocrx_word' id='word_1_555' title='bbox 39 4688 137 4743; x_wconf 83' lang='lat' dir='ltr'>veluti</span> <span class='ocrx_word' id='word_1_556' title='bbox 151 4686 278 4757; x_wconf 88' lang='lat' dir='ltr'>inscripti</span> <span class='ocrx_word' id='word_1_557' title='bbox 294 4689 444 4758; x_wconf 83' lang='lat' dir='ltr'>prodeunt;</span> <span class='ocrx_word' id='word_1_558' title='bbox 464 4697 495 4744; x_wconf 92' lang='lat' dir='ltr'>ut</span> <span class='ocrx_word' id='word_1_559' title='bbox 508 4706 617 4745; x_wconf 88' lang='lat' dir='ltr'>sensum</span> <span class='ocrx_word' id='word_1_560' title='bbox 630 4687 708 4743; x_wconf 94' lang='lat' dir='ltr'>illum</span> <span class='ocrx_word' id='word_1_561' title='bbox 721 4690 756 4743; x_wconf 91' lang='lat' dir='ltr'>ab</span> <span class='ocrx_word' id='word_1_562' title='bbox 768 4689 847 4743; x_wconf 90' lang='lat' dir='ltr'>initio</span> <span class='ocrx_word' id='word_1_563' title='bbox 859 4698 1025 4761; x_wconf 71' lang='lat' dir='ltr'>preceptum</span> <span class='ocrx_word' id='word_1_564' title='bbox 1037 4699 1065 4744; x_wconf 88' lang='lat' dir='ltr'>et</span> <span class='ocrx_word' id='word_1_565' title='bbox 1078 4689 1226 4761; x_wconf 88' lang='lat' dir='ltr'>cogitatum</span> <span class='ocrx_word' id='word_1_566' title='bbox 1246 4688 1338 4753; x_wconf 78' lang='lat' dir='ltr'>fausse,</span> <span class='ocrx_word' id='word_1_567' title='bbox 1352 4697 1381 4743; x_wconf 89' lang='lat' dir='ltr'>et</span> <span class='ocrx_word' id='word_1_568' title='bbox 1398 4688 1431 4743; x_wconf 91' lang='lat' dir='ltr'>de</span> <span class='ocrx_word' id='word_1_569' title='bbox 1448 4689 1581 4743; x_wconf 84' lang='lat' dir='ltr'>industria</span> <span class='ocrx_word' id='word_1_570' title='bbox 1593 4688 1685 4744; x_wconf 88' lang='lat' dir='ltr'>adum·</span> 
     </span>
     <span class='ocr_line' id='line_1_44' title="bbox 38 4768 1685 4840; baseline 0.001 -18"><span class='ocrx_word' id='word_1_571' title='bbox 38 4768 170 4831; x_wconf 88' lang='lat' dir='ltr'>bratnm,</span> <span class='ocrx_word' id='word_1_572' title='bbox 184 4781 264 4820; x_wconf 89' lang='lat' dir='ltr'>nemo</span> <span class='ocrx_word' id='word_1_573' title='bbox 276 4773 431 4822; x_wconf 88' lang='lat' dir='ltr'>constanter</span> <span class='ocrx_word' id='word_1_574' title='bbox 448 4768 597 4840; x_wconf 84' lang='lat' dir='ltr'>negaverit.</span> <span class='ocrx_word' id='word_1_575' title='bbox 637 4768 705 4828; x_wconf 87' lang='lat' dir='ltr'>Quia</span> <span class='ocrx_word' id='word_1_576' title='bbox 719 4768 791 4822; x_wconf 90' lang='lat' dir='ltr'>enim</span> <span class='ocrx_word' id='word_1_577' title='bbox 804 4769 843 4822; x_wconf 90' lang='lat' dir='ltr'>ita</span> <span class='ocrx_word' id='word_1_578' title='bbox 856 4769 938 4823; x_wconf 83' lang='lat' dir='ltr'>dunas</span> <span class='ocrx_word' id='word_1_579' title='bbox 951 4776 994 4823; x_wconf 91' lang='lat' dir='ltr'>est</span> <span class='ocrx_word' id='word_1_580' title='bbox 1014 4776 1043 4823; x_wconf 92' lang='lat' dir='ltr'>et</span> <span class='ocrx_word' id='word_1_581' title='bbox 1062 4768 1097 4821; x_wconf 90' lang='lat' dir='ltr'>ad</span> <span class='ocrx_word' id='word_1_582' title='bbox 1118 4775 1213 4837; x_wconf 89' lang='lat' dir='ltr'>aperta</span> <span class='ocrx_word' id='word_1_583' title='bbox 1232 4769 1385 4832; x_wconf 58' lang='lat' dir='ltr'>canticas,</span> <span class='ocrx_word' id='word_1_584' title='bbox 1398 4776 1436 4835; x_wconf 92' lang='lat' dir='ltr'>ut,</span> <span class='ocrx_word' id='word_1_585' title='bbox 1450 4785 1511 4823; x_wconf 92' lang='lat' dir='ltr'>cum</span> <span class='ocrx_word' id='word_1_586' title='bbox 1526 4769 1618 4824; x_wconf 89' lang='lat' dir='ltr'>audiat</span> <span class='ocrx_word' id='word_1_587' title='bbox 1631 4769 1685 4824; x_wconf 84' lang='lat' dir='ltr'>Fa·</span> 
     </span>
     <span class='ocr_line' id='line_1_45' title="bbox 37 4844 1684 4920; baseline 0.002 -23"><span class='ocrx_word' id='word_1_588' title='bbox 37 4862 133 4910; x_wconf 83' lang='lat' dir='ltr'>mam,</span> <span class='ocrx_word' id='word_1_589' title='bbox 148 4844 307 4915; x_wconf 86' lang='lat' dir='ltr'>gigantibus</span> <span class='ocrx_word' id='word_1_590' title='bbox 320 4846 455 4912; x_wconf 87' lang='lat' dir='ltr'>extinctis,</span> <span class='ocrx_word' id='word_1_591' title='bbox 470 4856 600 4920; x_wconf 89' lang='lat' dir='ltr'>tanquam</span> <span class='ocrx_word' id='word_1_592' title='bbox 613 4863 733 4901; x_wconf 89' lang='lat' dir='ltr'>sororem</span> <span class='ocrx_word' id='word_1_593' title='bbox 746 4846 919 4916; x_wconf 90' lang='lat' dir='ltr'>posthumam</span> <span class='ocrx_word' id='word_1_594' title='bbox 932 4848 1102 4919; x_wconf 87' lang='lat' dir='ltr'>progenitam</span> <span class='ocrx_word' id='word_1_595' title='bbox 1115 4864 1184 4911; x_wconf 86' lang='lat' dir='ltr'>esse,</span> <span class='ocrx_word' id='word_1_596' title='bbox 1202 4863 1257 4901; x_wconf 93' lang='lat' dir='ltr'>non</span> <span class='ocrx_word' id='word_1_597' title='bbox 1269 4846 1336 4902; x_wconf 90' lang='lat' dir='ltr'>illud</span> <span class='ocrx_word' id='word_1_598' title='bbox 1355 4848 1390 4901; x_wconf 92' lang='lat' dir='ltr'>ad</span> <span class='ocrx_word' id='word_1_599' title='bbox 1409 4864 1547 4902; x_wconf 87' lang='lat' dir='ltr'>murmura</span> <span class='ocrx_word' id='word_1_600' title='bbox 1565 4847 1684 4917; x_wconf 86' lang='lat' dir='ltr'>partium</span> 
     </span>
     <span class='ocr_line' id='line_1_46' title="bbox 38 4922 1685 4998; baseline 0 -18"><span class='ocrx_word' id='word_1_601' title='bbox 38 4932 72 4980; x_wconf 85' lang='lat' dir='ltr'>et</span> <span class='ocrx_word' id='word_1_602' title='bbox 85 4924 183 4978; x_wconf 83' lang='lat' dir='ltr'>famas</span> <span class='ocrx_word' id='word_1_603' title='bbox 197 4922 345 4989; x_wconf 72' lang='lat' dir='ltr'>sefflfiosas,</span> <span class='ocrx_word' id='word_1_604' title='bbox 360 4942 429 4996; x_wconf 77' lang='lat' dir='ltr'>qum,</span> <span class='ocrx_word' id='word_1_605' title='bbox 443 4926 539 4997; x_wconf 90' lang='lat' dir='ltr'>sopitis</span> <span class='ocrx_word' id='word_1_606' title='bbox 553 4924 754 4990; x_wconf 88' lang='lat' dir='ltr'>rebellionibus,</span> <span class='ocrx_word' id='word_1_607' title='bbox 768 4926 802 4979; x_wconf 90' lang='lat' dir='ltr'>ad</span> <span class='ocrx_word' id='word_1_608' title='bbox 816 4932 923 4997; x_wconf 89' lang='lat' dir='ltr'>tempus</span> <span class='ocrx_word' id='word_1_609' title='bbox 936 4926 1030 4998; x_wconf 83' lang='lat' dir='ltr'>vagari</span> <span class='ocrx_word' id='word_1_610' title='bbox 1044 4926 1140 4992; x_wconf 89' lang='lat' dir='ltr'>solent,</span> <span class='ocrx_word' id='word_1_611' title='bbox 1158 4926 1280 4980; x_wconf 73' lang='lat' dir='ltr'>reserati</span> <span class='ocrx_word' id='word_1_612' title='bbox 1321 4927 1378 4981; x_wconf 77' lang='lat' dir='ltr'>Aut</span> <span class='ocrx_word' id='word_1_613' title='bbox 1390 4944 1452 4981; x_wconf 88' lang='lat' dir='ltr'>com</span> <span class='ocrx_word' id='word_1_614' title='bbox 1466 4926 1559 4980; x_wconf 83' lang='lat' dir='ltr'>audiat</span> <span class='ocrx_word' id='word_1_615' title='bbox 1573 4925 1685 4995; x_wconf 83' lang='lat' dir='ltr'>Typho-</span> 
     </span>
     <span class='ocr_line' id='line_1_47' title="bbox 36 5002 1683 5073; baseline -0.001 -13"><span class='ocrx_word' id='word_1_616' title='bbox 36 5020 112 5060; x_wconf 85' lang='lat' dir='ltr'>nem</span> <span class='ocrx_word' id='word_1_617' title='bbox 126 5002 271 5073; x_wconf 89' lang='lat' dir='ltr'>gigantem</span> <span class='ocrx_word' id='word_1_618' title='bbox 284 5017 382 5058; x_wconf 77' lang='lat' dir='ltr'>nersos</span> <span class='ocrx_word' id='word_1_619' title='bbox 392 5002 469 5058; x_wconf 83' lang='lat' dir='ltr'>Josis</span> <span class='ocrx_word' id='word_1_620' title='bbox 481 5005 599 5060; x_wconf 83' lang='lat' dir='ltr'>secuisse</span> <span class='ocrx_word' id='word_1_621' title='bbox 619 5011 647 5060; x_wconf 89' lang='lat' dir='ltr'>st</span> <span class='ocrx_word' id='word_1_622' title='bbox 666 5003 817 5069; x_wconf 90' lang='lat' dir='ltr'>abstulisse,</span> <span class='ocrx_word' id='word_1_623' title='bbox 832 5020 864 5057; x_wconf 88' lang='lat' dir='ltr'>ac</span> <span class='ocrx_word' id='word_1_624' title='bbox 886 5004 1055 5059; x_wconf 86' lang='lat' dir='ltr'>Mercurium</span> <span class='ocrx_word' id='word_1_625' title='bbox 1074 5021 1122 5059; x_wconf 88' lang='lat' dir='ltr'>eos</span> <span class='ocrx_word' id='word_1_626' title='bbox 1143 5005 1303 5060; x_wconf 79' lang='lat' dir='ltr'>suffuratum</span> <span class='ocrx_word' id='word_1_627' title='bbox 1317 5023 1385 5070; x_wconf 89' lang='lat' dir='ltr'>esse,</span> <span class='ocrx_word' id='word_1_628' title='bbox 1399 5014 1427 5059; x_wconf 92' lang='lat' dir='ltr'>et</span> <span class='ocrx_word' id='word_1_629' title='bbox 1440 5004 1502 5058; x_wconf 88' lang='lat' dir='ltr'>Jovi</span> <span class='ocrx_word' id='word_1_630' title='bbox 1517 5004 1683 5071; x_wconf 74' lang='lat' dir='ltr'>reddidisse3</span> 
     </span>
     <span class='ocr_line' id='line_1_48' title="bbox 35 5079 1684 5155; baseline -0.001 -16"><span class='ocrx_word' id='word_1_631' title='bbox 35 5100 102 5139; x_wconf 85' lang='lat' dir='ltr'>non</span> <span class='ocrx_word' id='word_1_632' title='bbox 118 5079 215 5135; x_wconf 90' lang='lat' dir='ltr'>statim</span> <span class='ocrx_word' id='word_1_633' title='bbox 228 5081 349 5136; x_wconf 83' lang='lat' dir='ltr'>advertat</span> <span class='ocrx_word' id='word_1_634' title='bbox 363 5081 415 5137; x_wconf 94' lang='lat' dir='ltr'>hoc</span> <span class='ocrx_word' id='word_1_635' title='bbox 430 5082 465 5137; x_wconf 89' lang='lat' dir='ltr'>ad</span> <span class='ocrx_word' id='word_1_636' title='bbox 479 5083 640 5139; x_wconf 87' lang='lat' dir='ltr'>rebelliones</span> <span class='ocrx_word' id='word_1_637' title='bbox 653 5082 814 5154; x_wconf 80' lang='lat' dir='ltr'>praevalidas</span> <span class='ocrx_word' id='word_1_638' title='bbox 827 5083 971 5153; x_wconf 87' lang='lat' dir='ltr'>pertinere,</span> <span class='ocrx_word' id='word_1_639' title='bbox 986 5101 1046 5154; x_wconf 82' lang='lat' dir='ltr'>quas</span> <span class='ocrx_word' id='word_1_640' title='bbox 1063 5083 1173 5155; x_wconf 86' lang='lat' dir='ltr'>regibus</span> <span class='ocrx_word' id='word_1_641' title='bbox 1186 5099 1284 5138; x_wconf 84' lang='lat' dir='ltr'>nervos</span> <span class='ocrx_word' id='word_1_642' title='bbox 1297 5094 1324 5138; x_wconf 91' lang='lat' dir='ltr'>et</span> <span class='ocrx_word' id='word_1_643' title='bbox 1336 5083 1513 5154; x_wconf 88' lang='lat' dir='ltr'>pecuniarum</span> <span class='ocrx_word' id='word_1_644' title='bbox 1527 5089 1555 5137; x_wconf 89' lang='lat' dir='ltr'>et</span> <span class='ocrx_word' id='word_1_645' title='bbox 1568 5084 1684 5138; x_wconf 87' lang='lat' dir='ltr'>auctori·</span> 
     </span>
     <span class='ocr_line' id='line_1_49' title="bbox 36 5158 1684 5234; baseline 0.003 -22"><span class='ocrx_word' id='word_1_646' title='bbox 36 5161 115 5218; x_wconf 74' lang='lat' dir='ltr'>tatis</span> <span class='ocrx_word' id='word_1_647' title='bbox 136 5158 268 5224; x_wconf 78' lang='lat' dir='ltr'>incidam,</span> <span class='ocrx_word' id='word_1_648' title='bbox 283 5160 322 5215; x_wconf 90' lang='lat' dir='ltr'>ita</span> <span class='ocrx_word' id='word_1_649' title='bbox 336 5168 437 5229; x_wconf 90' lang='lat' dir='ltr'>tamen,</span> <span class='ocrx_word' id='word_1_650' title='bbox 451 5169 483 5217; x_wconf 89' lang='lat' dir='ltr'>ut</span> <span class='ocrx_word' id='word_1_651' title='bbox 496 5180 545 5234; x_wconf 88' lang='lat' dir='ltr'>per</span> <span class='ocrx_word' id='word_1_652' title='bbox 558 5179 711 5218; x_wconf 88' lang='lat' dir='ltr'>sermonum</span> <span class='ocrx_word' id='word_1_653' title='bbox 724 5161 881 5217; x_wconf 88' lang='lat' dir='ltr'>comitatem</span> <span class='ocrx_word' id='word_1_654' title='bbox 895 5169 923 5217; x_wconf 90' lang='lat' dir='ltr'>st</span> <span class='ocrx_word' id='word_1_655' title='bbox 935 5162 1078 5233; x_wconf 89' lang='lat' dir='ltr'>prudentia</span> <span class='ocrx_word' id='word_1_656' title='bbox 1091 5162 1179 5218; x_wconf 85' lang='lat' dir='ltr'>edicta</span> <span class='ocrx_word' id='word_1_657' title='bbox 1193 5162 1276 5217; x_wconf 89' lang='lat' dir='ltr'>animi</span> <span class='ocrx_word' id='word_1_658' title='bbox 1290 5165 1465 5226; x_wconf 89' lang='lat' dir='ltr'>subditorum,</span> <span class='ocrx_word' id='word_1_659' title='bbox 1478 5178 1532 5216; x_wconf 88' lang='lat' dir='ltr'>non</span> <span class='ocrx_word' id='word_1_660' title='bbox 1546 5161 1586 5216; x_wconf 88' lang='lat' dir='ltr'>its</span> <span class='ocrx_word' id='word_1_661' title='bbox 1600 5162 1684 5217; x_wconf 91' lang='lat' dir='ltr'>multo</span> 
     </span>
     <span class='ocr_line' id='line_1_50' title="bbox 34 5236 1684 5314; baseline 0.004 -23"><span class='ocrx_word' id='word_1_662' title='bbox 34 5247 119 5314; x_wconf 79' lang='lat' dir='ltr'>poet,</span> <span class='ocrx_word' id='word_1_663' title='bbox 134 5237 216 5309; x_wconf 88' lang='lat' dir='ltr'>quasi</span> <span class='ocrx_word' id='word_1_664' title='bbox 228 5237 321 5293; x_wconf 77' lang='lat' dir='ltr'>furtim</span> <span class='ocrx_word' id='word_1_665' title='bbox 335 5241 542 5297; x_wconf 90' lang='lat' dir='ltr'>reconcilientur</span> <span class='ocrx_word' id='word_1_666' title='bbox 554 5249 583 5297; x_wconf 89' lang='lat' dir='ltr'>et</span> <span class='ocrx_word' id='word_1_667' title='bbox 595 5243 666 5297; x_wconf 82' lang='lat' dir='ltr'>vires</span> <span class='ocrx_word' id='word_1_668' title='bbox 679 5240 791 5313; x_wconf 88' lang='lat' dir='ltr'>regibus</span> <span class='ocrx_word' id='word_1_669' title='bbox 804 5241 1000 5297; x_wconf 77' lang='lat' dir='ltr'>msamanmrt</span> <span class='ocrx_word' id='word_1_670' title='bbox 1040 5239 1096 5296; x_wconf 87' lang='lat' dir='ltr'>Aut</span> <span class='ocrx_word' id='word_1_671' title='bbox 1108 5259 1171 5297; x_wconf 87' lang='lat' dir='ltr'>cum</span> <span class='ocrx_word' id='word_1_672' title='bbox 1190 5241 1289 5306; x_wconf 86' lang='lat' dir='ltr'>audiat,</span> <span class='ocrx_word' id='word_1_673' title='bbox 1303 5243 1332 5296; x_wconf 91' lang='lat' dir='ltr'>in</span> <span class='ocrx_word' id='word_1_674' title='bbox 1352 5242 1401 5296; x_wconf 89' lang='lat' dir='ltr'>illa</span> <span class='ocrx_word' id='word_1_675' title='bbox 1421 5239 1590 5296; x_wconf 90' lang='lat' dir='ltr'>memorabili</span> <span class='ocrx_word' id='word_1_676' title='bbox 1612 5236 1684 5297; x_wconf 85' lang='lat' dir='ltr'>Deo-</span> 
     </span>
     <span class='ocr_line' id='line_1_51' title="bbox 33 5317 1684 5392; baseline 0 -16"><span class='ocrx_word' id='word_1_677' title='bbox 33 5336 108 5376; x_wconf 88' lang='lat' dir='ltr'>rum</span> <span class='ocrx_word' id='word_1_678' title='bbox 129 5323 227 5371; x_wconf 85' lang='lat' dir='ltr'>contrs</span> <span class='ocrx_word' id='word_1_679' title='bbox 248 5317 376 5389; x_wconf 86' lang='lat' dir='ltr'>gigantes</span> <span class='ocrx_word' id='word_1_680' title='bbox 392 5320 573 5390; x_wconf 84' lang='lat' dir='ltr'>expeditione,</span> <span class='ocrx_word' id='word_1_681' title='bbox 594 5321 701 5375; x_wconf 90' lang='lat' dir='ltr'>asinum</span> <span class='ocrx_word' id='word_1_682' title='bbox 723 5319 809 5375; x_wconf 85' lang='lat' dir='ltr'>Sileni</span> <span class='ocrx_word' id='word_1_683' title='bbox 828 5337 890 5375; x_wconf 91' lang='lat' dir='ltr'>cum</span> <span class='ocrx_word' id='word_1_684' title='bbox 911 5321 1020 5377; x_wconf 90' lang='lat' dir='ltr'>roderet</span> <span class='ocrx_word' id='word_1_685' title='bbox 1040 5322 1153 5375; x_wconf 85' lang='lat' dir='ltr'>maximi</span> <span class='ocrx_word' id='word_1_686' title='bbox 1167 5321 1299 5376; x_wconf 89' lang='lat' dir='ltr'>momenti</span> <span class='ocrx_word' id='word_1_687' title='bbox 1312 5320 1346 5374; x_wconf 87' lang='lat' dir='ltr'>ad</span> <span class='ocrx_word' id='word_1_688' title='bbox 1360 5319 1544 5392; x_wconf 85' lang='lat' dir='ltr'>profligandos</span> <span class='ocrx_word' id='word_1_689' title='bbox 1557 5320 1684 5391; x_wconf 86' lang='lat' dir='ltr'>gigantes</span> 
     </span>
     <span class='ocr_line' id='line_1_52' title="bbox 32 5394 1684 5472; baseline 0.002 -19"><span class='ocrx_word' id='word_1_690' title='bbox 32 5400 147 5460; x_wconf 69' lang='lat' dir='ltr'>fnisse,</span> <span class='ocrx_word' id='word_1_691' title='bbox 163 5411 217 5449; x_wconf 89' lang='lat' dir='ltr'>non</span> <span class='ocrx_word' id='word_1_692' title='bbox 230 5394 335 5468; x_wconf 89' lang='lat' dir='ltr'>liquido</span> <span class='ocrx_word' id='word_1_693' title='bbox 344 5399 447 5471; x_wconf 88' lang='lat' dir='ltr'>cogitet</span> <span class='ocrx_word' id='word_1_694' title='bbox 458 5400 512 5455; x_wconf 93' lang='lat' dir='ltr'>boc</span> <span class='ocrx_word' id='word_1_695' title='bbox 525 5400 559 5454; x_wconf 93' lang='lat' dir='ltr'>de</span> <span class='ocrx_word' id='word_1_696' title='bbox 571 5401 656 5455; x_wconf 77' lang='lat' dir='ltr'>vmtis</span> <span class='ocrx_word' id='word_1_697' title='bbox 669 5398 812 5455; x_wconf 87' lang='lat' dir='ltr'>rebellium</span> <span class='ocrx_word' id='word_1_698' title='bbox 825 5398 973 5465; x_wconf 88' lang='lat' dir='ltr'>conatibus,</span> <span class='ocrx_word' id='word_1_699' title='bbox 988 5399 1034 5472; x_wconf 92' lang='lat' dir='ltr'>qui</span> <span class='ocrx_word' id='word_1_700' title='bbox 1048 5400 1206 5472; x_wconf 90' lang='lat' dir='ltr'>plerumque</span> <span class='ocrx_word' id='word_1_701' title='bbox 1219 5417 1269 5470; x_wconf 88' lang='lat' dir='ltr'>per</span> <span class='ocrx_word' id='word_1_702' title='bbox 1283 5401 1378 5454; x_wconf 88' lang='lat' dir='ltr'>inanes</span> <span class='ocrx_word' id='word_1_703' title='bbox 1391 5415 1513 5455; x_wconf 87' lang='lat' dir='ltr'>mmores</span> <span class='ocrx_word' id='word_1_704' title='bbox 1527 5407 1555 5454; x_wconf 88' lang='lat' dir='ltr'>et</span> <span class='ocrx_word' id='word_1_705' title='bbox 1567 5405 1684 5457; x_wconf 87' lang='lat' dir='ltr'>terrores</span> 
     </span>
     <span class='ocr_line' id='line_1_53' title="bbox 33 5473 1684 5548; baseline 0.001 -14"><span class='ocrx_word' id='word_1_706' title='bbox 33 5493 135 5534; x_wconf 83' lang='lat' dir='ltr'>vanos</span> <span class='ocrx_word' id='word_1_707' title='bbox 149 5473 324 5545; x_wconf 87' lang='lat' dir='ltr'>dissipantur,</span> <span class='ocrx_word' id='word_1_708' title='bbox 337 5479 483 5535; x_wconf 84' lang='lat' dir='ltr'>confictum</span> <span class='ocrx_word' id='word_1_709' title='bbox 496 5478 600 5536; x_wconf 72' lang='lat' dir='ltr'>tubuel</span> <span class='ocrx_word' id='word_1_710' title='bbox 640 5480 732 5535; x_wconf 85' lang='lat' dir='ltr'>Etiam</span> <span class='ocrx_word' id='word_1_711' title='bbox 750 5479 893 5535; x_wconf 87' lang='lat' dir='ltr'>nominum</span> <span class='ocrx_word' id='word_1_712' title='bbox 911 5479 1085 5535; x_wconf 79' lang='lat' dir='ltr'>conformitas</span> <span class='ocrx_word' id='word_1_713' title='bbox 1102 5487 1130 5535; x_wconf 91' lang='lat' dir='ltr'>et</span> <span class='ocrx_word' id='word_1_714' title='bbox 1148 5479 1279 5548; x_wconf 87' lang='lat' dir='ltr'>judicium</span> <span class='ocrx_word' id='word_1_715' title='bbox 1301 5479 1345 5534; x_wconf 91' lang='lat' dir='ltr'>cui</span> <span class='ocrx_word' id='word_1_716' title='bbox 1358 5477 1468 5535; x_wconf 88' lang='lat' dir='ltr'>tandem</span> <span class='ocrx_word' id='word_1_717' title='bbox 1481 5478 1623 5535; x_wconf 89' lang='lat' dir='ltr'>hominum</span> <span class='ocrx_word' id='word_1_718' title='bbox 1636 5478 1684 5536; x_wconf 91' lang='lat' dir='ltr'>ob·</span> 
     </span>
    </p>
   </div>
   <div class='ocr_carea' id='block_1_8' title="bbox 0 0 1904 5875">
    <p class='ocr_par' dir='ltr' id='par_1_8' title="bbox 0 0 1904 5875">
     <span class='ocr_line' id='line_1_54' title="bbox 0 0 1904 5875; baseline 0 10"><span class='ocrx_word' id='word_1_719' title='bbox 0 0 1904 5875; x_wconf 95' lang='lat' dir='ltr'> </span> 
     </span>
    </p>
   </div>
  </div>
 </body>
</html>
