3800 5875
530 331 741 394 lNQUlSlTIO
762 331 813 386 DE
833 328 933 385 Lucu
953 329 1002 385 ET
1022 329 1184 385 LUMINE.
1603 327 1659 382 uls

47 487 126 557 pillos
148 489 319 557 quorumdam
339 488 481 544 hominum
499 488 608 553 accidit,
629 490 677 543 sed
699 505 767 553 raro,
790 489 838 543 lux
875 488 996 558 guendas
1010 504 1053 543 res
1067 487 1189 542 visibiles
1206 486 1330 542 subtilius
1348 492 1376 540 et
1395 485 1508 548 melium
1529 492 1559 540 ut
1573 487 1661 542 videre

45 569 128 621 etiam
138 569 238 633 tenuis,
248 576 377 638 tanquam
388 566 527 621 flammula
535 566 675 634 lambrum
696 577 726 622 ut
738 569 837 623 iactum
875 575 918 622 est
931 568 1003 636 apud
1017 569 1141 638 pictores,
1155 566 1202 637 qui
1214 566 1337 637 phialam
1349 582 1420 638 aqua
1433 565 1543 637 plenam
1556 564 1590 619 sd
1603 583 1664 620 can·

46 647 130 699 estin
142 646 232 702 Lucio
246 647 355 712 Martio,
369 647 398 700 in
416 646 560 716 Hispania.
600 647 730 702 Ventrale
750 648 838 716 cujus-
875 644 964 701 delam
979 646 1117 701 adhibent.

46 727 109 779 dam
135 726 257 780 ioeminae
278 740 365 797 nuper
386 726 524 780 inventum
548 733 596 790 est,
619 726 691 795 quod
717 726 837 790 micaret,
915 725 1066 780 Videndum
1087 725 1177 788 etiam,
1197 740 1263 778 num
1282 723 1374 778 omnia
1392 723 1421 777 in
1440 724 1542 791 majore
1563 732 1663 795 quanto

47 805 158 859 minime
173 804 462 869 immotum,sedinter
475 804 634 859 incendam.
669 805 736 859 Erat
748 814 836 860 autem
875 804 964 858 lucem
983 820 1038 859 non
1057 806 1213 859 reflectant:
1246 803 1295 858 lux
1315 803 1387 858 euim
1409 806 1450 871 (ut
1469 802 1541 856 credi
1563 803 1661 871 possit)

47 884 190 938 intinctum
202 885 233 938 in
247 884 334 949 viridi,
344 892 425 955 atque
439 883 585 938 tincturam
599 882 676 939 illam
688 884 838 955 ingreditur
876 891 923 937 aut
937 883 1091 953 pertransit,
1107 891 1154 937 aut
1172 883 1324 937 reflectitur.
1364 882 1423 942 Qua
1440 881 1474 936 de
1492 897 1573 936 causa
1590 880 1662 947 luna,

47 961 164 1027 alumen,
175 971 204 1017 et
213 964 342 1034 crepabat
355 961 487 1028 nonnihil,
502 979 564 1018 cum
575 963 700 1018 micabat
741 963 838 1018 Utrum
876 962 983 1016 etiamsi
996 961 1078 1017 fuerit
1093 978 1190 1032 corpus
1206 977 1328 1032 opacum,
1343 967 1434 1015 tamen
1451 961 1486 1015 ob
1500 961 1662 1032 magnitudi-

48 1042 157 1096 alumen
179 1043 250 1097 inter
269 1042 451 1112 scalpendum,
473 1050 521 1096 aut
538 1043 722 1113 frangendum,
748 1043 837 1107 micet,
875 1057 938 1095 nem
951 1039 1040 1095 lucem
1053 1041 1190 1096 reflectere
1204 1042 1296 1110 possit

46 1121 215 1192 inquiraturr
236 1123 283 1176 aed
297 1123 406 1176 fortiore
421 1117 561 1195 (utputo)
576 1121 679 1192 indiget
700 1123 837 1184 fractione,
915 1119 1068 1192 Videndum
1081 1120 1172 1185 ctiam,
1187 1127 1275 1178 utrum
1289 1119 1446 1191 aggregatio
1466 1135 1607 1188 corporum
1620 1118 1662 1173 lu·

48 1217 128 1271 quam
142 1200 311 1265 saccharum,
325 1202 389 1271 quia
402 1201 491 1271 magis
510 1210 657 1256 contumax
677 1209 726 1255 est.
767 1201 839 1255 Tibi·
876 1198 1005 1262 eidomm,
1032 1197 1121 1253 lucem
1146 1198 1314 1268 multiplicet.
1355 1199 1443 1270 Atque
1466 1199 1500 1252 de
1524 1198 1664 1267 aequaliter

47 1281 102 1333 alia
124 1279 256 1335 nonnulla
282 1281 352 1334 inter
374 1280 529 1336 exuendum
554 1280 700 1347 nituerunt,
723 1281 780 1334 sive
803 1297 839 1334 ex
876 1276 974 1332 lucidis
986 1277 1164 1334 dubitandum
1176 1294 1230 1333 non
1248 1286 1298 1332 est.
1337 1277 1435 1331 Utrum
1449 1293 1514 1330 vero
1531 1276 1587 1341 lux,
1603 1295 1663 1347 qum

47 1360 153 1425 sudore,
167 1361 226 1416 sive
240 1376 277 1414 ex
289 1361 405 1414 tinctura
418 1359 553 1415 aluminis.
594 1359 666 1413 Alis.
876 1357 978 1426 majore
995 1358 1056 1412 luce
1073 1359 1181 1427 penitus
1200 1357 1329 1422 obruitur,
1347 1363 1379 1410 ut
1393 1357 1478 1411 videri
1494 1373 1543 1426 per
1560 1373 1589 1409 se
1608 1373 1663 1410 non

877 1437 969 1506 possit,
1000 1437 1110 1507 adjiciat
1142 1444 1233 1491 tamen
1263 1435 1366 1506 aliquid
1395 1434 1473 1503 lucis,
1503 1436 1662 1506 inquiratur.

878 1516 968 1571 Etiam
982 1516 1123 1588 splendida
1136 1532 1249 1586 quaque
1262 1513 1388 1569 nonnihil
1402 1515 1469 1569 lucis
1481 1515 1662 1569 contribuunt.

86 1593 116 1647 2.
138 1592 293 1647 Videndum
305 1592 397 1657 etiam,
412 1609 472 1663 quoe
485 1592 542 1647 sint
555 1609 595 1656 ea,
610 1610 671 1663 quac
683 1591 786 1646 nullam
800 1592 839 1647 lu·
877 1594 969 1665 Magis
990 1597 1062 1651 enim
1082 1595 1200 1649 lucidum
1222 1595 1273 1649 erit
1293 1593 1445 1649 cubiculum
1465 1596 1558 1657 serico,
1581 1610 1663 1663 quam

47 1690 107 1726 cem
121 1671 219 1726 edant:
241 1689 301 1743 quae
311 1680 402 1725 tamen
415 1687 476 1725 cum
486 1671 529 1735 iia,
544 1689 603 1742 quae
613 1672 701 1737 edant,
712 1688 838 1741 magnam
877 1673 946 1738 lana,
962 1685 1094 1730 ornatum.
1133 1673 1331 1745 Multiplicatur
1344 1674 1425 1727 etiam
1440 1673 1490 1728 lux
1503 1690 1551 1743 per
1564 1672 1663 1726 refrac-

46 1752 153 1806 habent
165 1751 377 1805 similitudinem.
417 1749 499 1820 Aqua
519 1750 634 1805 bulliens
651 1767 706 1804 non
725 1752 781 1805 edit
800 1750 839 1806 lu·
877 1755 996 1810 tionem:
1017 1771 1081 1809 nam
1100 1770 1215 1824 gemma
1235 1753 1342 1824 angulis
1362 1753 1503 1817 intercisus,
1522 1759 1550 1806 et
1566 1752 1664 1805 vitrum

47 1848 116 1885 cem.
157 1829 221 1894 A'e'r,
243 1830 305 1884 licet
326 1829 458 1883 violenter
475 1830 642 1894 fervefactus,
656 1846 710 1884 non
731 1830 786 1885 edit
799 1830 838 1884 lu·
877 1832 998 1901 fractum,
1026 1834 1114 1905 magis
1134 1831 1282 1904 splendent,
1303 1849 1384 1904 quam
1403 1832 1428 1885 si
1447 1831 1529 1903 plana
1555 1829 1662 1885 luerint.

47 1927 116 1964 cem.
159 1909 284 1978 Specula,
297 1916 324 1963 et
337 1909 499 1975 adamantes,
511 1928 572 1981 quae
585 1909 674 1963 lucem
688 1911 839 1981 taminsig-
876 1909 948 1967 Alia.

46 1987 737 2059 niterretlectant,nullameduntlucemoriginalem.
766 1986 837 2044 Alia

88 2067 243 2123 Videndum
257 2076 298 2122 est
311 2068 394 2122 etiam
412 2076 543 2132 accurate,
557 2068 587 2121 in
606 2066 658 2121 hoc
678 2084 777 2139 genere
797 2067 838 2121 in·

48 2148 218 2211 standarum,
240 2148 273 2201 dc
294 2146 431 2202 instantiis
453 2146 640 2218 migrantibus,
665 2148 712 2201 ubi
736 2146 838 2201 scilicet
916 2145 942 2208 7.
964 2145 1116 2200 Videndum
1136 2145 1170 2199 de
1191 2144 1278 2199 modis
1300 2144 1428 2199 obruendi
1449 2144 1551 2207 lucemr
1582 2142 1663 2197 veluti

48 2228 127 2282 adeat
141 2236 168 2282 ει
181 2226 259 2280 abest
272 2225 328 2291 lux,
347 2225 424 2297 quasi
447 2226 588 2280 transiens.
630 2224 720 2280 Carbo
738 2227 838 2297 ignitus
878 2242 927 2294 per
948 2225 1167 2296 exsuperantiam
1187 2225 1298 2293 majoris
1317 2222 1392 2288 lucis,
1408 2225 1556 2278 mediorum
1572 2221 1666 2276 crassi

47 2307 126 2372 lueet,
142 2306 190 2360 sed
203 2305 308 2360 sortiter
327 2321 496 2376 compressus
510 2303 600 2359 statim
620 2304 708 2359 lucem
721 2306 838 2375 deponit.
878 2305 991 2368 tudines,
1007 2313 1053 2358 aut
1066 2305 1221 2373 opacitates.
1263 2303 1344 2357 Radii
1361 2302 1426 2356 solia
1445 2310 1526 2367 certe,
1540 2302 1569 2356 ia
1588 2302 1665 2355 flam-

49 2386 156 2441 Humor
182 2383 230 2440 ille
256 2384 431 2454 crystallinus
457 2383 595 2439 cicindelae
622 2394 708 2439 morte
732 2386 839 2449 vermis,
878 2400 950 2437 mam
965 2384 1018 2437 ioci
1031 2383 1154 2447 immissi,
1169 2384 1304 2436 flammam
1318 2381 1402 2436 veluti
1415 2382 1519 2437 sumum
1533 2380 1666 2451 quendam

48 2467 132 2520 ctiam
147 2464 248 2519 tractus
262 2473 290 2519 et
303 2464 333 2518 iu
346 2473 437 2535 partes
450 2463 559 2528 divisus,
572 2462 662 2518 lucem
680 2464 714 2518 ad
728 2480 839 2535 parvum
878 2461 1009 2517 albiorem
1021 2479 1152 2534 apparere
1166 2461 1276 2516 iaciunt.
1316 2461 1386 2516 Alia.

47 2555 155 2615 tempus
170 2545 275 2609 retinet,
288 2542 335 2598 sed
345 2562 406 2615 quia
419 2542 573 2614 paulopost
584 2551 735 2598 evanescat.
769 2541 839 2597 Alia.

206 1498 316 1538 TABULA
335 1498 479 1537 assaumis
499 1499 530 1537 ΙΝ
551 1498 689 1537 Puoxlrro.

1079 2050 1156 2092 mom
1176 2049 1331 2092 ouuuuuni
1353 2049 1463 2090 Lucam.

992 2601 1189 2641 oeuaaulouus
1209 2600 1276 2640 alvu
1296 2600 1439 2640 EFFECTUS
1459 2598 1554 2640 Lucls.

307 2681 417 2721 mm
436 2681 586 2721 ΜΒΝ·
918 2695 945 2751 8.
968 2694 1120 2749 Videndum
1147 2694 1181 2749 de
1209 2694 1417 2765 operationibus,
1445 2693 1502 2747 sive
1528 2692 1667 2747 effectibus

88 2775 114 2830 3.
136 2774 299 2839 Videndum,
318 2792 380 2845 quae
398 2773 447 2828 lux
467 2775 503 2828 sit
521 2774 609 2845 magia
627 2776 741 2839 intensa,
761 2783 786 2829 et
802 2776 841 2829 vi·
879 2775 956 2838 lucis,
971 2776 1016 2845 qui
1029 2774 1108 2843 pauci
1122 2779 1198 2838 suut;
1220 2773 1293 2828 etad
1306 2790 1425 2843 corpora,
1439 2772 1588 2842 prasertim
1602 2770 1666 2825 soli-

49 2856 137 2918 brans,
157 2873 219 2925 quae
238 2855 335 2908 minus.
377 2852 501 2908 Flamma
521 2851 655 2924 lignorum
673 2853 769 2908 sortem
788 2855 842 2908 edit
879 2855 922 2920 da,
936 2854 1074 2908 alteranda
1087 2869 1182 2923 parum
1194 2860 1312 2922 possunt
1353 2852 1415 2906 Lux
1429 2851 1501 2905 euim
1514 2866 1570 2920 prm
1584 2850 1667 2904 omui·

48 2935 152 3000 lucem;
178 2935 289 2988 flamma
311 2932 421 3003 spiritus
442 2934 506 2998 vini,
528 2932 702 2998 debiliorem
732 2934 842 2989 flamma
880 2937 930 2989 bus
944 2952 973 2989 se
987 2942 1105 3005 generat,
1120 2932 1188 2986 alias
1202 2930 1345 3003 qualitates
1356 2949 1445 3001 parce.

48 3015 194 3069 carbonum
212 3014 320 3083 penitus
339 3030 518 3084 accensorum,
533 3013 636 3068 fuscam
654 3014 797 3068 admodum
815 3022 841 3069 et
919 3013 983 3068 Lux
1005 3020 1077 3067 certe
1101 3010 1192 3066 aerem
1214 3010 1339 3066 nonnihil
1359 3017 1492 3075 attenuat3
1527 3007 1668 3079 spiritibus

49 3096 95 3149 vir
109 3092 254 3149 visibilem.
295 3092 367 3148 Alia.
881 3091 1037 3148 animalium
1064 3098 1142 3163 grata
1168 3095 1217 3155 est,
1241 3106 1340 3160 eosque
1364 3089 1515 3152 exhilarat;
1549 3086 1669 3142 colorum

881 3172 1001 3226 omnium
1028 3178 1055 3225 et
1075 3169 1224 3224 visibilium
1251 3169 1341 3223 radios
1365 3168 1532 3223 submortuos
1559 3167 1667 3222 excitat

331 3236 453 3276 cmm
473 3237 563 3277 Μ’·
882 3252 976 3307 Omnis
990 3250 1062 3305 enim
1077 3249 1149 3304 color
1162 3247 1231 3303 lucis
1244 3248 1336 3319 imago
1349 3247 1434 3302 fracta
1447 3255 1498 3303 est.
1538 3246 1608 3302 Alia.

87 3332 114 3385 4.
136 3330 293 3385 Videndum
315 3338 357 3385 est
373 3331 407 3386 de
423 3332 558 3387 coloribus
577 3331 653 3397 lucis,
670 3332 764 3403 quales
780 3334 842 3399 sint,

49 3411 143 3481 quales
173 3427 238 3466 non.
280 3409 425 3466 Stellamm
452 3412 513 3467 aliae
540 3412 660 3468 candidae
687 3421 758 3478 sunt,
783 3412 844 3468 aliae

50 3487 281 3559 splendidae‚aliae
294 3490 464 3555 rubeae‚nliae
477 3491 618 3560 plumbeae,
659 3494 790 3549 Flammae
804 3509 843 3548 01.
922 3482 949 3539 9.
970 3483 1123 3538 Videndum
1137 3490 1178 3537 est
1191 3481 1224 3536 de
1238 3498 1313 3536 mora
1326 3481 1409 3544 lucis;
1430 3496 1498 3550 quae,
1512 3485 1542 3533 ut
1557 3478 1669 3544 videtur,

50 3568 170 3633 dinarius,
179 3577 208 3624 et
217 3568 289 3624 inter
299 3586 353 3634 eas,
362 3571 561 3626 coruscationes
570 3572 683 3637 coelitua,
692 3582 719 3627 et
727 3574 845 3629 flammas
883 3573 1071 3618 momentanea
1092 3569 1142 3617 0⁸1·
1181 3562 1278 3633 Neque
1298 3561 1370 3614 enim
1389 3559 1444 3622 11¹1,
1464 3559 1488 3612 δί
1505 3575 1555 3628 Per
1573 3557 1669 3613 ¹¹¹¹¹st³⁸

49 3649 170 3718 pulveri,
185 3649 258 3719 pyrii
271 3650 391 3704 maxime
405 3650 530 3705 albicant„
570 3650 695 3706 Flamma
708 3652 845 3722 sulphuris
883 3643 965 3698 horas
983 3644 1013 3699 in
1031 3641 1156 3698 cubiculo
1174 3639 1316 3704 duraverit,
1335 3640 1423 3710 magis
1442 3636 1507 3690 illud
1527 3636 1669 3701 illuminat,

50 3727 168 3781 mla
188 3737 241 3793 est,
257 3737 285 3783 et
303 3728 425 3799 pulchra„
468 3728 500 3783 ln
520 3728 656 3800 aliquibus
675 3739 765 3786 aurem
785 3749 845 3786 cor.
883 3741 965 3795 quam
978 3724 1001 3777 si
1016 3739 1065 3793 per
1077 3729 1243 3776 momentum
1263 3718 1386 3790 aliquod:
1407 3734 1468 3771 cum
1486 3716 1516 3769 in
1534 3717 1630 3779 calore,
1643 3724 1671 3769 et

50 3807 163 3876 poribus
178 3816 243 3860 sunt
262 3825 404 3879 purpureas
422 3810 547 3863 flammas.
588 3810 653 3864 Non
672 3811 845 3865 inveniuntur
884 3803 953 3866 aliis,
968 3810 1062 3856 contra
1075 3801 1131 3855 liat.
1170 3799 1287 3861 Etenim,
1301 3806 1328 3851 et
1346 3797 1419 3868 prior
1438 3794 1512 3849 calor
1530 3801 1627 3859 manet,
1642 3803 1671 3848 et

50 3887 167 3941 flamme
180 3886 291 3942 virides,
331 3887 397 3948 Quae
411 3888 529 3943 maxime
545 3889 580 3943 nd
592 3888 756 3945 viriditatem
769 3890 845 3943 incli.
882 3899 968 3936 novus
988 3879 1184 3951 superadditur.
1225 3875 1351 3931 Attamen
1370 3874 1528 3944 crepuscula
1545 3873 1671 3928 nonnihil

50 3972 103 4029 nst,
124 3972 167 4020 est
188 3965 238 4019 lux
257 3966 405 4022 cicindelae.
442 3968 503 4022 Nec
524 3968 695 4023 inveniuntur
713 3969 845 4024 coccineae
883 3959 1034 4031 &reliquiis
1047 3959 1116 4015 lucis
1129 3957 1279 4029 provenire,
1291 3956 1326 4010 ab
1339 3954 1473 4026 aliquibus
1486 3961 1623 4024 putantur·

51 4046 176 4099 flammae.
232 4045 345 4100 Ferrum
373 4046 489 4117 ignitum
516 4048 693 4102 rubicundum
725 4056 785 4112 est;
819 4057 846 4103 et

51 4125 134 4193 paulo
146 4124 282 4179 intentius
296 4125 414 4196 ignitum
428 4127 507 4199 quasi
520 4128 665 4182 candescit.
706 4126 776 4182 Alia

1178 3386 1262 3426 MORA
1282 3384 1377 3427 Lucra.

1075 4097 1132 4136 VlAE
1152 4096 1188 4135 ET
1208 4094 1367 4135 Paocussus
1388 4091 1478 4132 Lucis.

928 4192 971 4247 10.
993 4191 1147 4247 Videndum
1157 4197 1259 4245 attente
1269 4188 1302 4243 de
1313 4187 1364 4242 viis
1374 4195 1401 4241 et
1414 4185 1583 4257 processibus
1593 4186 1670 4242 lucis.

884 4272 947 4327 Lux
960 4271 1197 4335 circumfunditurr
1218 4276 1308 4324 utrum
1322 4284 1386 4320 vero
1398 4282 1452 4321 una
1466 4265 1591 4323 ascendut
1604 4283 1671 4338 pau·

93 4350 122 4404 5.
142 4349 307 4415 Videndum,
324 4369 384 4423 quae
402 4369 515 4423 corpora
532 4354 621 4410 lucem
641 4355 797 4420 reflectunt3
818 4363 848 4411 ut
884 4352 978 4417 lulum,
993 4369 1027 4404 an
1042 4351 1182 4423 aqualiter
1195 4349 1327 4411 deorsum,
1343 4359 1370 4401 et
1383 4363 1496 4411 sursum,
1510 4347 1672 4402 circumfun-

53 4428 172 4497 sperma,
183 4447 270 4501 aquae,
280 4430 389 4485 metalla
399 4432 493 4501 polita,
504 4432 575 4500 luna,
586 4451 708 4505 gemmae.
748 4435 847 4490 Omnia
885 4432 971 4496 datur,
984 4431 1141 4501 inquiratur.
1183 4428 1246 4482 Lux
1259 4428 1319 4498 ipsa
1329 4427 1417 4481 lucem
1431 4428 1548 4499 undique
1561 4428 1673 4482 circaea

53 4507 203 4577 liquidust
217 4511 359 4579 superficie
370 4511 448 4565 valde
462 4519 568 4583 aquata
583 4522 611 4566 et
623 4513 692 4578 laevi,
707 4513 849 4585 splendent
885 4511 971 4581 parim
992 4518 1022 4564 ut
1034 4527 1095 4564 eum
1107 4524 1203 4579 corpus
1216 4507 1293 4571 lucia,
1306 4508 1463 4562 umbraculo
1477 4507 1580 4561 scilicet
1592 4508 1673 4561 inter·

52 4587 186 4642 nonnihil.
228 4588 362 4659 Splendor
374 4597 464 4645 autem
478 4600 520 4646 est
532 4591 632 4664 gradus
642 4593 751 4664 quidam
764 4593 848 4663 pusil-
885 4590 974 4661 posito
987 4605 1041 4642 non
1052 4596 1178 4643 cernatur
1185 4611 1193 4653 ς
1213 4586 1262 4641 lux
1283 4587 1344 4658 ipsa
1358 4595 1449 4641 tamen
1469 4587 1559 4640 omnia
1572 4587 1673 4639 circum

53 4665 99 4719 1¹1⁸
112 4666 191 4721 lucis·
885 4668 1026 4732 illuminat,
1046 4676 1142 4737 proeter
1165 4684 1199 4722 ea
1225 4684 1285 4737 qum
1312 4667 1363 4721 sub
1384 4667 1506 4720 umbram
1525 4662 1674 4720 umbraculi

94 4745 250 4801 Videndum
268 4753 377 4813 attente,
395 4756 485 4805 utrum
503 4750 553 4804 lux
571 4752 692 4821 corporis
710 4749 793 4805 lucidi
813 4752 848 4804 ab
886 4748 997 4802 cadunt:
1018 4765 1079 4817 quae
1098 4754 1188 4801 tamen
1201 4746 1262 4817 ipsa
1279 4746 1403 4800 nonnihil
1417 4745 1485 4798 lucis
1501 4744 1636 4813 accipiunt
1656 4759 1674 4795 a

301 4259 494 4300 BBVLEXIONBS
515 4261 602 4302 Lucis.

55 4823 110 4878 alio
122 4842 235 4895 corpore
249 4825 339 4881 lucido
353 4828 457 4883 reflecti
470 4829 570 4899 possit:
590 4840 621 4884 ut
630 4829 654 4884 si
665 4837 784 4884 sumatur
794 4829 847 4885 ier·
886 4828 945 4882 luce
968 4827 1154 4895 circumierim
1174 4841 1238 4880 nam
1260 4824 1344 4880 multo
1363 4825 1459 4879 melius
1481 4823 1583 4894 aliquid
1603 4822 1675 4875 intra

54 4920 114 4957 rum
127 4904 254 4976 ignitum,
265 4916 293 4959 et
305 4916 456 4978 opponatur
467 4904 551 4964 radiis
561 4908 635 4964 solis.
670 4910 849 4964 Namreflex-
886 4907 1008 4961 umbram
1024 4907 1103 4960 situm
1118 4904 1192 4959 cerni
1209 4911 1305 4974 potest,
1321 4921 1402 4976 quam
1424 4904 1447 4957 si
1471 4902 1546 4956 nulla
1566 4901 1676 4954 omnino

53 4983 130 5037 iones
151 4983 222 5038 lucis
243 4985 353 5040 omnino
375 4988 641 5056 superreflectuntur
663 4989 850 5061 (elanguentia
886 4987 993 5041 adesset
1005 4984 1061 5040 lux.
1104 4986 1200 5055 ltaque
1219 5000 1317 5053 eorpus
1331 4983 1436 5038 visibile
1457 4981 1575 5050 corporis
1590 4979 1674 5033 alicu·

54 5071 146 5117 tamen
158 5063 306 5135 paulatim)
320 5065 353 5119 de
367 5065 479 5136 speculo
493 5068 522 5121 in
536 5067 682 5137 speculum.
723 5067 794 5122 Alia.
883 5065 929 5133 jas
941 5063 1032 5128 lucidi,
1044 5072 1072 5119 et
1084 5064 1145 5134 ipsa
1158 5063 1214 5127 lux,
1226 5079 1269 5117 res
1279 5063 1460 5132 discrepantes
1471 5076 1529 5113 esse
1543 5058 1674 5112 videntur.

886 5144 949 5198 Lux
975 5159 1087 5213 corpora
1113 5143 1219 5207 fibrosa,
1242 5150 1269 5194 et
1295 5141 1436 5213 inaequalis
1463 5139 1596 5208 positurae,
1620 5154 1675 5190 non

887 5228 1026 5292 penetrat;
1047 5222 1193 5276 sedtamen
1204 5220 1360 5275 asoliditate
1374 5218 1479 5274 duritiae
1490 5217 1608 5285 corporis
1622 5231 1676 5268 ιιοιι

91 5296 119 5353 6.
142 5298 299 5356 Videndum
312 5303 346 5357 de
360 5302 584 5372 multiplicatione
597 5302 673 5366 lucis,
687 5311 717 5358 ut
730 5320 778 5373 per
791 5319 851 5372 spe·
886 5301 1038 5372 impeditur,
1053 5311 1082 5356 ut
1093 5302 1122 5355 fit
1135 5302 1164 5355 iu
1177 5302 1254 5365 vitro,
1268 5306 1296 5352 et
1309 5298 1451 5354 similibus.
1494 5296 1589 5366 ltaque
1604 5304 1677 5349 recta

55 5376 113 5431 cula
130 5382 312 5451 perspectiva,
327 5389 355 5436 et
373 5381 483 5445 similia,
498 5382 595 5453 quibus
614 5384 673 5437 acui
692 5389 779 5453 potest
793 5381 850 5444 lux,
886 5379 966 5445 linea,
981 5388 1010 5433 et
1024 5382 1083 5452 pori
1096 5398 1151 5435 non
1165 5378 1320 5444 transversi,
1334 5379 1458 5433 videntur
1470 5374 1558 5431 lucem
1574 5382 1677 5429 tantum

56 5464 79 5509 et
91 5458 120 5512 in
133 5456 319 5533 longinquum
332 5461 432 5532 projici
439 5481 447 5527 ι
470 5470 517 5517 aut
529 5461 611 5516 etiam
623 5461 697 5516 reddi
709 5460 743 5516 ad
757 5461 851 5517 distin·
886 5460 1013 5530 perferre.

260 5205 538 5245 HULTIPHGATIONBS
559 5207 648 5246 aucis.
