3800 5875
666 329 850 389 HISTORIA
870 330 1095 388 VEN'FORUM.
1640 333 1699 398 537

56 493 154 549 mnus
168 497 283 565 possunt
290 492 320 547 in
330 489 505 564 generatione
517 497 666 559 ventorum,
677 509 760 564 quam
774 491 863 562 copia,
936 491 1099 547 Proximum
1113 497 1163 556 est,
1177 491 1333 546 observatio
1353 492 1426 547 circa
1438 508 1504 547 ren·

56 581 107 628 ant
121 572 438 628 conditionesmateriae.
897 578 939 626 tos
965 579 1067 637 statos;
1101 571 1131 625 id
1154 587 1210 643 quo
1230 588 1296 626 usus
1319 572 1426 627 ridetur
1449 572 1503 628 Co·

104 653 151 708 1³.
173 652 246 707 Solia
259 651 334 707 calor
346 652 375 706 in
392 650 567 723 generatione
585 658 729 706 ventorum
746 651 787 705 ita
799 666 862 720 pro·
896 649 1014 705 lumbus.

57 734 236 803 perdonatur
250 749 311 786 esse
325 731 413 794 debet,
428 738 457 785 ut
472 747 520 784 eos
535 732 644 795 excitet,
658 730 774 785 sednon
787 737 863 784 tanta
937 731 965 784 5.
987 729 1089 783 Itidem
1110 729 1143 782 de
1167 730 1288 784 ubertate
1312 739 1361 784 cat
1384 732 1500 785 caritate

57 812 150 882 copia,
165 820 197 866 nt
210 810 308 866 noiant
321 811 350 865 in
363 810 500 879 pluviam3
521 826 572 864 nec
585 817 661 865 tanta
674 809 819 881 paucitate,
833 815 864 863 ut
890 814 1038 882 snectutem
1060 819 1087 862 et
1110 819 1230 881 segetum
1254 812 1336 865 annis
1355 811 1498 882 singutic:
1550 782 1664 834 omnm

58 907 175 961 prorsus
188 891 368 946 discutintur
380 898 408 944 et
421 889 596 960 dissipentur.
897 906 940 942 rec
956 889 1037 943 utilia
1050 889 1088 943 ud
1101 889 1212 952 luerunt,
1231 898 1257 943 ct
1276 890 1445 946 venditiones
1465 890 1649 961 anticipantes
1671 901 1697 945 et

103 971 149 1025 14.
171 971 256 1025 Venti
269 971 375 1040 spirant
384 985 419 1023 ex
429 977 506 1040 purte
516 968 643 1024 iomitnm
653 985 776 1032 suorum
791 984 863 1022 cum·
897 970 1079 1039 coimpticncs,
1094 977 1124 1021 ut
1134 969 1275 1039 proditum
1288 978 1328 1024 eet
1347 970 1380 1023 de
1398 968 1509 1024 Tbolcte
1524 972 1598 1023 circo
1611 989 1697 1024 mona

60 1066 115 1120 que
129 1050 243 1105 fomites
255 1050 330 1104 varie
343 1050 528 1119 d'mponantur,
539 1048 640 1102 diversi
653 1048 727 1102 renti
741 1047 863 1118 inpluri·
897 1048 1001 1118 polium
1015 1048 1153 1102 clivorum.

58 1146 137 1184 rnrrm
150 1129 235 1185 simul
249 1130 369 1199 spirant:
390 1128 439 1183 aed
458 1126 555 1182 sortior
571 1126 731 1184 debiliorem
747 1134 794 1180 snt
814 1125 862 1181 ob·
938 1127 1002 1182 Huc
1024 1127 1162 1197 pertinent
1181 1126 1313 1182 nonnulla
1333 1126 1364 1182 in
1386 1127 1502 1199 inquisi-

58 1209 122 1272 rnit,
137 1217 187 1263 aut
200 1210 287 1264 flectit
299 1209 328 1263 in
342 1215 494 1265 currentem
509 1224 596 1262 suum.
898 1206 971 1262 tione
984 1207 1073 1277 posita
1087 1206 1120 1261 de
1134 1207 1231 1271 ventis,
1244 1213 1291 1262 nnt
1304 1207 1441 1278 malignis,
1455 1214 1503 1262 aut

104 1288 149 1343 15.
172 1288 285 1360 Ubique
295 1294 459 1360 generantur
470 1287 544 1341 venti
558 1288 593 1342 ab
606 1286 753 1357 ipsaterrre
767 1301 862 1356 super·
898 1285 1047 1341 decussiris
1057 1293 1085 1341 et
1093 1286 1262 1357 temporibus
1271 1287 1380 1359 quando
1390 1295 1497 1354 nocent,
1506 1287 1539 1341 ad
1554 1287 1697 1343 articulum

58 1368 122 1422 licie
144 1385 234 1440 nsque
257 1367 293 1422 ad
314 1367 443 1438 frigidam
462 1366 602 1437 regionem
623 1365 715 1431 adrisi
736 1365 785 1420 sed
807 1364 862 1420 ire·
898 1361 983 1420 29⁸¹&

59 1447 220 1518 quentiores
233 1446 264 1502 in
278 1448 410 1519 proximo,
425 1446 551 1501 fortiores
564 1447 594 1501 in
608 1445 729 1501 sublimi.
937 1444 966 1500 6.
986 1444 1089 1498 Itidese
1110 1445 1143 1498 de
1162 1445 1260 1500 neena
1286 1454 1312 1498 et
1328 1446 1501 1517 pestilentiis
1609 1496 1625 1540 n

102 1526 149 1581 16.
173 1527 322 1598 Regiones,
345 1543 406 1597 quar
433 1525 536 1581 habent
562 1534 657 1581 ventos
684 1523 804 1580 essedas
827 1540 864 1578 ex
898 1526 979 1578 annm
992 1525 1133 1596 singuiis,-
1155 1542 1200 1579 rsa
1213 1526 1293 1579 aetitia
1306 1525 1343 1579 ud
1360 1526 1499 1579 eciatiero·
1549 1496 1608 1550 ⁰⁹¹³
1627 1508 1662 1540 η

57 1606 168 1676 tepidis,
179 1613 245 1661 sunt
254 1605 397 1661 calidiores
407 1622 490 1675 quam
500 1622 551 1677 pro
560 1605 665 1661 ratione
675 1603 862 1671 climatissnis
898 1604 995 1657 tionem
1016 1604 1177 1658 medicor-nne
1195 1606 1223 1659 ei
1236 1604 1285 1659 itta
1295 1605 1451 1675 praedicere
1460 1606 1587 1677 possim,-
1615 1607 1696 1659 cn'om

58 1704 123 1757 quae
136 1703 174 1741 ex
187 1686 297 1758 gelidis,
312 1685 475 1758 frigidiores.
898 1684 935 1738 cd
948 1693 1176 1739 commessurus
1185 1685 1337 1749 arnimar,
1348 1694 1374 1737 et
1383 1686 1511 1739 nonnullo
1521 1686 1578 1738 olio
1588 1686 1693 1740 cicilio.

938 1763 1002 1817 Huc
1016 1764 1152 1834 pertinent
1165 1763 1248 1818 etiam
1261 1762 1392 1818 nonnulla
1407 1763 1436 1817 in
1455 1764 1496 1818 in·

898 1842 1043 1915 quisitione
1057 1844 1154 1912 posita,
1168 1842 1204 1896 ad
1216 1843 1363 1897 articulum
1375 1842 1459 1897 30⁰⁸.

937 1922 981 1977 De
1002 1921 1226 1993 praedictionibus
1246 1938 1284 1977 ex
1305 1923 1402 1986 ventis,
1426 1923 1500 1977 circa

304 2001 328 2054 l.
352 1999 419 2052 Vela
433 1999 543 2052 nonium
552 1999 594 2051 ito
604 2012 756 2069 conepcnerc
767 2005 793 2050 et
808 1997 864 2051 dia·
898 2008 1013 2073 segetes,
1027 2002 1138 2066 unctus,
1153 2009 1182 2056 et
1193 2002 1311 2067 morbos,
1321 2001 1434 2057 consule
1443 2001 1499 2058 his-

257 2087 411 2151 poniensi
425 2078 605 2147 ninorsflotu
620 2079 745 2146 ncjmem
758 2077 863 2147 confici·
898 2082 982 2136 turias
995 2081 1167 2152 agricultum
1181 2090 1210 2136 et
1222 2082 1372 2136 medicinae.

59 2169 106 2213 erit
120 2162 218 2226 oium
241 2177 287 2214 ree
301 2159 450 2230 insigniter
463 2158 543 2212 utilis
556 2157 594 2210 cd
612 2156 767 2229 emanata
780 2157 863 2210 itine·
937 2159 965 2222 7.
989 2160 1088 2216 Ventos
1102 2162 1222 2215 eccitore
1236 2170 1261 2215 et
1275 2162 1379 2217 sedare.
1547 2164 1661 2217 Omitte

59 2259 117 2293 esar
126 2257 181 2312 per
195 2255 279 2304 erare,
293 2248 320 2291 et
331 2237 496 2310 parcendura
511 2236 650 2308 inpensis.
936 2240 980 2295 De
994 2240 1039 2295 his
1052 2240 1189 2296 habentur
1202 2241 1326 2311 quaedam
1346 2239 1498 2311 supemtiti·

301 2317 461 2373 Proximm
474 2333 530 2371 non
542 2315 659 2371 occurrit
671 2313 761 2370 adhuc
771 2313 863 2370 inven-
897 2334 945 2374 osa
959 2331 987 2373 et
999 2320 1189 2391 magicaque
1201 2338 1257 2375 non
1270 2321 1394 2375 videntur
1404 2319 1498 2391 digna,

261 2403 329 2463 tum,
343 2397 455 2469 praecise
470 2396 500 2450 in
513 2394 641 2466 practica.
682 2393 737 2451 Sed
751 2392 862 2450 consuls
898 2416 960 2468 quae
973 2399 1003 2453 in
1018 2400 1170 2455 Historiam
1183 2400 1334 2455 namralem
1351 2399 1452 2454 seriam
1466 2406 1493 2453 et
1511 2415 1634 2454 severam
1649 2415 1693 2453 re·

59 2479 91 2534 de
105 2495 140 2533 eo
154 2478 362 2534 obmrradones
376 2476 494 2544 majores
507 2492 590 2546 super
603 2474 749 2530 ordeolum
762 2473 844 2528 26η.
897 2478 1042 2549 cipiantur.
1082 2480 1182 2551 Neque
1200 2480 1317 2534 occurrit
1330 2478 1409 2534 nobis
1422 2477 1527 2549 aliquid
1539 2479 1694 2547 proximum

165 2611 169 2618 .
303 2557 331 2611 2·
351 2556 512 2610 Molendum
534 2555 571 2609 cd
587 2564 694 2610 matam
707 2563 732 2608 et
747 2554 806 2608 vela
819 2554 863 2625 ip·
897 2557 994 2613 iuhoc
1008 2575 1117 2629 genere.
1158 2559 1322 2630 Designatio
1337 2574 1372 2613 ea
1391 2574 1451 2612 esse
1472 2558 1580 2628 poterit,
1594 2565 1625 2612 ut
1644 2575 1694 2613 na·

152 2614 211 2652 ‘m'
261 2634 787 2709 emnitcscbeiccei,ntnincrsflotre
796 2634 863 2705 plue
897 2645 959 2692 tura
982 2637 1054 2692 aiiris
1072 2638 1182 2709 penitus
1202 2638 1405 2708 introspiciatur
1424 2644 1452 2692 et
1471 2637 1639 2708 inquiratur;
1670 2639 1695 2693 si

58 2718 157 2771 admit
163 2739 177 2785 ,·
201 2733 248 2772 m
261 2718 343 2771 utitis
355 2716 393 2769 cd
402 2716 516 2769 lumen.
897 2719 986 2787 possit
995 2717 1113 2772 inveniri
1127 2717 1240 2789 aliquid,
1252 2717 1331 2789 quod,
1345 2717 1375 2772 in
1385 2716 1534 2787 quantitate
1547 2732 1603 2771 nou
1616 2733 1694 2788 mag·

301 2795 420 2851 Consule
427 2794 461 2850 dc
468 2794 522 2849 hoc
532 2793 721 2864 experimenta
728 2799 823 2849 nosne
833 2792 863 2848 iu
895 2798 972 2852 nain
985 2796 1078 2853 aiirem
1097 2798 1256 2862 immissum,
1271 2797 1361 2868 possit
1380 2796 1500 2851 excitare
1513 2804 1541 2850 et
1560 2795 1693 2867 multipli-

177 2859 226 2891 ω
260 2891 393 2948 mpcnsc
414 2874 450 2929 ad
470 2873 616 2929 articulum
628 2870 711 2942 27η,
726 2873 774 2929 ubi
787 2874 863 2928 vide·
897 2893 959 2931 care
979 2886 1083 2932 motum
1102 2877 1137 2931 ad
1156 2876 1344 2931 dilatationem
1364 2882 1412 2931 aut
1433 2875 1645 2930 contractionem
1665 2876 1695 2931 in

59 2961 159 3012 turres
173 2957 254 3029 qnasi
268 2963 387 3027 permta
896 2974 1011 3031 corpore
1031 2956 1121 3014 airis:
1141 2974 1178 3013 ex
1199 2957 1253 3012 lroc
1273 2957 1374 3012 etenim
1391 2953 1432 3032 (si
1451 2956 1511 3010 lieri
1530 2953 1633 3029 possit)
1651 2972 1694 3010 se·

302 3035 331 3091 ³.
354 3036 454 3092 Venter
477 3037 594 3090 oeitsrcc
616 3042 642 3087 et
666 3050 813 3099 murce,
837 3043 862 3088 ct
897 3045 1013 3108 quantur
1032 3037 1210 3093 excitationes
1223 3044 1250 3092 et
1265 3036 1418 3092 sedationes
1436 3043 1592 3101 ventorum,
1614 3034 1694 3106 quale

91 3087 209 3143 omn
261 3126 380 3189 tenpore
388 3117 508 3188 ipsorum
517 3130 709 3187 proenorcercr
729 3115 863 3169 recutitis
897 3123 939 3171 est
959 3116 1028 3171 illud
1048 3117 1268 3188 experimentum
1285 3116 1369 3171 Plinii
1392 3116 1427 3172 de
1445 3122 1523 3170 aceto
1544 3115 1645 3184 injecto
1664 3115 1694 3169 in

59 3195 96 3248 nd
108 3198 303 3269 nauigationes
316 3205 342 3250 et
355 3197 554 3268 ogncubmm
561 3215 573 3260 ,·
600 3195 713 3248 nonina
726 3203 814 3248 auten
826 3195 864 3248 cd
897 3212 1039 3252 ocmusum
1051 3196 1176 3262 turbinis,
1190 3197 1215 3252 ri
1228 3212 1323 3252 verum
1338 3196 1417 3251 soret.
1460 3194 1555 3250 Altera
1566 3194 1694 3266 designa·

60 3276 204 3331 electiones
213 3285 360 3349 temporum
374 3276 412 3329 cd
419 3276 523 3347 praelio
537 3274 656 3329 neoclis.
897 3275 937 3331 tio
949 3277 1037 3346 possit
1050 3292 1109 3331 esse
1123 3292 1172 3347 per
1185 3276 1360 3331 emissionem
1373 3283 1516 3330 ventorum
1535 3291 1571 3329 ex
1592 3275 1695 3329 subter·

302 3356 365 3410 Huc
379 3355 465 3410 multa
484 3354 622 3425 pertiuont
643 3369 736 3408 eornm
755 3371 817 3425 quae
833 3353 862 3408 iu
896 3356 1234 3428 rancis,sicongregentur
1241 3355 1343 3411 alicubi
1354 3356 1384 3410 in
1394 3355 1597 3426 magnacopia3
1613 3354 1693 3426 quale

177 3417 226 3450 ω’
260 3435 447 3507 inquisitione,
462 3434 613 3504 prasertim
628 3432 659 3486 in
675 3449 807 3503 responso
827 3434 863 3488 ad
897 3443 939 3489 cet
957 3434 1026 3490 illud
1044 3442 1183 3505 receptum
1204 3436 1238 3491 de
1260 3444 1344 3506 puteo
1362 3435 1392 3489 in
1410 3434 1568 3501 Dalmatia,
1599 3450 1694 3489 verum

60 3513 206 3569 articulum
220 3513 304 3579 32²⁰,
317 3521 412 3570 notata
424 3521 497 3570 strnt.
536 3512 574 3566 At
587 3512 740 3568 omenatio
759 3513 789 3566 in
802 3529 863 3583 pos-
896 3522 925 3570 et
936 3514 999 3569 loca
1011 3514 1169 3584 hujusmodi
1181 3531 1320 3570 carcerum
1333 3531 1414 3569 nosse
1427 3513 1548 3569 difficile.

60 3601 151 3649 terum
173 3592 342 3665 diligentior,
364 3594 401 3666 (si
421 3594 519 3665 quibus
536 3609 570 3647 ea
587 3591 662 3646 cordi
684 3591 757 3662 erit,)
772 3598 862 3663 pates·
936 3593 964 3649 8.
987 3593 1132 3666 Conplura
1159 3595 1267 3649 ludicro
1298 3604 1324 3649 st
1351 3595 1421 3648 miro
1442 3611 1495 3666 per
1543 3642 1656 3698 opum

60 3681 139 3728 cente
149 3674 210 3742 jam
224 3690 311 3729 cansa
322 3682 473 3740 ventorum,
487 3673 570 3744 longe
584 3672 724 3727 exactiora
732 3688 863 3744 prognos-
896 3683 992 3727 mnan
1005 3684 1140 3728 cemma
1154 3674 1266 3745 cfficem

60 3752 116 3808 tica
127 3753 279 3825 prestabit.
935 3753 978 3809 De
992 3752 1037 3808 his
1049 3755 1240 3826 cogitationem
1257 3753 1395 3823 suscipere
1415 3751 1495 3807 nobis

302 3833 331 3887 4.
350 3832 497 3885 Jndicium
520 3841 547 3884 et
571 3832 747 3903 prognostica
763 3835 862 3904 secere
896 3839 1002 3888 nonest
1010 3834 1105 3888 otium
1137 3833 1296 3889 Proximum
1307 3844 1348 3887 est
1358 3831 1426 3887 illud
1434 3830 1495 3886 vul·

93 3883 210 3937 Νη
261 3920 417 3984 perventor
430 3911 463 3964 de
477 3911 649 3970 cliirrebiccc
670 3911 861 3983 ceiutipeiino,
897 3919 990 3982 gatnm
1010 3912 1161 3968 duellorum
1185 3913 1220 3967 ad
1243 3921 1371 3967 ventum:
1405 3909 1585 3982 proculdubio
1607 3908 1694 3965 multa

61 3992 89 4044 ri
99 3992 157 4045 sint
171 3993 340 4047 sustinentes
354 3992 509 4046 detinente
523 3991 554 4044 in
567 3992 638 4043 erari
651 3990 680 4043 in
695 3991 787 4062 utiquc
799 3991 861 4057 icco,
897 3991 1031 4059 eJusmodi
1048 3992 1168 4063 iucunda
1184 3992 1298 4066 reperiri
1319 3998 1441 4063 possum,
1456 3997 1484 4046 et
1503 3989 1538 4044 ad
1558 3997 1649 4047 motus
1665 3996 1694 4046 et

62 4071 208 4142 celperico
222 4088 295 4126 erare
309 4072 443 4132 liberans
465 4070 602 4126 recutitis
617 4070 654 4125 cd
674 4071 862 4142 navigationes
897 4072 932 4127 ad
944 4087 1035 4128 sonos.

62 4167 144 4206 nosce
157 4161 184 4205 ct
197 4152 366 4224 incognitos.

1538 544 1673 589 Proximum.

1532 1180 1671 1223 Proximum.

72 1826 188 1866 cuam
210 1826 349 1874 numam
382 1824 446 1863 SIVE
467 1823 607 1863 omitte
626 1823 688 1863 GU!
708 1821 854 1873 PROXlllld,
1530 1815 1668 1859 Proximum.

353 1905 436 1943 ctaca
457 1903 575 1943 VBNTOS.

1546 1965 1664 2009 Monitum

89 2051 208 2105 optativa.

1534 2293 1670 2337 meimum

81 2371 225 2414 Proximum

82 2847 176 2891 cresim

1531 3802 1668 3848 Proximum.
