3800 5875
255 310 313 366 uto
848 309 1058 372 INQUlSITlO
1078 309 1128 364 DE
1149 308 1265 364 Motu,

252 469 387 523 memore:
403 468 433 522 in
446 485 478 523 ea
492 475 591 533 autem,
603 485 662 539 quse
672 484 722 537 per
735 466 840 522 tabulas
854 468 892 532 lit,
906 476 1038 522 eteorum
1066 467 1171 521 tabulis
1189 467 1258 537 ipsis
1279 482 1380 537 paucas
1398 482 1448 518 nec
1462 479 1593 518 novorum
1606 479 1713 533 operum
1724 462 1830 535 daugm-

251 564 331 602 usum
350 548 401 602 rite
415 548 573 611 adhibitum,
591 565 644 600 uon
658 546 744 600 multo
756 548 843 616 major
855 548 884 601 in
898 547 1038 601 bominum
1073 547 1159 600 tiones
1176 556 1203 600 et
1217 547 1321 599 foenora
1333 545 1456 615 reperiet,
1466 555 1545 613 atque
1559 542 1640 596 simul
1652 542 1772 597 rationem
1783 561 1831 596 noe·

252 627 391 681 intellectu
405 627 505 680 eminet
518 626 695 697 inaequalitas,
710 642 791 696 quam
807 627 836 679 in
854 642 936 680 sensu
948 627 1038 680 inesse
1073 633 1143 679 tram
1153 626 1233 695 plane
1248 625 1411 694 perspiciet:
1425 640 1479 676 non
1493 639 1576 691 opera
1587 640 1623 675 ex
1635 622 1753 691 operibus
1765 623 1831 689 (scib-

252 705 329 760 solet.
369 705 439 766 Quin
453 715 480 759 et
492 706 528 759 ab
539 706 710 775 ingeniorum
723 705 846 759 acumine
862 713 890 759 et
907 705 1037 776 agilitate,
1072 711 1158 758 cetut
1176 704 1300 774 empirici
1318 703 1417 769 solem)
1438 701 1486 755 sed
1504 719 1541 755 ex
1561 701 1686 771 operibus
1702 717 1831 765 caumes

251 784 314 838 dum
328 783 753 853 suomotuleruntur‚periculum
763 784 915 838 metuimus.
942 784 1038 853 ltaque
1072 784 1160 837 cauus
1179 800 1271 837 rursus
1290 799 1373 852 opera
1393 791 1466 845 nota,
1479 791 1510 835 ut
1527 780 1642 851 legitimi
1661 782 1832 834 naturaintrr·

250 862 391 918 bominum
400 864 518 934 ingeniis
528 879 582 917 uon
592 865 698 934 plumas
707 872 754 916 aut
764 863 829 926 alas,
838 862 886 916 sed
898 861 1039 933 plumbum
1073 870 1171 933 preter,
1186 862 1334 915 educendi:
1356 869 1436 932 atque
1457 869 1602 930 propterea
1615 859 1727 911 evitandi
1742 876 1832 929 prensa·

251 949 280 996 et
301 943 419 1012 pondera
439 942 570 997 addimus.
611 942 723 996 Accedit
745 950 773 996 et
794 941 870 1004 illud,
892 940 963 1011 quod
981 959 1038 995 rem
1072 950 1160 996 turam
1174 949 1201 994 et
1215 942 1328 995 effusam
1342 957 1359 992 a
1372 939 1506 1010 principio
1519 939 1553 992 sd
1573 938 1831 1008 operadeflexiouem,

251 1022 372 1076 omnium
382 1022 568 1076 difficillimam
580 1022 616 1090 (si
624 1024 665 1075 ris
676 1029 704 1075 et
717 1021 854 1076 contentio
864 1020 1037 1087 adhibeatur)
1072 1027 1152 1090 atque
1173 1020 1254 1088 hujus
1275 1021 1315 1073 rei
1334 1019 1486 1090 legitimum
1505 1025 1534 1071 et
1554 1019 1728 1088 praestitutum
1748 1027 1831 1087 tempus

250 1116 301 1170 per
314 1099 418 1154 tabulas
428 1110 532 1155 nocuas
545 1110 640 1171 sponte
651 1110 800 1155 securium
809 1117 864 1154 uon
876 1099 1037 1163 diffidimus;
1072 1099 1231 1153 observandi
1250 1106 1277 1153 et
1298 1097 1467 1168 expectandi.
1507 1097 1650 1150 Postremo
1662 1104 1690 1150 et
1701 1096 1760 1149 illud
1774 1098 1831 1151 ride·

250 1178 323 1233 banc
335 1180 431 1249 ipsam,
451 1188 480 1233 ut
498 1189 640 1251 postquam
659 1179 783 1233 homines
796 1180 884 1249 primo
896 1178 971 1232 aditu
984 1178 1038 1231 ior·
1073 1195 1133 1232 mur
1146 1178 1275 1242 effecisse,
1291 1188 1320 1231 ut
1340 1178 1466 1231 homines
1478 1192 1532 1229 uon
1546 1176 1635 1230 solum
1649 1176 1682 1229 de
1695 1177 1720 1229 ri
1733 1184 1757 1228 et
1773 1176 1831 1229 insti·

250 1267 324 1312 tasse
348 1259 470 1313 difficiles
491 1267 520 1312 et
543 1259 633 1323 alieni,
648 1258 730 1329 paulo
751 1267 813 1328 post
830 1258 930 1311 natira
949 1273 1039 1311 rerum
1073 1265 1129 1311 tuto
1143 1257 1223 1326 hujus
1237 1257 1438 1311 instaurationis
1456 1265 1563 1319 nosue,
1579 1256 1627 1310 sed
1648 1256 1726 1308 etiam
1738 1255 1767 1307 de
1777 1255 1831 1307 nole

250 1336 400 1401 subtilitati,
415 1355 476 1409 quse
496 1338 581 1391 oculis
595 1339 651 1392 suis
670 1337 820 1406 subjicitur,
834 1345 862 1392 et
880 1336 1039 1390 differentiis
1073 1343 1100 1389 et
1115 1338 1263 1407 quantitate
1277 1336 1344 1404 ejus,
1357 1352 1435 1389 veras
1447 1335 1590 1405 opiniones
1603 1334 1726 1398 babeant,
1737 1351 1767 1387 ue
1778 1335 1830 1387 lorte

249 1416 279 1469 iu
292 1417 461 1485 experientia
474 1415 556 1487 plane
569 1418 683 1486 signatis
703 1424 732 1471 et
750 1415 893 1487 expressis,
912 1431 1037 1469 assuere·
1072 1414 1153 1469 alicui
1169 1415 1198 1469 iu
1216 1423 1335 1470 mentem
1348 1415 1441 1469 venire
1455 1414 1549 1483 possit,
1565 1414 1626 1478 boc,
1641 1414 1711 1484 quod
1723 1412 1829 1475 mulium,

249 1495 321 1559 rint,
342 1497 470 1549 continuo
484 1496 540 1550 iere
555 1496 732 1551 subtilitatem
744 1497 885 1551 verborum
899 1502 926 1548 et
944 1494 1038 1565 dispu-
1072 1504 1178 1549 vastum
1192 1495 1319 1564 quiddam
1333 1511 1402 1558 esse,
1417 1502 1444 1547 et
1456 1509 1537 1563 supra
1551 1493 1685 1546 humanas
1697 1494 1773 1555 vires,
1783 1510 1829 1546 cum

250 1575 391 1639 tationem,
420 1592 481 1645 qum
513 1574 653 1647 hucusque
686 1576 829 1629 hominum
860 1573 1038 1645 cogitationes
1071 1583 1166 1628 contra
1184 1573 1344 1644 plerumque
1365 1575 1420 1638 fist,
1439 1582 1469 1627 ut
1488 1572 1559 1642 quod
1578 1573 1666 1642 magis
1686 1572 1745 1626 utile
1763 1573 1829 1640 uagis

250 1647 391 1724 occupavit
404 1663 432 1708 et
446 1654 541 1720 tenuit,
556 1656 633 1725 quasi
647 1671 697 1724 pro
710 1672 738 1708 re
751 1654 856 1708 ludicra
871 1660 899 1707 et
917 1652 1033 1723 quadam
1071 1653 1177 1708 finitum
1184 1654 1233 1708 sit:
1247 1653 1307 1708 huc
1314 1670 1379 1707 vero
1389 1653 1422 1706 de
1431 1661 1529 1705 nature
1537 1652 1687 1721 inquisitio,
1694 1650 1733 1706 rel
1742 1649 1829 1720 singulis

249 1733 432 1788 incantatione
446 1742 473 1788 et
486 1742 592 1804 spectro
610 1734 728 1787 habituri
748 1735 817 1797 siat;
839 1741 921 1802 atque
941 1731 975 1786 de
989 1748 1036 1785 na·
1072 1748 1125 1785 uon
1139 1733 1175 1786 sit
1188 1732 1289 1803 persia,
1295 1732 1444 1801 conjunctis
1454 1748 1518 1784 sero
1525 1731 1620 1800 operis
1631 1731 1710 1785 etiam
1719 1731 1827 1799 expedite

251 1820 312 1866 tura
331 1813 470 1876 decreturi,
490 1813 562 1883 quod
582 1812 615 1866 de
640 1813 748 1877 fortuna
767 1812 821 1866 dici
842 1811 917 1876 solet,
940 1827 1001 1865 eam
1021 1827 1039 1863 a
1072 1811 1149 1872 Quod
1168 1821 1198 1866 ut
1219 1819 1311 1883 pateat
1324 1812 1420 1882 magis,
1434 1811 1571 1881 digestum
1594 1809 1738 1864 tabularum
1755 1809 1828 1861 addere

250 1892 323 1947 sonte
342 1891 504 1962 capillatam,
518 1893 553 1946 ob
566 1892 692 1961 occipitio
706 1891 813 1946 calvam
833 1908 909 1947 esse:
931 1906 1039 1944 omnem
1072 1891 1159 1945 risum
1173 1900 1224 1945 est.
1265 1890 1365 1945 Primae
1380 1889 1479 1944 abula
1492 1898 1555 1943 sunt
1568 1889 1603 1944 de
1618 1896 1707 1951 motu;
1725 1887 1827 1950 munde

250 1971 323 2024 euim
350 1971 432 2025 istam
458 1986 546 2025 seram
573 1980 601 2025 et
628 1980 821 2040 praeposteram
849 1969 1037 2034 subtilitatem,
1072 1968 1105 2022 de
1118 1970 1208 2025 calore
1220 1978 1250 2025 et
1263 1970 1382 2041 frigore3
1397 1970 1492 2033 tertia,
1510 1968 1544 2024 de
1566 1969 1650 2023 radiis
1663 1986 1744 2023 rerum
1757 1977 1779 2021 et
1793 1968 1829 2020 iu-

250 2057 395 2120 postquam
407 2056 514 2118 tempus
528 2066 616 2104 rerum
635 2050 802 2120 praeterierit,
816 2057 939 2105 usturam
960 2064 1037 2118 pren·
1072 2048 1257 2117 pressionibus
1278 2050 1314 2103 ad
1331 2050 1450 2112 distaun
1471 2057 1584 2119 quartae,
1602 2049 1636 2102 de
1648 2047 1829 2118 vegetationeet

250 2144 310 2183 sare
324 2137 351 2183 et
360 2136 477 2198 captare,
488 2129 535 2183 sed
548 2128 1038 2199 nunquamapprehendereetcapere
1072 2126 1153 2191 ritis;
1178 2130 1284 2200 quintu,
1311 2128 1345 2183 de
1372 2128 1544 2198 passionibus
1572 2129 1691 2198 corporis
1714 2124 1827 2187 ruinalis,

249 2222 339 2276 posse.
369 2207 460 2260 Etiam
469 2208 558 2262 virum
568 2224 619 2262 nos
632 2215 659 2262 et
672 2206 752 2278 plane
765 2210 912 2262 animatum
925 2206 1037 2263 docendi
1072 2213 1164 2272 sextae,
1177 2208 1210 2262 de
1225 2225 1305 2263 seusu
1322 2214 1350 2262 et
1368 2208 1499 2276 objectis;
1520 2208 1654 2276 septimas,
1668 2207 1699 2260 de
1717 2204 1828 2258 struibus

250 2302 336 2356 genus
351 2285 506 2341 adhibuisse
519 2288 696 2341 arbitramurs
716 2303 771 2341 uon
784 2288 857 2342 enim
870 2287 1038 2340 scientiama
1072 2286 1167 2350 animi;
1183 2294 1292 2352 octavae,
1303 2287 1337 2342 de
1346 2297 1436 2340 mente
1450 2293 1477 2340 et
1490 2286 1549 2353 ejus
1561 2286 1735 2340 facultatibus
1760 2284 1827 2352 Atque

250 2365 381 2433 stirpibus
395 2365 525 2430 avulsam,
540 2366 588 2420 sed
599 2383 660 2420 curu
674 2366 810 2421 radicibus
821 2366 943 2436 integris,
958 2365 1037 2418 tradi·
1072 2363 1116 2419 bae
1129 2366 1271 2421 tabultead
1280 2374 1383 2421 naturas
1397 2365 1599 2436 separationem
1613 2366 1828 2436 pertinentetsuut

250 2459 318 2507 mus,
333 2444 404 2498 utin
419 2444 536 2514 ingeniis
549 2443 715 2509 melioribus,
729 2447 812 2500 veluti
827 2447 855 2500 in
874 2445 955 2517 gleba
971 2445 1038 2498 lero·
1072 2460 1107 2497 ex
1120 2454 1197 2514 parte
1215 2447 1317 2502 forme.
1358 2446 1401 2499 Ad
1414 2445 1644 2499 constructionem
1658 2454 1739 2498 autem
1749 2450 1827 2497 nature

250 2523 331 2587 ciore,
344 2523 546 2593 transplantata,
560 2541 689 2594 magnum
709 2532 738 2579 et
758 2524 825 2579 felix
843 2526 1037 2579 incrementum
1072 2524 1215 2592 pertineat,
1236 2531 1264 2580 et
1283 2544 1318 2581 ex
1340 2533 1416 2595 parte
1439 2525 1560 2580 materioe
1585 2532 1648 2579 suut
1670 2523 1826 2590 tabulaque

250 2603 371 2672 recipere
391 2604 485 2673 possit.
525 2603 586 2657 Nos
604 2611 696 2658 autem
710 2603 733 2657 si
748 2621 802 2674 qua
818 2605 887 2658 inre
902 2603 945 2657 rel
965 2602 1037 2656 male
1071 2611 1236 2673 sequuntur,
1256 2622 1344 2669 nouas,
1357 2604 1391 2658 de
1412 2604 1595 2659 architectura
1612 2604 1718 2667 mundi,
1733 2601 1825 2661 deone,

249 2681 419 2746 credidimus,
432 2683 476 2737 rel
490 2683 698 2737 obdormivimus
712 2691 739 2737 et
757 2684 847 2737 minus
865 2683 1037 2745 attendimus,
1072 2681 1105 2736 de
1120 2682 1241 2738 relativis
1254 2685 1369 2756 msg'uis,
1383 2683 1440 2739 sire
1455 2683 1641 2737 accidentibus
1654 2683 1775 2741 essentie;
1789 2694 1824 2733 m·

249 2760 296 2816 rel
315 2761 469 2827 deiecimus,
484 2771 512 2816 et
525 2762 729 2833 inquisitionem
742 2763 914 2834 abrupimus;
936 2761 1035 2815 nibilo-
1071 2761 1191 2827 decimae,
1205 2764 1238 2818 de
1248 2781 1389 2835 corporum
1402 2763 1594 2828 consistentiis,
1608 2765 1664 2817 sire
1677 2758 1825 2831 insequutus

249 2840 340 2896 miuus
362 2858 419 2896 rem
442 2842 483 2895 ita
502 2842 698 2912 proposuimus,
721 2849 750 2896 ut
775 2851 803 2896 et
822 2858 925 2896 errores
943 2840 1037 2903 nostri,
1071 2842 1384 2911 partium3doodecimae,
1394 2843 1426 2897 de
1435 2842 1578 2912 speciebus
1589 2844 1646 2897 sire
1656 2858 1736 2896 rerum
1744 2837 1825 2893 otuu

249 2927 396 2993 antequam
407 2939 523 2977 masam
537 2922 658 2978 scientie
672 2921 753 2976 altius
767 2922 894 2989 inliciant,
908 2921 996 2976 notui
1009 2928 1038 2975 et
1071 2928 1099 2975 et
1112 2924 1283 2979 societatibus
1293 2923 1449 2988 ordinariisr
1465 2922 1580 2978 decimae
1590 2921 1720 2984 tertiede
1732 2917 1824 2973 relativis

249 3001 370 3070 sepami
393 3002 514 3071 possint;
539 3010 620 3072 atque
639 3001 721 3056 etiam
742 3010 773 3056 ut
795 3001 883 3056 facilis
905 3009 934 3055 et
957 3016 1038 3071 expe·
1071 3002 1169 3071 persis,
1193 3004 1249 3058 sire
1271 3002 1497 3074 proprietatibuss
1519 3012 1549 3057 ut
1574 3004 1698 3058 universa
1717 2995 1826 3069 inquisitio

249 3080 308 3134 dita
320 3082 356 3135 ait
368 3080 491 3135 laborum
503 3089 653 3135 neruorum
668 3081 804 3136 successio
817 3089 844 3135 et
857 3080 1036 3135 coadunatio:
1071 3097 1121 3151 per
1144 3083 1272 3138 tredecim
1294 3082 1398 3136 tabulas
1423 3082 1587 3137 absolvatur.
1628 3082 1741 3137 Minores
1759 3083 1825 3129 auum

248 3165 414 3214 tumentem
438 3160 562 3214 homiues
583 3161 654 3215 vires
677 3177 741 3215 suas
764 3169 883 3226 noscent,
902 3177 964 3214 cum
983 3176 1037 3213 uon
1074 3160 1179 3215 tabulas
1193 3163 1275 3233 (quas
1287 3161 1400 3231 specilla
1420 3160 1605 3232 appellemus)
1619 3178 1653 3216 ex
1673 3157 1791 3213 oemuoue
1806 3161 1826 3205 et

249 3238 344 3292 eadem
358 3239 464 3304 infiniti,
479 3240 527 3295 sed
546 3240 647 3294 omissa
665 3239 713 3294 alii
732 3241 904 3310 prrestabunt.
944 3239 1038 3294 Etiam
1071 3256 1122 3293 usu
1135 3241 1261 3310 presenti
1272 3241 1436 3296 conficimus.
1476 3241 1577 3312 Neque
1591 3240 1662 3295 euim
1677 3240 1703 3292 in
1717 3235 1764 3291 illis
1774 3232 1824 3303 ipu's

248 3317 317 3372 illud
330 3317 476 3373 ludibrium
490 3320 617 3373 avertisse
632 3318 761 3387 videmur,
775 3321 820 3374 cui
834 3320 962 3391 frequens
974 3334 1037 3372 uos·
1071 3318 1162 3383 ullam,
1176 3320 1230 3375 nisi
1246 3336 1295 3391 per
1309 3319 1421 3383 tabulas,
1436 3325 1465 3374 et
1482 3320 1515 3372 de
1532 3321 1644 3391 scripto,
1658 3316 1822 3389 inquisitionem

248 3405 292 3451 tra
305 3414 417 3468 operum
431 3399 533 3452 mentio
545 3406 573 3454 et
586 3399 730 3453 inculcatio
748 3399 850 3469 exponi
870 3407 970 3470 posset,
983 3396 1037 3450 nisi
1071 3398 1226 3468 recipimus.
1280 3400 1379 3454 Restat
1405 3414 1468 3468 pars
1494 3398 1582 3453 altera
1608 3398 1678 3453 mole
1703 3388 1821 3454 minervi

248 3475 373 3532 homines
386 3478 457 3532 iuter
470 3494 513 3531 res
527 3477 601 3548 ipsas
615 3479 715 3533 versari
729 3477 919 3550 coepissemus,
929 3478 1037 3538 horest,
1072 3477 1174 3546 potior,
1189 3485 1218 3540 ut
1231 3486 1374 3550 postquam
1386 3479 1612 3534 constructionem
1625 3476 1747 3533 mutue
1756 3465 1822 3525 dotti

248 3563 278 3611 ut
291 3557 416 3612 homines
430 3574 520 3627 opera,
535 3575 595 3628 quse
609 3558 645 3611 ab
657 3558 718 3612 aliis
731 3558 875 3629 exigimus,
889 3565 917 3611 et
930 3575 948 3611 a
960 3556 1038 3611 nobis
1071 3574 1140 3622 mus,
1155 3558 1237 3613 etiam
1250 3559 1284 3615 de
1297 3575 1349 3614 usu
1362 3557 1498 3614 machinae
1511 3557 1602 3614 lucem
1615 3565 1644 3614 et
1660 3554 1762 3612 cunulis
1774 3565 1823 3619 prs*

247 3644 406 3706 poscerent:
428 3636 507 3690 facile
529 3638 601 3691 enim
622 3638 710 3707 quiris
731 3638 789 3705 jam
807 3638 962 3708 perspiciet,
984 3650 1037 3690 non
1072 3635 1192 3692 &amus

248 3715 351 3773 frustra
361 3732 412 3771 nos
425 3716 459 3772 de
472 3716 601 3787 operibus
614 3733 765 3772 sermonem
784 3717 914 3782 intulisse,
928 3734 990 3771 cum
1009 3715 1038 3768 iu

589 4251 967 4327 COGITATIONES
994 4251 1062 4325 DE
1089 4252 1300 4326 NATURA
1326 4251 1519 4326 RERUM.

1070 4513 1152 4567 statui
1174 4521 1303 4583 possunt:
1324 4513 1446 4578 alterum,
1465 4513 1581 4568 inveniri
1595 4514 1623 4567 iu
1636 4512 1710 4566 rebus
1727 4500 1821 4573 disput

1070 4593 1170 4647 tionem
1184 4599 1213 4646 et
1224 4593 1470 4657 comminutionem,
1484 4593 1565 4665 longe
1580 4611 1620 4658 ea,
1628 4609 1686 4662 que
1698 4588 1741 4642 sub
1752 4596 1821 4669 asper

1069 4679 1126 4726 tum
1136 4672 1216 4736 cadit,
1227 4672 1410 4727 subtiliorem:
1424 4672 1547 4738 alterum,
1556 4690 1617 4727 eam
1628 4680 1711 4724 tamen
1719 4667 1820 4720 infinrun

285 4744 439 4800 Docrarna
458 4745 609 4803 Democriti
621 4748 655 4803 rie
669 4749 765 4805 atomis
783 4758 831 4804 aut
845 4765 910 4803 vera
926 4756 1036 4811 estant
1070 4766 1126 4805 non
1140 4767 1207 4816 esse,
1221 4768 1271 4806 nec
1290 4761 1422 4822 perpetuo
1442 4753 1612 4808 divisibilem.
1652 4750 1679 4803 Si
1698 4747 1751 4817 quis
1766 4739 1819 4795 etim

247 4825 281 4878 ud
294 4826 549 4881 demonstrationem
561 4827 664 4882 utiliter
679 4829 829 4884 adhibetur.
868 4828 935 4882 Nou
953 4828 1033 4881 facile
1069 4829 1214 4900 diligenter
1232 4830 1360 4896 attendat,
1374 4833 1493 4902 reperiet
1511 4850 1601 4888 rerum
1615 4828 1731 4885 minutias
1746 4825 1818 4876 iocor·

246 4904 320 4960 enim
333 4911 375 4959 est
388 4913 491 4959 naturae
505 4905 680 4962 subtilitatem
693 4909 847 4979 genuinam,
865 4915 892 4961 et
906 4906 993 4978 qualis
1007 4908 1035 4959 iu
1069 4910 1181 4979 poribus
1201 4911 1362 4965 continuatis
1384 4928 1438 4976 eas,
1460 4930 1521 4983 quae
1539 4913 1568 4966 iu
1588 4907 1732 4980 corporibus
1752 4898 1819 4955 tacu

245 4984 327 5038 rebus
339 4985 408 5054 ipsis
424 4984 567 5050 iuvenitur,
581 4993 629 5040 aut
641 4988 807 5058 cogitatione
821 4985 973 5057 complecti,
987 4995 1036 5040 aut
1069 4996 1098 5042 et
1118 4989 1321 5044 discontiuuatis
1338 4990 1518 5055 inveniuntur,
1532 4990 1675 5045 subtilitate
1696 4985 1765 5053 louge
1779 4978 1819 5029 rin

245 5063 335 5118 verbis
350 5065 509 5134 exprimere,
524 5064 576 5117 uisi
590 5075 756 5136 supponatur
770 5074 884 5121 atomus.
925 5065 1035 5136 Accipi-
1068 5085 1139 5123 cere.
1179 5068 1311 5124 Videmus
1324 5069 1398 5123 enim
1412 5086 1507 5139 parum
1521 5072 1592 5126 croci
1610 5070 1638 5124 in
1651 5082 1715 5135 aqua
1728 5059 1818 5115 insum

246 5148 290 5196 tur
302 5150 392 5196 autem
405 5143 509 5197 duobus
522 5143 646 5199 sensibus
659 5155 831 5210 atomuauou
841 5144 954 5199 multum
965 5145 1035 5199 inter
1069 5155 1096 5202 et
1116 5148 1256 5220 agitatum,
1276 5155 1342 5218 puta
1362 5148 1465 5204 dolium
1481 5167 1566 5221 aqure,
1584 5150 1621 5203 ita
1640 5147 1744 5202 inficere.
1759 5145 1782 5190 ll
1793 5131 1818 5184 ὅθ

248 4569 401 4611 contrario
420 4572 441 4611 1.
483 4573 521 4612 DE
541 4575 676 4614 sscrtotttt
701 4576 863 4626 CORPOBUH,
884 4574 1034 4623 coartatio,

562 4655 597 4693 ΕΤ
619 4654 722 4696 VACUO·

246 5236 275 5275 se
288 5220 410 5275 dirersis.
451 5221 507 5276 Aut
526 5221 599 5277 enim
609 5224 739 5293 accipitur
755 5241 805 5295 pro
818 5241 962 5295 corporum
978 5241 1034 5278 see·
1075 5226 1130 5281 alia
1150 5244 1222 5298 aqua
1240 5244 1308 5298 pura
1329 5228 1413 5288 etiam
1431 5230 1490 5283 meu
1508 5228 1634 5300 distingui
1652 5221 1736 5295 possit.
1768 5215 1817 5273 Q

245 5298 327 5352 tionis
349 5300 404 5352 sire
421 5299 560 5355 fractionis
578 5302 693 5356 termino
712 5301 815 5368 ultimo,
837 5305 894 5357 sire
913 5304 1033 5374 portione
1068 5316 1141 5361 certe
1165 5307 1316 5377 dispertitio
1337 5308 1408 5362 croci
1427 5325 1475 5378 per
1493 5326 1590 5380 equam
1611 5303 1762 5361 subtilitatem
1783 5306 1817 5343 01·

245 5376 373 5440 minima3
394 5386 440 5432 aut
458 5396 508 5449 pro
528 5396 639 5451 corpore
653 5382 726 5451 quod
738 5398 822 5437 nouo
835 5390 917 5437 caret.
958 5382 1035 5443 Quod
1069 5386 1238 5456 quisitissimi
1252 5386 1371 5457 pulveris
1382 5397 1500 5458 superat
1531 5388 1608 5449 Quod
1620 5382 1766 5440 muniturus
1774 5371 1814 5427 fiel

247 5453 281 5506 ad
300 5455 416 5524 primam
437 5459 542 5524 attinet,
565 5459 625 5514 haec
647 5461 700 5515 duo
723 5460 813 5531 posita
832 5468 891 5517 tuto
911 5468 939 5517 et
959 5471 1034 5517 certo
1068 5465 1092 5518 si
1102 5465 1260 5521 tantundem
1268 5463 1389 5537 pulveris
1399 5466 1467 5539 ligni
1478 5468 1594 5535 Brasilii,
1603 5465 1643 5521 rel
1652 5457 1813 5517 sunnone
