3800 5875
217 275 275 335 67⁰
780 271 948 328 IMPETUS
971 269 1252 327 PHILOSOPHIOI.

218 451 282 487 nere
300 445 389 504 posse,
411 431 464 486 nisi
485 431 603 500 repetita
622 431 736 492 actione,
756 430 838 499 plane
857 429 1010 483 diffidimus.
1048 428 1163 482 Restant
1180 437 1278 492 tamem
1293 444 1354 498 quae
1373 426 1438 481 buic
1452 423 1492 479 rei
1511 426 1642 484 servium.
1657 425 1712 478 tria
1726 423 1844 478 maximi

220 514 315 584 ltaque
328 511 491 566 ministratio
503 510 538 564 ad
549 510 707 564 memorium
722 509 808 562 tribus
826 510 870 578 (ut
879 508 1011 576 diximus)
1047 510 1158 562 omnino
1170 508 1310 571 momenti,
1325 508 1385 559 siue
1399 522 1513 577 quorum
1531 505 1716 574 explicatione
1729 503 1846 573 inqmsi·

219 589 518 655 doctrinisabsolsiturs
542 589 576 641 da
584 587 651 642 locis
660 587 823 651 inveniendi,
837 587 871 642 de
884 586 1012 640 methodo
1048 587 1131 640 tionis
1151 587 1228 640 istius
1248 585 1446 657 pmscriptum,
1470 583 1535 638 licet
1556 591 1692 653 potestate
1715 582 1844 642 validum,

219 669 418 732 contabulandi,
433 675 460 722 et
479 668 513 721 de
527 667 607 722 modo
616 666 783 721 instaurandi
796 666 1010 738 inquisitionem.
1048 674 1139 719 tamen
1153 682 1204 719 usn
1221 680 1364 735 operosum
1386 664 1491 717 censeri
1509 664 1606 733 possit
1647 662 1692 715 Ea
1712 669 1786 725 suut,
1806 663 1846 713 is·

261 747 556 820 Superestministratio
563 746 742 809 adratioaem,
748 746 793 801 cui
800 745 1011 799 ministrationes
1049 744 1203 814 quisitionis
1215 745 1301 813 ipsius
1315 743 1488 806 continuatio,
1503 742 1626 804 mnatio,
1640 749 1669 794 et
1680 739 1845 802 emmenum

219 829 281 882 dure
300 828 406 899 priores
419 824 634 881 subministrant.
685 823 801 879 Nullum
812 824 885 879 enim
902 840 951 893 per
965 840 1011 877 eas
1048 830 1080 876 ut
1099 822 1171 876 nihil
1184 823 1285 876 inerte
1298 829 1348 876 aut
1367 822 1521 892 abmptnm,
1535 821 1788 891 autincougruum,
1802 829 1846 872 aut

220 906 391 961 constituitur
404 905 520 967 amoma,
536 903 584 958 sed
603 910 707 958 tautum
723 904 798 957 notio
817 903 936 973 simplex
948 918 1010 956 cnm
1048 902 1234 972 probumauas
1243 901 1566 971 vitaebrevitatelougum
1574 899 1754 970 relinquatur.
1795 898 1846 952 Dc

221 986 335 1040 historia
343 985 477 1046 ordinatur
498 983 719 1037 certaverifiuata
729 999 778 1052 per
786 981 1011 1036 ministrationem
1048 981 1170 1036 uebimus
1191 981 1283 1053 itaque
1304 981 1393 1050 prium
1413 995 1493 1034 mum
1514 980 1690 1033 monimum
1710 978 1781 1047 (jam
1800 993 1845 1047 per

220 1066 346 1135 primam,
360 1072 440 1133 atque
462 1064 502 1115 ita
521 1068 713 1132 repensentata
735 1078 785 1131 per
806 1060 961 1124 secundam,
981 1069 1012 1114 ut
1049 1059 1193 1114 formulam
1208 1058 1393 1127 inventorum)
1406 1060 1441 1113 sd
1454 1060 1510 1113 alia
1522 1059 1667 1112 axiomata
1686 1057 1846 1128 inquirenda

221 1143 389 1215 tauquamin
408 1150 540 1211 potestate
554 1149 647 1195 nostra
660 1141 703 1195 sit.
749 1140 839 1210 Atque
848 1139 1012 1195 ministratio
1049 1146 1077 1193 et
1089 1137 1242 1201 excitanda,
1254 1155 1315 1209 quae
1328 1138 1468 1209 superiora
1480 1146 1511 1192 et
1523 1138 1614 1209 magia
1628 1137 1769 1208 generalia
1779 1137 1843 1188 siut:

220 1223 400 1276 adustionem
417 1222 582 1275 eamsxime
603 1220 712 1290 probari
731 1228 855 1282 meretur,
870 1236 931 1289 quas
944 1219 1012 1272 rati·
1049 1227 1079 1271 ut
1096 1234 1146 1288 par
1158 1235 1237 1271 veros
1259 1227 1287 1271 et
1300 1234 1433 1288 nusquam
1454 1218 1625 1272 intermissos
1645 1217 1748 1287 gindus
1768 1214 1845 1268 scala

220 1318 301 1356 onem
315 1301 349 1355 ad
364 1316 432 1369 opus
446 1317 523 1354 snum
538 1300 736 1368 exequendum,
751 1299 873 1353 etiinem
887 1298 1011 1351 obtiueu·
1049 1298 1227 1352 adscensoriae
1250 1296 1286 1350 ad
1307 1298 1438 1351 unitatem
1457 1305 1562 1351 naturis
1581 1297 1768 1367 perveniatur.
1815 1295 1843 1347 ln

221 1381 285 1435 dum
306 1380 407 1450 optime
423 1378 539 1446 juvabit.
580 1379 656 1446 Opus
675 1385 765 1432 autem
786 1378 898 1432 rationis
915 1386 1012 1430 natura
1050 1393 1104 1446 quo
1117 1384 1207 1430 mmen
1218 1376 1377 1444 adjiciemus
1386 1376 1496 1430 modum
1505 1377 1602 1430 eadem
1616 1376 1759 1429 amomats
1768 1390 1843 1443 supe·

221 1461 345 1523 unicum3
367 1459 420 1511 fine
435 1467 524 1512 etusu
540 1459 676 1528 geminum
695 1466 746 1511 est.
787 1458 842 1511 Aut
855 1457 928 1510 enim
942 1456 1012 1509 scire
1049 1456 1122 1508 riora
1136 1472 1185 1524 per
1204 1456 1387 1523 experientias
1400 1457 1503 1525 primm
1520 1455 1702 1509 examinandi
1721 1455 1843 1507 etverifi·

221 1547 250 1594 et
264 1537 449 1608 contemplari,
459 1548 504 1591 aut
518 1552 600 1607 agere
614 1547 640 1590 et
654 1537 771 1600 efficere,
781 1536 886 1591 homini
897 1552 946 1605 pro
960 1535 1012 1588 tine
1050 1534 1137 1597 caudi,
1151 1551 1185 1588 ne
1199 1551 1289 1588 rursus
1303 1534 1338 1587 ad
1350 1535 1529 1601 conjecturas,
1543 1544 1573 1588 et
1589 1534 1755 1603 probabilia,
1768 1543 1843 1604 atque

220 1626 272 1673 eat.
316 1619 410 1687 ltaque
420 1624 467 1670 aut
480 1633 569 1671 causas
580 1617 715 1684 expetitur
725 1616 844 1686 cognitio
855 1624 883 1668 et
891 1623 1011 1668 contem·
1049 1614 1123 1667 idola
1134 1614 1316 1682 prolabamur.
1356 1613 1445 1683 Atque
1458 1613 1842 1682 heresteadnctrinmquam

221 1697 322 1768 platio;
344 1696 491 1752 auteffecti
512 1704 633 1765 potestas
650 1701 680 1749 et
696 1696 784 1764 copia.
832 1695 1013 1755 Quamobrem
1050 1694 1232 1763 inquisitionis
1245 1691 1476 1748 coadunationem
1496 1693 1680 1763 appellamus
1730 1691 1843 1745 Variam

221 1777 279 1830 dati
299 1777 411 1830 effectus
423 1775 467 1829 vel
489 1783 594 1828 naturae
613 1774 643 1827 in
666 1775 763 1843 quovis
781 1773 903 1842 subjecto
918 1788 1014 1827 causas
1051 1784 1142 1830 autem
1157 1773 1340 1843 inquisitionis
1358 1773 1483 1843 sequitur
1501 1783 1629 1827 naturam
1647 1773 1791 1834 diversam,
1803 1780 1843 1823 ant

221 1872 301 1910 nosse
315 1855 428 1909 intentio
441 1853 623 1908 estbumame
635 1852 764 1908 scientiae.
811 1852 899 1923 Atque
913 1868 1013 1915 rursus,
1051 1868 1321 1923 causarumquaurm
1330 1852 1419 1922 gratia
1427 1852 1572 1922 inquisitio
1580 1851 1748 1914 instituimr;
1762 1859 1843 1904 autre·

221 1952 305 2004 super
327 1936 417 1988 datam
439 1933 560 1987 materia
581 1932 660 1985 basin
680 1932 807 1986 effectum
830 1930 943 2003 quodvis
957 1932 1014 1985 aive
1052 1950 1112 1987 rum
1126 1933 1254 2003 ipsarum,
1270 1933 1327 1985 sive
1343 1928 1536 2004 subjectorum,
1550 1932 1580 1988 in
1592 1932 1697 2001 quibus
1714 1931 1844 2002 inquisitio

221 2025 348 2068 naturam
371 2014 453 2081 (iuter
475 2012 604 2066 terminos
625 2011 783 2079 possibiles)
807 2011 947 2080 imponere
970 2010 1015 2066 uel
1052 2021 1184 2068 versatur.
1219 2010 1412 2082 ltaquemiaais
1421 2011 1511 2065 musis
1520 2011 1845 2081 finalibumqursuaturs-

222 2094 439 2163 superinducere,
450 2091 565 2145 intentio
577 2097 620 2145 est
628 2090 758 2146 humanm
767 2090 928 2160 praesentias.
970 2090 1016 2144 Δι-
1052 2090 1844 2161 lempbilosophiamprmmacmmpemutinitiusumemua

222 2189 276 2244 que
295 2172 340 2225 lire
353 2170 523 2235 intentiones,
538 2170 643 2224 acutius
655 2169 811 2240 inspicienti
825 2177 853 2223 et
864 2184 929 2223 sere
942 2169 1016 2224 aesti-
1053 2170 1088 2224 ab
1101 2169 1278 2241 inquisitione
1286 2171 1391 2224 vanata
1403 2170 1460 2223 sive
1471 2170 1684 2224 accommodata
1693 2170 1842 2230 formarum

222 2252 317 2314 manti,
332 2252 359 2303 iu
373 2250 446 2303 idem
459 2249 621 2304 coincidunt.
671 2250 746 2304 Nam
759 2249 832 2320 quod
852 2250 881 2303 iu
894 2257 1016 2303 oontem-
1054 2268 1116 2321 quaa
1127 2267 1172 2305 res
1192 2266 1243 2320 pro
1255 2249 1397 2319 desperata
1417 2249 1559 2319 bucusque
1574 2250 1688 2317 abjecta
1707 2256 1756 2312 cst,
1772 2249 1844 2319 idqm

222 2329 344 2402 ρΙιιιίοιιιι
369 2331 455 2383 instar
477 2346 565 2383 causac
579 2335 629 2392 est,
647 2327 677 2382 iu
689 2328 844 2398 operatione
865 2338 908 2382 est
930 2328 1017 2382 instar
1054 2330 1162 2384 merito.
1213 2330 1313 2401 Neque
1338 2329 1412 2383 euim
1435 2328 1486 2383 ulli
1509 2329 1641 2382 obvenire
1670 2331 1759 2398 possit
1780 2336 1846 2381 tanta

223 2410 323 2474 medii,
337 2409 438 2463 scimus
449 2408 521 2462 enim
531 2425 581 2478 per
589 2424 694 2472 cauam,
705 2425 848 2479 operamur
857 2424 907 2478 per
917 2407 1015 2462 media
1054 2408 1169 2463 facultas
1182 2417 1230 2462 aut
1247 2408 1371 2474 felicitas,
1384 2416 1415 2463 ιιι
1428 2425 1464 2462 es
1477 2407 1729 2477 anticipationibus
1748 2417 1775 2463 et
1795 2408 1845 2460 dia·

223 2489 260 2544 Et
274 2497 346 2542 certe
360 2489 383 2541 si
399 2488 488 2542 media
504 2489 639 2551 universa,
654 2505 715 2558 quas
735 2488 770 2542 ad
784 2504 868 2558 opera
888 2487 1018 2557 quaelibet
1055 2488 1158 2543 lecticis
1168 2488 1445 2559 argumentationibus
1455 2486 1572 2555 alicujus
1586 2487 1628 2543 rei
1643 2488 1763 2541 formam
1772 2495 1846 2542 uuae

223 2569 403 2638 requiruntur,
418 2567 522 2621 homini
545 2575 637 2637 optato
658 2568 693 2620 ad
706 2584 816 2622 manum
836 2574 1016 2637 suppeterent,
1056 2568 1207 2639 Sequemur
1219 2568 1407 2638 inquisitiones
1421 2567 1597 2622 materiarum
1618 2574 1649 2620 et
1671 2569 1846 2622 effieimtiun.

224 2647 264 2702 nil
286 2664 354 2717 opus
371 2647 441 2702 forst
465 2663 629 2717 magnopere
649 2647 701 2700 ista
723 2648 869 2719 separatim
891 2654 1015 2700 tractare.
1056 2646 1126 2702 Cum
1140 2654 1231 2701 autem
1245 2648 1430 2722 efficientiaet
1442 2648 1571 2701 materias
1587 2647 1720 2709 dicimus,
1732 2663 1786 2700 non
1797 2647 1847 2700 effi·

225 2728 328 2782 Verum
354 2744 416 2782 cum
442 2728 566 2797 operatio
592 2727 710 2781 huruuua
736 2728 766 2781 iu
793 2726 878 2780 multo
901 2727 1018 2794 majores
1055 2727 1156 2781 cientis
1181 2735 1291 2792 remota,
1306 2734 1334 2780 ct
1359 2726 1488 2781 materias
1509 2742 1672 2780 communes
1700 2726 1803 2797 (qualis
1823 2727 1848 2778 in

160 2819 162 2822 ’
224 2808 365 2876 angustias
382 2806 566 2877 compellatur,
580 2823 662 2877 quam
681 2807 802 2871 scientis,
817 2814 928 2876 propter
947 2805 1018 2860 iudi·
1056 2806 1283 2876 disputationibus
1302 2806 1453 2877 agitantur)
1477 2806 1526 2859 sed
1548 2807 1704 2859 efficientia
1724 2808 1847 2876 propium

224 2888 299 2942 vidui
312 2886 475 2957 multiplices
488 2886 665 2942 necessitates
675 2893 703 2941 et
715 2886 840 2957 iuopiass
861 2885 929 2939 adeo
941 2892 971 2939 ιιι
984 2884 1018 2939 ad
1056 2893 1083 2941 et
1098 2886 1226 2941 materias
1239 2885 1610 2957 praeparataaiutelligimus.
1657 2886 1691 2940 ld
1705 2904 1742 2941 ne
1761 2887 1849 2956 sapias

225 2977 330 3037 partem
344 2967 513 3038 operativum
526 2967 678 3037 requiratur
690 2967 789 3038 sapius
802 2982 857 3021 nou
874 2975 931 3020 tam
945 2965 1019 3034 sapi·
1056 2966 1202 3022 subtilitate
1210 2966 1299 3020 inutili
1316 2974 1461 3037 repetatur,
1472 2966 1659 3020 inventionem
1673 2965 1787 3021 latentis
1800 2983 1849 3036 pm

226 3049 300 3102 entia
317 3047 478 3102 universalis
497 3054 526 3101 et
544 3045 679 3100 liberade
699 3044 816 3117 eoquod
839 3046 898 3099 tisri
922 3051 1018 3115 potest,
1056 3062 1149 3101 cessus
1172 3046 1356 3100 subtexemus.
1403 3044 1549 3099 Lateutem
1577 3054 1674 3100 autem
1703 3062 1849 3117 prusenus

226 3144 309 3198 quam
321 3127 464 3196 prudentia
478 3142 564 3198 sagax
577 3134 606 3180 et
624 3125 709 3183 solers
723 3127 758 3179 ad
771 3125 907 3179 delectum
925 3141 1018 3180 eurum
1057 3126 1227 3197 appellamus
1241 3126 1339 3180 seriem
1354 3133 1382 3179 et
1394 3126 1516 3179 ordinem
1530 3127 1713 3189 mutationis3
1735 3143 1792 3180 rem
1804 3126 1847 3178 sci·

226 3223 289 3276 qum
315 3214 414 3276 pusato
435 3214 513 3271 sunts
542 3207 596 3259 ista
619 3212 735 3259 tractatu
763 3205 871 3260 felicius
897 3205 1018 3275 disiungi
1057 3205 1121 3260 licet
1137 3224 1173 3261 ex
1186 3205 1416 3260 efficientismotu
1429 3204 1593 3259 etmateriae
1609 3205 1690 3260 fluxu
1704 3209 1845 3259 conflatam.

225 3294 435 3340 consentaneum
445 3293 495 3340 est.
542 3286 630 3347 Quare
645 3293 674 3339 et
686 3285 891 3339 ministrationis
905 3285 1020 3338 eandem
1057 3284 1124 3345 Qum
1138 3293 1227 3340 autern
1241 3285 1387 3339 secuudum
1398 3286 1520 3353 subiecta
1538 3284 1571 3336 fit
1584 3285 1776 3357 inquisitionis
1787 3286 1845 3338 suri·

226 3364 400 3435 partitionem
422 3366 560 3429 iaciemua,
579 3373 609 3420 ut
630 3372 678 3420 aut
698 3366 770 3436 parti
792 3364 1019 3435 contemplative,
1057 3366 1119 3429 atio,
1133 3383 1170 3422 ex
1190 3365 1295 3419 duabus
1314 3381 1404 3420 rerum
1425 3364 1627 3419 conditionibus
1647 3374 1742 3420 ortum
1761 3365 1844 3425 baben

226 3451 275 3498 aut
302 3444 397 3499 activa
423 3445 596 3500 ministretur.
647 3444 736 3517 Atque
760 3445 832 3516 quod
857 3444 892 3498 ad
914 3452 1019 3513 partem
1057 3452 1105 3500 aut
1131 3462 1168 3501 ex
1193 3452 1290 3500 natura
1309 3444 1443 3516 simplicis
1464 3453 1493 3499 et
1513 3444 1671 3514 compositi,
1698 3445 1767 3513 (alis
1786 3446 1846 3498 euin

225 3523 464 3594 contemplativam
474 3526 580 3588 attinet,
588 3531 618 3579 ut
626 3526 711 3579 verbo
720 3525 849 3590 dicamus,
859 3526 889 3578 iu
899 3540 954 3578 uuo
964 3524 1020 3594 pla·
1057 3525 1275 3579 accommodatur
1294 3524 1438 3596 inquisitio
1457 3524 1492 3578 ad
1512 3540 1558 3578 res
1577 3523 1732 3593 simplices,
1751 3525 1801 3578 alia
1818 3523 1846 3575 ad

226 3605 448 3659 nesuutomnia.
498 3605 559 3658 Hoc
572 3605 663 3673 ipsum
676 3621 731 3659 non
744 3604 819 3658 aliud
832 3613 880 3669 est,
895 3611 1020 3674 quamut
1057 3605 1223 3675 compositas
1243 3613 1272 3658 et
1292 3604 1491 3674 decompositas
1511 3609 1541 3657 et
1563 3603 1739 3674 perplexas)
1758 3614 1800 3657 aut
1817 3620 1848 3656 ex

226 3699 319 3738 vemm
340 3685 517 3738 constituatur
537 3684 655 3749 axioma,
675 3685 732 3738 sive
753 3684 827 3738 idem
846 3683 1019 3754 copulatume
1058 3683 1180 3739 historiae
1197 3685 1276 3754 copia
1290 3692 1318 3739 et
1330 3684 1431 3754 inopia,
1446 3701 1508 3754 quis
1521 3681 1557 3736 ad
1574 3684 1782 3754 inquisitionem
1795 3700 1848 3753 prs·

227 3761 375 3817 hascenim
393 3770 434 3817 est
455 3762 581 3817 veritatis
600 3764 689 3833 portio
708 3763 879 3829 solidescunt
902 3762 1021 3834 simplex
1058 3764 1191 3835 agendam
1204 3764 1295 3835 parari
1308 3764 1404 3835 possit.
1443 3763 1500 3817 Ubi
1510 3763 1583 3816 euim
1599 3762 1720 3817 historia
1733 3764 1846 3820 abundet.

224 3842 302 3895 notio
314 3842 400 3896 instar
415 3842 567 3912 uiperliciei
589 3843 676 3897 videri
699 3845 792 3914 possit.
842 3844 903 3898 Hoc
928 3851 1020 3898 autem
1058 3842 1519 3916 expeditaestratioinquisitionise
1534 3842 1581 3896 ubi
1589 3843 1849 3905 tcuuisestinarcto

228 3921 338 3975 axioma
350 3938 405 3976 non
418 3921 523 3975 elicitur
536 3929 583 3976 aut
596 3924 758 3987 efformatus,
774 3924 829 3978 nisi
838 3939 889 3993 per
902 3922 1020 3977 inducti·
1058 3930 1099 3977 est
1112 3923 1196 3988 labor,
1209 3930 1236 3978 et
1249 3923 1397 3979 multifaria
1411 3922 1548 3976 industria
1560 3931 1589 3975 et
1602 3930 1664 3976 arte
1679 3940 1748 3992 opus
1768 3923 1847 3976 babet

228 4001 289 4054 ouis
302 4001 416 4055 formam
429 4001 580 4072 legitimam
594 4010 623 4056 et
634 4005 784 4073 propriam
806 4020 866 4074 quas
877 4002 1021 4072 experien-
1060 4003 1154 4074 ltaque
1177 4020 1226 4073 per
1238 4004 1299 4064 ista,
1314 4020 1375 4073 quae
1393 4003 1452 4070 jam
1466 4001 1540 4054 dicta
1554 4009 1619 4055 sunt
1632 4010 1757 4065 tractata,
1771 4003 1847 4056 saria-

228 4079 297 4134 tiam
311 4081 400 4134 solvat
412 4087 440 4134 et
453 4090 568 4151 separet,
584 4091 666 4153 atque
685 4099 735 4152 per
751 4082 923 4137 exclusiones
937 4089 965 4136 et
978 4098 1021 4135 re·
1059 4083 1161 4137 tionem
1170 4081 1356 4153 inquisitionis
1366 4080 1471 4136 absolvi
1480 4089 1616 4150 putamus.
1661 4081 1759 4135 Restat
1769 4081 1847 4151 inqui·

226 4159 359 4225 jeotioues
382 4161 487 4215 debitas
510 4162 666 4216 necessario
689 4162 840 4216 concludat.
892 4160 1021 4231 Vulgaris
1059 4162 1164 4216 aitiouis
1186 4163 1340 4224 contractio,
1354 4170 1384 4216 ut
1404 4177 1460 4215 nou
1474 4168 1579 4212 tantum
1593 4160 1625 4212 iu
1647 4161 1792 4224 inviisvis,
1805 4160 1845 4214 sed

228 4245 322 4292 autem
335 4239 455 4294 inductio
474 4242 505 4310 (a
518 4257 572 4311 qua
586 4249 677 4295 tamen
694 4241 886 4312 principiorum
898 4240 1022 4310 ipsorum
1059 4248 1088 4295 et
1101 4242 1129 4295 in
1142 4241 1195 4296 viis
1208 4241 1405 4310 compendium,
1420 4248 1447 4294 et
1459 4247 1588 4310 tanquam
1608 4238 1687 4293 linea
1704 4250 1781 4303 recta,
1793 4258 1846 4312 quc

229 4316 402 4386 probationes
415 4319 554 4389 petuntur)
566 4320 669 4389 puerile
683 4321 811 4392 quiddam
828 4327 879 4382 est,
889 4328 917 4374 et
930 4335 1021 4389 preca·
1060 4337 1109 4390 per
1122 4321 1251 4391 ambages
1261 4330 1289 4375 et
1301 4321 1389 4375 flexus
1402 4328 1484 4383 secet,
1495 4336 1531 4374 ex
1544 4318 1656 4373 indiciis
1667 4321 1769 4375 nostris
1779 4322 1845 4374 isos·

229 4395 272 4448 rio
295 4396 436 4462 concludit,
461 4399 583 4469 periculo
606 4401 642 4453 ab
662 4401 791 4454 instantia
814 4399 1023 4454 contradictoria
1060 4408 1152 4455 teacat.
1201 4400 1263 4453 Hoc
1273 4407 1364 4454 autem
1375 4398 1473 4470 (veluti
1484 4405 1512 4452 et
1521 4398 1610 4453 omnia
1622 4400 1695 4453 ratio
1704 4399 1844 4470 compmdi·

229 4476 368 4544 exposita;
389 4477 458 4531 adeo
467 4488 496 4532 ut
509 4479 645 4534 dialectici
655 4479 689 4533 de
700 4497 733 4533 eu
743 4496 793 4534 nec
803 4480 875 4533 serio
886 4481 1022 4549 cogitasse
1060 4480 1131 4547 aria)
1157 4479 1276 4534 maxime
1299 4478 1327 4533 in
1352 4496 1443 4533 rerum
1466 4477 1574 4533 delectu
1598 4480 1734 4534 consistit.
1780 4479 1844 4532 Dosa

230 4554 379 4620 videantur,
390 4556 564 4620 fastidientes,
576 4568 603 4613 et
614 4559 648 4612 ad
659 4558 714 4611 alia
724 4566 908 4629 properantes.
951 4557 1024 4612 lllud
1060 4568 1152 4613 autem
1165 4558 1317 4613 invenimus
1330 4557 1413 4613 veluti
1426 4574 1517 4612 rarum
1532 4560 1738 4629 praerogativas,
1753 4558 1844 4630 quaed

230 4634 340 4689 interim
353 4635 525 4691 manifestum
540 4646 589 4702 est,
605 4655 666 4708 quae
679 4655 728 4708 per
739 4638 923 4693 inductionem
936 4638 1025 4706 cujus·
1060 4638 1244 4708 inquisitionis
1258 4638 1421 4709 compendia
1439 4637 1588 4707 plurimum
1606 4638 1730 4703 iaciuut;
1757 4654 1844 4710 ριιιιιι-

231 4714 274 4768 vis
286 4715 395 4786 generis
405 4714 607 4782 concluduntur,
622 4718 703 4773 simul
724 4726 753 4771 et
773 4717 889 4772 inveniri
903 4725 933 4771 et
952 4717 1023 4785 judi·
1061 4719 1181 4788 gativam
1197 4718 1341 4783 instantiis,
1355 4726 1382 4771 et
1404 4716 1614 4788 prerogativam
1628 4718 1762 4789 inquisiti.
1799 4719 1843 4772 lta

229 4794 295 4859 cari,
310 4810 361 4848 uec
375 4811 392 4848 a
410 4795 553 4865 principiis
566 4805 611 4852 aut
628 4798 726 4852 mediis
740 4796 867 4867 pendere,
881 4795 930 4849 sed
950 4797 1023 4850 mole
1062 4812 1115 4866 que
1128 4796 1286 4851 docebimus
1299 4797 1389 4867 primo
1398 4794 1493 4867 quales
1506 4795 1562 4849 siut
1574 4795 1631 4850 illie
1645 4796 1842 4862 instantiae,sive

230 4881 303 4929 stare
317 4890 372 4939 suu,
386 4891 474 4945 neque
487 4874 596 4931 aliunde
606 4877 722 4946 probari.
774 4874 863 4930 Multo
876 4874 965 4946 magis
977 4891 1024 4929 ue·
1061 4876 1255 4946 experimenta,
1277 4890 1338 4946 quas
1361 4875 1397 4929 ad
1418 4874 1653 4929 illuminationem
1679 4878 1841 4946 pmcneteris

231 4969 307 5007 cesae
318 4960 359 5007 eat
372 4970 412 5017 ea,
427 4971 488 5026 qum
502 4971 538 5009 ex
550 4971 616 5009 vera
624 4954 790 5009 inductionis
804 4954 890 5008 forma
904 4954 1024 5009 excitau-
1061 4955 1205 5020 excellant,
1229 4955 1297 5008 adeo
1314 4963 1346 5008 ut
1363 4970 1458 5024 paucae
1477 4954 1558 5018 idem,
1579 4955 1653 5025 quod
1674 4955 1739 5010 alie
1759 4955 1841 5026 ριιιιιι

232 5039 283 5096 tur,
294 5033 434 5087 axiomata
445 5050 505 5088 esse
519 5033 617 5103 seipsis
630 5041 762 5097 contenta,
776 5040 857 5105 atqua
871 5033 939 5103 ipsis
953 5033 1025 5102 prin·
1062 5042 1197 5105 praestent.
1239 5033 1300 5087 Hoc
1310 5034 1383 5088 enim
1397 5040 1425 5087 et
1437 5032 1503 5087 moli
1516 5032 1604 5102 ipsius
1617 5034 1749 5099 historice,
1762 5035 1842 5089 etdis·

231 5111 320 5181 cipiis,
342 5129 403 5182 qnae
426 5118 564 5173 vocantur,
586 5111 700 5165 seniora
718 5120 744 5167 et
764 5113 892 5167 firmiora.
935 5111 1023 5183 Atque
1062 5113 1187 5168 currendi
1200 5112 1339 5167 laboribus
1352 5113 1449 5183 parcit.
1489 5111 1596 5166 Deinde
1609 5114 1697 5168 etiarn
1711 5114 1841 5185 expliubi

231 5188 284 5243 boc
296 5206 381 5260 genus
395 5190 558 5244 inductionis
567 5188 634 5244 illud
648 5199 698 5253 est,
710 5193 781 5261 quod
793 5191 1025 5263 interpretationis
1062 5210 1130 5257 ιιιιιι,
1146 5192 1238 5263 qualia
1256 5192 1310 5246 sint
1323 5209 1356 5246 ea
1368 5191 1507 5261 inquisita.
1522 5192 1654 5262 aquibus
1674 5193 1842 5263 interpretati-

232 5267 376 5322 formulam
390 5269 529 5338 appellare
542 5269 739 5324 consuevimus.
780 5271 876 5342 Itaque
893 5288 951 5341 pue
964 5288 1023 5325 om·
1063 5289 1142 5327 onem
1163 5271 1299 5341 auspicari
1321 5279 1452 5341 oporteat,
1471 5278 1566 5340 utpote
1587 5288 1651 5341 quas
1669 5272 1842 5342 psmdispusita

232 5346 312 5400 uibus
322 5347 469 5401 doctrinam
480 5349 514 5402 de
523 5348 712 5402 constitutione
721 5350 866 5403 axiomatis
874 5359 901 5404 et
910 5350 1026 5405 formula
1063 5350 1237 5420 sequentibus
1258 5351 1346 5404 lacem
1364 5351 1499 5420 quandam
1520 5350 1670 5419 proeierunt
1689 5360 1735 5405 sut
1755 5352 1786 5405 ob
1800 5368 1842 5404 er·

233 5422 425 5494 interpretandi
446 5427 590 5496 diligenter
605 5433 633 5480 et
650 5427 793 5497 perspicue
809 5430 1025 5499 complectimur.
1063 5429 1189 5501 quisitam
1203 5430 1393 5484 certitudinem
1406 5429 1486 5493 inse,
1501 5436 1549 5483 aut
1561 5429 1598 5483 ob
1610 5438 1737 5486 naturam
1750 5430 1840 5485 uuiver-
