3800 5875
231 305 291 357 les
866 306 1005 362 NOVUM
1026 305 1225 361 ORGANUM.
1744 302 1804 358 Lis.
1822 304 1846 357 1.

230 461 364 515 radonem
388 477 432 515 res
460 461 498 515 ita
519 479 549 516 se
576 460 667 526 habet,
689 463 737 517 sed
763 464 871 517 interim
900 480 955 516 non
984 464 1023 517 ita
1062 464 1162 518 iaciunt
1178 463 1266 534 magis
1280 464 1314 517 ad
1328 462 1558 517 contristationem
1572 462 1713 516 homiuum
1727 461 1848 535 (scilieet

230 541 342 594 viritim:
362 541 410 595 sed
423 541 483 604 iata,
498 558 579 611 quam
600 541 725 604 diximus,
740 543 920 596 doctrinarum
938 542 1021 595 admi·
1061 551 1090 597 ut
1108 544 1268 597 deteriorem
1288 550 1316 596 et
1328 542 1452 597 viliorem
1470 541 1588 595 babeant
1601 542 1634 594 de
1650 542 1694 603 iis,
1709 558 1769 611 quaa
1786 542 1849 608 jam

231 620 357 673 nistratio
371 628 400 673 et
412 618 508 690 politia
518 620 691 674 scientiarum
702 629 850 691 augmenta
860 621 952 675 dunas
964 637 1021 690 pre·
1059 622 1088 675 in
1101 639 1152 675 usu
1166 632 1237 686 sunt,
1251 622 1413 691 opinionem,
1427 637 1509 691 quam
1522 637 1593 674 nnnc
1611 620 1731 681 habent;
1752 628 1778 673 et
1790 637 1850 674 suae

230 715 305 752 mere
318 699 463 753 consuevit
1059 701 1222 756 conditionis
1235 701 1412 754 infortunium
1429 698 1490 770 plus
1504 700 1619 752 sentiant
1632 707 1660 752 et
1673 704 1848 768 pernoscant)

1059 796 1141 849 quam
1154 780 1189 833 ad
1199 776 1364 834 alacritatem
1375 779 1493 850 aliquam
1503 778 1691 840 inducendam,
1701 786 1747 832 aut
1760 777 1850 833 iudus-

1059 860 1137 912 triam
1165 859 1322 928 experiendi
1349 858 1505 911 acuendam.
1566 859 1662 927 ltaque
1688 859 1849 924 conjecturae

270 931 359 1001 Atque
372 930 485 1000 insuper
497 929 563 984 licet
577 930 743 984 istainridia
755 932 916 995 cessaverim
931 939 1020 985 tamen
1058 946 1163 1001 nortem,
1185 956 1246 1008 quae
1267 954 1344 1007 rpem
1366 937 1396 989 in
1416 935 1469 990 hac
1493 952 1523 990 re
1547 936 1651 989 iscium
1670 935 1846 1005 probabilem,

231 1010 296 1064 ⁸³6⁸
319 1019 360 1064 0⁸²
383 1010 417 1063 ad
439 1009 620 1064 cohibendum
642 1017 814 1080 augmentum
839 1011 1019 1073 scientiarum»
1058 1018 1211 1085 aperiendas
1225 1026 1288 1071 saint
1301 1027 1329 1070 et
1341 1015 1541 1086 proponendae
1562 1014 1633 1069 sicut
1647 1014 1795 1069 Columbae
1807 1016 1847 1068 ie-

232 1088 303 1159 quod
316 1088 469 1156 hujusmodi
483 1096 596 1143 conatus
610 1097 637 1143 et
650 1089 789 1142 Industria
810 1091 929 1159 preemiIs
948 1107 1020 1144 care·
1058 1096 1096 1148 cit
1115 1102 1178 1150 ante
1193 1096 1394 1166 navigationem
1412 1093 1488 1148 illam
1502 1110 1578 1148 auam
1595 1094 1752 1148 mirabilem
1768 1097 1847 1147 maris

230 1176 285 1222 ant
325 1168 388 1222 Non
402 1169 476 1222 enim
489 1183 573 1238 penes
587 1167 696 1222 eosdem
710 1175 751 1220 est
768 1167 874 1221 cultura
893 1168 1019 1222 scientia·
1058 1174 1203 1239 Atlantici;
1228 1192 1292 1229 cum
1314 1175 1433 1229 rationes
1451 1172 1600 1233 adduxerit
1621 1190 1670 1227 cur
1686 1174 1747 1243 ipse
1766 1190 1847 1227 assas

230 1264 289 1302 rum
312 1255 338 1299 et
357 1248 507 1316 prumiam.
548 1247 728 1301 Scientiarum
750 1248 823 1301 enim
841 1254 1020 1317 augmentes
1058 1262 1143 1308 tems
1156 1254 1372 1317 etconrinentes,
1387 1261 1485 1322 praetar
1504 1268 1559 1315 eas,
1573 1268 1635 1323 quae
1657 1260 1721 1305 ante
1734 1253 1846 1323 cognita

230 1326 336 1396 magnis
362 1326 455 1396 utique
478 1327 597 1396 ingeniis
618 1326 797 1397 proventuum
831 1334 860 1379 at
883 1327 971 1395 pretia
994 1334 1021 1380 et
1057 1333 1172 1397 fuerunt,
1186 1333 1301 1387 inveniri
1314 1330 1561 1402 posseconlideret:
1583 1349 1646 1402 qum
1655 1333 1777 1385 rationes
1787 1332 1847 1385 licet

230 1404 341 1473 prssrms
354 1406 527 1459 scientiarum
540 1413 603 1460 sunt
615 1404 808 1475 penessnlgus
825 1411 872 1459 aut
884 1406 1020 1475 principes
1057 1412 1146 1481 primo
1159 1413 1275 1480 rejecta,
1296 1420 1391 1482 postes
1407 1418 1498 1465 tamen
1517 1412 1709 1481 experimento
1729 1411 1847 1480 probata

230 1483 309 1547 viros,
320 1485 365 1554 qui
378 1480 445 1556 (nisi
460 1501 521 1538 raro
533 1480 694 1557 admodum)
708 1483 755 1538 vix
769 1484 939 1537 mediocriter
948 1485 1020 1537 docti
1057 1499 1130 1560 eunt,
1145 1499 1274 1546 ereetum
1288 1491 1469 1546 maximarum
1483 1506 1571 1544 cauam
1585 1497 1613 1543 et
1626 1490 1708 1544 initia
1722 1490 1834 1544 luerunt.

230 1572 299 1617 sunt.
339 1562 490 1623 Quinetiam
504 1563 658 1631 hujusmodi
680 1570 849 1633 progressus,
864 1579 918 1617 non
932 1563 1020 1617 solum

229 1642 349 1710 praemiis
363 1650 390 1695 et
403 1642 590 1696 beneficientia
600 1642 748 1705 hominum,
760 1659 853 1696 rerum
865 1643 946 1696 etiam
961 1643 1020 1712 ipsa

230 1720 353 1790 populari
367 1720 445 1774 laude
464 1721 583 1775 destituti
598 1729 669 1775 sunt.
710 1720 779 1775 Sunt
792 1722 865 1775 enim
882 1721 922 1775 illi
936 1738 1021 1792 supra
1097 1727 1264 1797 Principium
1279 1736 1370 1782 autem
1388 1725 1548 1781 sumendum
1560 1742 1578 1779 a
1593 1724 1673 1779 D002
1695 1723 1750 1777 1100
1770 1725 1844 1777 nimi.

230 1808 338 1868 captum
355 1802 482 1854 maximis
501 1801 585 1869 partis
604 1800 753 1863 hominum,
768 1808 796 1854 et
812 1801 847 1854 sb
861 1801 1019 1870 opinionum
1058 1822 1117 1860 rum
1131 1808 1203 1877 quod
1223 1809 1322 1878 agitur,
1340 1814 1451 1877 propter
1469 1804 1649 1859 excellentem
1667 1804 1775 1873 inipso
1786 1804 1845 1857 boni

229 1877 382 1948 vulgarium
401 1879 488 1932 ventis
508 1878 587 1932 facile
606 1879 756 1933 obruuntur
773 1886 802 1932 et
818 1881 1018 1950 extinguuntur.
1058 1895 1189 1951 naturam,
1204 1886 1349 1940 manifecte
1363 1903 1381 1939 a
1393 1885 1453 1940 Deo
1466 1901 1541 1947 esse;
1563 1885 1610 1955 qui
1632 1891 1729 1937 auctor
1745 1883 1846 1937 boniet

231 1957 326 2028 ltaque
340 1956 378 2010 nil
388 1958 493 2020 mimm,
503 1959 526 2011 si
541 1974 584 2011 res
598 1957 647 2012 illa
659 1973 713 2011 non
723 1957 839 2014 feliciter
849 1959 1018 2024 successerit,
1057 1965 1338 2034 psterlunrinnmeet.
1381 1965 1413 2018 ln
1427 1964 1629 2035 operationibus
1644 1970 1738 2016 autem
1752 1962 1846 2015 divinia

230 2053 291 2106 quae
304 2037 333 2090 in
351 2036 519 2091 bonorenon
534 2036 591 2091 luit.
1057 2045 1135 2099 initia
1167 2062 1280 2116 quaeque
1307 2044 1465 2098 tenuissima
1492 2045 1597 2097 exitum
1624 2051 1701 2095 certo
1730 2041 1846 2096 trabunt.

1058 2123 1148 2195 Atque
1169 2124 1240 2196 quod
1260 2124 1293 2178 de
1307 2122 1492 2194 spiritualibus
1512 2123 1675 2183 dictumest,
1692 2126 1708 2152 ‘⁶
1723 2120 1847 2190 Regnum

1058 2203 1111 2257 Dei
1123 2220 1179 2258 non
1192 2204 1267 2256 venit
1278 2220 1340 2258 cum
1354 2203 1540 2257 observatione
1548 2202 1572 2264 ;”
1594 2203 1624 2255 id
1637 2201 1723 2254 etiam
1736 2200 1767 2254 in
1777 2201 1846 2254 omni

599 837 656 877 XCI.

1414 1632 1491 1671 xcttt.

590 2190 659 2229 xctt.

269 2280 323 2335 Sed
336 2280 417 2351 longe
430 2280 580 2336 maximum
593 2283 779 2353 progressibus
795 2284 976 2348 scientiarum,
992 2291 1022 2338 et
1057 2283 1160 2349 majore
1177 2298 1258 2353 opere
1272 2282 1449 2352 providentiae
1462 2281 1561 2335 divinas
1575 2281 1685 2334 evenire
1700 2281 1846 2349 reperitur:

229 2361 306 2414 novis
328 2362 420 2429 pensis
439 2377 471 2413 sc
491 2362 639 2430 prorinciIs
659 2362 687 2415 in
711 2362 809 2416 iisdem
832 2363 1018 2433 suscipiendis,
1058 2362 1248 2416 utomniasine
1256 2362 1400 2432 strepitust
1408 2361 1496 2415 sonitu
1506 2358 1848 2430 placidelabantunatque

230 2438 396 2493 obstaculum
410 2436 621 2509 deprehenditur
634 2442 663 2494 in
677 2442 863 2510 desperatione
878 2443 1019 2497 hominum
1058 2459 1101 2496 res
1110 2442 1190 2512 plane
1197 2449 1302 2512 agatur,
1316 2441 1474 2512 priusquam
1484 2438 1609 2493 homines
1623 2455 1685 2492 eam
1694 2439 1741 2509 agi
1757 2446 1850 2508 putent

230 2524 259 2570 et
273 2519 457 2588 suppositione
472 2519 656 2589 impossibilis.
696 2521 790 2574 Solent
803 2522 875 2575 enim
890 2522 940 2575 riri
955 2539 1018 2592 pru-
1057 2521 1265 2575 autadrertsnt.
1304 2520 1403 2591 Neque
1418 2519 1565 2573 omittenda
1579 2527 1621 2572 est
1635 2518 1782 2588 prophetia
1795 2518 1849 2571 Da·

230 2597 323 2650 dentes
337 2609 363 2650 et
377 2599 462 2651 severi
477 2599 506 2652 in
526 2599 678 2668 hujusmodi
693 2602 773 2654 rebns
787 2600 866 2670 piane
880 2601 1018 2656 diffidere:
1056 2601 1136 2655 nielis
1159 2602 1192 2655 de
1212 2598 1317 2655 ultimis
1334 2601 1427 2654 mundi
1446 2598 1631 2668 temporibus;
1654 2597 1770 2651 “Multi
1791 2614 1850 2666 per·

229 2682 333 2730 natursa
346 2677 543 2741 obscuritatem,
562 2680 626 2734 vitm
644 2680 810 2744 brevitatem,
825 2697 951 2734 sensuum
968 2681 1019 2734 fal·
1057 2681 1217 2743 transibunt,
1239 2688 1267 2733 et
1287 2679 1432 2749 multiplex
1453 2679 1504 2733 erit
1526 2678 1674 2731 scientia:”
1705 2677 1848 2731 manifeste

229 2753 322 2819 lacias,
334 2756 429 2823 judicii
443 2758 633 2823 infirmitatem,
648 2760 892 2830 experimentorum
907 2760 1019 2814 difficul·
1055 2760 1171 2814 innuens
1185 2767 1213 2814 et
1226 2758 1382 2829 significans
1395 2775 1455 2812 esse
1469 2758 1497 2812 in
1511 2757 1582 2821 fatis,
1596 2757 1625 2811 id
1642 2762 1694 2818 est,
1709 2756 1739 2809 in
1760 2756 1848 2826 prori-

229 2842 307 2899 tates,
322 2842 349 2889 et
369 2836 469 2890 similia
492 2854 584 2892 secum
605 2847 768 2908 reputantes.
810 2840 905 2909 ltaque
923 2841 1018 2893 existi·
1056 2840 1156 2903 dentis,
1167 2847 1197 2893 ut
1209 2838 1387 2909 pertransitus
1397 2837 1490 2892 mundi
1500 2837 1558 2906 (qui
1569 2853 1619 2905 per
1628 2843 1670 2889 tot
1684 2834 1847 2907 longinquas

229 2924 304 2969 mant
318 2931 376 2970 esse
398 2917 528 2987 quosdam
553 2918 732 2983 scientiamm,
753 2937 802 2989 per
824 2926 976 2989 temporum
990 2928 1018 2974 et
1055 2919 1245 2991 navigationes
1257 2917 1384 2988 Impletus
1399 2916 1488 2988 plane,
1502 2923 1549 2970 aut
1566 2916 1625 2985 jam
1644 2915 1674 2969 in
1689 2932 1774 2985 opere
1787 2932 1845 2969 esse

229 3003 337 3049 astatum
350 2996 441 3050 mnndi
456 2997 642 3062 revolutiones,
658 2999 747 3053 fluxus
760 3006 788 3052 et
801 2999 936 3064 refluxus;
956 3017 1018 3054 cum
1054 3000 1171 3066 videtur)
1181 3008 1208 3053 et
1221 3005 1368 3070 augmenta
1381 2998 1554 3053 scientiarum
1567 2996 1596 3049 in
1611 2995 1729 3050 eandem
1743 3003 1848 3050 atatem

229 3073 291 3128 allis
310 3076 474 3144 temporibus
491 3086 613 3131 crescant
626 3085 653 3131 et
666 3078 785 3141 floreant,
803 3078 864 3132 aliis
881 3078 1019 3133 declinent
1056 3080 1185 3134 incidant.

229 3161 257 3206 et
273 3153 397 3220 jaceant:
418 3154 457 3208 ita
477 3163 574 3217 nmen,
587 3166 618 3211 ut
635 3175 697 3211 cum
713 3158 862 3211 adsertam
882 3157 1017 3228 quendam

229 3234 343 3302 gradum
357 3240 383 3286 et
396 3241 495 3288 statum
509 3237 685 3305 pervenerint,
699 3237 739 3290 nil
752 3237 866 3291 ulterius
880 3237 991 3306 possint

270 3310 365 3382 ltaque
379 3312 402 3365 si
417 3313 478 3383 quis
491 3316 595 3383 majora
608 3316 699 3369 credat
712 3325 759 3369 aut
771 3316 909 3385 spondeat,
923 3316 952 3369 id
966 3333 1017 3387 pu·
1095 3311 1223 3384 Sequitur
1249 3312 1317 3367 ratio
1342 3310 1463 3365 omnium
1485 3309 1605 3363 maxima
1629 3307 1667 3362 ad
1696 3308 1847 3363 taciendam

229 3397 288 3444 tant
302 3407 361 3445 esse
381 3392 520 3460 eujusdam
542 3395 695 3464 impotentis
710 3402 737 3448 et
756 3395 893 3450 immaturi
913 3397 1016 3460 animi;
1055 3407 1147 3460 spemr
1172 3407 1269 3462 nempe
1292 3408 1328 3446 ex
1347 3390 1482 3444 amoribus
1502 3388 1634 3457 temporis
1658 3389 1801 3457 praeteriti,
1822 3399 1848 3441 et

229 3478 310 3540 atque
324 3470 477 3538 hujusmodi
495 3481 615 3536 conatus,
629 3473 709 3527 initia
722 3473 825 3528 scilicet
837 3474 906 3538 laeta,
927 3476 1018 3529 media
1055 3472 1160 3526 viarum
1174 3471 1261 3525 adhuc
1281 3478 1451 3524 tentatamm.
1492 3467 1604 3539 Optima
1617 3467 1694 3521 enim
1708 3477 1750 3522 est
1763 3485 1795 3521 ea
1806 3484 1847 3521 re·

229 3549 320 3612 ardna,
335 3558 456 3604 extrema
469 3552 582 3605 confusa
595 3552 706 3607 habere.
745 3553 835 3623 Atque
849 3571 911 3608 cum
925 3554 1017 3623 hujus
1055 3550 1208 3620 prehensio,
1220 3566 1302 3620 quam
1315 3550 1348 3604 de
1363 3556 1435 3603 statu
1449 3547 1530 3611 cirili,
1552 3546 1625 3601 haud
1639 3546 1791 3616 prudenter
1802 3546 1848 3600 ad·

229 3629 301 3681 modi
324 3629 501 3698 cogitationes
521 3647 561 3684 eoe
582 3632 643 3694 sint,
658 3649 719 3702 quse
741 3633 770 3685 in
784 3633 855 3686 viros
876 3650 973 3704 graves
990 3640 1018 3687 et
1055 3630 1213 3692 ministrato,
1242 3630 1377 3700 quispiam
1406 3627 1451 3681 his
1478 3626 1568 3682 verbis
1596 3626 1761 3695 complexus
1788 3636 1848 3681 est:

227 3707 330 3774 jndicio
350 3716 509 3777 prestantes
530 3709 609 3763 facile
626 3711 738 3775 cadant;
759 3712 906 3766 curandum
923 3729 1018 3766 revera
1057 3709 1164 3769 “Quod
1184 3708 1219 3761 ad
1240 3708 1377 3779 praeterita
1401 3707 1550 3777 pessimum
1577 3714 1625 3769 est,
1652 3705 1680 3758 id
1704 3706 1741 3759 ad
1762 3706 1849 3760 futura

230 3793 278 3850 est,
290 3803 332 3850 ne,
343 3788 382 3841 rei
396 3788 505 3857 optimae
514 3797 541 3842 et
551 3789 740 3858 pulcherrimis
748 3808 839 3845 amore
853 3792 932 3861 capti,
944 3808 1018 3846 seve·
1056 3789 1187 3857 optimum
1200 3787 1286 3841 videri
1300 3786 1386 3840 debet
1427 3786 1457 3840 Si
1470 3786 1544 3840 enim
1558 3801 1607 3838 vos
1621 3785 1726 3848 omnia,
1742 3803 1802 3857 qnoe
1815 3785 1849 3836 ad

229 3865 337 3920 ritatem
353 3865 449 3933 judicii
463 3868 617 3923 relaxemus
631 3877 678 3923 aut
690 3870 843 3925 minuamus
855 3892 862 3934 t
883 3879 910 3924 et
924 3871 1018 3926 sedulo
1056 3867 1174 3921 officium
1187 3875 1307 3921 restrum
1326 3871 1457 3935 spectant,
1471 3864 1680 3935 praesfitissetis;
1703 3881 1795 3935 neque
1808 3873 1847 3917 ta·

229 3945 382 4009 videndum,
397 3946 461 4017 quid
482 3948 541 4017 'spei
561 3948 698 4018 affulgeat,
720 3956 747 4003 et
765 3966 800 4003 ex
822 3966 876 4020 qua
896 3958 974 4019 parts
988 3967 1017 4004 se
1055 3963 1118 4000 men
1132 3962 1175 4001 res
1189 3946 1329 4000 vestraein
1342 3943 1453 3998 meliore
1467 3944 1642 4006 locoesaente
1664 3960 1701 3997 ne
1716 3961 1781 4014 spes
1793 3945 1849 4013 qui·

230 4022 368 4087 ostendam
389 4033 468 4094 atque
492 4027 564 4081 auris
585 4025 732 4082 levioribus
754 4028 812 4099 spei
831 4029 946 4097 rejectis,
968 4045 1017 4093 eae,
1056 4026 1117 4079 dem
1131 4024 1187 4078 nlla
1200 4024 1304 4096 reliqna
1318 4025 1394 4086 foret,
1407 4040 1455 4077 eas
1472 4024 1501 4077 in
1514 4022 1613 4077 melius
1626 4023 1746 4091 provebi
1759 4039 1845 4093 me.

231 4119 292 4171 quaa
313 4102 374 4171 plus
390 4103 563 4159 firmitudinis
576 4106 678 4161 habere
693 4108 822 4171 videntur,
837 4108 947 4161 omnino
961 4107 1016 4161 dis·
1056 4104 1110 4159 Sed
1128 4121 1191 4158 cum
1205 4121 1294 4159 rerum
1308 4111 1458 4157 vestrarum
1472 4109 1566 4162 status,
1580 4117 1635 4154 non
1650 4117 1668 4154 a
1681 4103 1711 4155 ri
1725 4102 1788 4172 ipsa
1805 4118 1848 4154 re·

230 4182 363 4236 cutiendae
376 4191 439 4236 sunt
451 4190 479 4237 et
492 4185 668 4254 pensitanda.
710 4184 864 4246 Quinetiam
876 4187 1017 4256 prudentia
1056 4201 1125 4247 rum,
1139 4183 1188 4237 sed
1205 4184 1240 4236 ab
1254 4183 1389 4237 erroribus
1400 4182 1494 4237 restris
1512 4180 1583 4235 male
1603 4197 1633 4234 se
1648 4180 1770 4244 habeat;
1789 4197 1849 4249 spe·

230 4259 318 4314 civilis
331 4261 365 4313 ad
383 4261 525 4317 condlium
538 4264 658 4319 vocanda
676 4272 719 4319 est
736 4272 765 4319 et
782 4264 943 4329 adhibenda,
958 4283 1018 4336 quoe
1056 4262 1168 4317 randum
1179 4269 1229 4326 est,
1240 4261 1295 4316 illis
1309 4262 1444 4316 erroribus
1458 4261 1548 4315 missis
1562 4268 1609 4313 aut
1621 4262 1762 4323 correctis,
1777 4276 1849 4328 mag·

230 4355 267 4392 ex
281 4339 439 4409 praescripto
458 4341 562 4407 diffidit,
576 4344 650 4398 etde
664 4344 744 4398 rebus
761 4344 888 4398 humanis
904 4345 933 4397 ln
947 4344 1018 4399 dete·
1056 4359 1118 4396 nam
1133 4359 1222 4396 rerum
1236 4343 1264 4395 in
1279 4340 1377 4396 melius
1391 4341 1568 4394 mutationem
1578 4338 1638 4392 fieri
1653 4341 1763 4408 posse.”
1803 4339 1846 4392 Si·

230 4418 287 4471 rius
305 4418 422 4485 conjicit
464 4420 559 4492 ltaque
578 4423 635 4490 iam
649 4423 722 4477 etde
736 4439 784 4492 spe
805 4422 948 4477 dicendum
962 4431 1017 4488 est;
1056 4422 1113 4476 mili
1125 4421 1212 4484 modo,
1224 4421 1247 4473 si
1258 4420 1383 4475 homines
1393 4436 1442 4488 per
1452 4426 1527 4472 tanta
1536 4434 1668 4473 annorum
1676 4419 1769 4488 spatia
1778 4419 1848 4471 nam

230 4497 381 4565 prasertim
394 4515 455 4552 cum
469 4516 519 4555 nos
533 4503 709 4571 promissores
722 4519 776 4555 non
791 4502 883 4567 simus,
898 4519 948 4556 nec
963 4503 1017 4556 vim
1056 4517 1148 4554 veram
1157 4499 1311 4553 inveniendi
1325 4507 1354 4552 et
1363 4498 1468 4553 colendi
1482 4497 1610 4552 scientias
1622 4497 1785 4560 tenuissent,
1798 4513 1848 4549 nec

231 4576 399 4630 autinsidias
408 4577 547 4634 hominnm
557 4581 668 4649 judiciis
678 4582 810 4635 faciamus
819 4589 1017 4646 autstruamus,
1057 4588 1146 4634 tamen
1160 4578 1273 4633 ulterius
1287 4578 1413 4649 progredi
1430 4578 1585 4648 potuissent,
1600 4576 1691 4630 audax
1709 4576 1848 4646 proculdu

230 4655 278 4708 sed
291 4655 415 4709 homines
429 4674 510 4712 manu
523 4669 551 4713 et
564 4669 658 4732 sponte
673 4661 801 4715 ducamus
850 4660 939 4730 Atque
953 4660 1018 4715 licet
1056 4660 1102 4713 bio
1116 4667 1144 4712 et
1157 4659 1302 4711 temeraria
1316 4657 1384 4711 toret
1403 4656 1502 4727 opinio,
1516 4672 1597 4726 posse
1616 4656 1723 4709 remia
1738 4655 1848 4710 ulterius

229 4734 310 4805 longe
324 4736 541 4804 potentissimum
555 4738 672 4794 futurum
685 4741 720 4794 sit
733 4740 880 4794 remedium
894 4740 928 4792 ad
942 4757 1018 4810 spem
1057 4737 1180 4808 provehi.
1222 4737 1300 4797 Quod
1313 4738 1337 4790 si
1358 4737 1386 4789 in
1406 4738 1451 4789 sia
1474 4736 1534 4805 ipsa
1552 4743 1673 4789 erratum
1701 4735 1847 4804 citatque

230 4814 445 4885 imprimendam,
454 4818 562 4888 quando
574 4819 698 4873 homines
711 4818 745 4871 ad
759 4818 940 4889 particularia,
952 4836 1019 4888 pne·
1058 4817 1198 4871 hominum
1211 4833 1296 4887 opera
1308 4816 1337 4869 in
1351 4816 1386 4870 iis
1399 4822 1566 4885 consumpta,
1580 4815 1609 4867 in
1623 4813 1724 4883 quibus
1738 4815 1848 4867 minime

230 4894 323 4947 sertim
336 4894 365 4946 in
380 4894 477 4950 tabulis
490 4898 587 4951 nostris
600 4898 754 4952 inveniendi
769 4899 874 4969 digesta
887 4905 915 4951 et
927 4899 1018 4968 dIspo·
1058 4896 1213 4967 oportebat,
1235 4896 1356 4966 sequitur
1376 4912 1412 4949 ex
1425 4911 1466 4959 eo,
1480 4907 1535 4947 non
1547 4893 1577 4946 in
1590 4893 1673 4947 rebus
1693 4893 1763 4962 ipsis
1782 4891 1850 4946 diffi-

230 4973 283 5026 sita
297 4972 374 5046 (quas
387 4975 485 5043 partim
498 4975 533 5028 ad
546 4978 699 5041 secundam,
715 4977 763 5031 sed
776 4976 863 5031 multo
877 4978 965 5047 magis
985 4978 1019 5030 ad
1057 4974 1185 5029 cultatem
1204 4974 1276 5038 otri,
1289 4992 1349 5045 quaa
1363 4974 1505 5044 potestatis
1517 4980 1617 5026 nostroe
1631 4988 1687 5025 non
1702 4979 1781 5034 sunu
1801 4971 1848 5024 sed

230 5061 353 5122 quartam
377 5052 592 5108 Instaurationis
612 5063 712 5110 nostrae
736 5062 841 5126 partem
867 5051 1018 5128 pertinent)
1057 5053 1238 5108 inintellecta
1261 5052 1389 5114 humano,
1404 5053 1515 5123 ejusque
1532 5068 1583 5106 usu
1597 5059 1625 5104 et
1645 5049 1847 5119 applicatione;

230 5130 406 5195 adducemns;
427 5150 490 5186 cnm
500 5133 551 5186 hoc
565 5135 700 5203 ipsumsit
713 5151 768 5188 non
778 5134 1020 5203 spestantum,sed
1058 5151 1118 5205 quae
1135 5151 1179 5187 res
1199 5132 1347 5187 remedium
1362 5141 1389 5185 et
1402 5132 1562 5185 medicinam
1585 5130 1711 5200 suscipit.
1754 5129 1848 5200 ltaque
1881 5177 1882 5190 ,

229 5218 357 5279 tanquam
372 5212 505 5281 resipsa:
527 5213 759 5266 tamenutomnia
773 5212 931 5268 clementius
944 5215 1018 5276 fiant,
1058 5214 1188 5283 optimum
1203 5212 1284 5266 merit
1303 5211 1365 5265 illos
1382 5211 1456 5281 ipsos
1470 5226 1573 5264 errores
1593 5224 1764 5279 proponere:
1785 5219 1849 5280 quot
1881 5259 1882 5296 q

230 5290 397 5357 pergendum
419 5290 509 5344 estin
531 5290 812 5345 institutonostrode
835 5292 1020 5362 preparandis
1058 5293 1131 5345 enim
1147 5292 1246 5345 luerint
1266 5307 1385 5344 errorum
1398 5290 1590 5358 impedimenta
1602 5289 1632 5342 in
1648 5287 1796 5359 praeterito,
1810 5297 1849 5341 tot
1881 5313 1882 5334 r

230 5365 371 5420 hominum
380 5369 527 5428 mentibus;
543 5370 831 5440 cujuspraeparationis
842 5370 1020 5425 istaostensro
1057 5380 1121 5425 sunt
1137 5371 1197 5439 spei
1216 5378 1373 5439 argumenta
1389 5369 1418 5422 in
1432 5368 1557 5422 futurum.
1598 5368 1641 5422 Ea
1653 5383 1718 5419 nero
1738 5367 1804 5421 licet
1820 5368 1847 5418 in

1408 3214 1491 3255 xciv.

229 5445 289 5511 spei
303 5460 364 5513 pars
378 5455 487 5500 estnon
506 5448 614 5518 exigua.
656 5450 728 5502 Nam
744 5449 846 5519 absque
860 5466 900 5516 es,
914 5450 1021 5520 reliqua
1058 5449 1101 5504 his
1113 5467 1173 5521 quae
1187 5449 1310 5518 superius
1323 5449 1395 5501 dicta
1407 5455 1540 5512 stantuna
1554 5447 1656 5501 intacta
1670 5446 1783 5499 omnino
1796 5445 1847 5499 ine·
