3800 5875
236 296 294 350 542
797 290 983 348 HISTORIA
1005 290 1121 346 DENSl
1143 290 1192 346 ΕΤ
1213 290 1317 346 RARI.

235 453 336 509 Fumi:
654 450 771 522 Spiritus
784 450 860 506 crudi
872 450 993 506 devincti
1006 449 1035 504 in
1071 455 1201 521 quantum
1214 455 1352 518 putantur.
1392 447 1482 509 Quare
1501 449 1605 503 videtur
1623 448 1672 504 aiis
1689 450 1787 520 pondus
1800 467 1843 504 non

237 532 401 588 Post-fumi:
682 530 877 602 tangibilibus:
1071 529 1210 591 minuere;
1232 529 1343 597 spiritus
1357 534 1449 582 autem
1462 528 1541 583 vivus
1561 529 1615 582 hoc
1637 530 1733 582 iacere
1770 530 1842 600 Atque

237 612 367 667 Halitus:
654 608 727 666 A'e'rz
1069 625 1133 662 cnm
1146 606 1251 677 pondus
1264 607 1414 661 densitates
1426 606 1563 674 dijudicet,
1578 610 1662 662 etiam
1679 608 1774 662 levatio
1788 626 1843 678 pon·

236 690 431 747 Post-halitusr
654 689 772 761 Spiritus
782 688 845 754 vivi,
854 689 912 744 siaa
920 688 1033 753 incensi,
1069 687 1142 742 deris
1156 687 1284 740 raritates
1297 685 1446 754 dijudicare
1462 686 1550 741 debet

236 771 334 824 Aurae:
683 768 801 823 devincti
809 767 1034 840 intangibilibus.
1109 767 1243 835 Supremo
1265 765 1360 819 ordine
1386 765 1535 820 collocatur
1557 766 1684 831 flamma;
1716 775 1772 821 tum
1792 769 1842 838 quia

237 848 410 905 Post-aura:
652 847 784 902 Flamma
1068 844 1117 898 illa
1135 844 1357 899 manifestissime
1372 845 1442 914 petit
1460 846 1618 915 superiora;
1640 854 1697 900 turn
1715 846 1774 916 qnia
1785 847 1842 898 rni-

1068 923 1158 977 simile
1171 931 1220 987 est,
1234 925 1355 977 rationes
1373 924 1608 994 pneumaticonrm
1627 925 1737 979 minime
1754 924 1842 979 ditierre

278 1006 320 1060 De
335 1005 584 1075 exportationibus
597 1004 703 1069 horum,
718 1011 776 1060 tum
789 1004 963 1067 adinvicem,
977 1011 1033 1058 tum
1067 1020 1084 1055 a
1097 1003 1248 1057 rationibus
1261 1003 1388 1057 iomitum
1401 1018 1528 1068 auorum3
1550 1004 1681 1075 ideoque,
1695 1005 1842 1075 quemadmo

236 1086 272 1139 ad
286 1086 430 1156 tangibilia
442 1085 555 1150 collatis,
567 1086 625 1154 jam
643 1085 796 1140 videndum.
837 1084 927 1155 Atque
945 1084 969 1137 si
987 1100 1033 1135 na·
1067 1082 1131 1136 dum
1145 1082 1235 1136 oleum
1249 1089 1292 1136 est
1305 1082 1394 1136 ramus
1408 1099 1487 1152 aqua,
1502 1082 1631 1138 similiter
1649 1084 1842 1137 flammamrari-

237 1171 297 1220 tura
310 1164 385 1229 levis,
396 1181 446 1234 per
459 1181 601 1219 ascensum
615 1180 729 1229 sursum,
744 1172 836 1234 posset
847 1162 982 1234 liquidare
992 1178 1034 1216 ra·
1067 1178 1142 1215 orem
1155 1177 1215 1216 esse
1234 1159 1298 1215 aiire
1317 1167 1346 1214 et
1366 1161 1473 1230 spiritu.
1514 1162 1609 1216 Etiam
1628 1161 1735 1217 videtur
1751 1165 1842 1218 flamm

237 1246 343 1300 ritatem
358 1260 507 1313 corporum,
522 1244 747 1313 quemadmodum
760 1250 857 1296 natura
870 1242 970 1312 gravis,
984 1258 1033 1310 per
1066 1257 1165 1312 corpus
1179 1241 1293 1304 tenuius,
1312 1248 1339 1293 et
1359 1240 1477 1305 mollius,
1492 1249 1521 1295 et
1540 1242 1632 1312 magis
1653 1242 1756 1307 cedens,
1777 1259 1840 1312 qnam

237 1324 396 1378 descensum
410 1323 543 1386 deorsum,
558 1323 674 1394 liquidat
691 1339 785 1377 eorum
797 1321 968 1385 densitatem,
989 1337 1033 1375 res
1067 1318 1124 1375 aer.
1165 1321 1240 1373 Nam
1253 1319 1391 1373 levissima
1404 1320 1540 1390 quaepiam
1554 1337 1631 1385 aura,
1642 1328 1771 1376 commota
1778 1322 1840 1391 juxta

238 1404 307 1457 bene
319 1409 410 1472 posset
423 1403 574 1457 succedere.
615 1402 670 1457 Sed
687 1401 772 1456 multa
785 1401 891 1456 obsunt.
932 1400 1031 1465 Primo,
1066 1399 1204 1453 flammam
1217 1397 1320 1467 lychni,
1334 1415 1396 1453 eam
1410 1399 1499 1452 reddit
1512 1399 1669 1455 tremulam.

238 1483 309 1554 quod
322 1481 482 1536 differentia
494 1488 616 1536 motuum
628 1481 658 1535 in
671 1481 716 1545 iis,
731 1499 792 1552 quae
805 1486 944 1550 aspectum
962 1478 1032 1549 iugi·
1105 1478 1132 1532 2.
1153 1478 1288 1540 Quantam
1301 1495 1365 1531 vero
1379 1478 1577 1548 expansionem
1596 1496 1671 1533 asae·

237 1569 293 1626 unt,
303 1578 358 1615 non
371 1561 555 1632 percipiantur
564 1560 776 1631 immediateper
787 1576 911 1614 sensum:
926 1559 1031 1622 deinde,
1067 1566 1164 1627 quatur
1176 1557 1379 1626 pneumaticum
1393 1557 1520 1611 collatum
1535 1557 1570 1611 ad
1582 1559 1671 1629 tangi·

238 1642 311 1713 quod
323 1657 379 1695 non
391 1641 540 1711 reperiatur
553 1641 582 1694 in
596 1640 666 1706 a'ere,
681 1648 710 1694 et
728 1639 870 1703 similibus,
884 1645 941 1692 tam
955 1638 1032 1692 sortis
1066 1636 1128 1699 bile,
1141 1635 1207 1690 licet
1219 1637 1256 1690 sit
1269 1653 1313 1691 res
1327 1637 1412 1690 ardna
1422 1637 1541 1700 inventu,
1553 1644 1647 1691 tamen
1659 1653 1748 1690 curam
1756 1635 1785 1688 de
1793 1635 1837 1701 ejus

239 1721 375 1791 appetitus
384 1721 492 1790 petendi
509 1720 656 1790 superiora,
671 1735 753 1791 quam
767 1725 894 1790 putatur:
907 1718 1031 1788 denique,
1067 1716 1241 1785 inquisitione
1258 1733 1312 1769 non
1326 1716 1484 1784 abjecimus.
1527 1715 1691 1771 Certissima
1703 1723 1784 1769 autem
1794 1714 1837 1766 viu

238 1801 263 1853 si
286 1799 334 1854 aiir
354 1807 505 1853 moveretur
528 1816 642 1863 sumum,
665 1806 757 1853 tamen
778 1815 839 1852 cum
863 1798 1033 1852 continuetur
1067 1802 1107 1848 est
1119 1795 1198 1849 nobis
1211 1795 1267 1849 iore
1282 1796 1414 1865 probatio,
1429 1795 1452 1848 si
1467 1796 1590 1865 corporis
1608 1795 1720 1867 aliquod
1732 1793 1836 1863 tangibile

238 1878 397 1950 plerumque
418 1896 479 1932 curn
499 1878 555 1932 alio
573 1876 645 1943 a‘e're,
658 1886 747 1932 motus
765 1876 813 1930 ille
834 1893 907 1947 agre
928 1876 1032 1947 percipi
1069 1876 1285 1945 (exporrectione
1299 1876 1358 1942 ejus
1372 1874 1449 1944 prius
1470 1883 1550 1944 capta
1570 1884 1601 1928 et
1615 1874 1775 1939 mensurata)
1787 1872 1836 1924 verti

238 1966 339 2028 posset.
373 1958 448 2011 Nam
456 1956 527 2011 sicut
535 1974 607 2028 aqna
619 1973 674 2011 non
684 1955 816 2027 ponderat
828 1972 909 2025 super
918 1972 1032 2026 aquam:
1067 1960 1158 2022 posset
1172 1953 1253 2024 plane
1267 1954 1296 2007 in
1311 1955 1521 2023 pneumaticum,
1537 1962 1564 2008 et
1586 1953 1688 2009 deinde
1700 1951 1836 2024 pneumatici

239 2038 279 2091 ita
305 2035 353 2091 air
378 2053 434 2090 nou
460 2037 578 2107 insurgit
600 2036 692 2091 subter
718 2034 819 2090 aerem.
860 2035 957 2105 ltaque
985 2034 1033 2087 alii
1067 2031 1140 2087 illius
1164 2034 1336 2102 exporrectio
1358 2033 1453 2087 itidem
1473 2040 1636 2097 notaretur,
1670 2041 1700 2087 ut
1720 2031 1837 2102 pensitatis

239 2116 311 2170 modi
327 2114 500 2186 excogitandi
513 2122 585 2169 sunt.
1066 2113 1205 2184 utriusque
1219 2113 1377 2175 rationibus,
1391 2112 1425 2167 de
1438 2112 1668 2182 multiplicatione
1682 2110 1787 2167 dimensi
1797 2109 1836 2163 evi

280 2195 370 2265 Atque
384 2195 418 2249 de
432 2194 638 2265 exporrectioue
656 2193 890 2264 pneumaticomm
908 2192 943 2246 ad
963 2191 1033 2246 invi·
1066 2190 1133 2245 dens
1147 2192 1340 2246 demonstratio
1353 2192 1413 2246 lieri
1426 2199 1526 2260 posset.

240 2291 308 2336 cem,
323 2274 447 2345 quodque
459 2273 525 2328 ordo
534 2281 562 2327 et
571 2274 655 2327 series
664 2272 792 2336 raritatis,
804 2271 891 2342 qualis
900 2272 930 2326 in
941 2272 1034 2326 tabula
1106 2270 1134 2325 3.
1157 2271 1321 2341 Accepimus
1346 2271 1430 2342 igitur
1456 2270 1580 2342 phialam
1605 2271 1721 2325 vitream
1741 2282 1835 2339 pamm·

239 2354 356 2423 ponitur,
370 2370 426 2407 non
439 2351 714 2417 leviteriuudatasit,
729 2352 845 2407 offerunt
861 2368 890 2406 se
909 2351 1034 2422 quasdam
1068 2367 1128 2420 quae
1141 2351 1376 2405 unciamiortasse
1394 2366 1476 2404 unam
1497 2368 1598 2422 capere
1617 2359 1716 2422 posset
1753 2349 1836 2402 lnean

240 2432 413 2503 probationes
432 2448 485 2486 non
504 2431 600 2487 malae:
629 2449 730 2497 verum,
751 2432 784 2485 de
802 2432 884 2485 certis
904 2431 1033 2502 gradibus
1067 2431 1178 2500 spiritus
1192 2431 1248 2483 viui
1263 2431 1341 2501 (quia
1354 2447 1391 2484 ex
1403 2429 1554 2501 liquoribus
1574 2431 1703 2500 proxime
1720 2425 1836 2483 soeedebtt

240 2510 394 2580 hujusmodi
408 2511 629 2582 exporrectiouis,
643 2519 670 2566 et
682 2527 774 2566 rursus
788 2511 821 2565 de
832 2512 1033 2580 exporrectione
1067 2509 1102 2563 sel
1115 2510 1323 2578 pneumaticum,
1344 2526 1406 2564 cum
1426 2517 1499 2563 esset
1518 2509 1689 2577 levissimus)
1702 2508 1794 2563 unciam
1804 2504 1835 2556 di·

240 2590 413 2662 pneumatici,
433 2592 582 2661 comparati
597 2592 631 2645 ad
650 2590 788 2663 tangibile,
808 2590 943 2644 difficilior
962 2599 1033 2644 certe
1067 2588 1179 2643 midiam
1191 2588 1347 2644 infudimus.
1387 2588 1494 2643 Deinde
1507 2589 1632 2643 vesicam
1652 2583 1835 2658 accepimusad

240 2676 284 2724 est
296 2670 443 2742 inquisitio.
1068 2668 1176 2723 modum
1199 2668 1336 2739 grandem,
1360 2676 1452 2738 utpote
1473 2685 1532 2739 qum
1555 2678 1622 2722 octo
1642 2669 1730 2739 pintae
1743 2662 1835 2719 vinarias

279 2748 372 2805 Primo
389 2750 473 2820 igitur
493 2749 582 2804 firmos
602 2766 704 2814 omnes,
726 2755 783 2802 tam
801 2748 931 2804 secundos
952 2764 1033 2821 quam
1068 2747 1235 2819 (gniorninm
1254 2747 1366 2813 scilicet,
1389 2755 1421 2802 ut
1439 2754 1572 2802 nostrates
1594 2745 1744 2819 appellant)
1760 2758 1834 2813 sapere

240 2828 349 2898 primos,
370 2828 442 2884 aeria
462 2830 600 2884 raritatem
622 2846 677 2883 nou
696 2844 803 2899 aquare
823 2836 1034 2883 cousentaneum
1067 2834 1167 2896 posset.
1208 2827 1307 2881 Vesica
1320 2834 1410 2881 autem
1424 2833 1482 2881 erat
1495 2842 1549 2880 non
1563 2837 1663 2892 vetus3
1684 2834 1711 2880 et
1720 2832 1835 2896 propterca

239 2916 297 2973 est;
325 2926 387 2964 curn
408 2907 449 2963 illi
470 2909 609 2979 conspicui
632 2909 692 2972 siut,
717 2908 766 2963 air
788 2907 915 2974 minime3
944 2925 1033 2980 neque
1066 2921 1121 2961 uon
1135 2907 1207 2961 sicca
1219 2912 1247 2962 et
1260 2906 1387 2972 renitens,
1402 2906 1451 2961 sed
1464 2923 1559 2961 recens
1572 2912 1604 2960 et
1618 2905 1717 2962 mollis.
1753 2899 1835 2959 lixills

239 2988 293 3059 ipsi
319 2988 458 3058 conspicui
478 2996 607 3043 maneant
632 2987 714 3058 paulo
741 2999 810 3059 post,
830 3006 893 3043 cum
919 3005 949 3043 se
976 2988 1033 3043 siri
1066 2986 1258 3042 vcsicaaerem
1266 3003 1381 3051 omnem,
1392 2986 1481 3057 quoad
1490 2987 1550 3040 fieri
1558 2986 1659 3056 potuit,
1669 2983 1833 3056 expressunt

240 3069 405 3123 miscuerint.
1067 3073 1098 3121 ut
1109 3065 1196 3121 latera
1209 3067 1268 3136 ejus
1283 3075 1374 3120 emeat
1392 3066 1471 3137 quasi
1489 3066 1623 3136 contigua
1642 3073 1671 3120 et
1690 3060 1834 3118 cohercuis-
1868 3101 1869 3132 ;

279 3146 685 3218 Post-iumosprmiumiaesse
704 3146 841 3201 tenuiores
860 3146 1032 3211 stratiotes,
1068 3145 1193 3201 Vesicam
1205 3147 1316 3216 insuper
1329 3162 1379 3216 per
1391 3144 1511 3199 exterius
1524 3144 1585 3198 oleo
1596 3162 1695 3216 parum
1706 3142 1834 3201 anninus
1868 3171 1869 3174 ¹

241 3227 307 3281 satis
321 3227 422 3298 liquetr
443 3244 504 3281 cum
518 3227 572 3281 sint
589 3227 707 3281 flammas
727 3226 859 3296 (corporis
878 3234 934 3280 tam
951 3226 1034 3281 subti-
1067 3231 1095 3277 et
1107 3225 1226 3279 molliter
1239 3223 1412 3279 fricavimus:
1432 3231 1464 3278 ut
1482 3225 1619 3294 porositaa
1633 3225 1729 3279 vesicas
1740 3218 1835 3275 uleoob

240 3304 288 3372 lis)
311 3307 451 3371 cadavera,
475 3311 503 3360 et
529 3305 690 3360 solutiones:
719 3306 906 3375 experimento
927 3322 1033 3376 quoque
1068 3311 1210 3369 tutaretur,
1225 3313 1305 3376 atque
1320 3304 1410 3368 etiam
1425 3312 1456 3358 ut
1471 3303 1534 3358 inde
1554 3303 1636 3358 fieret
1651 3302 1737 3374 magis
1750 3299 1834 3360 sedent»

241 3385 493 3440 manifestissimum
510 3392 558 3450 est,
573 3384 602 3439 iu
621 3384 760 3439 nocturnis
777 3384 948 3455 spectaculis,
963 3385 1033 3438 intra
1067 3390 1097 3436 et
1115 3383 1257 3438 tensibilia.
1300 3384 1380 3437 Hauc
1401 3384 1474 3436 circa
1494 3399 1525 3436 oa
1548 3382 1655 3453 phialae
1678 3386 1733 3451 (ore
1753 3377 1834 3433 aubert

240 3465 387 3530 ccenacula,
402 3482 464 3536 quea
477 3472 517 3518 tot
527 3462 636 3532 lychnis
645 3471 673 3518 et
686 3463 939 3529 iacibuacollucent,
949 3464 1033 3518 etiam
1067 3462 1168 3532 phialae
1181 3464 1253 3518 intra
1266 3480 1297 3516 oa
1317 3462 1414 3516 vesicae
1434 3462 1555 3532 recepto)
1571 3461 1763 3532 applicuimus3
1780 3472 1834 3510 eam·

241 3552 303 3615 post
316 3544 434 3614 plurium
444 3543 571 3598 horarum
582 3559 693 3607 moram,
706 3543 828 3597 sufficere
843 3542 935 3598 aerem
948 3543 1034 3613 respi·
1067 3558 1120 3612 que
1133 3542 1281 3596 filocerato
1294 3549 1367 3596 arcte
1380 3540 1534 3611 ligavimus
1575 3540 1650 3596 'l'um
1663 3536 1832 3608 demumpbia·

240 3624 346 3688 rationi,
361 3622 425 3677 licet
437 3631 477 3677 tot
494 3621 650 3692 post-tumis
666 3623 696 3676 in
710 3638 772 3676 eum
791 3623 916 3691 receptis.
957 3623 1033 3684 Quod
1066 3620 1218 3693 lamsupra
1236 3637 1337 3691 prunas
1356 3620 1480 3674 ardentes
1500 3620 1530 3674 in
1548 3619 1642 3675 ioculo
1663 3618 1832 3674 collocavimus

240 3703 263 3756 si
279 3703 394 3758 inissent
407 3702 449 3756 illi
463 3701 531 3757 inmi
542 3700 692 3771 praa-fumi,
707 3700 815 3772 (quales
829 3708 892 3756 sunt
905 3719 940 3756 ex
955 3700 1033 3772 lych-
1066 3700 1132 3754 Non
1145 3700 1185 3755 ita
1197 3700 1283 3755 muho
1296 3707 1358 3771 post
1370 3698 1533 3753 ascendebat
1546 3715 1616 3752 aura
1634 3700 1741 3771 spirituas
1751 3695 1799 3750 vini
1811 3694 1834 3745 in

240 3781 325 3836 nicet
345 3782 448 3836 facibus
468 3781 604 3845 extinctis,
619 3782 720 3852 absque
739 3779 872 3850 flamma)
888 3797 976 3846 nemo,
990 3777 1033 3835 vel
1066 3779 1192 3844 vesicam,
1211 3797 1325 3851 mmque
1344 3778 1476 3850 paulatim
1492 3778 1676 3850 undequaque
1696 3778 1788 3832 fortiter
1800 3771 1833 3826 td

240 3861 369 3933 adiunge
384 3861 516 3916 minorem
531 3878 643 3927 moram,
657 3859 850 3915 cossustiuere
864 3868 964 3930 posset
1066 3859 1175 3913 modum
1188 3859 1300 3913 inflavit.
1340 3858 1399 3919 Quo
1412 3858 1491 3922 iacto,
1505 3853 1833 3922 conunuovinumabigue

280 3942 397 4011 Spiritus
409 3939 913 4011 crudosquoscunqueiutangibilibus
926 3941 1033 3994 devinc-
1066 3939 1244 4003 removimus3
1275 3947 1303 3992 et
1322 3938 1353 3991 in
1373 3936 1528 3991 summitate
1547 3937 1648 3990 vesicae
1669 3937 1779 3990 toramen
1794 3946 1833 3983 ιω

240 4027 291 4081 tos,
306 4022 387 4074 etiam
401 4020 464 4075 ae're
485 4020 625 4073 densiores
650 4020 812 4087 judicamus.
853 4018 963 4073 Etenim
979 4020 1032 4088 api·
1066 4016 1187 4081 fecimus,
1202 4017 1415 4086 utaurapotius
1429 4017 1575 4086 expiraret,
1594 4033 1677 4087 quam
1693 4014 1832 4069 relabantur

240 4098 309 4152 ritus
330 4100 529 4170 vegetabilium,
548 4107 593 4153 aut
613 4099 773 4153 animalium
791 4104 964 4162 mortuorum,
986 4107 1033 4153 aut
1065 4096 1096 4151 in
1109 4105 1210 4167 guttas.
1250 4096 1357 4151 Deinde
1370 4097 1489 4150 vesicam
1506 4111 1523 4148 a
1541 4093 1638 4164 phiala
1656 4093 1832 4150 mecummet

240 4175 403 4244 hujusmodi,
431 4196 493 4234 cum
514 4178 710 4241 exhalaverint,
739 4177 885 4231 manifesto
913 4178 1033 4232 retinent
1066 4193 1116 4244 per
1131 4176 1231 4241 lauces,
1247 4182 1379 4246 quantum
1392 4175 1426 4228 de
1443 4173 1493 4228 illa
1510 4174 1663 4229 semiuncia
1677 4165 1831 4245 spiritmviui

241 4256 368 4324 quiddam
381 4274 417 4312 ex
429 4274 528 4322 crasso,
542 4258 599 4312 siva
615 4256 754 4327 tangibili:
773 4263 805 4311 nt
821 4256 896 4309 cerui
910 4257 1032 4311 daturin
1065 4255 1226 4309 diminutum
1239 4255 1343 4318 inisset,
1357 4262 1385 4308 et
1396 4253 1425 4307 in
1440 4270 1535 4308 numm
1547 4270 1665 4317 versum,
1678 4250 1830 4324 probavimus

239 4334 387 4400 odoribusr
418 4337 464 4407 qui
483 4354 544 4390 cum
561 4337 616 4391 sint
637 4336 705 4390 firmi
722 4352 803 4405 parce
820 4344 959 4400 exeuntes,
981 4353 1031 4390 nec
1065 4334 1132 4387 Erat
1146 4342 1236 4389 antem
1249 4333 1419 4404 deperditum
1432 4349 1488 4387 non
1501 4332 1562 4401 plus
1577 4331 1721 4402 (pondere)
1734 4326 1831 4384 bnans

240 4414 361 4477 conserti,
381 4423 412 4469 ut
435 4415 464 4468 in
487 4415 569 4470 firmia
589 4416 743 4487 conspicuis
766 4422 795 4468 et
816 4416 971 4486 vaporibus,
993 4423 1032 4470 ta-
1065 4430 1124 4468 sex.
1166 4413 1243 4468 Adeo
1262 4420 1294 4468 ut
1314 4429 1364 4467 sex
1381 4411 1423 4466 illi
1442 4412 1547 4467 denarii
1565 4412 1596 4466 iu
1614 4428 1725 4481 corpore
1742 4406 1831 4478 spiritu!

240 4509 311 4556 men,
331 4494 354 4546 si
378 4494 450 4547 nacti
471 4494 571 4548 fiterint
595 4494 698 4566 aliquid
718 4493 859 4563 tangibile,
880 4495 1031 4565 praesertim
1068 4493 1133 4557 vini,
1148 4494 1195 4563 qui
1210 4492 1446 4564 quadragesimam
1458 4498 1562 4561 partem
1576 4491 1662 4561 pintae
1676 4494 1717 4561 (ut
1729 4483 1829 4547 nemu)

239 4589 275 4626 ex
288 4572 464 4635 mollioribus,
478 4573 616 4642 applicant
628 4592 657 4628 se
671 4574 706 4628 ad
718 4573 794 4638 illud,
807 4580 835 4627 et
849 4574 929 4644 plane
942 4574 1032 4628 adhue.
1064 4588 1118 4625 nou
1131 4571 1287 4642 implebant,
1301 4572 1332 4625 in
1345 4587 1439 4626 auram
1452 4570 1532 4634 versi,
1551 4569 1671 4641 spatium
1687 4576 1745 4623 octo
1759 4567 1829 4638 pinta·

238 4658 305 4715 rent,
330 4650 452 4722 illudque
474 4652 555 4706 odore
575 4654 713 4718 inficiunt,
741 4659 772 4707 ut
792 4654 967 4707 manifestum
988 4654 1030 4719 sit,
1064 4651 1320 4723 rumadoequarent.

237 4730 301 4785 illos
318 4748 380 4786 cum
397 4747 490 4785 crassa
503 4740 602 4785 natura
615 4732 773 4787 affinitatem
787 4749 859 4803 aegre
873 4731 1007 4787 dirimere.
1143 4730 1260 4785 Memini
1274 4731 1356 4785 etiam
1365 4728 1484 4783 vesicam
1497 4728 1532 4781 ab
1541 4728 1606 4799 igue
1619 4745 1661 4782 re-
1684 4769 1790 4812 mm

277 4809 314 4864 At
323 4811 434 4880 spiritus
448 4809 523 4863 vivos
536 4808 598 4865 a‘e're
608 4810 669 4881 ipso
683 4811 821 4882 aliquanto
831 4813 946 4867 rariores
957 4812 1030 4866 exis-
1103 4818 1204 4867 motam
1215 4810 1327 4880 paulum
1340 4809 1497 4862 flaccessere
1510 4808 1660 4878 incepissee

237 4889 382 4944 timamusr
413 4896 471 4944 tum
493 4889 557 4960 quia
578 4890 780 4946 inflammantur
803 4890 944 4955 nonnihil;
974 4899 1031 4945 tum
1104 4896 1141 4952 ut,
1152 4906 1209 4943 non
1222 4889 1343 4944 obstante
1354 4896 1411 4942 tarn
1422 4887 1524 4958 insigni
1535 4887 1707 4955 expansione,
1717 4896 1766 4936 uon
1774 4874 1829 4966 tiit·

238 4970 302 5039 quia
316 4968 461 5038 diligenter
474 4969 581 5038 experti
593 4985 693 5033 mmor,
702 4968 794 5024 adrem
809 4971 844 5024 ad
857 4970 1031 5025 minuendum
1104 4978 1177 5022 retur
1199 4975 1290 5023 umen
1313 4984 1379 5023 aura
1399 4983 1476 5020 versa
1499 4965 1583 5020 fuisse
1607 4966 1637 5019 in
1655 4964 1828 5035 pneumatium
1868 5003 1869 5028 2

237 5057 284 5101 aut
295 5048 490 5103 sublevandum
499 5048 605 5118 pondus
615 5048 686 5103 nihil
696 5049 826 5104 conferre.
856 5049 931 5104 Nam
940 5050 1033 5106 vesica
1104 5064 1202 5118 purum
1219 5055 1246 5102 et
1265 5048 1357 5111 fixum
1371 5062 1433 5100 cnm
1446 5045 1481 5099 sd
1493 5062 1523 5099 se
1537 5043 1727 5099 restituendum
1739 5034 1828 5092 inclina

237 5127 332 5181 inflata
350 5135 464 5183 nonest
484 5144 569 5181 vacua
588 5132 615 5180 et
633 5143 788 5198 compressa
804 5128 897 5195 levior,
917 5145 979 5184 cum
996 5130 1032 5183 sit
1104 5136 1153 5182 ret
1183 5128 1310 5181 Attamen
1325 5125 1417 5179 tallere
1432 5125 1518 5194 possit
1530 5124 1584 5178 iroc
1598 5122 1828 5194 expertus-unu

237 5205 287 5259 illa
300 5214 390 5261 tamen
410 5206 514 5277 repleta
531 5205 610 5271 aere3
630 5223 681 5261 nec
702 5207 828 5262 similiter
848 5208 971 5279 spongia,
985 5217 1033 5263 aut
1104 5224 1141 5262 ex
1157 5223 1191 5261 eo
1204 5205 1388 5275 conjiciamus,
1401 5203 1493 5259 aerem
1506 5219 1675 5258 communem
1687 5213 1742 5252 esse
1758 5191 1827 5246 adbuc

237 5283 1031 5356 velluslanae,adrereiectaillisipsisvacuisleviorasrmt,
1104 5286 1259 5354 hujusmodi
1284 5301 1351 5338 aura
1373 5284 1516 5346 rarioremr
1546 5281 1673 5353 quouiam
1692 5274 1828 5359 arbitrii-⁰¹3¹

238 5361 301 5417 aiire
316 5363 435 5419 excluso.
475 5365 514 5419 At
527 5381 624 5434 corpus
634 5365 752 5420 animale
761 5364 854 5419 vivum
862 5373 890 5420 et
898 5374 1032 5421 mortuum
1105 5365 1228 5435 spiritum
1241 5363 1297 5418 vini
1310 5363 1339 5417 in
1353 5362 1554 5434 pneumaticum
1565 5376 1670 5416 versum
1683 5356 1752 5425 (lietb
1762 5363 1827 5403 mnt-

1701 1522 1796 1564 Historia

238 5441 370 5510 gruritate
396 5444 541 5499 manifesto
566 5443 708 5510 differuut3
737 5443 803 5498 licet
827 5443 902 5499 haud
929 5453 1032 5500 tantum
1104 5461 1148 5499 me
1175 5461 1280 5515 pmum,
1309 5444 1411 5510 tamen)
1438 5447 1550 5512 propter
1576 5441 1697 5501 calorem,
1721 5440 1825 5502 supanis
