3800 5875
234 281 291 337 562
772 274 953 332 HISTORIA
974 275 1072 329 Vtra
1093 273 1141 330 ΕΤ
1161 273 1313 330 Moatra.

234 448 263 493 et
275 454 403 510 processu
421 453 470 506 per
490 452 557 508 quos
571 438 655 498 fiunt;
671 442 750 504 atque
769 434 879 504 insuper
891 435 925 487 de
939 434 1026 487 desic·
1142 433 1284 487 Hactenus
1297 431 1419 485 instituta
1428 436 1470 484 est
1482 428 1623 500 inquisitio
1636 429 1670 482 de
1684 427 1851 498 longaevitate

234 518 357 581 cationis,
371 517 552 579 arefactionis,
571 524 599 569 et
617 513 829 583 consumptionis
842 512 1026 582 prohibitione
1102 520 1128 565 et
1141 511 1272 565 brevitate
1287 511 1357 575 vitas,
1372 518 1499 581 tanquam
1510 507 1691 561 inartificialis
1706 516 1734 560 et
1750 507 1781 560 in
1794 524 1853 561 con

234 604 263 652 ct
276 597 463 661 retardatione,
477 611 672 665 corporumque
689 594 718 647 in
738 610 788 646 suo
801 601 872 647 statu
886 610 1026 646 conserva-
1103 591 1179 655 l'usor
1200 590 1264 644 huic
1277 591 1393 659 adjicere
1402 589 1491 643 viamn
1503 596 1545 641 est
1557 586 1763 657 inquisitionem
1776 587 1853 640 arsit

235 676 323 741 tione;
345 683 425 747 atque
445 690 537 728 rursus
557 674 590 727 dc
613 688 763 742 corporum,
781 680 924 742 postquam
942 670 1027 726 semel
1103 670 1208 735 cialem,
1228 679 1310 740 atque
1329 669 1486 722 innuentem
1508 668 1543 720 ad
1563 667 1681 735 praxim,
1702 682 1752 735 per
1773 666 1853 718 inten-

235 754 341 809 arefieri
365 753 503 824 coeperint,
523 752 730 814 intenerationc,
756 758 784 804 et
805 750 977 815 emollitione,
999 758 1027 805 et
1103 750 1199 803 tiones.
1249 749 1298 802 Em
1320 764 1420 818 genere
1447 754 1510 800 aunt
1536 752 1601 800 tres.
1648 744 1853 799 Distribub'nnes

235 833 436 898 revirescentia,
450 831 607 903 diligentius
620 830 763 901 inquirito.
1102 838 1193 882 auteur
1206 828 1295 899 magia
1309 826 1484 896 particulares
1498 826 1681 878 intentionum
1691 840 1786 878 aarum
1799 842 1854 894 pro

312 913 411 983 Neque
425 910 560 966 tamende
575 910 619 964 his
633 910 700 979 ipsis
714 908 888 978 perfectaaut
901 915 1027 962 accurata
1102 923 1242 977 ponemus,
1261 924 1323 961 cum
1350 906 1385 960 sd
1410 906 1497 974 ipsam
1521 903 1727 975 inquisitionem
1750 911 1854 957 rentum

275 991 400 1045 facienda
426 998 469 1045 est
494 989 643 1060 inquisitio,
665 1004 728 1042 curn
749 1005 785 1042 ex
810 988 921 1058 proprio
947 987 1027 1041 titulo
1104 987 1163 1041 erit.
1204 987 1272 1040 Tres
1285 985 1340 1040 illas
1348 984 1512 1039 intentiones
1522 982 1669 1052 generales
1679 982 1853 1052 sunt2pcobi

276 1069 407 1125 durabilia
420 1069 480 1125 haec
493 1069 616 1139 depromi
632 1067 755 1131 debeam,
775 1083 890 1137 cumque
903 1083 958 1120 nnn
973 1067 1027 1119 sint
1102 1065 1170 1120 bitio
1183 1064 1411 1135 consumptioniv;
1426 1063 1558 1134 perfectio
1570 1062 1772 1133 reparationis;
1785 1078 1854 1115 nmo

274 1149 304 1203 in
327 1148 501 1220 inquisitione
526 1147 655 1218 prasenti
677 1145 847 1216 principalia,
868 1146 916 1200 sed
934 1144 1027 1199 lumen
1104 1146 1178 1200 vatio
1191 1144 1374 1200 retentionis.

276 1227 460 1282 tantummodo
480 1227 601 1298 proebent
621 1226 656 1279 nd
678 1225 911 1296 prolongationem
933 1232 962 1278 et
988 1225 1027 1277 in·
1107 1224 1152 1279 12.
1174 1225 1217 1278 De
1231 1225 1273 1287 ils,
1284 1239 1345 1294 quaa
1357 1238 1455 1291 corpus
1468 1221 1498 1274 in
1511 1219 1624 1273 homine
1639 1220 1676 1272 ab
1695 1219 1854 1274 amiactime

276 1307 469 1362 staurationem
482 1308 544 1361 vita
558 1304 772 1360 inanimalibus.
801 1304 833 1358 ln
848 1304 946 1374 quibus
960 1303 1027 1372 ipsis
1065 1311 1092 1357 et
1105 1304 1308 1373 consumptione
1323 1307 1484 1355 conservant
1501 1306 1529 1353 et
1549 1298 1689 1363 eximunt,
1704 1297 1854 1353 antsaltcnr

276 1386 318 1458 (ut
334 1387 392 1455 jam
411 1386 514 1441 dietum
528 1387 582 1453 est)
596 1384 691 1438 eadem
711 1384 767 1438 lere
782 1400 833 1437 usu
845 1383 965 1445 veniunt,
979 1383 1027 1436 aed
1065 1383 1270 1437 inclinationem
1291 1381 1326 1436 ad
1348 1396 1396 1435 eas
1418 1386 1587 1434 remorantur
1611 1389 1640 1432 et
1663 1378 1801 1441 diffensus
1819 1378 1855 1431 in

276 1466 425 1521 suomodc.
454 1462 1026 1535 Ablaquisltioneautemcircainanlmsta,
1066 1462 1173 1532 quisito.

275 1544 485 1616 etvegetabilia,
494 1549 615 1598 transeat
624 1540 764 1613 inquisitio
774 1542 809 1595 ad
819 1541 947 1596 animalia
961 1558 1027 1611 pras·
1109 1541 1153 1595 13.
1174 1540 1267 1604 Delie,
1276 1557 1337 1610 quas
1349 1536 1696 1608 pertiuentsdunirersum
1706 1552 1853 1607 mocessnm

274 1631 316 1678 ter
328 1623 476 1679 hominem.
1065 1619 1276 1674 alimentationls
1285 1619 1366 1686 (unde
1377 1620 1408 1671 lit
1417 1618 1552 1687 reparatio
1565 1617 1594 1669 in
1605 1632 1722 1685 corpore
1729 1616 1853 1683 borninis)

275 1703 303 1758 3.
324 1704 367 1758 De
387 1702 546 1757 animalium
564 1700 747 1771 longaevitate,
770 1706 797 1755 et
814 1699 943 1754 brevitate
957 1700 1027 1763 vita,
1065 1706 1095 1753 ut
1108 1700 1144 1753 ait
1157 1700 1249 1770 proba,
1264 1706 1290 1753 et
1304 1698 1417 1752 minima
1430 1714 1493 1751 cum
1498 1698 1616 1764 jactura,
1631 1696 1773 1765 inquirito.

236 1799 298 1837 cum
312 1781 522 1837 circumstantiis
535 1780 641 1843 debitia,
656 1797 718 1850 qum
735 1780 771 1834 ad
787 1778 942 1848 hujusmodi
964 1779 1027 1833 aevi·
1109 1780 1151 1833 14.
1172 1779 1215 1833 De
1235 1778 1278 1841 iis,
1292 1795 1352 1849 qum
1370 1783 1490 1847 purgant
1509 1776 1665 1828 inveterata
1684 1784 1712 1828 et
1730 1785 1853 1845 reponunt

236 1869 307 1916 tates
317 1863 459 1916 videantur
472 1861 569 1925 lacere,
583 1858 722 1929 inquirito.
1066 1874 1143 1923 nora,
1152 1874 1266 1928 quoeque
1277 1857 1359 1910 etiam
1372 1873 1413 1919 ea,
1422 1873 1482 1926 qum
1492 1855 1551 1922 jam
1560 1854 1685 1907 melaeta
1698 1861 1727 1907 et
1739 1854 1853 1908 ineman

275 1944 302 1996 4.
323 1941 457 2002 Quoniam
477 1956 542 1993 vero
563 1936 666 2008 duplex
686 1945 728 1992 est
747 1937 854 1991 duratio
876 1952 1026 2007 corporum,
1065 1945 1135 2003 sunt,
1146 1954 1237 1991 rursus
1251 1938 1402 1990 intererant
1415 1944 1442 1989 et
1455 1934 1622 1997 humectant,
1637 1934 1783 2004 inquirito.

236 2019 323 2074 altera
332 2019 362 2074 in
372 2018 514 2074 identitate
522 2015 651 2087 simplici,
659 2016 744 2070 altera
753 2033 803 2086 per
813 2018 1025 2085 reparationem
1144 2016 1278 2077 Quoniam
1304 2032 1369 2069 vero
1392 2014 1503 2068 difficile
1530 2022 1572 2067 est
1594 2014 1657 2067 sias
1685 2013 1722 2066 ad
1747 2019 1853 2068 mertem

237 2115 350 2168 quarum
364 2099 454 2168 prima
463 2098 493 2151 in
506 2095 662 2151 inanimatis
672 2103 777 2150 tantum
789 2095 900 2159 obtinet,
910 2095 1028 2149 secunda
1104 2113 1192 2158 nosse,
1206 2095 1259 2148 nisi
1274 2095 1360 2164 ipsius
1371 2094 1465 2149 mortis
1479 2092 1572 2147 sedem
1581 2100 1610 2145 et
1623 2093 1794 2147 domicilium
1804 2091 1854 2161 (rel

237 2177 266 2231 in
293 2176 496 2248 vegetabilibus,
520 2182 548 2230 et
570 2174 741 2240 animalibus,
763 2182 791 2229 et
816 2174 955 2245 proficitur
980 2191 1028 2244 per
1105 2184 1211 2230 antrum
1231 2175 1332 2244 potius)
1348 2180 1529 2243 perscrutatus
1544 2172 1583 2226 sis
1600 2180 1630 2225 et
1650 2172 1804 2235 invencris;
1823 2173 1854 2225 de

236 2256 486 2319 alimentationemr
501 2255 563 2309 ideo
577 2255 610 2308 de
623 2254 834 2318 alimentatione,
846 2253 957 2324 ejusque
966 2254 1026 2316 viis,
1105 2254 1157 2308 hoc
1172 2254 1345 2308 laciendaest
1357 2252 1515 2323 inquisitio;
1530 2268 1621 2322 neque
1636 2259 1731 2305 tamen
1745 2253 1777 2307 dc
1787 2253 1854 2306 unni

236 2342 264 2389 et
274 2351 402 2404 processu
414 2334 558 2405 inquirito:
579 2350 666 2403 neque
680 2333 708 2387 ld
721 2334 812 2404 ipsum
823 2341 918 2387 exacte
934 2334 1027 2402 (perti
1104 2351 1204 2404 genere
1221 2333 1325 2397 mortis,
1344 2332 1391 2386 sed
1409 2339 1514 2385 tantum
1535 2331 1569 2385 de
1591 2331 1627 2384 iis
1647 2332 1787 2395 mortibus
1800 2349 1855 2403 qne

236 2423 283 2467 net
296 2415 370 2468 enim
384 2414 419 2468 ad
432 2413 524 2468 titulos
537 2413 747 2479 assimilationis,
761 2420 788 2468 et
801 2410 1026 2481 alimentatlonis)
1104 2413 1256 2467 inferuntur
1274 2429 1323 2482 per
1344 2411 1524 2482 privationem
1545 2419 1574 2464 et
1596 2410 1787 2481 indigentiam,
1805 2428 1856 2465 non

237 2493 292 2557 sed,
307 2493 464 2565 etreliqua,
478 2494 508 2546 ln
522 2492 644 2546 banmtn.
976 2486 979 2491 ’
1103 2509 1154 2563 per
1166 2491 1322 2545 violentiam
1334 2514 1341 2554 3
1362 2490 1418 2545 illm
1438 2491 1512 2545 enim
1533 2496 1598 2544 sunt
1618 2497 1735 2555 tantum,
1749 2509 1808 2562 qua
1824 2490 1854 2543 ad

315 2572 359 2627 Ab
379 2572 555 2643 inquisitione
573 2572 647 2626 eirca
665 2570 801 2636 animalis,
817 2576 899 2642 atque
915 2569 1027 2624 alimen·
1104 2572 1258 2641 atrophiam
1272 2570 1384 2625 senilem
1398 2577 1531 2640 spectant

275 2659 339 2718 tata,
360 2658 480 2707 transeat
502 2651 552 2705 illa
574 2651 609 2705 ad
631 2651 782 2704 hominemc
803 2667 864 2704 cum
885 2666 950 2703 vero
968 2650 1026 2716 jam
1107 2650 1151 2705 ts.
1172 2652 1215 2704 De
1229 2649 1344 2705 articulo
1355 2650 1458 2714 mortis,
1472 2655 1500 2702 et
1513 2649 1546 2703 de
1558 2648 1668 2704 atriolis
1682 2649 1787 2715 mortis,
1800 2666 1854 2719 qna

276 2731 418 2786 deventum
428 2729 856 2801 sitadsubjectumlnquisitionis
866 2727 1025 2799 principale,
1064 2730 1099 2784 ad
1112 2730 1189 2785 illurn
1203 2731 1309 2794 ducant,
1325 2729 1360 2783 ab
1373 2729 1447 2783 omni
1460 2737 1543 2798 parte,
1556 2730 1594 2796 (si
1609 2730 1694 2783 modo
1707 2729 1736 2782 id
1748 2729 1795 2782 liat
1812 2744 1853 2797 per

275 2811 356 2865 debet
365 2826 425 2864 esse
437 2809 468 2863 in
487 2809 612 2864 omnibus
625 2810 766 2880 inquisitio
778 2808 868 2879 magis
881 2816 986 2873 exacta,
1000 2816 1027 2862 et
1064 2810 1251 2882 indigentiam,
1266 2816 1293 2862 et
1305 2825 1359 2862 non
1372 2825 1422 2878 per
1434 2806 1613 2875 violentiam)
1627 2808 1770 2879 inquisitu

274 2889 396 2944 numeria
409 2889 465 2945 suis
479 2888 611 2944 absoluta.
1142 2889 1294 2954 Postremo,
1308 2889 1437 2960 quoniam
1454 2887 1566 2959 expedit
1579 2904 1663 2943 nosse
1694 2887 1853 2942 barsam

276 2969 304 3024 5.
324 2970 367 3023 De
381 2968 561 3041 longevitate,
575 2976 603 3022 et
614 2967 748 3022 brevitate
758 2964 1026 3031 ritealnhomlnibus,
1103 2977 1132 3023 et
1145 2969 1260 3024 formam
1274 2969 1427 3032 senectutis,
1446 2967 1520 3038 quod
1539 2969 1586 3021 fiet
1606 2969 1722 3038 optimc,
1734 2968 1758 3022 si
1771 2968 1853 3022 dider-

236 3050 384 3104 sccundum
394 3055 488 3103 aetates
501 3047 601 3111 mundi,
613 3047 783 3119 regioneaet
795 3046 913 3112 elimata,
924 3053 954 3101 et
967 3046 1027 3100 loca
1104 3049 1193 3103 entias
1214 3064 1309 3103 omnes
1330 3048 1360 3102 in
1383 3055 1454 3103 statn
1473 3047 1595 3117 eorporis
1618 3057 1648 3102 et
1670 3047 1853 3109 functionibus

236 3128 386 3182 nativitatis
399 3134 427 3181 et
440 3126 624 3192 habitationis,
637 3126 774 3197 inquirito.
1102 3129 1175 3182 inter
1193 3128 1363 3196 juventutem
1379 3135 1407 3181 ct
1426 3134 1602 3191 senectutem,
1615 3127 1766 3198 diligenter
1778 3126 1853 3181 colle·

276 3206 304 3261 6.
326 3207 369 3260 De
383 3207 564 3277 longevitate,
572 3213 600 3261 et
613 3206 742 3260 brevitate
752 3204 815 3259 vitas
823 3204 1026 3270 inhominibua,
1103 3208 1183 3278 geris,
1205 3215 1236 3260 ut
1257 3224 1294 3261 ex
1312 3207 1348 3262 lis
1365 3206 1521 3277 perspicere
1539 3207 1639 3276 possis,
1660 3206 1728 3278 qnid
1746 3208 1781 3262 sit
1793 3204 1854 3259 illud

236 3285 382 3340 secundum
395 3286 559 3357 propagines
572 3292 601 3340 et
614 3286 712 3355 stirpes
725 3300 788 3338 suas
803 3285 1027 3355 (tanquamesset
1103 3288 1219 3351 tandem,
1240 3286 1312 3358 quod
1334 3287 1363 3340 in
1387 3293 1427 3339 tot
1447 3285 1560 3340 effectus
1582 3286 1755 3351 lrondoecat3
1777 3287 1854 3341 ctiam

236 3364 438 3431 haereditaria);
454 3372 534 3436 atque
547 3364 630 3419 etiarn
651 3364 798 3419 secundum
813 3362 1025 3432 complexiones,
1103 3364 1175 3419 hane
1188 3366 1392 3436 inquisitionem
1401 3382 1436 3420 ne
1451 3365 1576 3419 omittito.

235 3444 446 3508 constitutiones,
461 3450 488 3497 et
507 3442 617 3498 habitus
637 3443 766 3514 corporis,
781 3449 906 3506 staturas,
921 3459 1027 3497 necnon
1108 3444 1152 3499 16.
1174 3446 1217 3499 De
1235 3445 1396 3500 differentiis
1409 3451 1493 3499 statim
1512 3445 1635 3515 corporis
1655 3453 1684 3499 et
1705 3444 1855 3500 facultatum

235 3523 337 3588 modos,
364 3529 393 3577 et
419 3523 508 3593 spatia
534 3522 738 3593 grandescendi,
765 3530 846 3592 atque
880 3522 1027 3577 secundum
1064 3525 1251 3593 injuventute
1279 3533 1361 3596 atque
1388 3526 1418 3579 in
1444 3531 1602 3588 senectuter
1627 3533 1656 3578 et
1679 3525 1704 3580 si
1732 3524 1797 3595 quid
1821 3523 1855 3576 sit

235 3603 417 3657 membrorum
431 3602 548 3655 lecturas
561 3609 589 3657 et
601 3618 754 3673 compages,
768 3600 908 3673 inquirito.
1064 3604 1204 3672 ejusmodi,
1216 3604 1289 3676 quod
1302 3606 1331 3657 in
1342 3611 1478 3659 senectute
1491 3612 1608 3670 maneat,
1617 3621 1708 3675 neque
1718 3603 1855 3664 minuatur,

276 3678 303 3741 7.
324 3681 367 3736 De
380 3681 559 3751 longevitate,
567 3688 594 3735 et
606 3680 740 3735 brevitate
749 3681 811 3735 ritas
820 3681 850 3733 in
864 3681 1026 3747 hominibus,
1064 3684 1208 3755 diligenter
1220 3684 1357 3755 inquirito.

235 3761 383 3815 monadum
398 3768 520 3832 tempora
531 3761 686 3823 nativitatis,
699 3760 738 3814 ita
750 3760 886 3830 inquirito,
901 3770 931 3815 ut
943 3769 1026 3816 astro

235 3838 325 3911 logica
337 3848 365 3894 et
379 3839 519 3894 schemata
532 3840 594 3893 coeli
607 3840 636 3894 in
650 3841 795 3909 prasentia
813 3841 940 3904 omittasr
961 3843 1027 3895 reci·

235 3919 293 3988 pito
306 3925 411 3974 tantum
424 3919 626 3974 observationes
641 3919 677 3989 (ai
697 3936 758 3989 quse
774 3918 841 3986 sint)
857 3918 987 3989 plebeias,
1000 3927 1027 3974 et
1106 3917 1130 3971 l.
1151 3916 1265 3971 Metalla
1284 3917 1312 3971 in
1335 3926 1438 3972 tantum
1453 3936 1540 3972 aarum
1554 3918 1662 3980 durant,

235 3998 402 4063 manifestas,
424 3998 458 4053 de
477 3997 601 4069 partibus
627 3998 751 4068 septimo,
774 4006 877 4063 octavo,
897 4015 977 4064 nono,
999 4007 1027 4054 et
1064 4003 1092 4050 ut
1106 4003 1212 4066 tempus
1220 3997 1367 4051 durationis
1378 3998 1506 4068 ipsorum,
1516 3997 1661 4052 hominum
1718 3979 1834 4071 ffffl'

235 4076 341 4131 decimo
353 4094 465 4143 mensec
481 4078 564 4132 etiam
577 4083 667 4140 noctu,
681 4077 806 4143 interdiu,
823 4087 852 4132 et
865 4096 920 4149 qno
932 4095 1026 4133 mense
1064 4076 1279 4130 observationem
1302 4076 1398 4148 fugiat.
1438 4076 1531 4130 Etiam
1551 4076 1662 4148 qnando

235 4157 323 4210 anull
1064 4154 1204 4210 solvuntur
1216 4173 1266 4226 per
1279 4164 1396 4218 atatem,
1410 4156 1565 4226 rubiginem
1578 4156 1729 4221 solvuntur,
1743 4172 1797 4210 non
1810 4169 1856 4225 pes

275 4234 302 4290 8.
323 4234 365 4288 De
375 4234 555 4305 longevitate,
564 4243 591 4289 et
603 4236 736 4290 brevitate
744 4236 808 4291 ritca
818 4236 845 4290 in
860 4235 1025 4302 hominibus,
1064 4235 1306 4304 perspiratiouem3
1327 4252 1423 4290 aurum
1433 4245 1524 4290 autem
1536 4253 1587 4306 per
1600 4245 1738 4290 neutrum.

235 4314 380 4368 secundum
394 4315 501 4379 victum,
516 4314 616 4380 mestas,
631 4316 753 4385 regimen
762 4315 832 4381 vitae,
847 4315 985 4380 exercitia,
999 4324 1027 4370 et
1103 4314 1130 4368 2.
1152 4313 1301 4385 Argentum
1315 4315 1414 4378 urum,
1425 4314 1490 4368 licet
1500 4314 1642 4369 humidum
1653 4316 1691 4369 sit
1701 4325 1728 4370 et
1737 4314 1854 4372 tudun

234 4392 343 4457 similia,
356 4393 501 4463 inquirit03
521 4410 586 4448 nam
599 4403 733 4465 quatenus
751 4396 785 4448 ad
805 4395 950 4459 aeremia
972 4412 1026 4467 quo
1063 4398 1145 4464 atque
1165 4410 1214 4464 per
1235 4394 1327 4464 ignem
1350 4394 1431 4448 facile
1450 4395 1499 4448 fiat
1513 4393 1641 4456 volatile;
1664 4404 1758 4450 tamen
1771 4391 1854 4465 (qnod

235 4471 335 4536 urunt,
359 4479 387 4526 et
413 4480 552 4528 morantur
579 4474 713 4540 homines,
734 4474 768 4528 de
793 4490 834 4538 eo,
855 4474 885 4527 in
912 4475 1026 4528 articulo
1063 4472 1199 4542 novimus)
1214 4473 1315 4543 absque
1329 4474 1401 4544 igne,
1416 4489 1466 4543 per
1485 4481 1592 4527 estatem
1612 4474 1710 4539 solam
1723 4489 1774 4528 nee
1793 4488 1854 4527 cm-

234 4550 372 4618 snperlore
395 4550 429 4605 dc
452 4552 520 4607 locis
539 4553 723 4617 habitationis,
747 4553 847 4625 inquiri
867 4553 966 4608 debere
987 4554 1027 4608 in·
1063 4553 1184 4615 sumitur,
1197 4568 1249 4606 nec
1262 4553 1398 4607 contrahit
1412 4553 1576 4623 rubiginem.

234 4628 392 4702 telligimus.
1074 4639 1076 4641 ’
1102 4631 1130 4686 3.
1151 4631 1278 4701 Lapides,
1292 4633 1442 4702 prasertim
1455 4632 1584 4696 duriores,
1599 4639 1629 4686 et
1648 4628 1854 4702 complusculis

275 4708 302 4764 9.
322 4709 365 4764 De
379 4709 560 4780 longevitate,
571 4719 600 4765 et
609 4711 811 4767 brevitateritas
820 4711 849 4764 in
862 4710 1025 4775 bominibus,
1063 4727 1098 4766 ex
1111 4710 1258 4776 fossilibus,
1271 4711 1347 4781 longi
1361 4719 1424 4765 erint
1439 4712 1509 4775 scvi3
1530 4711 1612 4782 idque
1633 4710 1703 4765 lieet
1723 4725 1853 4781 expenso

233 4788 380 4844 secundum
394 4788 484 4844 studia
497 4799 526 4844 et
545 4808 646 4861 genera
662 4792 734 4855 ritae,
749 4799 777 4845 et
792 4790 904 4845 affectus
918 4791 1024 4855 animae,
1063 4791 1146 4844 turin
1160 4789 1268 4855 seretur
1289 4790 1478 4859 multomagis
1495 4791 1559 4845 dnm
1572 4790 1727 4845 conduntur
1740 4790 1791 4844 sub
1808 4799 1852 4841 ter·

233 4876 260 4921 ct
274 4869 349 4922 varia
362 4869 521 4933 accidentia,
536 4870 675 4942 inquirito.
1063 4886 1109 4932 rar
1130 4877 1249 4923 attamen
1261 4870 1361 4924 nitrum
1375 4870 1510 4940 quoddam
1521 4869 1655 4940 colligunt
1662 4868 1776 4940 lapides,
1787 4865 1851 4939 qnod

276 4947 319 5003 10.
340 4948 382 5001 Dc
392 4948 541 5014 medicinis,
553 4967 613 5020 quae
626 4955 752 5019 putantur
759 4949 841 5003 vitam
854 4948 1025 5020 prolongare,
1063 4948 1119 5002 illis
1133 4956 1173 5002 est
1186 4949 1274 5004 instar
1283 4949 1432 5019 rubiginis:
1447 4966 1564 5020 gemmis
1570 4958 1665 5003 autem
1680 4957 1711 5003 et
1722 4947 1851 5018 crystalla,

233 5042 355 5082 seorsum
367 5027 505 5097 inquirito.
1062 5027 1172 5083 metalla
1186 5028 1247 5097 ipss
1259 5045 1318 5082 aero
1327 5035 1471 5098 superant:
1486 5037 1606 5084 attamen
1615 5028 1722 5084 clarore
1736 5042 1852 5083 mono-

275 5106 319 5160 ll.
340 5106 513 5176 Designiset
526 5107 708 5177 prognosticis
718 5103 782 5161 vitea
792 5106 881 5177 longa
891 5113 918 5161 et
927 5107 1025 5171 brevis,
1062 5106 1132 5161 nihil
1145 5106 1257 5178 alonge
1270 5113 1350 5162 astate
1363 5106 1535 5162 mulctantur.

232 5198 287 5237 nors
309 5184 366 5240 illis
387 5203 449 5256 quas
472 5193 586 5240 mortem
609 5187 739 5239 denotant
759 5186 788 5238 in
811 5186 964 5256 propinquo
985 5188 1026 5254 (id
1102 5188 1128 5240 4.
1150 5185 1329 5241 Observatum
1343 5194 1392 5248 est,
1405 5187 1511 5256 lapides
1525 5203 1560 5241 ex
1574 5194 1651 5256 parte
1670 5185 1853 5243 heremitica

233 5262 306 5317 enim
315 5265 351 5317 ad
363 5264 506 5318 historiam
519 5263 707 5318 medicinalem
721 5265 867 5334 pertinet);
883 5266 930 5319 sed
945 5266 978 5319 de
992 5267 1026 5320 iis
1064 5266 1192 5335 temporis
1206 5266 1345 5320 edacldate
1359 5267 1488 5329 consumi,
1504 5282 1586 5336 qnam
1599 5276 1693 5323 auaro
1705 5266 1852 5336 expositos.

1312 3823 1428 3862 NATURA
1448 3823 1613 3863 nonantula.

234 5356 294 5408 quae
313 5343 394 5396 etiam
416 5343 445 5396 in
461 5342 575 5396 sanitate
593 5349 725 5411 apparent
744 5351 773 5396 et
789 5343 973 5410 observantur,
987 5346 1026 5400 in·
1062 5345 1143 5415 idque
1157 5352 1184 5397 et
1198 5346 1227 5397 in
1241 5345 1433 5414 pyramidibus,
1448 5356 1476 5398 at
1489 5346 1518 5398 in
1532 5345 1650 5414 templis,
1664 5357 1694 5401 et
1709 5345 1772 5400 aliis
1789 5343 1852 5398 adi-

234 5417 344 5484 quiriro;
358 5420 415 5473 sive
430 5420 483 5474 sint
497 5419 731 5491 physiognomica,
746 5422 804 5475 sive
815 5420 877 5477 alia.
1062 5423 1132 5478 ficiis
1149 5425 1321 5479 manifestum
1346 5440 1424 5479 esse:
1446 5424 1546 5480 ferrum
1567 5434 1670 5492 contra,
1684 5427 1719 5480 ad
1737 5433 1852 5478 austnrm
