3800 5875
534 373 763 432 DESCRIPTIO
785 373 899 430 GLOBI
922 371 1260 431 INTELLECTUALIS.
1652 375 1706 431 661

81 546 134 585 suo
156 536 185 585 et
203 547 240 585 ex
262 530 368 586 consita
390 530 447 586 sire
468 531 647 589 collocatione
670 550 728 588 sua,
769 534 879 588 Etenim
917 535 1082 596 minuantur,
1098 540 1266 605 generentur,
1288 532 1515 603 exstinguantur?
1536 531 1625 604 Atque
1638 541 1711 587 certe

79 627 182 665 massa
202 611 327 678 majores,
340 610 393 664 boc
412 617 461 675 est,
481 629 595 682 corpora
612 614 803 680 connaturalia,
819 631 880 684 quae
917 630 954 667 ex
967 613 1103 667 veteribus
1113 612 1212 683 aliquis
1223 612 1409 666 observatione
1421 613 1537 684 quadam
1552 611 1660 682 plebeis
1673 613 1710 667 ali

79 699 284 760 congregantur
296 691 326 743 in
339 690 387 744 tali
402 698 509 761 quanto,
525 693 597 763 quod
610 692 710 746 babeat
723 693 879 763 analogiam
917 701 992 746 astra
1005 693 1117 763 putavit,
1133 693 1217 746 instar
1231 692 1311 761 iguis,
1326 700 1406 761 atque
1426 707 1512 763 aquas
1531 700 1559 744 et
1578 708 1711 746 oceanum

80 768 118 820 ad
132 785 268 822 summam
278 769 403 832 universi,
417 770 531 823 induunt
541 772 654 825 virtutes
664 772 802 835 cosmicas,
819 790 880 843 qum
917 780 944 824 et
957 770 1148 825 humiditatem
1162 778 1241 824 terrae
1255 771 1408 840 depascere,
1422 778 1502 841 atque
1517 787 1553 824 ex
1567 771 1711 839 vaporibus

77 847 111 899 in
131 849 302 916 portionibus
322 849 380 902 suis
402 849 556 904 nullatenus
577 851 754 920 reperiuntur.
806 851 878 904 Nam
917 858 945 903 et
959 849 1089 904 halitibus
1103 850 1233 920 reparari.
1275 850 1423 910 Quaecerte
1438 850 1530 919 opinio
1542 865 1595 903 non
1606 850 1711 904 ridetur

79 943 209 990 oceanus,
224 928 271 999 qui
286 936 327 981 est
340 945 473 998 aquarum
486 929 662 1001 congregatio
675 930 802 993 maxima,
820 930 880 984 fluit
917 930 1001 998 digna
1029 947 1097 991 esse,
1124 937 1155 983 ut
1181 929 1324 999 quaestioni
1350 930 1491 983 materiam
1515 929 1709 982 subministret.

78 1012 109 1058 et
132 1006 239 1070 refluit,
261 1015 289 1060 at
310 1014 409 1078 stagna
427 1015 455 1061 et
478 1007 563 1074 lacus,
586 1009 708 1064 minime.
749 1009 880 1062 Similiter
916 1010 990 1062 Nam
1014 1016 1042 1062 et
1068 1024 1183 1078 vapores
1206 1008 1359 1076 hujusmodi
1383 1007 1463 1079 longe
1488 1007 1557 1061 citra
1577 1015 1711 1062 astrorum

79 1084 212 1138 universa
226 1093 297 1139 terra
310 1086 416 1157 pendet,
432 1088 521 1157 portio
535 1097 614 1142 terrae
636 1088 715 1143 cadit
757 1087 879 1142 Colloca-
917 1086 1073 1141 altitudines
1082 1087 1216 1141 deficiunt.
1246 1088 1343 1157 Neque
1357 1086 1464 1141 illorum
1479 1094 1554 1140 tanta
1567 1095 1610 1140 est
1623 1086 1709 1156 copia,

78 1162 121 1216 tio
135 1173 228 1218 autem
243 1165 311 1219 eutis
325 1165 435 1234 plurimi
453 1167 594 1221 adomnia
612 1167 738 1222 momenti
754 1177 798 1221 est
811 1175 837 1221 et
850 1168 878 1221 in
917 1175 946 1220 nt
961 1176 988 1220 et
1002 1168 1080 1238 aquis
1095 1175 1121 1220 et
1134 1174 1213 1220 terrea
1229 1183 1277 1235 per
1294 1165 1399 1235 pluvias
1416 1175 1443 1220 et
1456 1183 1531 1220 rores
1545 1165 1709 1235 reparandis,

78 1244 255 1313 portionibus
269 1245 417 1313 majoribus
427 1254 454 1299 et
466 1245 623 1310 minoribus,
633 1255 742 1317 propter
751 1247 879 1318 contigua
916 1255 997 1317 atque
1012 1247 1123 1315 insuper
1134 1252 1173 1298 tot
1188 1255 1214 1298 et
1229 1246 1311 1298 tantis
1325 1245 1414 1315 globis
1425 1245 1579 1298 coelestibus
1590 1246 1711 1298 reficien-

78 1328 109 1374 et
122 1322 284 1391 adjacentia,
298 1323 342 1377 vel
356 1326 443 1378 amica
456 1325 500 1379 vel
514 1326 635 1380 inimica.
679 1325 714 1380 rit
728 1327 812 1380 multo
824 1343 879 1379 ma·
916 1324 958 1378 dis
986 1326 1107 1380 sufficere
1131 1323 1187 1378 ullo
1214 1325 1294 1378 modo
1321 1333 1438 1394 queant;
1469 1324 1620 1394 praesertim
1647 1341 1708 1377 cum

75 1401 171 1469 jorem
183 1403 264 1455 etiam
283 1403 390 1457 evenire
410 1421 521 1459 necesse
535 1413 578 1460 est
587 1405 727 1460 actionum
741 1406 879 1460 diversita-
915 1405 1089 1460 manifestum
1103 1406 1138 1457 sit
1152 1412 1251 1458 terram
1262 1411 1290 1458 et
1303 1420 1434 1457 oceanum
1448 1403 1562 1456 humore
1572 1402 1710 1456 evidenter

78 1489 138 1535 tem
152 1482 223 1534 inter
236 1481 328 1552 iguem
340 1491 472 1537 astrorum
486 1491 514 1538 et
527 1491 655 1549 nostrum,
674 1485 739 1556 quia
752 1502 806 1539 non
821 1492 878 1539 tan·
915 1484 1064 1552 permulta
1082 1485 1140 1552 jam
1154 1481 1245 1537 secula
1259 1500 1313 1536 non
1326 1484 1492 1549 decrescere,
1506 1490 1536 1535 ut
1554 1482 1709 1535 tantundem

78 1566 141 1613 tum
156 1560 183 1612 in
199 1570 300 1630 quanto
314 1570 341 1616 et
359 1562 544 1628 collocatione,
559 1565 699 1619 sedetiam
714 1565 741 1619 in
757 1564 878 1618 substan·
915 1563 1009 1631 reponi
1023 1564 1153 1627 rideatur,
1168 1571 1297 1633 quantum
1308 1563 1473 1616 exsorbetur.
1513 1561 1611 1631 Neque
1626 1562 1709 1614 etiam

77 1638 130 1703 tia,
146 1638 318 1710 aliquatenus
332 1642 459 1696 varietur.
507 1643 583 1714 Ignis
598 1644 670 1698 enim
684 1653 816 1698 astrorum
831 1660 878 1713 pu·
915 1642 984 1695 ratio
1007 1643 1129 1697 alimenti
1147 1642 1226 1695 astris
1240 1650 1368 1713 tanquam
1388 1641 1446 1711 igni
1465 1647 1557 1694 nostro
1571 1641 1708 1708 competit.

79 1734 136 1781 rus,
149 1719 264 1789 integer,
279 1726 306 1773 et
320 1722 439 1785 nativus3
461 1730 490 1774 at
502 1722 575 1794 ignis
587 1731 678 1778 noster
691 1723 817 1794 degener,
832 1724 877 1794 qui
916 1721 970 1775 Ubi
985 1722 1059 1776 enim
1072 1721 1174 1792 aliquid
1193 1720 1297 1791 deperit
1310 1727 1339 1773 et
1355 1720 1467 1783 decedit,
1481 1719 1519 1772 ibi
1534 1720 1616 1772 etiam
1631 1735 1709 1789 repo·

78 1803 213 1868 tauquam
226 1797 363 1853 Vulcanus
377 1801 405 1855 in
420 1808 518 1855 terram
533 1802 651 1871 dejectus
672 1819 709 1857 ex
729 1819 793 1857 casu
806 1803 878 1856 clau·
915 1801 989 1855 nitur
1003 1801 1143 1872 quippiam
1154 1809 1183 1854 et
1197 1799 1370 1854 assimilatur.
1412 1799 1489 1860 Quod
1503 1815 1589 1869 genus
1602 1798 1709 1852 assimi-

78 1875 164 1931 dicat
207 1878 236 1931 Si
251 1879 312 1948 quis
323 1880 396 1934 enim
410 1881 540 1945 advertat,
555 1881 687 1936 babemus
698 1882 790 1953 ignem
805 1883 878 1952 apud
914 1879 1024 1934 lationis
1046 1897 1093 1933 ex·
1105 1880 1265 1933 tartarismis
1278 1887 1328 1943 est,
1343 1885 1371 1932 ct
1393 1895 1427 1933 ex
1449 1878 1643 1932 rubuariorum
1662 1885 1711 1931 aut

77 1971 132 2009 nos
145 1965 224 2011 extra
238 1956 329 2011 locum
350 1975 438 2022 suum,
453 1960 595 2029 trepidum,
609 1962 753 2015 contrariis
767 1962 876 2016 circum·
915 1958 1089 2013 dissimilium
1103 1959 1311 2013 circumfusione
1325 1966 1412 2012 ortum
1422 1958 1504 2011 ducit.
1534 1955 1571 2009 rit
1583 1956 1612 2010 in
1626 1964 1710 2010 astro·

79 2035 182 2100 iusum,
197 2036 328 2107 indigum,
342 2045 371 2092 et
385 2039 485 2110 stipem
497 2039 628 2104 alimenti,
648 2049 678 2094 ut
696 2047 876 2103 conservetur,
915 2055 975 2092 rum
999 2038 1069 2091 mole
1093 2036 1208 2092 similari
1228 2044 1257 2092 et
1275 2037 1404 2091 interiore
1422 2035 1462 2090 nil
1480 2035 1535 2089 tale
1548 2036 1638 2090 evenit
1655 2051 1710 2089 nou

79 2116 307 2181 mendicantem,
329 2124 356 2170 et
375 2118 533 2188 lugientem.
586 2118 623 2172 At
642 2121 670 2174 in
691 2119 762 2173 coelo
783 2119 878 2173 existit
915 2118 1012 2189 magis,
1024 2134 1106 2188 quam
1119 2119 1148 2172 in
1162 2117 1311 2171 visceribus
1325 2125 1410 2179 terrae,
1422 2134 1483 2188 quae
1497 2130 1547 2169 nec
1561 2115 1622 2185 ipsa
1636 2114 1711 2169 alun-

79 2194 156 2263 ignis
174 2212 237 2248 vere
259 2193 370 2261 locatus,
390 2198 425 2251 ab
440 2199 541 2267 impetu
556 2197 670 2267 alicujus
684 2200 810 2253 contrarii
825 2198 877 2252 dis
916 2203 966 2261 tur,
980 2197 1028 2251 sed
1046 2196 1228 2251 substantiam
1241 2213 1317 2250 suam
1332 2205 1441 2249 servant
1454 2194 1601 2248 secundum
1615 2194 1711 2248 identi-

74 2271 200 2349 junctus,
215 2284 340 2329 constans
355 2293 390 2330 ex
404 2294 442 2341 se,
457 2286 485 2330 et
500 2276 635 2332 similibus
649 2285 830 2342 conservatus,
850 2286 877 2331 et
915 2283 1005 2340 tatem,
1019 2292 1074 2329 non
1096 2276 1244 2330 secundum
1264 2274 1495 2329 assimilationem.
1536 2273 1663 2327 Attamen
1677 2272 1711 2328 de

78 2354 208 2423 proprias
222 2356 392 2423 operationes
406 2356 491 2410 libere
506 2365 533 2410 et
546 2356 648 2429 absque
660 2357 784 2412 molestia
798 2375 877 2427 pera·
915 2355 1024 2410 extimis
1033 2355 1236 2425 oriscorporum
1245 2356 1410 2410 sidereorum
1421 2364 1494 2407 recte
1504 2353 1710 2424 daturquaestio,

78 2449 160 2502 gens.
203 2435 298 2505 ltaque
317 2434 388 2489 nihil
409 2452 477 2505 opus
498 2434 550 2490 iuit
570 2437 691 2502 Patritio,
714 2446 744 2491 ut
764 2437 876 2491 iormam
915 2434 1014 2488 Utrum
1027 2451 1061 2487 ea
1073 2451 1128 2489 uno
1137 2435 1286 2505 eodemque
1301 2443 1394 2488 tenore
1405 2441 1541 2496 maneant,
1550 2441 1596 2485 aut
1610 2433 1712 2485 aetbera

79 2512 201 2566 flammae
215 2514 419 2582 pyramidalem,
431 2514 517 2585 qualis
531 2516 602 2586 apud
612 2533 663 2571 nos
673 2517 815 2580 invenitur,
826 2516 878 2570 sal·
915 2514 1109 2568 circumfusum
1130 2514 1324 2584 depraedentur,
1349 2523 1429 2584 atque
1458 2512 1540 2565 etiam
1567 2512 1712 2565 inliciant?

78 2600 165 2653 varet,
176 2593 344 2648 comminisci
358 2597 525 2664 superiorem
538 2605 644 2665 partum
659 2597 732 2662 astri,
743 2614 804 2667 quar
819 2612 878 2649 ver·
915 2592 1005 2653 Quare
1019 2610 1053 2647 eo
1066 2609 1147 2647 sensu
1160 2594 1194 2647 de
1215 2591 1352 2647 alimoniis
1372 2601 1503 2645 astrorum
1522 2592 1604 2644 etiam
1625 2594 1710 2662 quaeri

79 2688 128 2725 sus
149 2672 254 2725 aethera
275 2674 394 2738 vertitur,
413 2691 493 2744 posse
512 2692 572 2728 esse
591 2674 793 2745 pyramidalem,
816 2675 879 2729 licet
915 2673 1022 2742 poterit.
1061 2671 1105 2726 De
1124 2673 1278 2744 augmentis
1292 2689 1356 2726 sero
1375 2679 1403 2724 et
1423 2671 1648 2725 diminutionibus
1668 2686 1712 2723 as·

79 2750 195 2804 inferior
209 2768 279 2821 pars,
298 2771 359 2823 quoe
381 2754 489 2808 anobis
508 2755 681 2825 conspicitur,
700 2754 737 2808 sit
757 2753 876 2826 globosa.
917 2761 1019 2805 trorum
1033 2752 1061 2805 in
1077 2759 1133 2805 toto
1152 2768 1209 2816 suo,
1224 2759 1296 2804 recte
1318 2750 1475 2821 adjungitur
1492 2750 1622 2821 quaestior
1644 2748 1712 2803 licet

79 2830 156 2882 Nam
171 2833 291 2899 pyramis
306 2832 354 2885 illa
368 2832 485 2887 flammae
499 2850 548 2904 per
561 2834 686 2889 accidens
700 2841 787 2888 estex
801 2851 878 2889 coac·
915 2847 978 2884 rara
995 2832 1138 2885 admodum
1156 2831 1256 2886 inerint
1274 2829 1461 2900 phaenomena,
1476 2846 1536 2901 quae
1550 2827 1590 2882 illi
1604 2829 1712 2882 dubita·

78 2909 157 2963 tione
179 2917 207 2963 et
226 2913 415 2967 constrictione
436 2912 514 2978 aeris,
529 2914 664 2986 siquidem
683 2914 794 2969 flamma
807 2915 879 2968 circa
916 2911 984 2965 tioni
1011 2910 1179 2966 occasionem
1207 2910 1329 2982 praebere
1356 2909 1471 2981 possint.
1519 2908 1613 2963 Primo
1639 2908 1712 2962 enim

79 2986 204 3043 fomitem
224 3009 303 3046 suum
325 2992 438 3061 plenior,
460 2993 495 3046 ab
519 2994 663 3048 inimicitia
683 2993 755 3049 airis
776 2996 878 3049 sensim
916 2990 1075 3062 exemplum
1099 2990 1211 3055 nullum,
1234 3007 1323 3061 neque
1344 2989 1433 3045 simile
1454 2988 1557 3060 aliquid
1578 2990 1649 3042 inter
1670 3005 1711 3053 ea,

78 3070 276 3140 constringitur
289 3072 460 3143 eteffingitur
471 3073 623 3128 informem
634 3073 793 3144 pyramidis.
827 3074 879 3128 lta·
917 3089 978 3143 quae
995 3071 1067 3142 apud
1086 3088 1136 3124 nos
1154 3071 1331 3140 reperiuntur,
1346 3069 1411 3123 huis
1431 3068 1577 3140 quaestioni
1597 3069 1712 3137 patroci-

79 3165 135 3219 que
150 3149 179 3200 in
194 3150 311 3214 flamma,
321 3151 395 3205 basis
409 3152 525 3206 flamma
539 3152 595 3206 lata
607 3162 656 3219 est,
666 3162 760 3208 vertex
768 3161 877 3218 acutus3
916 3159 1032 3215 nantur3
1053 3167 1116 3204 cum
1135 3150 1232 3221 globus
1252 3158 1344 3203 noster
1365 3159 1444 3204 terras
1458 3157 1485 3202 et
1507 3165 1638 3219 aquarum
1656 3164 1710 3200 non

77 3226 111 3279 in
134 3227 218 3293 firmo,
238 3240 339 3295 contra,
362 3231 474 3285 inferius
497 3241 614 3297 acutum,
634 3241 729 3288 vertex
749 3233 828 3296 latus,
850 3242 878 3287 et
917 3230 1040 3284 videatur
1052 3230 1197 3301 suscipere,
1212 3229 1358 3283 secundum
1376 3236 1461 3282 totum
1480 3245 1566 3290 suum,
1581 3245 1711 3297 augmen-

78 3316 213 3377 tanquam
227 3310 347 3379 pyramis
368 3311 489 3376 inversa;
511 3313 576 3382 quia
589 3312 636 3368 aar
655 3312 759 3367 fumum
773 3313 878 3384 recipit,
917 3311 1045 3364 tationem
1059 3318 1107 3364 aut
1117 3309 1323 3364 diminutionem
1338 3308 1489 3363 evidentem
1500 3316 1546 3361 aut
1559 3307 1710 3377 insignem;

78 3385 220 3441 flammam
235 3389 395 3460 comprimit
430 3390 877 3451 Quareconaentaneumestllam-
917 3389 966 3444 sed
994 3389 1093 3443 molem
1116 3396 1241 3443 suamet
1263 3398 1392 3459 quantum
1417 3405 1495 3441 suum
1519 3404 1635 3441 serrare.
1677 3387 1714 3439 dt

77 3482 157 3519 mam
171 3467 243 3536 apud
257 3485 307 3523 nos
321 3486 380 3523 esse
392 3470 598 3540 pyramidalem,
610 3472 638 3525 in
649 3471 719 3526 coelo
729 3471 877 3543 globosam.
917 3468 1003 3523 stellae
1016 3477 1149 3540 apparent
1163 3468 1197 3522 ad
1214 3478 1353 3539 aspectum
1365 3475 1488 3522 nostrum
1507 3467 1642 3520 interdum
1656 3483 1712 3520 ma

78 3544 215 3599 Similiter
228 3555 254 3601 et
267 3548 377 3602 flamma
397 3550 470 3620 apud
483 3567 532 3605 nos
545 3568 644 3621 corpus
662 3558 877 3606 momentaneum
914 3549 981 3617 jore,
996 3549 1131 3602 interdurn
1146 3549 1249 3602 minore
1263 3565 1386 3617 corpore.
1428 3547 1529 3600 Verum
1540 3554 1587 3608 est,
1602 3547 1650 3600 sed
1663 3545 1713 3599 illa

77 3632 131 3687 est,
153 3625 182 3677 in
204 3626 306 3681 retbere
331 3645 493 3698 permanens
517 3638 545 3683 et
567 3631 706 3686 durabilis.
752 3631 878 3685 Attamen
917 3628 1058 3696 majoritas
1072 3638 1098 3682 et
1112 3629 1252 3682 minoritas
1266 3628 1353 3682 stella
1366 3627 1410 3681 vel
1429 3626 1464 3679 ad
1485 3625 1711 3696 longinquitatem

78 3712 108 3757 et
120 3705 196 3775 apud
209 3722 259 3760 nos
280 3706 387 3763 flamma
410 3718 438 3763 et
458 3709 520 3780 ipsa
541 3726 650 3765 manere
670 3712 756 3780 possit
772 3711 800 3764 in
823 3711 877 3764 sor·
918 3717 945 3761 et
959 3708 994 3761 ad
1007 3708 1174 3761 vicinitatem
1189 3708 1310 3771 refertur,
1325 3717 1355 3760 ut
1368 3708 1397 3760 in
1407 3706 1527 3777 apogaeis
1542 3711 1570 3758 et
1583 3705 1713 3775 perigaeis

76 3800 128 3838 ma
141 3801 192 3838 sua
206 3795 233 3839 et
252 3787 406 3854 subsistere,
425 3789 478 3843 uisi
492 3805 509 3842 a
523 3789 693 3844 circumfusis
713 3790 878 3861 perderetur,
917 3788 1095 3857 planetarum,
1105 3787 1147 3841 rel
1159 3788 1193 3841 ad
1207 3788 1425 3841 constitutionem
1439 3785 1530 3839 medii.
1572 3783 1713 3844 Quaevero

79 3863 155 3934 quod
184 3866 434 3922 manifestissimum
457 3876 499 3923 est
525 3869 553 3922 in
578 3870 696 3924 flammis
719 3870 877 3938 majoribus.
917 3867 947 3920 lit
971 3885 1007 3921 ex
1031 3867 1221 3921 constitutione
1247 3865 1328 3920 medii
1350 3865 1430 3919 facile
1450 3863 1625 3936 dignoscitur,
1640 3863 1713 3934 quod

78 3942 180 3995 Omnis
194 3944 267 3998 enirn
279 3946 366 4016 portio
378 3948 502 4013 dammae,
512 3947 540 4002 in
550 3950 641 4003 medio
651 3950 768 4003 flammae
779 3949 839 4013 sita,
851 3957 879 4003 et
916 3964 971 4001 non
986 3947 1068 4000 alicui
1083 3954 1164 4001 certae
1185 3945 1278 4008 stellae,
1292 3945 1341 3999 sed
1362 3944 1488 3998 omuibus
1509 3961 1545 3998 ex
1565 3959 1644 4014 aequo
1664 3959 1713 4012 ap·

77 4021 194 4076 flamma
206 4025 321 4096 undique
332 4027 503 4092 circumdata,
513 4044 567 4081 non
579 4028 657 4098 perit,
669 4028 717 4083 sed
727 4029 821 4083 eadem
832 4046 880 4084 nu·
917 4027 1069 4096 parentiam
1091 4032 1185 4089 mutet,
1206 4033 1237 4080 ut
1258 4026 1289 4078 iit
1311 4025 1436 4078 noctibus
1458 4021 1630 4085 hiemalibus,
1649 4021 1713 4092 gela

77 4118 159 4155 mero
173 4113 266 4157 manet
278 4106 438 4172 inextincta,
453 4115 481 4161 et
494 4107 592 4161 coelum
610 4108 703 4178 rapide
718 4118 831 4180 petens;
853 4118 880 4163 at
916 4106 1073 4170 intensiore,
1095 4105 1204 4176 quando
1223 4103 1310 4159 stellae
1331 4111 1416 4157 auctae
1433 4103 1558 4157 videntur
1579 4102 1714 4172 magnitu-

78 4182 109 4234 iu
123 4181 256 4239 lateribus
268 4181 407 4240 laboratur
417 4195 499 4258 atque
508 4186 605 4241 abinde
621 4187 724 4241 orditur
737 4188 877 4243 extinctio.
917 4186 988 4248 dine,
1004 4186 1068 4257 quia
1081 4201 1196 4254 vapores
1214 4191 1243 4237 et
1257 4183 1365 4253 parcius
1378 4190 1493 4253 surgunt
1506 4189 1535 4235 et
1555 4181 1650 4235 iortius
1665 4198 1711 4234 em

79 4259 170 4328 Cujus
185 4262 224 4314 rei
238 4264 334 4317 modus
349 4265 478 4333 (dammas
499 4266 636 4321 interioris
650 4266 753 4321 scilicet
771 4284 878 4338 perma-
917 4266 1078 4334 primuntur,
1092 4273 1120 4318 et
1133 4264 1289 4318 universum
1302 4279 1400 4332 corpus
1417 4261 1488 4316 aeris
1508 4259 1632 4314 nonnibil
1652 4276 1714 4313 con·

77 4340 177 4393 nenda
190 4341 220 4394 in
234 4342 322 4412 tigura
335 4344 456 4414 globosa,
466 4354 492 4398 et
503 4344 619 4399 flammas
633 4346 775 4401 exterioris
786 4363 879 4400 vanes-
918 4345 1052 4408 densatur,
1076 4350 1105 4397 et
1125 4344 1214 4413 vergit
1237 4343 1272 4396 ad
1293 4359 1412 4413 aqueum
1435 4342 1494 4395 sive
1518 4339 1712 4410 crystallinum,

79 4419 172 4472 centia
194 4428 222 4473 et
242 4422 377 4492 pyramis)
398 4424 427 4477 in
450 4424 566 4478 flammis
588 4425 752 4480 bicoloribus
774 4426 880 4495 experi-
918 4423 990 4494 quod
1004 4424 1110 4494 speeies
1123 4422 1237 4477 exbibet
1252 4422 1378 4489 majores.
1420 4419 1497 4482 Quod
1510 4421 1533 4473 si
1548 4420 1617 4473 iorte
1633 4419 1714 4472 suerit

79 4507 176 4553 mento
203 4500 378 4556 demonstrari
402 4504 498 4574 possit.
552 4504 623 4565 Quin
651 4506 737 4570 etiarn¹
758 4504 791 4559 de
818 4506 880 4575 ipso
918 4503 1011 4575 aliqua
1024 4502 1193 4574 particularis
1208 4501 1379 4571 interpositio
1391 4517 1521 4570 vaporum
1535 4500 1607 4552 inter
1621 4514 1713 4568 aspec-

79 4579 178 4631 ardore
192 4580 310 4636 flammas
323 4582 393 4637 inter
407 4582 545 4636 coelestem
560 4590 588 4637 et
598 4591 718 4637 nostram
732 4583 879 4654 plurimum
918 4589 976 4635 tum
991 4592 1113 4637 nostmm
1128 4590 1155 4634 et
1169 4590 1274 4635 astrum
1291 4588 1403 4644 certum,
1419 4597 1480 4651 quae
1503 4578 1623 4647 speciem
1645 4577 1712 4629 astri

78 4659 181 4712 variari
210 4668 306 4729 potest.
347 4662 421 4715 Nam
441 4664 551 4716 flamma
575 4663 693 4717 coelestis
715 4662 833 4717 libenter
853 4672 880 4718 et
917 4661 1037 4731 ampliet,
1053 4661 1138 4732 (quod
1156 4662 1185 4715 in
1205 4659 1262 4713 sole
1276 4669 1304 4712 et
1325 4659 1391 4713 luna
1404 4660 1559 4731 frequenter
1577 4666 1604 4711 et
1624 4656 1712 4709 mani

78 4737 189 4809 placide
212 4738 370 4809 explicatur,
391 4751 519 4813 tanquam
540 4742 569 4796 in
589 4758 646 4806 suo,
660 4750 688 4795 at
710 4751 803 4798 nostra
823 4750 879 4798 tan·
918 4742 989 4795 festo
1003 4742 1041 4805 iit,
1051 4752 1077 4795 et
1088 4739 1241 4813 inreliquis
1249 4739 1372 4793 accidere
1387 4740 1539 4809 potesttea
1553 4735 1714 4806 apparentia

79 4834 165 4889 qaam
179 4818 209 4872 in
223 4812 314 4872 alieno
326 4821 509 4891 compingitur
523 4828 550 4875 et
565 4821 640 4875 ardet
660 4829 687 4876 et
701 4823 774 4876 furit.
816 4822 879 4876 Om·
917 4836 967 4875 nec
979 4820 1039 4890 ipsa
1051 4819 1143 4874 fallere
1154 4826 1251 4889 potest,
1259 4819 1324 4889 quia
1333 4819 1448 4872 mutatio
1461 4817 1512 4871 illa
1519 4813 1713 4886 magnitudinis

79 4897 125 4950 nis
138 4898 223 4951 etiam
233 4898 306 4968 ignis
320 4901 494 4970 constipatus,
504 4908 532 4953 et
545 4902 736 4965 incarceratus,
747 4902 880 4955 litarden·
917 4917 972 4954 non
986 4900 1071 4962 durat,
1086 4916 1174 4969 neque
1189 4899 1312 4968 sequitur
1331 4905 1442 4961 astrum,
1455 4914 1506 4950 nec
1522 4912 1584 4949 cum
1601 4908 1713 4961 corpore

79 4977 143 5030 tior.
185 4976 333 5031 Enimvero
346 4986 374 5032 et
387 4981 454 5033 radii
470 4981 586 5035 flamnae
600 4980 720 5034 coelestis
734 4991 877 5052 postquam
917 4980 976 5048 ejus
990 4984 1120 5043 movetur,
1135 4995 1228 5031 verum
1243 4985 1346 5032 astrum
1362 4976 1397 5030 ab
1417 4994 1451 5029 ea
1464 4976 1519 5029 cito
1533 4973 1670 5034 liberatur,
1685 4980 1714 5024 et

80 5055 116 5108 sd
130 5072 246 5126 corpora
259 5058 387 5112 densiora
401 5068 428 5113 et
442 5060 531 5129 magis
549 5061 684 5114 obstinata
699 5061 878 5130 pervenerint,
917 5059 1027 5113 solitam
1046 5065 1187 5127 recuperat
1207 5057 1337 5127 speciem.
1380 5056 1565 5109 Veruntamen
1587 5051 1713 5122 quamvis

79 5146 108 5189 et
132 5136 188 5205 ipsi
217 5135 359 5190 lenitatem
379 5155 456 5192 suam
481 5139 627 5207 deponunt,
649 5149 676 5193 et
700 5141 768 5194 dunt
790 5141 878 5211 magis
916 5139 969 5191 ista
987 5139 1027 5191 ita
1047 5155 1076 5191 se
1096 5137 1224 5199 babeant,
1238 5145 1329 5190 tamen
1343 5153 1406 5189 cum
1424 5141 1453 5188 et
1470 5131 1534 5186 olim
1549 5130 1714 5200 temporibus

78 5214 235 5270 adurentes.
279 5216 374 5288 ltaque
388 5234 442 5271 non
453 5217 545 5271 debuit
556 5217 717 5273 Aristoteles
730 5221 878 5288 conflagra·
917 5217 1022 5287 priscis,
1033 5226 1114 5286 atque
1132 5216 1215 5270 etiam
1229 5223 1308 5270 aetate
1327 5222 1428 5276 nostra,
1443 5211 1545 5266 celebri
1566 5218 1593 5264 et
1612 5225 1714 5279 magno

79 5294 184 5348 tionem
200 5293 336 5350 Heracliti
349 5297 408 5350 orbi
423 5313 473 5350 suo
492 5305 620 5360 metuere,
635 5298 701 5352 licet
714 5308 788 5352 astra
802 5315 879 5351 veros
916 5296 1073 5366 spectaculo
1099 5312 1201 5367 magna
1227 5295 1339 5348 novatio
1366 5294 1437 5347 iacta
1464 5290 1547 5344 inerit
1574 5290 1604 5342 in
1632 5287 1714 5341 stella

78 5375 161 5445 ignes
182 5376 330 5429 statuisset,
371 5375 476 5429 Poterit
495 5377 581 5447 igitur
599 5377 653 5430 ista
667 5378 781 5449 quaestio
793 5377 877 5445 recipi
917 5376 1032 5430 Veneris
1046 5383 1075 5428 et
1088 5375 1273 5446 magnitudine
1285 5382 1312 5427 et
1320 5372 1419 5435 colore,
1427 5379 1507 5441 atque
1517 5370 1600 5423 etiam
1612 5368 1713 5437 ligura3

79 5453 232 5508 secundum
263 5453 335 5508 banc
363 5455 582 5526 explicationem.
638 5457 766 5528 Sequitur
792 5456 879 5511 altera
916 5472 1032 5527 cumque
1047 5458 1167 5518 mutatio,
1183 5472 1244 5526 quar
1258 5462 1360 5505 astrum
1375 5450 1486 5521 aliquod
1500 5456 1604 5503 certum
1619 5463 1715 5517 perpe·

78 5533 205 5605 quaestio,
221 5533 265 5588 Aa
274 5544 349 5590 astra
359 5534 467 5590 alantur
477 5544 559 5606 atque
571 5535 655 5590 etiarn
669 5553 704 5591 an
719 5544 877 5609 augeantur,
916 5542 963 5592 tuo
978 5545 1006 5591 ct
1027 5542 1182 5589 constanter
1203 5532 1332 5601 sequitur,
1347 5536 1375 5584 et
1388 5547 1451 5585 cum
1464 5546 1577 5599 corpore
1592 5528 1651 5596 ejus
1665 5525 1716 5579 cir-
