3800 5875
48 264 121 320 Cas.
137 264 178 319 ll.
572 264 623 322 DE
645 262 872 323 locuturis
894 264 1172 323 scrutarentur.
1630 266 1685 332 871

46 440 159 496 quoque
166 425 321 481 momenti:
337 442 399 481 cum
410 424 647 482 scilicetscientiae
654 425 858 493 traduntur,ant
894 428 1013 483 inventu
1026 436 1054 483 et
1067 428 1236 495 distributae
1251 442 1340 501 neque
1355 443 1439 484 causa
1452 428 1566 493 videtur,
1581 440 1629 484 cur
1638 429 1694 487 illis

44 522 97 576 per
118 506 288 560 amertirms
302 505 417 576 adjectis
429 505 643 577 probationibus,
651 514 698 560 aut
711 523 762 577 per
771 523 857 578 quies
893 508 1078 563 immoremur.

45 585 137 639 nones
163 601 223 639 nna
249 602 314 641 cunr
336 586 615 641 determinationibus.
657 587 738 640 Hanc
765 595 856 642 auteur
933 589 972 643 At
981 588 1105 643 methodi
1119 605 1222 660 genera
1233 587 1392 658 hujusmodi
1401 595 1482 644 sunt:
1496 595 1587 660 partes
1601 597 1694 645 auteur

44 663 232 734 posteriorem
250 665 452 722 methodumsi
470 664 675 720 immoderatius
688 667 750 738 quis
766 683 857 737 perse·
893 667 968 734 dure3
990 667 1078 723 altera
1090 669 1124 722 de
1145 669 1323 740 dispositione
1343 669 1425 723 totius
1439 669 1538 739 operis,
1552 668 1597 723 vel
1617 687 1696 741 argu·

45 753 157 814 quatur,
174 744 355 801 scientiarum
368 746 503 817 profectui
522 762 578 800 non
592 744 683 800 minus
701 745 751 800 illa
763 747 856 811 officit,
894 749 979 803 menti
999 748 1064 804 libri
1087 748 1221 817 alicujus;
1242 749 1329 803 altera
1342 749 1375 803 de
1389 748 1553 804 limitatione
1572 750 1696 821 proposi-

45 841 131 895 qnam
152 824 274 880 fortunis
292 834 322 882 et
343 826 534 898 progressibus
555 826 692 880 exercitus
705 826 858 897 cujmpiam
895 828 1008 883 tionum.
1062 828 1174 883 Etenim
1203 829 1238 883 sd
1264 829 1474 883 architecturam
1501 837 1613 900 spectat,
1640 846 1697 884 non

45 903 250 975 impedimento
263 912 294 960 et
306 906 406 961 damno
416 907 493 970 foret,
502 906 527 961 si
540 905 569 959 irr
579 905 694 961 minutia
705 906 857 977 quibusque
895 907 984 963 solunr
997 908 1103 963 fabrica
1115 909 1198 963 totius
1211 909 1328 975 edificii,
1343 908 1391 963 sed
1405 908 1487 963 etiam
1502 909 1655 963 efformatio
1668 917 1697 964 ct

44 983 173 1039 castellis
194 993 245 1040 ant
266 986 377 1058 oppidis
398 985 590 1058 expugnandis
611 985 726 1040 subinde
744 984 856 1040 hoereat.
895 988 983 1059 figura
991 989 1187 1053 columnarum,
1199 990 1324 1053 trabium,
1339 996 1366 1042 et
1380 988 1519 1043 similium.
1546 988 1697 1044 Methodus

44 1064 163 1119 Etenim
178 1065 204 1120 si
218 1066 284 1137 quis
297 1067 326 1121 in
345 1066 405 1121 scie
418 1067 455 1123 sit
468 1066 600 1137 superior,
617 1072 645 1120 et
662 1081 777 1120 summm
790 1065 856 1120 belli
895 1083 962 1121 vero
971 1068 1054 1123 veluti
1068 1069 1244 1123 scientiarum
1254 1068 1437 1123 architectura
1446 1075 1495 1123 est.
1537 1067 1628 1140 Atque
1642 1068 1697 1123 hac

44 1144 144 1199 scdulo
165 1145 320 1212 incumbat,
333 1147 442 1201 minora
462 1145 512 1200 illa
532 1143 594 1200 locs
610 1142 684 1200 ultro
697 1162 727 1200 se
746 1145 858 1200 submit·
895 1146 924 1200 in
938 1154 1015 1217 parte
1028 1148 1127 1203 melius
1140 1149 1241 1203 meruit
1254 1148 1366 1211 Eamus,
1377 1147 1406 1202 in
1420 1148 1534 1218 optimis
1548 1148 1604 1203 illis
1618 1165 1698 1220 regu·

44 1233 124 1281 tent:
147 1224 222 1280 illud
236 1236 328 1282 tamen
340 1227 448 1282 inficias
461 1243 516 1281 non
530 1225 618 1291 ierim,
630 1225 724 1280 orbern
735 1224 857 1297 aliquam
895 1225 930 1280 lis
952 1223 1088 1300 (καθόλου
1105 1236 1221 1303 πρῶτον,
1237 1230 1306 1284 κατὰ
1325 1225 1437 1293 παντὸς,
1458 1225 1517 1284 καθ’
1537 1226 1612 1293 αὐτὸ,
1627 1228 1696 1299 etc.)

44 1321 183 1377 magnam
203 1315 233 1361 et
254 1307 390 1362 munitam
408 1313 518 1378 atergo
537 1305 701 1376 relinquere,
716 1305 856 1376 haudqua-
895 1307 1065 1372 renovandis,
1081 1325 1163 1379 quam
1176 1308 1204 1361 in
1219 1307 1301 1361 unica
1315 1324 1365 1362 ana
1385 1308 1515 1362 methodo
1535 1316 1563 1363 et
1576 1308 1698 1363 dichoto-

44 1402 131 1457 qnam
145 1402 261 1457 semper
274 1394 446 1442 tntumesser
461 1386 558 1441 eodem
569 1385 858 1451 modaconiutstioni·
895 1386 960 1441 miis
983 1387 1166 1442 obtrudendis.
1208 1387 1395 1441 Veruntamen
1413 1388 1507 1442 nescio
1521 1405 1574 1459 quo
1588 1388 1645 1442 into
1658 1389 1696 1456 iit,

44 1465 96 1521 tus
111 1466 145 1521 in
167 1467 349 1521 scientiarum
366 1467 512 1522 traditione
534 1465 751 1537 temperandum,
766 1465 857 1536 iisque
894 1473 927 1519 ut
946 1465 976 1519 in
997 1466 1126 1522 humanis
1149 1467 1233 1538 (sicut
1250 1468 1351 1538 saepins
1369 1467 1476 1538 tingunt
1495 1467 1597 1538 poetro)
1614 1469 1697 1524 rebus

43 1562 130 1617 parce
160 1545 319 1602 utendum:
348 1554 376 1601 et
402 1548 438 1602 ad
463 1547 518 1602 hoc
545 1554 658 1612 tantum,
683 1554 714 1600 ut
739 1546 857 1614 majores
895 1545 1103 1616 pretiosissimis
1130 1563 1237 1617 semper
1261 1547 1442 1602 adhibeantur
1469 1547 1697 1618 perniciosissimi

44 1626 306 1699 praeoccupationes
316 1627 470 1683 animorum
480 1636 508 1681 et
517 1626 677 1696 prejudicio
686 1625 856 1697 tranguntur,
896 1625 998 1697 quique
1022 1627 1154 1681 custodes.
1196 1626 1277 1682 Certe
1295 1634 1407 1681 conatus
1425 1627 1507 1681 Rami
1527 1627 1600 1681 circa
1619 1626 1697 1682 illurn

43 1707 165 1761 minime
181 1714 274 1762 autem
287 1715 319 1762 ut
331 1707 450 1763 leviores
466 1707 649 1762 dubitationes
662 1707 818 1761 excitentur
831 1713 858 1761 et
896 1706 1114 1776 propositionum
1127 1706 1223 1761 limam
1236 1702 1353 1781 conjecit
1362 1720 1426 1761 eum
1440 1707 1470 1761 in
1484 1707 1617 1778 epitomas
1631 1706 1697 1763 illas

43 1796 243 1858 provocentur.
896 1793 923 1840 et
951 1787 1127 1841 scientiarum
1151 1788 1230 1842 vada.
1281 1787 1431 1858 Auspicato
1455 1786 1529 1841 eninr
1552 1795 1581 1842 et
1608 1786 1697 1842 felicis

84 1867 225 1940 Sequitur
238 1865 314 1922 aliud
326 1866 450 1922 methodi
463 1865 619 1932 discrimen,
630 1873 661 1922 ut
680 1864 785 1922 scilicet
802 1883 857 1921 me-
895 1866 1038 1934 cujusdam
1054 1868 1128 1938 genii
1135 1868 1216 1922 ductu
1221 1868 1369 1938 procedere
1378 1873 1493 1938 oportet,
1502 1867 1550 1937 qni
1559 1868 1698 1922 axiomata

43 1946 150 2003 thodus
173 1948 212 2002 sit
228 1947 359 2017 subiecta
377 1947 507 2012 materies,
523 1964 584 2019 quse
597 1953 735 2010 tractatur,
752 1964 858 2001 accom·
895 1946 1070 2001 scientiarum
1090 1946 1280 2002 convertibilia
1294 1947 1385 2001 iacere
1399 1945 1579 2011 attentaverit,
1593 1956 1621 2002 et
1642 1964 1698 2001 non

43 2028 139 2083 moda.
172 2027 240 2082 Alio
255 2029 328 2082 enim
339 2026 570 2082 modotraduntur
579 2027 774 2082 mathematica
783 2027 857 2098 (qum
895 2024 1027 2080 simules
1046 2027 1194 2082 reddiderit
1215 2027 1430 2093 circularia,aut
1449 2028 1479 2081 in
1499 2035 1587 2081 semet
1608 2043 1697 2083 retur·

44 2116 109 2162 sont
120 2107 202 2163 inter
215 2108 346 2162 scientias
363 2107 484 2162 maxime
502 2107 639 2162 abstracta
658 2115 687 2162 et
707 2106 856 2178 simplicia)
896 2105 994 2161 rentia.
1037 2105 1173 2162 Conatunr
1193 2106 1283 2162 nihilo
1306 2107 1395 2163 secius
1409 2104 1492 2161 Rami
1510 2106 1540 2160 in
1554 2105 1607 2162 hac
1620 2115 1697 2179 parte

44 2187 102 2242 alio
122 2188 252 2260 politica,
267 2205 328 2259 quae
342 2188 462 2243 maxime
477 2193 541 2242 sunt
557 2188 686 2242 immersa
704 2195 731 2241 et
748 2203 857 2257 compo
895 2184 992 2240 utilem
1007 2185 1091 2241 fuisse
1104 2204 1160 2242 non
1173 2187 1335 2243 inficiamur.

44 2268 107 2325 n'ta.
152 2268 258 2339 Neque
274 2270 317 2336 (ut
327 2268 386 2338 jam
404 2267 538 2337 diximus)
552 2266 696 2321 methodus
713 2265 857 2321 uniformia
936 2264 1090 2337 Supersunt
1103 2267 1164 2323 duaa
1178 2267 1268 2322 adhuc
1281 2267 1498 2339 propositionum
1511 2262 1698 2334 limitationes,

44 2349 73 2403 in
95 2348 224 2404 materia
243 2346 405 2403 multiformi
426 2347 568 2402 commode
591 2364 621 2402 sc
637 2345 739 2401 habere
759 2354 856 2416 potest.
895 2354 996 2416 preter
1010 2362 1072 2403 earn
1085 2356 1115 2402 ut
1134 2349 1201 2403 fiant
1220 2346 1431 2414 convertibiles;
1455 2346 1589 2402 alterode
1605 2353 1700 2402 exten·

44 2427 192 2501 Equidem
225 2427 455 2500 quemadmodum
482 2427 588 2498 topicae
614 2425 795 2497 particulares
821 2426 857 2482 ad
896 2425 991 2491 sione;
1007 2426 1138 2482 alterade
1152 2428 1330 2498 productione
1344 2428 1475 2499 ipsarum.
1507 2426 1580 2482 Sane
1594 2426 1699 2482 habeut

44 2508 250 2564 inveniendum
269 2507 452 2579 probavimus,
467 2506 507 2562 ita
526 2514 555 2562 et
572 2506 718 2562 methodos
739 2506 857 2577 particu-
896 2506 1058 2572 scientiae,si
1071 2508 1131 2578 quis
1141 2517 1214 2563 recte
1225 2509 1356 2573 advertat,
1366 2515 1465 2578 prater
1474 2507 1698 2578 profunditatem,

45 2588 121 2644 lares
145 2589 184 2643 ad
206 2587 368 2644 tradendum
388 2585 515 2643 similiter
536 2585 709 2660 aliquatenus
732 2585 858 2643 adhiberi
896 2585 966 2642 alias
976 2587 1043 2641 duas
1053 2587 1252 2653 dimensionem
1268 2588 1441 2643 latitudinem
1450 2587 1596 2643 scilicetne
1610 2586 1699 2660 longi·

46 2668 187 2725 uolumus.
896 2667 1019 2722 tudinem
1034 2684 1122 2723 susm.
1164 2667 1202 2722 At
1215 2667 1386 2738 profunditas
1403 2667 1513 2739 quidem
1528 2668 1563 2722 ad
1576 2667 1715 2745 ipsarum·

86 2749 226 2822 Sequitur
249 2746 325 2804 aliud
350 2746 476 2803 methodi
498 2747 646 2803 discrimen
666 2747 697 2803 in
720 2746 858 2803 tradendis
897 2746 1040 2802 veritatem
1052 2755 1082 2802 et
1091 2747 1244 2803 realitatem
1257 2749 1390 2803 refertur:
1406 2747 1450 2803 he
1464 2748 1538 2803 enim
1552 2756 1622 2814 sunt,
1637 2765 1699 2819 qua
1751 2812 1754 2819 ⁴

48 2830 177 2886 sciendis
201 2845 266 2885 cum
291 2828 397 2899 judicio
420 2828 615 2884 adhibendum.
664 2827 738 2883 Illud
765 2836 857 2884 auteur
897 2826 1062 2882 soliditatem
1082 2828 1232 2883 conterunt.
1274 2828 1411 2890 Quantum
1428 2827 1464 2883 ad
1483 2826 1605 2900 reliquas
1623 2828 1698 2895 duaa

47 2910 157 2983 regitur
165 2908 468 3004 periuiormationeset
480 2908 730 3003 anticipationesde
744 2909 859 2964 scientia
890 2904 1013 2964 latitudo
1034 2908 1123 2980 accipi
1147 2919 1177 2965 et
1196 2908 1349 2981 computari
1369 2915 1461 2980 potest
1479 2908 1513 2964 de
1535 2907 1650 2964 scientia
1669 2908 1699 2964 in

49 2993 129 3063 (quse
155 2989 293 3046 tradmda
319 2991 374 3060 est)
407 2991 437 3046 in
468 2990 569 3045 animis
595 2989 760 3045 discentium
781 2990 859 3061 prins
897 2990 1059 3055 scientiam,
1081 2988 1300 3062 longitudovero
1316 2991 1431 3045 sumitur
1444 3006 1461 3043 a
1475 3005 1582 3044 summa
1601 3005 1699 3060 propo·

48 3070 161 3126 infusas
190 3077 220 3125 et
250 3069 551 3142 imprecarentur
578 3069 652 3124 eninr
679 3069 751 3125 tradi
778 3070 860 3125 debet
897 3069 996 3125 sitione
1010 3069 1068 3124 ad
1059 3086 1145 3125 ruram
1159 3069 1188 3125 in
1204 3070 1301 3126 eadem
1315 3070 1438 3125 scientia
1480 3068 1574 3124 Altera
1588 3069 1657 3123 fines
1671 3075 1699 3125 et

48 3151 177 3216 scientia,
186 3168 252 3222 quaa
262 3150 298 3205 ad
310 3151 417 3206 anirnos
429 3149 573 3205 hominum
586 3167 658 3205 nova
672 3157 700 3205 et
713 3151 859 3222 peregrina
896 3166 976 3204 veros
990 3149 1166 3206 scientiarum
1179 3151 1311 3206 terminos
1324 3149 1519 3222 complectitur,
1534 3156 1565 3204 ut
1577 3148 1700 3220 proposi-

49 3246 169 3301 prorsus
197 3230 319 3298 accedit,
347 3231 428 3286 aliter
451 3247 492 3296 ea,
519 3246 581 3302 qum
605 3230 811 3300 opinionibus
800 3245 859 3299 Jam
897 3229 986 3285 tiones
1000 3230 1180 3300 proprie‚non
1193 3231 1349 3302 promiscue
1364 3237 1527 3295 tractentur,
1542 3230 1700 3285 etevitetur

48 3310 162 3382 pridem
175 3310 313 3365 imbibitis
326 3319 355 3366 et
368 3310 485 3381 receptis
499 3319 541 3365 est
553 3309 644 3365 affinis
657 3320 686 3365 et
703 3309 857 3366 familiaris.
897 3310 1034 3381 repetitio,
1049 3311 1184 3377 excursio,
1198 3310 1317 3382 denique
1337 3310 1462 3367 confusio
1481 3309 1590 3365 omnia:
1613 3309 1700 3365 altera

50 3391 176 3464 Ideoque
196 3389 358 3446 Aristoteles
374 3390 564 3446 Democritum
585 3389 716 3461 sugillare
736 3391 858 3461 cupiens,
896 3397 1021 3446 normam
1029 3391 1191 3462 praescribit,
1200 3408 1340 3463 quousque
1351 3399 1379 3446 et
1392 3391 1427 3446 ad
1441 3408 1522 3462 quem
1530 3389 1700 3460 particulari·

48 3488 148 3527 revera
169 3488 235 3526 eum
256 3471 365 3526 laudm:
388 3477 404 3503 ‘⁸
418 3470 474 3536 Si,’'
489 3470 586 3540 inquit,
601 3476 618 3502 “
632 3470 704 3525 serio
718 3470 859 3541 disputare
898 3473 964 3525 tatis
985 3470 1101 3543 gradum
1125 3471 1324 3544 propositiones
1348 3471 1524 3527 scientiarum
1544 3469 1598 3524 sint
1618 3468 1700 3524 dedu·

50 3549 180 3617 velimus,
195 3567 252 3606 non
265 3551 364 3607 sectari
377 3550 598 3616 similitudines,”
614 3558 665 3605 etc.
681 3547 707 3605 id
720 3552 788 3606 vitio
801 3568 859 3606 ven
897 3550 1001 3607 cendee.
1043 3551 1116 3608 Sane
1130 3552 1243 3607 dubium
1258 3559 1378 3618 nonest,
1394 3551 1461 3623 quin
1474 3549 1580 3622 aliquid
1594 3549 1699 3604 exarci-

51 3641 112 3686 tens
142 3631 313 3697 Democrito,
349 3631 421 3703 quod
453 3631 484 3686 in
510 3631 761 3702 comparationibus
787 3639 860 3687 esset
898 3631 997 3686 tationi
1012 3639 1040 3686 et
1053 3633 1181 3703 practica
1195 3632 1232 3686 sit
1245 3631 1469 3703 relinquendum
1490 3636 1598 3701 oportet
1616 3628 1700 3701 siqui·

51 3712 163 3767 rumim
207 3710 246 3766 At
264 3710 315 3778 illi,
329 3728 443 3783 quorum
457 3711 622 3767 documenta
641 3711 671 3765 in
685 3711 859 3784 opinionibus
898 3711 960 3766 dem
982 3711 1115 3768 Antonini
1135 3711 1180 3767 Pii
1194 3711 1291 3766 vitium
1308 3711 1413 3776 evitari
1434 3728 1470 3766 ne
1491 3712 1577 3765 simus
1596 3710 1700 3780 cymini

52 3790 237 3862 populanhus
256 3791 315 3860 jam
336 3792 417 3849 sedes
435 3807 499 3847 suas
518 3790 693 3858 collocarunt,
707 3809 764 3847 non
784 3792 859 3847 aliud
898 3800 1018 3846 sectores
1053 3792 1082 3846 iu
1110 3792 1240 3856 scientiis,
1267 3807 1336 3847 neve
1366 3791 1513 3847 divisiones
1542 3789 1577 3844 ad
1604 3790 1701 3847 infima

53 3871 163 3937 habent,
189 3871 265 3944 quod
287 3880 379 3943 agant,
402 3872 456 3927 nisi
473 3880 505 3927 ut
524 3871 662 3942 disputent
683 3879 711 3927 et
734 3872 858 3943 probent.
898 3888 1014 3944 qumque
1041 3870 1264 3943 multiplicemus.
1320 3871 1416 3943 Itaque
1444 3870 1562 3942 qualiter
1588 3869 1619 3926 in
1645 3870 1700 3927 hac

56 3951 115 4006 Illis
136 3962 244 4017 conus,
267 3969 381 4023 quorum
398 3953 527 4025 dogmata
547 3951 691 4023 opiniones
711 3952 859 4024 populares
898 3959 976 4022 perte
1003 3951 1082 4006 nobis
1108 3950 1163 4022 ipsi
1189 3957 1384 4022 temperemus,
1412 3951 1589 4022 inquisitione
1616 3950 1699 4023 plane

55 4031 258 4098 munuum,
268 4033 380 4103 gemino
388 4032 482 4088 labore
492 4048 562 4103 opus
573 4038 628 4088 est:
642 4033 733 4103 primo
744 4033 860 4088 utintel·
898 4031 1011 4103 dignum
1025 4038 1074 4086 est.
1116 4029 1249 4086 Videmus
1265 4029 1340 4088 eninr
1353 4030 1468 4087 nimium
1478 4031 1620 4103 generalia
1630 4033 1700 4105 (nisi

57 4109 177 4183 ligantur
192 4129 256 4184 qore
269 4113 401 4168 afferente
421 4112 519 4168 deinde
533 4120 564 4166 ut
582 4111 749 4182 probenturr
769 4113 809 4168 ita
829 4121 860 4169 ut
898 4109 1077 4183 deducantur)
1091 4127 1188 4181 parum
1201 4110 1357 4177 informare,
1372 4111 1438 4183 quin
1451 4111 1543 4183 potius
1556 4111 1700 4170 hominum

56 4191 331 4248 neemmnhsbeant
337 4192 486 4266 cmiugere
496 4192 532 4246 ad
539 4192 645 4247 auxilia
652 4192 860 4248 similitudinum
898 4191 1080 4263 practicorum
1092 4190 1211 4247 ludibrio
1228 4191 1357 4247 scientias
1371 4207 1518 4262 exponere,
1533 4207 1596 4247 curn
1610 4192 1700 4248 nihilo

56 4279 82 4325 et
95 4272 315 4340 nansiationum,
330 4290 385 4346 quo
403 4290 433 4328 se
446 4272 539 4343 captui
554 4272 699 4328 hominurn
712 4272 858 4328 insinuent
898 4271 988 4343 magis
1009 4272 1045 4327 sd
1073 4272 1223 4341 practicam
1249 4272 1360 4338 iaciant,
1388 4287 1472 4344 quam
1497 4272 1700 4344 chorographia

57 4349 188 4407 Videmus
216 4352 302 4424 igitur
327 4354 378 4408 sub
403 4351 522 4408 infantia
547 4352 732 4408 doctrinarum
759 4352 860 4409 seculis
899 4351 996 4407 Ortelii
1010 4349 1174 4408 universalis
1188 4351 1223 4406 ad
1236 4352 1310 4407 viam
1322 4352 1534 4418 monstrandam,
1551 4370 1614 4425 quta
1626 4352 1700 4408 Lon·

56 4431 219 4497 rudioribus,
240 4449 305 4488 cum
319 4432 453 4504 syllepses
471 4431 535 4497 illue,
552 4450 614 4504 qua
631 4434 690 4501 jam
703 4432 783 4489 iacta
796 4440 860 4489 sunt
898 4431 964 4487 dino
977 4431 1052 4488 ducit
1063 4430 1225 4488 Eboracum.
1254 4431 1336 4488 Certe
1347 4431 1450 4504 regulus
1459 4433 1570 4503 optimas
1579 4433 1699 4505 speculis

56 4509 185 4583 volgares
199 4519 228 4567 et
242 4513 322 4578 tritus,
336 4530 416 4568 novae
437 4512 548 4569 fuerant
567 4519 596 4566 et
615 4511 752 4579 inaudita,
767 4513 861 4568 omnia
899 4530 935 4567 ex
962 4509 1074 4568 metallo
1108 4527 1164 4567 uon
1187 4511 1288 4567 inscite
1321 4511 1515 4577 assimilantur,
1542 4512 1572 4568 in
1599 4513 1699 4584 quibus

56 4591 195 4661 parabolis
222 4601 252 4647 et
280 4591 505 4649 similitudinibus
528 4591 612 4663 plena
636 4591 734 4648 irrisae.
781 4593 860 4649 Alias
898 4600 1046 4648 cernuntur
1058 4592 1153 4663 utique
1165 4592 1309 4664 imagines,
1324 4592 1441 4647 sednon
1454 4600 1602 4664 antequam
1615 4609 1700 4664 expo-

57 4672 201 4739 cveniavet,
220 4680 251 4728 ut
272 4690 334 4746 qure
357 4671 587 4745 proponebantur,
605 4680 653 4728 aut
671 4672 776 4745 absque
793 4681 861 4729 nota
897 4672 947 4727 lita
961 4672 1081 4738 inerintr
1104 4673 1143 4727 sic
1160 4673 1259 4742 juvant
1272 4673 1381 4728 demum
1394 4672 1497 4745 regula
1511 4681 1540 4728 et
1552 4684 1697 4745 precepta,

58 4767 107 4807 sco
126 4754 277 4809 aomdone
290 4752 384 4808 debita
397 4754 565 4818 transmissa,
581 4760 627 4807 aut
644 4769 696 4824 pro
714 4754 860 4824 paradoxis
897 4761 1043 4825 postquam
1061 4752 1265 4807 exercitationis
1281 4754 1376 4808 limam
1395 4752 1534 4808 subierint.
1576 4752 1699 4814 Quodsi

57 4832 165 4900 reicere,
179 4833 305 4888 miscent.
347 4832 457 4891 Etenim
473 4831 570 4905 regula
586 4832 712 4905 quedam
725 4833 860 4889 eattradi·
898 4841 998 4899 tamen,
1012 4849 1098 4903 usqua
1119 4848 1137 4887 a
1155 4831 1298 4903 principio,
1312 4831 1415 4905 regular
1435 4832 1491 4888 illue
1511 4833 1572 4887 deri
1592 4832 1699 4903 possint

58 4911 129 4978 titre,
142 4913 216 4984 quod
228 4914 348 4969 seientia
362 4914 459 4980 omnia.
470 4931 532 4985 quea
545 4912 785 4984 anticipationibus
802 4916 859 4970 sive
897 4913 1002 4978 nitida,
1017 4921 1046 4966 et
1060 4911 1139 4984 quasi
1153 4912 1328 4983 crystallinae,
1341 4913 1371 4967 id
1384 4913 1518 4983 optimum
1531 4912 1606 4967 iactu
1620 4912 1697 4978 toret,

58 4994 600 5065 pruupposirionrbusnoneatcousom,
611 4992 860 5049 asimilitudinibus
899 4992 1119 5065 quandoquidem
1137 4992 1333 5048 exercitatione
1349 4993 1458 5048 assidua
1479 4993 1569 5047 minus
1592 4991 1698 5061 indige-

59 5079 87 5123 et
99 5074 350 5144 comparationibus
363 5074 506 5145 suppetias
518 5081 612 5144 petere
625 5073 732 5129 debeat.
897 5073 972 5127 hunt
1013 5073 1103 5143 Atque
1115 5071 1148 5127 de
1158 5072 1274 5128 scientia
1284 5072 1405 5128 methodi
1416 5076 1511 5145 (quam
1525 5072 1697 5141 prudentiam

97 5150 187 5224 Atque
209 5153 244 5208 de
266 5153 459 5209 methodorum
481 5154 597 5209 diversis
624 5154 771 5226 generibus
799 5154 859 5208 heac
898 5152 1033 5207 traditivae
1046 5151 1259 5222 nominavimus)
1275 5153 1334 5209 huc
1348 5153 1422 5207 dicta
1435 5153 1497 5208 sint.

60 5227 213 5288 dicmsint:
235 5233 272 5290 iis
285 5233 422 5299 videlicet,
437 5251 498 5305 quta
512 5234 627 5289 antehac
642 5234 750 5289 abaliis
764 5242 860 5289 notata
937 5234 1037 5304 Neque
1051 5240 1144 5287 tamen
1161 5231 1231 5287 illud
1250 5232 1519 5305 pretermittendum,
1534 5229 1608 5302 quod
1629 5246 1698 5286 nou·

60 5325 111 5366 oon
125 5311 255 5368 inerunt:
276 5330 342 5369 nam
356 5323 491 5385 quantum
505 5314 539 5369 ud
552 5326 666 5369 ceteras
677 5311 740 5371 illas
753 5313 860 5369 metho
897 5312 975 5379 nulli,
988 5312 1041 5367 viri
1051 5313 1144 5384 magis
1153 5313 1252 5369 tumidi
1263 5330 1347 5384 quum
1360 5312 1439 5378 docti,
1450 5310 1611 5367 insudarunt
1623 5312 1698 5367 circa

60 5387 114 5458 dm,
149 5392 329 5465 analyticam,
366 5393 531 5465 sysmticam,
565 5393 741 5461 ditaretioarn,
774 5393 860 5450 etism
897 5392 1058 5448 methodum
1072 5393 1354 5466 quandamlegitimm
1363 5391 1485 5448 methodi
1497 5391 1609 5446 nomine
1622 5391 1698 5448 haud

60 5471 217 5544 crypticam,
237 5471 437 5605 liotrrericam,2
451 5472 615 5606 etqsimiles,
636 5480 709 5530 recte
731 5482 795 5530 sunt
818 5491 860 5530 ea
898 5473 1019 5546 dignam,
1033 5489 1097 5529 curn
1116 5474 1209 5544 potius
1223 5473 1260 5528 sit
1277 5473 1421 5529 methodus
1439 5472 1613 5543 imposturar
1636 5489 1697 5544 qum

453 5565 468 5605 s
