3800 5875
716 341 823 398 NOVA
843 341 1044 398 nanturra.
1638 343 1695 408 727

63 514 141 564 num,
151 505 179 554 et
192 514 283 558 rerum
296 503 451 556 normarum
463 498 561 565 anari,
576 499 766 570 requievimus,
775 500 864 556 risum
898 501 1037 556 nationem
1056 500 1187 571 temporis
1206 501 1294 567 istius,
1315 508 1395 572 prout
1412 519 1457 557 res
1475 509 1572 558 resbae
1591 503 1697 575 flagita-

63 585 109 632 est
129 576 209 644 mihi,
224 576 312 632 socios
330 585 439 634 nostros
460 577 491 633 in
507 595 592 636 unum
609 595 779 635 convocare:
800 597 862 634 cum
899 579 975 645 bunt,
985 597 1130 651 procurare
1141 597 1258 651 possem.
1299 580 1697 652 Quinetinsupernarrorobis

64 666 158 713 antem
171 655 368 723 convenissent,
382 657 422 711 ita
434 673 482 711 eos
495 657 628 713 allocutus
642 675 721 714 sum:
743 657 863 714 “Amici
899 659 1011 714 domum
1026 659 1099 715 hanc
1118 660 1323 731 peregrinomm
1343 660 1396 714 isto
1415 669 1536 731 tempore
1557 670 1599 716 sat
1616 662 1698 717 dites·

64 736 120 791 mei
133 736 296 798 charissimi,
311 753 454 791 noscamus
471 754 521 792 nos
539 736 622 807 ipsos,
637 746 665 792 et
678 755 732 809 quo
744 737 806 792 loco
818 755 863 794 res
900 755 969 804 cere,
980 746 1008 793 et
1022 738 1138 809 pecunia
1152 748 1292 793 numerata
1300 739 1370 794 bene
1383 739 1495 795 instrui:
1510 741 1613 795 reditus
1623 741 1697 796 enim

63 824 165 870 nostras
178 816 242 872 sint.
281 816 342 869 Viri
356 833 458 880 sumus
472 816 502 870 in
515 824 615 871 terram
626 817 740 888 projecti
755 833 770 872 e
784 818 862 882 mari,
899 834 964 872 suos
977 817 1225 887 accumulavitjam
1240 835 1289 888 per
1302 827 1407 888 septem
1420 826 1448 874 et
1468 820 1579 891 triginta
1594 836 1696 876 annos:

64 895 137 949 sicut
149 894 235 950 Jonas
248 912 264 950 e
277 904 370 950 renue
391 894 579 958 balsameum
593 895 621 950 iu
636 896 694 950 alto
715 895 800 951 veluti
818 913 862 952 se·
901 903 941 951 tot
962 897 1035 951 anim
1055 897 1225 963 effluxerint,
1239 915 1276 952 ex
1296 915 1350 968 quo
1369 898 1530 969 peregrinus
1546 898 1648 971 aliquis
1661 899 1697 954 ad

63 972 135 1045 palti
148 991 279 1030 essemus.
319 972 384 1029 lam
397 991 461 1028 vero
474 973 540 1029 licet
553 982 652 1030 terram
665 991 758 1030 rursus
772 975 862 1030 calca·
900 974 951 1030 has
965 983 1056 1046 partes
1070 975 1228 1047 appulerat:
1249 977 1341 1047 itaque
1355 977 1388 1030 de
1400 977 1532 1046 impensis
1544 978 1641 1032 vestris
1655 995 1698 1034 so·

64 1053 215 1117 musinter
228 1053 312 1109 vitam
325 1060 416 1107 tamen
426 1061 454 1108 et
463 1062 578 1108 mortem
588 1054 672 1108 medii
681 1054 862 1111 consistimus.
900 1054 969 1110 liciti
982 1056 1100 1110 neritis.
1141 1055 1279 1125 Sumptus,
1294 1056 1424 1126 quamdiu
1444 1056 1489 1109 hic
1502 1058 1697 1122 manseritise

62 1131 174 1187 Etenim
190 1134 267 1197 fines,
282 1141 310 1187 et
328 1132 435 1198 veteris,
456 1142 484 1187 et
506 1132 570 1187 nori
592 1133 674 1198 orbis,
694 1135 863 1204 praetervecti
899 1133 1011 1204 publico
1027 1135 1123 1190 aerario
1144 1135 1361 1190 ministrabitur:
1388 1152 1477 1207 neque
1497 1134 1541 1190 rel
1565 1143 1697 1207 punctum

62 1228 167 1266 sumus.
207 1211 297 1283 Atque
312 1211 641 1283 utrumnobisEuropam
653 1230 745 1268 mrsus
758 1214 864 1285 conspi-
900 1214 1038 1283 temporis,
1052 1213 1194 1283 hujus-rei
1214 1231 1304 1278 causa,
1323 1214 1357 1267 de
1377 1232 1454 1269 mora
1472 1224 1562 1269 vestra
1575 1216 1695 1272 decedet.

62 1308 128 1348 cere
149 1290 265 1356 dabitur,
284 1290 337 1346 soli
358 1291 419 1346 Deo
441 1300 544 1347 notum.
584 1290 720 1347 Miraculo
745 1293 863 1362 quodam
900 1292 1037 1353 Quantum
1059 1310 1125 1348 vero
1144 1294 1179 1347 ad
1203 1309 1316 1358 merces,
1340 1311 1408 1365 quas
1429 1294 1574 1348 adduxisse
1595 1295 1695 1361 dicitis,

63 1369 119 1425 huc
133 1370 240 1425 advecti
254 1388 355 1435 sumus,
369 1378 449 1442 atque
463 1387 481 1425 a
493 1370 624 1426 miraculo
637 1387 721 1442 prope
733 1372 863 1438 aberitsi
899 1371 982 1426 nullae
995 1372 1072 1427 robis
1085 1372 1257 1444 imponentur
1276 1373 1444 1427 conditiones
1458 1374 1540 1438 dura,
1554 1374 1603 1428 sed
1613 1374 1695 1443 jarstis

65 1449 132 1504 hinc
146 1449 322 1505 abrahamur.
363 1450 502 1515 Quocirca,
516 1449 631 1506 salutem
644 1452 817 1521 praeteritam,
830 1468 862 1507 ac
899 1452 994 1521 pretiis
1008 1468 1056 1506 eas
1069 1451 1199 1517 vendetis,
1213 1451 1333 1505 valorem
1346 1470 1440 1506 earum
1459 1453 1633 1523 accipientes,
1652 1452 1696 1507 rel

63 1529 189 1598 pericula
212 1529 358 1601 presentia
370 1536 398 1583 et
423 1529 515 1585 lutura
540 1530 632 1585 animo
651 1528 807 1597 recolentes,
828 1533 864 1587 nd
899 1530 929 1585 in
942 1531 1077 1585 mercibus
1091 1530 1161 1595 aliis,
1174 1530 1218 1585 rel
1227 1531 1256 1585 in
1267 1539 1366 1585 anroet
1376 1539 1508 1602 argento:
1528 1533 1614 1587 nostri
1622 1533 1696 1587 enim

63 1606 155 1663 Deum
164 1625 214 1663 nos
223 1616 416 1672 convertamus,
427 1608 509 1663 corda
515 1608 643 1674 levemus,
651 1618 677 1664 et
689 1610 747 1663 vias
757 1617 863 1665 nosuas
899 1609 971 1663 nihil
984 1610 1107 1665 interest.
1148 1611 1197 1664 Sin
1212 1611 1437 1682 veroquisquam
1451 1611 1496 1675 sit,
1512 1611 1584 1682 quod
1597 1628 1615 1665 a
1625 1619 1697 1667 statu

64 1686 168 1759 singuli
182 1689 359 1759 corrigamus.
400 1688 585 1744 Praetereaad
601 1687 731 1759 populum
745 1688 863 1745 Christi·
899 1689 955 1743 isto
969 1698 1062 1760 petere
1076 1690 1174 1754 uelitis,
1188 1689 1256 1745 illud
1273 1706 1324 1744 nos
1343 1705 1377 1744 ne
1396 1689 1498 1745 celetis.
1540 1691 1696 1762 Reperietis

63 1783 156 1832 anum,
184 1768 293 1838 pietatis
320 1775 349 1823 et
374 1766 550 1822 humanitatis
576 1767 694 1838 plenum,
720 1767 861 1824 renimrrs:
900 1769 973 1823 enim
982 1785 1032 1822 nos
1043 1785 1202 1839 responsum
1215 1767 1269 1823 tale
1282 1769 1422 1834 relaturos,
1437 1787 1491 1841 quo
1504 1770 1595 1825 vultus
1607 1777 1696 1826 uester

63 1863 191 1901 curemus
205 1847 323 1919 (quaeso)
344 1863 378 1902 ne
393 1847 469 1902 illam
487 1847 566 1901 faciei
585 1847 769 1903 contusionem
783 1865 864 1919 super
900 1848 1013 1903 minime
1026 1848 1139 1913 decidat,
1150 1856 1196 1902 aut
1206 1848 1385 1904 contristemur.
1428 1850 1489 1903 Hoc
1501 1856 1606 1904 tantum
1618 1850 1696 1904 vobis

64 1941 115 1981 nos
128 1925 296 1991 inducamus,
310 1934 341 1981 ut
357 1942 448 1981 coram
461 1925 517 1981 illis
529 1926 595 1981 sitia
604 1935 702 1991 nostra,
716 1934 764 1982 sut
777 1926 863 1983 malos
900 1926 985 1992 edico,
1000 1945 1035 1982 ne
1055 1927 1116 1997 quis
1137 1937 1257 1982 restrum
1275 1925 1398 1982 karanus
1416 1927 1524 1998 longius
1544 1928 1606 1999 (illa
1623 1929 1696 1999 apud

64 2021 155 2061 mores
169 2005 261 2076 palam
275 2005 417 2061 faciamus.
459 2006 555 2061 Adhuc
569 2014 653 2062 restat
665 2005 800 2078 amplius:
821 2007 863 2062 illi
900 2021 947 2061 eos
961 2005 1164 2078 sesquimilliari
1178 2006 1335 2077 oequivalet)
1348 2008 1487 2061 amoeniis
1508 2008 1584 2063 urbis
1605 2008 1697 2064 absce-

64 2083 139 2139 enim
157 2081 226 2160 (etsi
240 2086 292 2141 sub
305 2084 482 2141 humanitatis
503 2080 606 2159 forma)
624 2101 674 2140 nos
687 2085 801 2155 hujusce
814 2086 863 2141 do·
900 2084 1298 2156 datsinslicentiaspeciali.”
1334 2086 1541 2157 Respondimus,
1552 2095 1696 2160 postquam

64 2180 128 2219 mus
146 2162 272 2220 claustris
294 2165 329 2219 ad
346 2164 464 2220 triduum
485 2164 682 2231 concluserunt,
700 2165 761 2238 quis
780 2166 862 2231 norit,
899 2180 950 2219 nos
972 2164 1093 2220 vicissim
1117 2164 1215 2219 intuitu
1239 2182 1368 2230 essemus,
1393 2167 1542 2237 gratiosam
1567 2166 1641 2221 hanc
1667 2171 1697 2221 et

65 2259 197 2299 numnam
210 2243 264 2299 hoc
284 2244 392 2308 faciant,
406 2261 578 2316 quomorum
591 2252 745 2300 nostrorum
758 2245 864 2316 experi-
900 2244 979 2315 quasi
989 2252 1131 2315 paternam
1140 2243 1336 2316 benignitatem
1349 2244 1520 2310 admirantes,
1530 2262 1585 2299 non
1593 2245 1697 2302 habere

64 2330 188 2377 mentum
208 2329 330 2379 sumant:
351 2323 458 2395 quossi
475 2324 627 2395 repererint
640 2340 746 2395 pravos,
760 2323 863 2379 confes-
900 2338 957 2389 nos,
972 2324 1045 2395 quod
1058 2324 1217 2387 diceremus.
1231 2341 1293 2379 cum
1311 2332 1339 2378 et
1360 2325 1458 2394 gratiis
1480 2324 1595 2396 agendis
1613 2325 1697 2380 rerba

65 2400 117 2458 tim
132 2401 245 2458 exulare
263 2418 314 2458 nos
331 2401 484 2472 jubebunt:
505 2403 550 2458 sin
570 2402 677 2473 probos,
691 2419 797 2458 moram
816 2403 862 2458 hic
899 2418 956 2457 non
978 2409 1162 2474 suppeterent,
1190 2410 1218 2457 ct
1240 2403 1397 2474 prenobilis
1421 2404 1481 2472 ejus
1504 2412 1532 2459 ct
1556 2404 1698 2475 inopinata

64 2478 219 2552 longiorem
232 2481 427 2553 indulgebant:
449 2499 517 2554 quos
537 2482 610 2537 enim
628 2483 807 2553 assignarunt,
821 2483 862 2536 ia·
900 2481 1197 2547 munificentiaomnia,
1209 2483 1383 2553 qumanobis
1393 2483 1698 2554 petendaessent,proe·

65 2558 134 2615 muli
146 2560 200 2628 isti,
222 2561 316 2634 quidni
337 2562 420 2618 etiam
441 2561 642 2632 speculatomm
664 2562 737 2616 sices
757 2563 862 2634 agant.⁰
900 2571 1066 2630 occupasset.
1106 2562 1168 2615 Nos
1189 2571 1261 2615 certe
1282 2561 1477 2632 cogitationem
1499 2562 1576 2617 illam
1597 2563 1696 2630 subire,

66 2639 172 2711 ltaque,
186 2648 297 2712 propter
309 2657 429 2696 amorem
442 2639 504 2706 Dei,
518 2650 602 2712 atque
615 2640 639 2695 si
653 2640 766 2696 charum
784 2640 863 2696 nobis
900 2640 979 2710 qussi
992 2640 1111 2713 effigiem
1131 2640 1227 2695 salutis
1246 2650 1354 2696 aeterna
1372 2640 1402 2695 in
1422 2640 1499 2696 ooelis
1519 2649 1583 2696 ante
1603 2641 1697 2697 oculos

66 2717 103 2772 sit
115 2719 217 2774 bonum
231 2720 382 2776 animarum
392 2728 421 2776 et
433 2737 575 2790 corpomm
587 2727 746 2785 noahorum,
761 2720 800 2774 ita
813 2737 864 2775 nos
900 2718 1083 2775 haberemus:
1102 2719 1247 2789 siquidem,
1269 2719 1316 2790 qui
1335 2718 1417 2791 paulo
1438 2729 1500 2773 ante
1523 2720 1553 2774 in
1573 2720 1698 2777 saucibus

65 2814 203 2868 geramus,
213 2805 280 2855 utet
292 2816 389 2870 mecm
399 2817 461 2855 cum
470 2798 531 2857 Deo
543 2799 699 2864 habeamus,
710 2807 738 2855 et
748 2799 864 2871 gratiam
899 2799 996 2853 mortis
1007 2799 1147 2854 constituti
1158 2815 1273 2863 emmas,
1283 2799 1411 2853 adductos
1421 2799 1479 2867 jam
1488 2816 1548 2854 esse
1559 2798 1588 2853 in
1597 2798 1696 2866 locum,

64 2877 96 2930 in
117 2876 204 2932 oculis
228 2877 322 2951 populi
345 2878 428 2950 hujus
445 2878 641 2937 inveniamus'’
682 2879 756 2934 Socii
777 2880 863 2934 nosni
901 2877 1580 2950 ubiconsolationesperpetuoeetnilsliudspiraat
1608 2879 1697 2941 Quan-

65 2973 123 3011 una
136 2974 201 3014 vocs
216 2957 286 3014 mihi
299 2960 460 3031 deiisqum
474 2959 675 3025 admonueram,
685 2959 787 3031 gratim
801 2976 863 3033 ege-
902 2966 960 3013 tum
983 2959 1018 3013 ad
1044 2959 1203 3014 mandatum
1230 2958 1310 3013 nobis
1333 2958 1500 3029 impositum,
1515 2958 1696 3013 obedientiam

65 3043 138 3103 runt,
152 3038 387 3112 promiseruntque
399 3039 489 3095 sobrie
502 3055 532 3095 se
554 3046 583 3095 et
602 3039 723 3095 modeste
737 3040 862 3105 victuros,
900 3054 1035 3093 summam
1061 3037 1238 3110 prostitutos,
1261 3038 1312 3093 etsi
1339 3038 1399 3093 ficri
1423 3054 1478 3092 non
1505 3045 1605 3108 posset,
1631 3038 1698 3110 quin

64 3114 170 3187 absque
184 3117 312 3173 scandalo
328 3119 374 3174 rel
386 3118 508 3174 minimo.
549 3118 644 3190 Itaque
659 3126 714 3173 tres
729 3117 791 3174 illos
804 3118 863 3174 dies
900 3116 983 3171 corda
995 3126 1087 3172 nostra
1101 3117 1291 3172 ardentissimo
1304 3126 1425 3172 sanctam
1438 3117 1516 3173 illam
1536 3123 1565 3172 et
1585 3116 1696 3172 felicem

64 3193 131 3260 lna,
144 3203 174 3250 et
193 3196 264 3253 curis
281 3196 368 3263 vacui,
382 3198 546 3270 peregimus,
560 3197 632 3252 nihil
653 3197 753 3253 soliciti
766 3196 800 3253 de
821 3215 862 3263 eo,
901 3203 1001 3252 terram
1028 3196 1140 3252 ulterius
1167 3196 1272 3252 risendi
1295 3196 1431 3252 desiderio
1456 3196 1697 3253 inflammarentur.

63 3274 140 3346 quod
160 3275 240 3331 nobis
262 3283 324 3348 post
348 3276 467 3332 triduum
489 3277 557 3332 illud
579 3277 738 3349 contingere
752 3285 862 3349 posset:
900 3274 1065 3346 adjecimus,
1075 3276 1184 3349 linguas
1193 3276 1270 3346 prius
1283 3275 1406 3331 saucibus
1418 3276 1518 3331 nostris
1532 3276 1696 3342 adhesuras,

63 3370 121 3424 quo
134 3354 219 3409 etiam
231 3354 337 3411 dierum
350 3355 483 3411 curriculo
503 3356 611 3411 assidue
634 3364 744 3427 propter
764 3373 863 3411 conra·
901 3372 984 3427 quam
997 3373 1048 3411 nos
1062 3356 1227 3413 mentionem
1240 3355 1284 3410 vel
1304 3372 1427 3426 persona
1447 3356 1506 3424 ejus
1527 3356 1697 3422 veneranda,

62 3431 226 3489 lescentiam
249 3452 383 3506 agrorum
409 3442 560 3491 noshorum
585 3434 731 3491 exhilarati
753 3453 861 3500 sumus:
899 3433 944 3489 rel
957 3435 1048 3506 gentis
1061 3435 1145 3505 hujus
1158 3435 1298 3502 unirersae,
1311 3435 1341 3490 in
1360 3435 1486 3505 precibus
1503 3436 1603 3490 nostris
1616 3436 1698 3489 omit·

64 3510 113 3582 qui
128 3529 166 3578 se,
181 3512 266 3569 veluti
278 3513 309 3569 in
321 3514 489 3587 probaticam
502 3514 631 3586 aliquam,
641 3515 736 3571 divina
749 3515 863 3570 sanandi
901 3522 1027 3571 teramus.
1068 3515 1288 3587 supplicavimus
1301 3514 1571 3579 etiamsi,utnosin
1584 3531 1699 3571 numero

65 3591 167 3646 virtute
178 3592 326 3664 praeditam,
336 3594 434 3649 missos
445 3594 651 3651 existimabant:
672 3602 728 3650 tam
737 3593 863 3651 celeriter
900 3610 1038 3649 serrorum
1052 3612 1170 3659 suorum,
1184 3610 1309 3649 verorum
1322 3593 1420 3649 mento
1434 3601 1462 3648 et
1480 3593 1603 3658 lidorum,
1617 3612 1698 3664 repu-

64 3669 204 3743 siquidem
218 3681 246 3728 et
259 3679 413 3728 constanter
421 3673 652 3730 convalescebant.
900 3681 977 3738 taret,
990 3674 1051 3742 jure
1070 3691 1126 3729 non
1145 3675 1258 3739 minore,
1273 3691 1354 3745 quam
1374 3691 1429 3745 quo
1440 3689 1559 3744 unquam
1571 3673 1699 3729 mortales

105 3749 234 3806 Crastino
246 3760 309 3823 post
321 3752 389 3809 illud
402 3752 519 3808 triduum
533 3754 655 3824 elapsum
669 3753 744 3811 venit
758 3755 793 3810 ad
810 3772 861 3811 nos
900 3753 1060 3809 mortalibus
1073 3753 1192 3807 devincti
1204 3753 1321 3808 fuerim:
1342 3753 1434 3823 itaqua
1448 3753 1587 3822 nosipsos,
1599 3761 1627 3807 et
1640 3770 1698 3807 om·

62 3828 257 3895 homonovus,
272 3848 353 3903 quem
372 3839 452 3887 antea
471 3849 527 3888 non
540 3833 701 3898 videramus,
715 3843 790 3890 veste
811 3852 863 3889 coe-
900 3832 946 3886 nia
960 3840 1053 3887 nostra
1065 3833 1100 3887 ad
1113 3833 1197 3904 pedes
1210 3833 1269 3901 ejus
1282 3831 1422 3887 humiliter
1435 3833 1576 3902 projicere.
1612 3831 1698 3895 Dixit,

63 3907 145 3963 rulea
158 3910 281 3976 amictus,
292 3911 517 3983 quemadmodum
528 3921 555 3967 ct
568 3913 649 3983 prior,
658 3913 710 3966 nisi
724 3914 796 3983 quod
810 3920 864 3968 tur·
901 3911 1095 3966 “sacerdotem
1108 3929 1138 3966 sc
1152 3929 1220 3977 esse,
1234 3920 1261 3966 et
1272 3911 1418 3967 sacerdotis
1426 3910 1578 3966 mercedem
1586 3928 1699 3982 exspec-

62 3987 169 4044 banum
183 3989 243 4059 ejus
257 3989 348 4045 album
360 3999 438 4056 esset,
453 4009 515 4047 cum
529 4009 608 4047 cruce
629 4008 715 4063 parra
735 3993 819 4048 rubea
833 3992 862 4047 in
901 3997 958 4046 tare
967 3992 996 4046 :'’
1019 3991 1107 4056 idest,
1121 3991 1270 4046 fraternum
1280 4008 1400 4045 amorem
1412 3996 1543 4055 nostrum,
1558 3998 1585 4044 et
1597 3990 1698 4045 bonum

62 4067 178 4125 vertice.
219 4068 323 4125 Habuit
337 4069 419 4125 etiam
438 4070 591 4142 liripipium
611 4071 684 4127 circa
703 4070 812 4138 rollum,
827 4090 863 4127 ex
901 4071 1053 4126 animarum
1063 4078 1243 4141 etcorporum
1253 4079 1412 4125 nostrorum.
1441 4069 1699 4125 ltaanobisdisces-

63 4145 152 4201 linteo
166 4146 319 4219 purissimo.
360 4149 416 4205 Sub
429 4151 568 4206 introitum
588 4168 667 4207 suum
681 4150 820 4222 paululum
833 4169 862 4207 se
901 4148 1698 4221 sitnonsinelacrymis‚prmtcneritudineanimiobortis:

63 4224 218 4292 inclinarit,
232 4227 386 4283 etbrachis
405 4246 455 4285 sua
468 4229 593 4285 nonnihil
609 4229 764 4301 explicarit.
803 4232 863 4286 Nos
901 4246 950 4284 nos
964 4246 1070 4302 quoque
1079 4229 1190 4301 reliquit
1198 4229 1299 4301 gaudio
1308 4229 1440 4283 etaffectu
1450 4228 1625 4299 gratitudinis
1634 4246 1699 4283 con·

61 4321 133 4361 vero
147 4322 209 4361 eum
222 4306 429 4364 resalutavimus
450 4309 531 4363 modo
553 4308 699 4365 admodum
719 4309 864 4365 humiliet
901 4309 976 4363 fusos
986 4316 1014 4363 et
1024 4307 1171 4380 perculsos,
1185 4316 1267 4380 atque
1281 4308 1399 4362 invicem
1413 4307 1577 4372 dicebamus,
1588 4326 1638 4363 nos
1651 4326 1698 4363 re·

62 4384 211 4450 submisso,
226 4386 261 4440 ab
273 4402 319 4442 ors
329 4386 387 4456 ejas
401 4388 570 4454 sententiam,
584 4388 712 4453 velvitur,
729 4389 773 4444 vel
791 4406 864 4444 mor·
901 4388 1116 4444 nisseinterram
1124 4389 1259 4459 quandam
1268 4386 1434 4458 angelorum,
1440 4387 1486 4458 qui
1494 4387 1572 4443 nobis
1579 4388 1699 4460 quotidie

62 4463 102 4519 tis
117 4471 316 4535 exspectantes.
356 4465 514 4533 Posmlarit,
527 4476 558 4522 nt
577 4485 639 4523 cum
656 4469 752 4540 paucis
766 4468 864 4540 aliqui·
902 4467 1077 4537 apparebant,
1092 4475 1119 4522 et
1131 4467 1360 4521 consolationibus
1370 4467 1578 4537 praeveniebant,
1587 4485 1654 4539 quas
1664 4484 1699 4522 ne

64 4542 120 4599 bus
135 4543 276 4599 hominum
289 4552 441 4602 noshorum
454 4545 660 4619 colloqueretur.
703 4547 800 4619 ltaque
814 4565 865 4603 sex
902 4547 1022 4617 cogitare
1037 4546 1145 4619 quidem
1160 4547 1348 4617 potuissemus,
1360 4546 1459 4601 nedum
1473 4557 1639 4618 exspectare.

62 4629 174 4679 tantum
183 4626 694 4690 manseruntcmterisesubduxemnt.
724 4625 864 4683 Tumille:
942 4625 995 4680 Die
1009 4628 1143 4697 proximo,
1154 4624 1250 4681 horam
1264 4624 1371 4680 circiter
1380 4625 1515 4680 decimam
1528 4627 1697 4689 matutinam,

64 4707 81 4734 “
95 4702 163 4774 Ego
189 4703 298 4774 quidem
321 4703 416 4759 domus
439 4702 523 4781 hujus
547 4705 753 4777 peregrinomm
776 4707 866 4760 officio
903 4704 993 4762 denuo
1009 4723 1060 4760 nos
1079 4705 1172 4760 invisit
1190 4705 1371 4775 praepositus:
1392 4714 1419 4759 et
1439 4712 1501 4775 post
1520 4705 1699 4760 salutationes

62 4781 230 4853 praepositus
243 4799 320 4849 sum:
341 4783 482 4839 vocatione
495 4796 587 4840 autem
608 4784 748 4855 presbyter
769 4784 865 4840 Chris·
903 4784 1030 4855 utrinque
1043 4784 1129 4839 lactas
1143 4783 1217 4839 dixit
1229 4781 1412 4838 familiariter:
1433 4801 1462 4838 se
1477 4784 1591 4848 venisse,
1606 4792 1634 4838 ut
1648 4800 1699 4838 nos

62 4861 167 4917 tianus.
198 4862 361 4935 ltaquejam
370 4863 521 4929 secessim:
535 4881 646 4935 operam
656 4864 866 4919 meamrobisin
903 4862 1034 4928 visitaret,
1049 4871 1076 4918 et
1096 4872 1202 4932 tempus
1221 4863 1364 4918 nobiscum
1377 4871 1484 4918 tereret.
1526 4863 1595 4917 Tum
1609 4862 1700 4916 cathe-

62 4940 194 4995 omnibus
202 4949 367 5010 praetorem,
375 4941 865 5015 tanquamperegrinis,sedproecipue
904 4942 981 4996 dram
1003 4943 1136 5014 poposcit,
1157 4952 1185 4997 et
1207 4942 1337 4997 consedit.
1378 4943 1438 4997 Nos
1461 4949 1560 5006 autem,
1585 4958 1699 4995 numero

62 5025 197 5091 tanquam
206 5019 381 5076 Christianis.
421 5021 866 5093 Nonnullshabeo,quaerobisre-
904 5022 998 5075 decem
1020 5023 1097 5089 (nam
1119 5022 1212 5077 crateri
1231 5029 1279 5076 aut
1300 5021 1442 5075 inferiores
1460 5028 1545 5084 erant,
1559 5027 1606 5074 aut
1625 5021 1699 5075 foras

64 5098 163 5163 leram,
191 5116 252 5169 quaa
278 5100 321 5171 (ut
347 5099 475 5171 arbitror)
497 5118 553 5156 non
577 5100 714 5155 illibenter
739 5101 865 5156 audictis.
904 5100 1043 5168 abierant)
1057 5101 1131 5156 circa
1144 5119 1208 5157 cum
1221 5100 1359 5156 sedimus:
1380 5117 1412 5154 ac
1427 5099 1522 5153 deinde
1537 5100 1575 5153 ita
1588 5115 1700 5155 exorsus

64 5177 163 5233 Status
176 5178 230 5233 iste
243 5178 381 5233 licentiam
394 5179 472 5234 robis
485 5180 559 5235 dedit
573 5197 622 5251 per
632 5197 682 5236 sex
696 5180 864 5250 septimanas
904 5187 956 5234 eat.
997 5179 1059 5234 Nos
1078 5180 1112 5235 dc
1131 5180 1221 5235 insula
1241 5179 1294 5235 hac
1315 5177 1462 5233 Bensalem
1482 5178 1533 5247 (ita
1549 5178 1623 5232 enim
1637 5196 1700 5234 eam

63 5254 182 5313 ulterius
194 5258 388 5314 commorandi.
428 5258 527 5332 Neque
540 5275 589 5314 ros
601 5258 750 5324 conturbet,
764 5257 789 5314 si
803 5258 864 5331 qui·
904 5266 1000 5313 vocant
1026 5257 1120 5330 lingua
1145 5261 1206 5326 sua)
1227 5258 1280 5313 hoc
1303 5258 1444 5322 habemus,
1467 5257 1538 5328 quod
1561 5257 1700 5313 obsitum

63 5335 128 5391 dem
143 5336 256 5409 negotia
268 5344 358 5393 vestra
368 5338 485 5408 spatium
495 5337 614 5409 amplius
623 5337 778 5410 postulent:
800 5355 866 5393 nam
903 5337 1000 5392 insula:
1013 5345 1113 5393 nostrae
1126 5338 1284 5403 solitarium,
1299 5346 1326 5391 et
1339 5336 1414 5407 leges
1434 5336 1669 5407 peregrinantibus
1683 5355 1699 5393 e

64 5431 155 5489 neque
170 5414 218 5471 lex
231 5416 294 5487 ipsa
306 5415 384 5488 regni
398 5417 426 5471 in
447 5416 500 5471 hac
520 5425 597 5487 parte
618 5417 706 5490 rigida
728 5427 787 5484 est:
809 5426 866 5472 tum
904 5418 983 5472 nobis
996 5417 1136 5488 impositas
1150 5419 1184 5473 de
1199 5428 1271 5472 terra
1291 5416 1344 5470 hac
1365 5415 1487 5481 celanda,
1501 5425 1529 5470 et
1549 5433 1637 5470 raram
1652 5434 1700 5472 ex·

64 5511 132 5553 vero
144 5495 258 5552 minime
271 5495 373 5563 dubito,
388 5497 454 5568 quin
467 5505 495 5552 et
509 5495 569 5568 ipse
583 5495 660 5553 robis
679 5497 865 5569 comperendi—
904 5504 1024 5554 terarum
1043 5497 1234 5555 admissionem
1258 5497 1287 5550 in
1310 5494 1450 5567 regionem
1471 5503 1606 5563 nostram,
1620 5496 1700 5553 nobis
