3800 5875
662 307 844 369 HISTORIA
867 309 1091 364 VENTORUM.
1631 314 1688 368 525

101 463 177 534 prins
197 479 283 534 genus
305 471 366 518 erat
385 471 534 531 uentorum,
555 466 603 537 qni
626 473 728 521 exeunt
750 484 765 520 e
788 479 860 521 terra
935 469 982 521 24.
1004 467 1237 529 Quemadmodum
1253 484 1327 522 rores
1343 476 1371 521 et
1390 467 1496 523 nebulae
1514 468 1560 523 hic
1574 470 1602 523 iu
1624 471 1689 526 ae're

99 546 157 611 jara
170 544 246 596 venti
261 544 377 598 formati.
896 546 991 600 infimo
1018 555 1192 618 generantur,
1213 564 1352 618 nunquam
1372 548 1451 600 factae
1471 548 1564 611 nubes,
1585 567 1633 603 nec
1655 552 1690 604 ad

105 623 147 676 16.
171 622 375 678 lucrebrescere
398 640 520 679 murmur
549 624 685 694 sylvarum
712 633 857 694 antequam
895 627 1014 679 mediam
1040 628 1180 697 regionem
1204 636 1392 695 penetrantes,
1434 626 1528 681 eodem
1555 629 1635 682 modo
1662 639 1691 683 et

64 701 210 755 manifesto
224 703 408 772 percipiantur
424 705 644 769 seminaturum
668 714 726 768 est3
748 721 784 757 ex
804 721 858 775 quo
896 705 1049 773 complures
1062 707 1144 760 venti.

64 782 204 848 conjicitur
217 789 328 835 ventum
339 800 357 835 a
369 783 507 852 superiore
522 782 771 846 locodescendere;
786 784 857 853 quod
935 785 982 838 25.
1003 788 1079 838 Aura
1097 783 1225 838 continua
1243 785 1331 854 spirat
1350 784 1423 838 circa
1442 786 1529 839 maria
1547 794 1576 839 et
1594 802 1688 857 aquas,

65 862 145 914 etiam
166 861 325 915 observatur
346 862 374 915 iu
393 862 531 917 montibus
553 864 596 930 (ut
616 863 719 916 dictum
739 864 793 929 est)
809 863 857 917 sed
895 879 957 933 quae
971 870 1013 917 est
1027 870 1123 918 ventus
1137 862 1253 934 pusillus
1267 864 1373 918 noviter
1386 865 1483 918 faetus.

64 956 142 992 causa
153 940 244 1010 magis
258 940 387 1011 ambigua
400 952 510 1012 propter
520 958 587 994 cava
599 940 742 996 montium.
935 941 982 996 26.
1005 942 1065 1008 Iris,
1081 960 1141 1013 quae
1155 950 1196 995 est
1211 959 1247 997 ex
1256 945 1384 997 meteoris
1396 944 1475 1013 qnasi
1486 943 1649 1010 humillima,
1661 955 1689 1000 et

104 1017 146 1078 l7.
169 1019 270 1072 Stellas
290 1021 448 1090 sagittantes
464 1019 511 1096 (ut
523 1017 675 1093 loquimur)
693 1026 722 1075 et
732 1019 856 1073 vibratus
894 1029 1041 1091 generatur
1053 1023 1082 1076 in
1097 1022 1230 1092 proximo,
1244 1022 1352 1092 quando
1365 1039 1419 1076 non
1435 1023 1600 1092 conspicitur
1618 1025 1688 1079 inte-

64 1100 305 1167 requitursentum
326 1106 407 1169 atque
420 1100 504 1154 etiam
515 1117 551 1154 ex
564 1117 597 1154 ea
610 1109 695 1171 parte,
710 1115 745 1153 ex
759 1115 813 1168 qua
826 1099 861 1160 tit
894 1116 953 1168 gra,
968 1101 1016 1155 sed
1029 1109 1140 1165 curtata,
1152 1109 1179 1153 et
1193 1101 1271 1170 quasi
1281 1100 1367 1155 frusta
1377 1102 1436 1168 ejus
1447 1111 1550 1156 tautum
1561 1101 1589 1156 in
1600 1105 1688 1158 corni-

61 1177 207 1244 jaculatio;
229 1194 265 1231 ex
276 1194 330 1248 quo
341 1185 422 1248 patet,
434 1177 526 1233 aerem
535 1181 564 1233 in
574 1180 798 1233 altocommotum
812 1195 855 1232 es·
894 1178 951 1240 bus,
964 1180 1077 1234 solvitur
1090 1180 1117 1233 in
1128 1187 1229 1244 ventos,
1241 1197 1317 1252 mque
1328 1197 1359 1233 aa
1371 1179 1538 1250 inpluvium,
1549 1184 1685 1253 etmagis.

61 1275 89 1310 se
98 1266 247 1327 antequam
261 1255 309 1311 ille
322 1265 412 1311 motus
427 1258 567 1327 perveniat
580 1259 613 1312 ad
627 1275 685 1313 uos.
934 1257 981 1318 27.
1004 1260 1135 1314 Notatum
1147 1270 1197 1321 est,
1212 1276 1271 1313 esse
1290 1260 1420 1330 quosdam
1434 1268 1529 1314 ventos
1548 1260 1577 1314 in
1599 1264 1688 1333 regio·

101 1335 146 1389 ts.
170 1337 283 1406 Apertio
292 1337 362 1401 coeli,
372 1345 401 1390 et
413 1336 580 1408 disgregatio
592 1338 713 1399 nubium,
724 1351 856 1404 praemon·
893 1336 982 1404 uibus,
998 1356 1058 1409 quae
1072 1338 1291 1393 disterminantur
1303 1347 1331 1392 et
1343 1347 1504 1409 separantur
1517 1356 1567 1409 ρετ
1580 1352 1687 1396 montes

61 1423 126 1468 strat
145 1425 248 1478 ventos,
268 1423 413 1486 autequam
435 1417 501 1470 flent
520 1418 550 1469 iu
567 1425 653 1482 terrae
676 1416 748 1487 quod
761 1416 855 1470 itidem
893 1415 1077 1483 intermedias,
1097 1417 1145 1487 qui
1167 1434 1203 1472 ex
1223 1418 1310 1472 altera
1331 1425 1408 1487 parte
1429 1419 1562 1473 montium
1583 1420 1687 1488 spirant

61 1495 178 1547 ostendit
190 1503 287 1548 ventos
300 1494 423 1550 inchoari
436 1495 464 1548 in
477 1494 541 1549 alto.
894 1494 1050 1561 familiares,
1075 1498 1110 1551 ad
1136 1496 1250 1550 alteram
1276 1512 1331 1550 non
1353 1497 1522 1567 perveniunt.
1563 1498 1608 1552 Ex
1631 1518 1685 1570 quo

102 1573 147 1627 19.
171 1571 264 1627 Stella
278 1575 393 1644 exigua,
408 1583 553 1645 autequam
568 1574 670 1628 oriatur
683 1580 786 1638 ventus,
800 1590 854 1627 non
892 1574 1075 1643 manifestum,
1090 1592 1137 1631 eos
1150 1575 1275 1647 generari
1288 1576 1361 1630 infra
1373 1575 1542 1631 altitudinem
1562 1576 1685 1645 ipsorum

60 1659 214 1718 cernantur,
228 1652 294 1707 licet
306 1663 385 1707 nocte
397 1669 508 1718 serenae
530 1671 591 1708 cum
605 1653 708 1707 scilicet
722 1655 766 1721 (ut
778 1653 853 1706 ride·
892 1654 1033 1709 montium.

61 1735 115 1798 tur)
129 1731 267 1796 densatur,
286 1739 315 1786 et
333 1733 365 1786 fit
383 1733 473 1787 miuus
493 1732 647 1802 diaphanus
667 1749 726 1800 aer,
742 1740 854 1804 propter
931 1733 980 1788 28.
1004 1732 1106 1788 lnfiniti
1118 1741 1180 1787 suut
1193 1739 1277 1797 venti,
1290 1734 1337 1804 qui
1351 1735 1454 1804 spirant
1466 1734 1561 1788 diebus
1574 1737 1684 1802 serenis,

60 1812 201 1865 materiam
216 1828 277 1881 quse
291 1820 387 1882 postea
401 1811 517 1867 solvitur
530 1813 560 1866 in
572 1821 676 1866 ventos.
892 1818 975 1880 atque
989 1815 1070 1866 etiam
1085 1812 1113 1864 ia
1127 1813 1284 1884 regionibus
1304 1814 1350 1867 ubi
1370 1830 1510 1884 nunquam
1530 1812 1615 1883 pluit:
1637 1817 1685 1886 qui

100 1890 147 1943 20.
169 1889 273 1944 circuli
301 1899 435 1960 apparent
461 1892 535 1945 circa
561 1909 659 1962 corpus
686 1891 777 1955 luura3
812 1889 854 1945 sol
892 1902 1057 1959 generantur
1070 1892 1116 1945 ubi
1131 1892 1209 1959 fiant,
1224 1909 1274 1945 nec
1289 1909 1410 1963 unquam
1430 1899 1508 1947 erant
1527 1895 1621 1960 nubes,
1636 1902 1684 1950 aut

61 1969 224 2039 quaudoque
244 1970 370 2024 occidens
389 1971 556 2041 conspicitur
576 1971 758 2041 sanguineum
789 1968 854 2024 luna
891 1969 921 2022 in
934 1971 1053 2025 mediam
1066 1971 1207 2041 regionem
1222 1971 1409 2025 ascenderunt.

61 2048 235 2102 rubicundior
254 2056 297 2103 est
316 2050 345 2103 iu
365 2057 426 2104 ortu
448 2058 561 2121 quarto;
593 2059 621 2104 et
639 2048 779 2119 complura
799 2047 853 2102 alia
931 2049 1090 2121 Quicunque
1107 2052 1180 2102 norit
1200 2067 1282 2121 quam
1304 2049 1384 2104 facile
1406 2066 1491 2120 vapor

61 2128 235 2182 inveniantur
257 2129 431 2199 prognostica
452 2137 594 2183 ventorum
618 2130 647 2183 in
669 2127 778 2183 sublimi
807 2128 854 2196 (de
891 2126 1011 2182 solvatur
1024 2129 1054 2182 in
1073 2127 1173 2192 aerem,
1193 2138 1220 2182 et
1238 2145 1319 2200 quam
1338 2130 1436 2200 ingens
1454 2130 1491 2183 sit

62 2207 160 2277 quibus
173 2224 225 2262 suo
238 2206 300 2261 loco
313 2209 463 2275 dicemus);
488 2226 549 2278 quae
569 2209 692 2264 indicant
709 2207 853 2261 materiam
891 2208 972 2277 copia
998 2224 1136 2277 saporum,
1160 2214 1188 2261 et
1214 2215 1345 2278 quantum
1371 2209 1489 2276 spatium

61 2294 203 2341 ventorum
216 2287 257 2340 ibi
269 2287 393 2341 inchoari
407 2294 436 2340 et
449 2288 604 2357 preparari.
816 2309 818 2314 ·
892 2294 1006 2356 occupet
1023 2293 1101 2357 gutta
1121 2303 1199 2358 aqure
1219 2302 1300 2340 eersa
1316 2287 1346 2340 in
1365 2286 1457 2342 aerem
1479 2305 1536 2358 proe
1557 2305 1598 2352 eo,
1613 2288 1685 2360 quod

98 2364 147 2419 21.
170 2366 204 2420 ln
225 2366 286 2420 istis
306 2366 492 2437 phaenomenis
513 2367 619 2422 notabis
639 2365 724 2430 illam,
743 2365 777 2419 de
799 2382 853 2436 qua
892 2373 973 2419 antea
986 2366 1144 2436 occupabat,
1160 2367 1202 2437 (ut
1214 2366 1316 2419 dictum
1335 2367 1398 2434 est,)
1413 2375 1440 2420 et
1454 2384 1535 2438 quarn
1548 2368 1685 2423 modicum

1526 2111 1676 2156 Phanomena

1550 2162 1649 2215 obliqua.

60 2444 188 2510 diximus,
203 2445 391 2508 differentiam,
405 2446 438 2499 de
453 2445 556 2516 duplici
569 2445 743 2517 generatione
757 2453 852 2498 vento·
892 2446 1024 2499 sustineat
1036 2462 1065 2498 se
1083 2445 1227 2515 comprimi
1245 2443 1301 2510 aer,
1321 2460 1377 2498 non
1395 2445 1529 2499 dubitabit
1549 2448 1615 2518 quin
1635 2464 1684 2501 ne·

59 2541 119 2579 rum
147 2525 176 2578 in
204 2523 332 2588 sublimi;
367 2525 495 2578 nimirum
522 2534 583 2578 aute
611 2525 852 2595 congregationem
891 2540 967 2578 cesse
981 2524 1025 2588 sit,
1040 2524 1121 2578 etiam
1135 2541 1152 2577 a
1165 2524 1305 2594 superficie
1319 2532 1397 2579 terrra
1410 2542 1496 2595 usque
1511 2525 1545 2579 ad
1558 2526 1686 2581 sublimia

60 2619 193 2672 raporum
218 2605 250 2658 in
276 2603 383 2668 nubem,
412 2614 440 2657 et
466 2613 535 2674 post.
575 2605 650 2658 Nam
680 2604 854 2673 prognostica
891 2602 972 2667 airis,
999 2603 1099 2674 ubique
1120 2604 1246 2674 generari
1271 2613 1381 2657 ventos:
1415 2620 1504 2674 neque
1527 2605 1600 2658 enim
1625 2607 1684 2660 fieri

62 2681 191 2736 halounm
207 2692 234 2735 et
247 2682 367 2737 colorum
382 2682 446 2737 solis
458 2693 486 2737 et
498 2682 569 2737 lunae
584 2684 686 2737 habent
700 2682 803 2754 aliquid
818 2699 853 2736 ex
891 2690 990 2753 potest,
1004 2690 1035 2737 ut
1047 2698 1149 2752 magna
1163 2682 1241 2750 copia
1256 2699 1396 2751 vaporum,
1411 2698 1473 2736 cunr
1488 2685 1622 2753 coeperint
1634 2703 1684 2740 ex-

61 2762 147 2826 subn
169 2770 197 2815 at
209 2761 339 2830 jaculatio
352 2763 402 2817 illa
414 2775 442 2816 et
453 2762 597 2818 occultatio
609 2762 749 2818 stellarum
760 2762 854 2833 exign-
891 2762 981 2833 pandi,
996 2761 1031 2815 ad
1044 2761 1163 2815 mediam
1177 2759 1249 2815 ae'ris
1262 2762 1402 2832 regionem
1413 2761 1568 2818 attollantur
1582 2764 1684 2835 absque

62 2857 137 2895 arum
152 2841 221 2894 liunt
233 2841 264 2895 in
279 2857 382 2895 sereno.
892 2840 1129 2913 superaueratione
1145 2838 1217 2894 aeris
1231 2848 1260 2895 et
1273 2839 1389 2895 tumultu
1403 2840 1432 2894 in
1445 2841 1497 2896 ria.

100 2920 147 2973 22.
169 2919 241 2975 Cum
254 2928 351 2976 ventus
365 2921 456 2991 prodit
469 2939 486 2975 a
499 2922 571 2976 nube
587 2920 709 2986 formata,
724 2927 773 2975 aut
786 2927 853 2975 tota·

61 2999 123 3054 liter
141 3000 290 3070 dissipatur
309 3001 404 3067 nubes,
424 3008 454 3054 et
475 3002 587 3055 vertitur
605 3002 633 3055 in
652 3008 780 3065 ventum3
807 3008 854 3055 aut

62 3080 212 3133 secernitur
232 3079 331 3149 partim
353 3080 382 3133 in
405 3081 532 3151 pluviam,
553 3081 704 3151 partimin
726 3088 852 3145 ventum;
931 3075 1121 3131 Accidentales
1140 3075 1330 3148 generationes
1347 3084 1488 3130 ventorum

62 3165 108 3211 aut
120 3158 261 3221 scinditur,
275 3167 304 3211 et
317 3160 435 3228 erumpit
447 3167 549 3224 ventus,
563 3168 594 3214 ut
606 3160 634 3212 iu
648 3159 774 3229 procella.
892 3173 939 3210 eas
953 3172 1081 3210 vocamus
1095 3173 1156 3225 qua
1170 3172 1224 3209 nou
1238 3156 1358 3211 efficiunt
1369 3162 1416 3209 aut
1429 3155 1489 3227 gig-
1538 3138 1660 3230 dirigit&

101 3237 147 3291 23.
169 3236 295 3291 Plurima
308 3246 371 3290 suut
385 3237 565 3307 phaenomena
578 3238 688 3310 obliqua
710 3238 810 3308 ubique
825 3238 852 3291 in
892 3244 960 3290 nunt
971 3243 1074 3289 motum
1088 3235 1263 3305 impulsivum
1278 3242 1426 3299 ventorum,
1441 3234 1489 3288 aed

62 3326 156 3370 natura
169 3334 262 3371 rerum
275 3317 310 3370 de
321 3317 522 3386 repercussione
533 3335 583 3388 per
596 3317 741 3388 frigidum
763 3319 854 3387 itaque
892 3333 956 3369 eum
979 3316 1181 3384 compressione
1205 3322 1313 3379 acuunt,
1334 3315 1537 3385 repercussione
1559 3321 1683 3378 vertuut3

62 3413 123 3450 cnm
144 3404 250 3451 comtet
270 3413 330 3449 esse
352 3398 382 3450 in
406 3397 495 3450 media
522 3398 634 3468 regione
658 3398 729 3450 aeris
752 3396 854 3467 frigora
892 3393 1044 3448 sinuatione
1065 3395 1170 3464 agitant
1188 3401 1215 3448 et
1229 3393 1358 3448 uoluunt:
1379 3394 1452 3464 quod
1471 3393 1503 3446 fit
1519 3410 1568 3463 per
1588 3409 1685 3447 causas

63 3474 138 3528 valde
152 3476 270 3538 intensa,
285 3474 398 3546 planum
412 3476 448 3539 fit,
464 3492 577 3546 vapores
595 3476 715 3530 maxima
728 3493 764 3530 ex
778 3483 854 3545 parte
893 3473 1061 3528 extrinsecas
1072 3481 1098 3526 et
1112 3473 1260 3543 posituram
1273 3489 1415 3542 corponrm
1430 3473 1624 3539 adjunctorum.

62 3571 95 3606 ea
107 3554 167 3607 loca
178 3555 349 3626 perfringere
363 3570 419 3608 non
432 3571 519 3624 posse,
531 3556 597 3626 quin
611 3562 659 3609 aut
671 3554 854 3625 coagulentur,
936 3553 960 3606 l.
982 3552 1015 3606 ln
1027 3553 1094 3606 locis
1108 3553 1154 3606 ubi
1169 3560 1230 3607 strat
1244 3551 1327 3606 colles
1348 3552 1438 3606 minus
1451 3551 1557 3616 elevati,
1572 3559 1600 3606 et
1613 3552 1686 3606 circa

62 3642 109 3687 aut
131 3633 285 3697 vibrentur3
320 3634 467 3689 secundum
488 3636 649 3704 opinionem
671 3642 801 3699 veterum,
826 3634 854 3688 in
892 3632 944 3685 hos
964 3631 1108 3686 subsidunt
1129 3631 1221 3696 rubes,
1246 3640 1274 3685 et
1297 3631 1368 3685 ultra
1388 3632 1463 3700 ipsos
1485 3648 1576 3685 rursus
1600 3631 1685 3685 colles

62 3711 113 3766 bac
127 3722 206 3784 parte
220 3730 326 3768 sanam.
893 3711 1013 3775 altiores,
1025 3712 1112 3780 major
1126 3719 1168 3764 est
1181 3711 1294 3781 agitatio
1307 3710 1379 3766 ae'ris
1393 3719 1421 3764 et
1430 3727 1526 3765 sensus
1536 3719 1684 3775 ventorum,

894 3807 976 3861 quam
990 3799 1036 3844 aut
1050 3790 1077 3844 in
1093 3789 1228 3844 montania
1242 3799 1289 3843 aut
1302 3791 1331 3844 in
1346 3788 1443 3860 planis.

101 3870 194 3926 Tertia
208 3871 286 3942 origo
300 3871 395 3926 localis
408 3878 548 3926 ventorum
566 3878 607 3925 est
628 3887 729 3936 eorum,
744 3871 791 3943 qui
809 3870 855 3924 hic
933 3870 960 3922 2.
984 3870 1016 3922 ln
1030 3869 1148 3932 urbibus,
1163 3870 1186 3922 si
1200 3870 1236 3923 ait
1249 3869 1348 3940 aliquia
1362 3868 1437 3923 locus
1451 3867 1533 3937 paulo
1553 3867 1642 3933 latior,
1658 3875 1686 3921 et

64 3950 92 4003 in
110 3952 239 4006 inferiore
264 3951 326 4005 aere
346 3960 517 4021 generantur,
540 3968 608 4021 quos
631 3952 715 4005 etiam
737 3958 856 4005 tumores
894 3949 983 4003 exitus
997 3948 1175 4018 angustiores,
1190 3958 1236 4003 ant
1250 3949 1408 4019 angiportus
1423 3956 1450 4001 et
1463 3946 1561 4016 plateae
1574 3963 1603 4001 se
1619 3948 1686 4001 iuri·

64 4031 121 4083 sire
133 4031 388 4100 superauerationes
401 4029 473 4085 aeris
486 4030 664 4100 appellamus.
706 4030 763 4083 Res
777 4046 855 4084 max·
893 4044 954 4080 cem
968 4036 1098 4090 secantes,
1113 4028 1299 4096 percipiuntur
1311 4028 1349 4081 ibi
1369 4028 1447 4081 flatus
1461 4035 1489 4080 et
1502 4043 1584 4080 auras.

65 4110 116 4163 ime
131 4110 282 4174 familiaris,
297 4121 325 4164 et
340 4118 431 4164 tamen
445 4109 553 4163 silentio
566 4110 732 4163 transmissa.
934 4107 961 4160 3.
984 4107 1015 4159 ln
1036 4106 1138 4161 adibus
1155 4107 1356 4177 refrigeratoria
1375 4113 1532 4176 perventae
1550 4106 1625 4169 fiunt,
1641 4112 1687 4158 aut

338 4189 444 4244 Horum
464 4197 612 4252 ventorum,
633 4189 680 4259 qui
705 4187 857 4242 conflantur
894 4194 1046 4249 occurrunt,
1064 4186 1111 4239 ubi
1132 4183 1240 4240 aerest
1260 4185 1409 4256 perflatilia,
1429 4194 1512 4239 etex
1533 4201 1586 4238 una
1607 4193 1686 4254 parte

971 2983 1181 3023 ACClDBNTALRS
1203 2982 1420 3022 assumturus
1441 2983 1605 3023 VENTOBUM.

68 4234 233 4274 ‘mum
300 4266 329 4319 in
350 4267 413 4323 aere
431 4268 532 4331 infimo,
547 4268 689 4338 generatio
707 4267 857 4321 abstrusior
894 4264 989 4318 introit
1002 4264 1057 4327 aer,
1072 4282 1107 4318 ex
1121 4265 1234 4320 adverso
1248 4266 1319 4329 exit3
1341 4265 1388 4318 sed
1399 4263 1590 4334 multomagis,
1601 4264 1624 4318 si
1639 4262 1687 4319 aer

101 4345 194 4417 aliqua
208 4363 253 4400 res
267 4362 322 4399 noa
336 4353 387 4413 est,
399 4364 480 4418 quam
494 4347 553 4401 haec
565 4347 640 4417 ipsae
661 4347 738 4407 Quod
752 4345 857 4401 scilicet
893 4345 975 4397 intrat
989 4360 1025 4398 ea
1038 4344 1151 4399 diversis
1166 4345 1296 4414 partibus,
1311 4351 1339 4398 et
1358 4344 1423 4398 facit
1440 4360 1600 4398 concursum
1613 4360 1687 4399 aura

101 4424 157 4489 air,
171 4427 278 4480 noviter
288 4424 377 4481 factas
390 4443 426 4482 ex
436 4443 507 4496 aqua
516 4435 545 4481 et
553 4427 699 4495 vaporibus
708 4425 857 4480 attenuatis
895 4423 929 4476 ad
942 4424 1067 4493 angulos,
1078 4432 1108 4477 et
1121 4423 1203 4477 habet
1217 4423 1320 4478 exitura
1334 4422 1374 4476 illi
1388 4424 1489 4494 angulo
1499 4439 1685 4477 communem:

102 4511 129 4558 et
142 4504 278 4569 resolutis,
293 4506 456 4572 conjunctas
470 4523 531 4560 cum
549 4504 613 4560 aere
626 4506 725 4576 priore,
739 4521 792 4559 non
806 4522 856 4575 po·
895 4502 977 4556 etiarn
1004 4502 1203 4557 concameratio
1230 4502 1437 4569 emasculorum,
1468 4509 1496 4557 et
1528 4503 1686 4567 rotunditas,

103 4592 154 4637 test
174 4584 310 4637 contineri
330 4585 428 4639 iisdem
450 4585 548 4656 quibus
568 4597 649 4638 antea
671 4585 783 4654 spatiis;
809 4584 856 4639 sed
895 4581 1042 4651 plurimum
1068 4582 1134 4636 facit
1160 4582 1195 4635 ad
1218 4598 1313 4647 auras;
1347 4584 1412 4654 quia
1434 4583 1613 4652 repercutitur
1639 4579 1688 4636 aer

103 4664 243 4727 excrescit,
264 4671 293 4717 et
311 4663 433 4728 volvitur,
454 4673 481 4718 et
501 4663 631 4718 ulteriora
651 4663 712 4717 loca
733 4671 856 4734 occupat.
894 4671 1044 4715 commotus
1063 4661 1097 4713 ad
1118 4677 1212 4714 omnes
1230 4659 1336 4725 liueas;
1363 4662 1445 4716 etiam
1465 4661 1582 4716 sinuatio
1604 4660 1687 4730 porti·

105 4741 194 4811 Hujus
218 4751 312 4795 tamea
336 4742 375 4796 rei
399 4743 453 4797 duo
476 4751 540 4797 suut
563 4750 712 4812 assumpta.
754 4742 856 4808 Unum,
895 4758 976 4794 cuum
990 4740 1078 4810 magis
1094 4741 1178 4809 jurat,
1193 4740 1314 4811 quamsi
1333 4740 1686 4812 exporrigunturiurectm

104 4822 174 4892 quod
187 4830 266 4893 gutta
280 4838 360 4891 aquea
373 4822 402 4875 in
416 4821 505 4877 aerem
522 4839 599 4877 versa
610 4820 753 4892 (quicquid
766 4822 800 4875 de
814 4822 858 4875 de·
895 4820 976 4874 flatus
990 4820 1105 4873 enimin
1119 4825 1200 4883 recto,
1214 4820 1279 4873 licet
1292 4836 1347 4873 non
1360 4819 1543 4883 concludatur,
1558 4819 1605 4872 ssd
1618 4817 1687 4871 libe-

104 4902 173 4955 cima
186 4901 362 4971 proportione
378 4902 572 4956 elementorum
586 4900 753 4969 fabulentur)
767 4910 858 4956 centu·
895 4916 956 4952 rum
977 4898 1076 4953 habeat
1098 4899 1210 4961 exitum,
1229 4906 1320 4954 tamea
1340 4916 1396 4955 non
1414 4900 1502 4954 reddit
1521 4897 1612 4952 aerem
1631 4905 1688 4951 tam

103 4979 149 5050 plo
162 4982 198 5035 ad
211 4982 302 5035 minas
316 4979 378 5049 plus
397 4982 479 5051 spatii
498 4982 642 5043 desiderat,
664 4996 745 5050 quam
766 4980 857 5049 priua;
895 4977 1064 5049 inaequalem,
1087 4987 1115 5032 et
1136 4977 1342 5045 voluminosum,
1370 4987 1398 5034 et
1423 4979 1578 5042 undantem,
1606 4993 1688 5048 qaam

104 5058 225 5122 alterum,
246 5058 319 5129 quod
338 5076 434 5128 parum
452 5060 525 5114 a'e‘ris
543 5059 606 5113 nori
627 5066 655 5113 et
673 5061 748 5123 moti,
768 5076 859 5129 super·
896 5059 1037 5112 confluxus
1052 5057 1087 5111 ad
1101 5056 1223 5128 angulos,
1238 5066 1265 5112 et
1278 5058 1425 5124 anfractus,
1438 5066 1465 5114 et
1478 5056 1687 5129 glomerationes

104 5139 225 5193 additum
248 5137 306 5193 aeri
325 5140 417 5202 veteri,
437 5146 524 5193 totum
543 5138 663 5193 concutit
684 5146 711 5193 et
731 5139 761 5192 in
784 5146 859 5193 motu
896 5136 925 5189 in
938 5138 1061 5201 rotundo,
1076 5145 1104 5191 et
1118 5136 1282 5204 hujusmodi.

103 5219 196 5287 ponit:
218 5226 248 5272 ut
261 5217 353 5271 ridere
368 5225 410 5272 est
423 5235 459 5272 ex
472 5218 573 5288 pusillo
587 5226 679 5283 rento,
694 5219 740 5287 qui
760 5234 795 5272 ex
810 5216 859 5271 fol·
937 5219 964 5268 4.
986 5215 1051 5269 Post
1065 5233 1179 5288 magnas
1198 5222 1373 5288 tempestates
1386 5217 1416 5270 in
1434 5214 1502 5269 mari
1520 5213 1689 5268 continuatur

104 5298 174 5353 libus
193 5304 243 5350 aut
260 5297 332 5350 rima
351 5297 475 5351 fenestrae
495 5297 576 5361 efflat,
597 5297 644 5368 qui
664 5305 755 5351 tamen
774 5305 859 5351 totum
898 5305 995 5347 ventus
1008 5293 1183 5350 accidentalis
1203 5296 1238 5349 ad
1256 5305 1363 5366 tempus
1384 5302 1527 5365 postquam
1547 5292 1690 5364 originalis

104 5375 194 5431 aerem
208 5377 239 5429 in
253 5374 379 5429 cubiculo
393 5377 421 5429 in
435 5384 510 5429 motu
528 5392 630 5446 ponere
649 5377 753 5447 possit;
776 5386 804 5431 ut
824 5393 860 5431 ex
897 5374 1037 5437 resederit,
1057 5373 1144 5428 factas
1164 5392 1200 5429 ex
1216 5373 1358 5431 collisione
1379 5383 1407 5430 et
1426 5373 1600 5443 percussione
1619 5372 1691 5428 a'e'ris

104 5455 222 5512 flammis
236 5453 406 5511 lucernarum
419 5454 500 5510 facile
514 5463 635 5527 apparet.
898 5471 947 5526 ρετ
961 5452 1164 5510 undulationem
1178 5454 1317 5510 fluctuum.
