3800 5875
237 276 295 339 576
786 274 968 332 HISTORIA
989 276 1087 331 Vll'AE
1108 275 1156 330 ΕΤ
1176 273 1328 330 Moatra.

238 435 385 501 hementia,
405 441 433 490 et
454 432 614 505 pertinacia,
628 432 833 489 diuturnitatem
845 435 908 490 vites
927 434 1030 505 signiti-
1066 434 1154 489 diates
1164 434 1249 503 jubet,
1264 434 1313 489 sed
1332 448 1394 488 cnm
1407 430 1583 487 inclinatione
1600 433 1628 487 in
1649 440 1747 503 partem
1759 433 1835 505 benig-

238 524 314 580 cant;
335 515 455 569 obesitas
468 520 559 568 antem
573 513 752 581 injuventute
772 513 924 568 breviorem
946 514 1030 568 vitam
1068 515 1189 577 niorem;
1210 513 1322 576 scilicet,
1336 522 1365 567 nt
1378 511 1553 582 quisvigiliis
1567 513 1835 584 qnandoqueseassn·

238 603 433 667 premonstrat,
448 595 479 647 in
492 599 630 648 senectute
645 609 688 646 res
705 599 747 646 est
759 591 848 664 magis
862 592 1029 647 indifferens.
1068 602 1150 657 cecat,
1174 592 1243 647 alias
1267 609 1363 646 somno
1385 590 1534 661 indulgeat,
1556 593 1605 646 aed
1626 609 1718 647 somam
1736 594 1834 662 sapias:

278 674 325 730 40.
347 674 402 729 Diu
416 681 443 727 et
456 672 557 727 sennim
574 671 758 742 grandescere,
776 672 885 742 signum
898 673 961 726 vitm
974 672 1031 727 ion·
1068 672 1161 726 itidem
1172 672 1307 726 interdum
1315 671 1428 739 jejunet,
1439 670 1574 725 interdum
1587 672 1717 741 epuletur,
1730 672 1774 724 sed
1784 688 1835 741 epu·

239 772 300 826 gar
322 753 345 807 si
360 754 394 806 ad
408 761 537 807 staturam
550 767 686 822 magnam,
700 768 829 822 magnum
839 752 947 823 signum
960 772 967 805 z
988 752 1031 806 sio
1068 750 1139 806 letur
1152 753 1268 821 saepius,
1283 750 1418 804 interdurn
1428 750 1512 803 animi
1526 751 1736 805 contentionibus
1748 759 1835 806 susum

239 834 275 887 ad
298 833 438 896 minorem,
464 833 571 903 signum
594 839 702 884 tamen:
734 839 761 884 at
787 839 881 885 contra
902 829 1032 885 velociter
1069 831 1216 894 incumbat,
1230 830 1363 884 interdum
1378 829 1584 883 remissionibus
1598 840 1694 892 ntatur,
1708 832 1835 884 cedrenis

240 912 417 984 grandescere
437 911 472 964 sd
491 919 621 966 staturam
641 926 776 980 magnam,
796 911 906 980 signnm
928 910 1031 964 malum
1069 910 1190 965 sionibus
1209 910 1316 978 saepius.
1365 907 1438 962 illud
1457 919 1529 963 certe
1549 910 1663 963 minime
1682 910 1781 963 dubium
1798 922 1834 973 est

239 999 296 1056 est;
317 992 360 1045 sin
373 990 408 1044 ad
421 999 551 1044 staturam
565 990 682 1054 brevem,
696 990 786 1043 minus
800 988 911 1044 malum.
1070 989 1136 1060 quin
1154 989 1235 1042 diaeta
1255 989 1322 1043 bene
1342 988 1465 1042 instituta
1483 996 1576 1059 partes
1597 990 1632 1043 ad
1652 988 1835 1060 prolongandam

279 1072 326 1125 4l.
348 1071 451 1125 Carnes
475 1069 613 1133 firmiores,
637 1076 665 1123 et
685 1085 783 1137 corpus
801 1068 985 1123 musculosnm
1005 1076 1033 1121 et
1069 1069 1153 1122 vitam
1167 1068 1286 1137 potiores
1302 1077 1410 1132 teneat;
1431 1083 1518 1138 neque
1538 1069 1654 1122 conveni
1674 1086 1782 1139 unquam
1797 1068 1834 1121 ali-

240 1166 393 1213 nervosum,
408 1158 436 1204 et
453 1157 530 1203 nates
554 1148 645 1203 minus
667 1156 809 1211 tumentes,
830 1150 974 1218 (quantum
992 1164 1032 1202 se·
1070 1164 1150 1219 quem
1163 1147 1241 1200 valde
1256 1147 1416 1218 longaevum,
1426 1147 1473 1217 qni
1484 1148 1670 1219 interrogatus
1682 1148 1715 1202 dc
1727 1149 1788 1202 rictu
1798 1166 1834 1219 squ

241 1229 329 1284 dendo
338 1237 442 1283 tanturn
453 1226 609 1296 sufficiant)
620 1236 647 1282 et
655 1244 732 1282 venre
741 1227 823 1298 paulo
834 1228 1032 1292 eminentiores,
1069 1243 1125 1280 non
1135 1227 1304 1281 observasset
1317 1225 1420 1297 aliquid
1439 1225 1592 1295 peculiare3
1614 1227 1663 1281 alii
1676 1228 1735 1281 alia
1770 1228 1834 1298 Equi·

241 1309 444 1380 longevitatem
458 1309 603 1362 denotant:
624 1307 758 1362 contraria
772 1307 930 1361 brevitatem
944 1309 1017 1361 vitre.
1070 1305 1132 1360 dem
1145 1306 1257 1360 memini
1277 1305 1412 1377 quendam
1432 1322 1525 1360 senem
1547 1308 1705 1361 centenario
1723 1308 1832 1375 majorem,

279 1389 326 1442 ts.
348 1388 445 1459 Caput,
459 1404 509 1458 pro
522 1386 650 1457 analogia
667 1387 795 1457 corporis,
809 1386 956 1452 minutiusr
977 1385 1033 1440 col·
1071 1386 1118 1456 qni
1142 1386 1286 1455 productus
1309 1393 1351 1439 est
1371 1383 1449 1439 testis
1472 1385 1506 1438 de
1527 1387 1642 1457 antiqua
1663 1387 1768 1456 quadam
1784 1403 1834 1455 pre

240 1466 297 1522 lum
312 1468 456 1530 mediocre,
469 1483 524 1521 non
537 1466 691 1537 oblongum,
706 1473 752 1520 aut
769 1464 879 1537 gracile,
893 1473 941 1521 aut
954 1465 1033 1519 tumi-
1070 1465 1231 1535 scriptione;
1253 1466 1360 1527 mcum,
1375 1464 1452 1518 linito
1465 1463 1630 1529 testimonio,
1644 1483 1662 1518 a
1675 1467 1759 1532 judice
1774 1466 1832 1519 iani·

241 1548 312 1611 dum,
323 1556 371 1601 aut
381 1555 509 1617 tanquam
519 1546 640 1600 humeris
651 1547 814 1615 impactum
834 1561 915 1599 nares
925 1544 1032 1615 patula,
1070 1542 1174 1613 liariter
1187 1545 1406 1615 interrogaretur,
1421 1544 1486 1614 quid
1499 1561 1586 1613 agens
1601 1554 1657 1600 tarn
1671 1544 1716 1601 din
1728 1545 1830 1605 numu

241 1643 401 1698 quacunque
416 1627 503 1680 sonna
516 1625 589 1688 nasi;
604 1624 750 1696 oslargus;
765 1623 1032 1696 auriscartilaginea,
1070 1623 1217 1692 respondit,
1232 1621 1348 1696 (prester
1361 1630 1541 1691 expectatum,
1553 1633 1581 1677 et
1601 1642 1664 1678 cnm
1685 1624 1831 1679 rimarum

240 1723 296 1760 non
307 1718 433 1768 carnosar
455 1706 549 1759 dentes
563 1704 667 1759 robusti
687 1714 713 1759 et
727 1702 856 1776 contigui,
870 1721 924 1758 non
938 1703 1032 1768 exiles,
1072 1699 1164 1775 tium)
1179 1709 1195 1734 “
1210 1703 1323 1757 Edendo
1335 1712 1481 1772 antequam
1494 1704 1636 1765 esurirem,
1650 1710 1678 1756 et
1689 1704 1790 1775 potando
1799 1719 1831 1755 an

241 1786 362 1849 antrari,
381 1785 581 1856 longevitatem
600 1784 802 1853 praennncisnt;
824 1791 851 1836 et
870 1783 956 1837 multo
975 1800 1034 1836 ma·
1071 1788 1181 1852 tequam
1195 1782 1325 1836 sitirem.”
1355 1781 1408 1836 Sed
1418 1781 1451 1835 de
1463 1781 1507 1836 his
1522 1786 1568 1851 (ut
1581 1783 1682 1837 dictum
1695 1786 1830 1853 estipostca

241 1865 292 1936 gia,
302 1866 325 1919 si
335 1865 428 1918 dentes
435 1863 520 1933 aliqui
528 1862 590 1916 novi
602 1864 770 1932 provectiore
776 1869 854 1917 relate
865 1863 1032 1932 proveniant.
1111 1859 1158 1922 47.
1179 1861 1243 1914 Vita
1255 1859 1384 1933 religiosa
1399 1868 1427 1914 ct
1440 1860 1470 1913 in
1489 1863 1576 1916 sacris
1598 1863 1704 1917 videtur
1716 1863 1747 1916 ad
1757 1862 1832 1931 lunge

280 1944 327 1999 43.
348 1943 448 1998 Pectus
460 1942 549 2006 latius,
565 1942 612 1996 aed
633 1959 687 1996 non
707 1941 848 2005 elevatum,
864 1942 930 2012 qnin
942 1942 1033 2011 potius
1070 1940 1181 1995 vitatem
1200 1942 1300 1995 iacere.
1344 1941 1413 1995 Sunt
1432 1940 1461 1993 in
1480 1940 1534 1995 hoc
1553 1959 1656 2012 genere
1676 1944 1742 2009 ritae,
1754 1942 1831 2001 utinm

242 2023 400 2086 adductius3
428 2021 588 2092 humerique
613 2021 810 2092 aliquantulum
834 2021 918 2092 gibbi,
942 2029 971 2075 et
992 2024 1034 2092 (ut
1071 2020 1213 2075 admiratio
1226 2027 1254 2074 et
1267 2020 1461 2091 contemplatio
1472 2037 1563 2075 rerum
1572 2021 1737 2085 divinarnm3
1755 2019 1831 2092 gaudis

242 2101 402 2174 loquuntur)
418 2092 556 2163 iomicst'ic
577 2108 671 2155 venter
685 2100 789 2171 planus,
799 2102 1032 2170 necprominens;
1071 2116 1124 2153 non
1139 2099 1294 2164 sensualia3
1314 2116 1377 2170 spes
1394 2098 1515 2163 nobilem
1537 2110 1629 2155 metus
1646 2101 1769 2165 salubrem
1784 2116 1832 2153 nn»

241 2198 339 2236 manus
352 2181 461 2252 largior,
476 2188 503 2233 et
516 2178 608 2250 palma
626 2180 716 2234 minus
737 2180 817 2234 lineis
837 2188 964 2244 exarata;
985 2197 1034 2251 pes
1070 2196 1145 2233 rores
1168 2178 1274 2243 dulcem
1305 2179 1421 2250 denique
1446 2180 1638 2235 renovationes
1660 2182 1779 2235 conanus
1795 2196 1832 2248 per

241 2260 348 2315 brevior
370 2268 397 2313 et
418 2258 569 2322 rotundior;
592 2260 694 2313 femora
708 2260 797 2313 minus
813 2276 941 2324 carnosa3
963 2277 1034 2314 surm
1071 2259 1262 2322 observantias,
1283 2258 1456 2328 poeoitentiss
1477 2267 1506 2312 et
1526 2261 1711 2330 expiationem
1732 2274 1832 2331 meon

241 2355 297 2394 non
311 2339 444 2405 cadentes,
456 2339 504 2393 sed
517 2355 546 2393 ae
554 2337 635 2393 alnus
642 2345 832 2404 sustentantes,
844 2339 924 2411 signa
934 2338 1034 2410 longia-
1070 2338 1117 2405 pia
1129 2339 1164 2392 ad
1175 2338 1376 2393 diuturnitatem
1387 2339 1584 2408 vitaepotenter
1593 2340 1702 2395 faciunt.
1726 2337 1831 2401 annsri

242 2419 341 2474 vitatis.
1071 2417 1181 2472 accedat
1195 2419 1277 2472 diaeta
1291 2417 1340 2472 illa
1352 2426 1469 2480 austera,
1484 2436 1547 2489 quas
1560 2436 1682 2475 massam
1694 2419 1794 2488 corpons
1802 2416 1831 2469 io

281 2498 329 2553 44.
350 2496 429 2552 Oculi
450 2497 533 2569 paulo
554 2496 719 2569 grandiores,
741 2506 821 2570 atque
843 2497 891 2552 iris
912 2497 1033 2568 ipsorum
1071 2497 1155 2562 duret,
1170 2498 1281 2568 spiritns
1295 2497 1428 2559 humiliet,
1442 2497 1483 2551 nil
1500 2497 1603 2554 miram
1620 2500 1645 2554 si
1665 2496 1830 2570 sequstnriun·

242 2593 305 2632 cunt
319 2578 435 2648 quodam
448 2577 551 2640 virore3
572 2592 667 2631 sensus
681 2594 774 2632 omnes
787 2595 841 2631 non
854 2577 934 2630 nimis
948 2579 1032 2641 acnti;
1070 2577 1183 2647 gravitas
1196 2578 1328 2647 insigniar
1350 2576 1437 2647 qualis
1451 2576 1502 2631 init
1522 2578 1606 2633 Pauli
1627 2580 1746 2643 eremite,
1763 2577 1830 2645 syna

242 2655 338 2727 pulsus
361 2657 504 2724 juventute
532 2655 639 2720 tardior,
666 2657 716 2711 sub
743 2666 850 2712 atatam
877 2666 1033 2728 vergentem
1071 2656 1131 2711 onis
1145 2656 1250 2726 Stylitse
1264 2656 1433 2712 anachoretas
1450 2656 1627 2724 columnaris,
1642 2667 1670 2714 et
1688 2655 1830 2727 mmplnnrn

242 2735 325 2807 paulo
342 2735 492 2801 incitatior;
521 2735 640 2789 detentio
663 2736 797 2791 anhelitus
820 2735 926 2790 facilior
950 2744 979 2790 et
1004 2736 1034 2790 in
1070 2736 1185 2791 aliorum
1199 2736 1392 2791 monachorum
1406 2754 1441 2791 ex
1455 2753 1556 2802 eremo,
1571 2747 1600 2793 et
1614 2739 1816 2793 anachoretarum

242 2815 321 2886 plura
343 2823 493 2880 momenta3
515 2815 590 2869 alvus
610 2814 751 2882 juventute
774 2816 878 2880 siccior,
902 2823 1033 2888 vergente
1110 2814 1156 2870 48.
1179 2816 1251 2869 Huic
1266 2815 1392 2885 proxima
1409 2823 1451 2869 est
1464 2816 1521 2869 vita
1534 2818 1565 2872 in
1579 2818 1676 2883 literis,
1689 2813 1829 2886 philosopho

242 2902 321 2950 state
335 2894 479 2959 humidior,
494 2895 574 2966 signa
587 2895 667 2962 etiam
678 2893 867 2967 longevitatis.
1070 2910 1138 2960 rum,
1165 2895 1312 2960 rhetorum,
1336 2906 1364 2951 et
1387 2897 1639 2966 grammaticorum.
1684 2896 1782 2968 Degitnr
1798 2892 1829 2947 hic

283 2975 329 3030 45.
350 2974 392 3029 Ι)ε
413 2975 579 3045 temporibus
598 2975 747 3030 nativitatis
770 2975 851 3030 niun
861 2975 1033 3030 observatum
1070 2992 1176 3047 quoque
1190 2976 1218 3030 in
1232 2978 1289 3030 otio
1302 2983 1330 3030 et
1341 2977 1370 3031 in
1384 2976 1420 3030 iis
1436 2978 1655 3046 cogitationibus,
1670 2995 1732 3047 qus,
1744 2971 1831 3029 eumad

243 3061 293 3119 est,
308 3055 397 3125 quoad
411 3054 619 3126 longevitatem,
633 3063 783 3109 memoratu
802 3056 922 3126 dignum,
936 3063 1034 3125 praeter
1070 3058 1180 3126 negotia
1193 3056 1256 3109 vitas
1273 3056 1343 3110 nihil
1361 3055 1522 3126 pertineant,
1538 3074 1595 3112 non
1616 3058 1739 3120 mordent,
1751 3053 1830 3109 min·

242 3133 412 3205 astrologica,
426 3152 487 3205 quas
500 3134 530 3187 in
541 3133 637 3204 topicis
650 3133 839 3205 relegavimus.
880 3134 978 3189 Partus
992 3151 1034 3188 oc·
1070 3134 1166 3188 rietate
1180 3143 1208 3188 et
1225 3135 1427 3205 impertinentia
1445 3136 1599 3200 delectant;
1620 3138 1712 3191 vivunt
1727 3129 1830 3188 elimat

243 3212 379 3278 timestris,
390 3230 444 3267 non
455 3213 542 3267 solnm
556 3229 605 3282 pro
614 3229 669 3267 non
679 3214 774 3278 vivaci,
785 3231 878 3269 verum
891 3215 973 3268 etism
985 3230 1033 3283 pro
1070 3213 1212 3268 arbitrium
1226 3231 1312 3278 suum,
1325 3217 1354 3268 in
1368 3214 1467 3286 quibus
1484 3216 1608 3271 maxime
1627 3215 1728 3286 placeat
1738 3214 1802 3267 hun
1811 3216 1830 3261 ei

242 3307 296 3345 non
311 3292 385 3346 vitali
399 3292 532 3366 hebetum
554 3293 635 3347 etism
649 3302 741 3364 partus
754 3293 886 3348 hiemales
900 3293 1034 3348 habentur
1070 3301 1175 3363 tempus
1189 3301 1323 3358 terentem
1344 3300 1425 3365 atque
1439 3294 1468 3348 in
1481 3296 1621 3350 consortio
1633 3296 1775 3366 pierumque
1786 3288 1830 3344 ade

242 3387 293 3441 pro
306 3369 522 3441 longaevioribns.
1069 3370 1235 3436 lescentinm,
1251 3373 1322 3444 quod
1340 3373 1423 3444 paulo
1435 3372 1524 3428 latim
1539 3385 1589 3430 est.
1633 3376 1665 3430 ln
1684 3367 1830 3445 philosoplis

282 3450 329 3505 46.
351 3450 446 3505 Victus
459 3451 515 3504 sive
526 3448 606 3505 diaeta
619 3448 808 3523 Pythagorica,
819 3458 865 3505 nut
874 3451 1032 3515 monastica,
1070 3459 1161 3506 autem
1174 3469 1274 3523 magna
1287 3460 1328 3506 est
1341 3453 1530 3523 discrepantia,
1550 3455 1642 3525 quoad
1658 3450 1829 3522 longanum

243 3530 390 3585 secundum
404 3528 512 3600 regulas
526 3528 681 3594 strictiores,
696 3532 791 3586 autad
804 3532 932 3585 amnmim
945 3547 1034 3601 requa-
1070 3530 1141 3587 inter
1167 3541 1262 3586 sectas.
1310 3533 1418 3586 Etenim
1442 3532 1636 3604 philosophias,
1658 3552 1715 3605 qna
1734 3524 1828 3584 amabil

242 3607 277 3663 lis
291 3605 395 3683 (qualis
408 3610 459 3664 luit
473 3609 522 3663 ills
535 3606 666 3682 Comari)
681 3611 785 3665 videtur
801 3617 926 3680 potenter
943 3610 1032 3663 iacere
1070 3609 1172 3665 habent
1186 3627 1222 3665 ex
1240 3612 1431 3681 superstitione
1449 3620 1478 3665 et
1493 3608 1758 3684 contemplationibus
1771 3603 1830 3661 subii·

243 3689 354 3744 advitae
367 3688 571 3759 longitudinem.
612 3688 648 3742 At
662 3698 755 3744 contra
768 3707 803 3744 ex
821 3688 864 3752 iis,
880 3690 926 3759 qui
947 3690 1032 3743 libere
1070 3690 1167 3753 mibus,
1190 3691 1308 3760 optima,
1329 3700 1360 3746 ut
1379 3690 1574 3763 Pythagorica,
1597 3693 1748 3747 Platonica:
1770 3687 1830 3740 etim

243 3776 272 3823 et
284 3768 420 3824 communi
439 3785 513 3822 mure
533 3769 632 3832 vivunt,
653 3767 831 3840 longaeviores
849 3770 951 3839 reperti
972 3776 1034 3823 sunt
1071 3787 1131 3839 quae
1152 3770 1244 3825 mundi
1266 3770 1526 3841 perambulationem
1547 3780 1576 3827 et
1596 3790 1685 3828 rerum
1702 3765 1830 3824 natmalitfl

242 3863 428 3917 sepenumero
442 3848 537 3902 edaces
551 3855 578 3901 et
591 3847 728 3918 epulones,
742 3848 857 3920 deniqne
876 3850 923 3918 qni
937 3848 1033 3903 libera-
1064 3850 1228 3904 varietatem
1251 3851 1505 3921 complectebantur,
1530 3860 1558 3906 et
1581 3851 1752 3923 cogitationes
1770 3842 1830 3899 habe

242 3925 309 3980 liure
331 3943 425 3981 mensa
445 3928 487 3982 usi
505 3935 576 3982 suot.
618 3926 712 3982 Media
729 3928 817 3992 ditata,
839 3946 900 4000 quae
918 3928 1033 3982 habetur
1071 3929 1137 3982 bant
1148 3930 1301 3995 discinctas,
1316 3940 1343 3984 et
1356 3929 1434 3994 altas,
1449 3939 1476 3984 et
1490 3932 1681 4002 magnanimae
1693 3930 1734 3998 (de
1745 3924 1829 3980 urna

242 4021 293 4075 pru
306 4013 463 4076 temperata,
476 4006 607 4070 landatur,
622 4014 649 4060 et
662 4007 697 4060 sd
710 4007 853 4061 sanitatem
873 4008 985 4071 confert,
999 4007 1034 4062 ad
1070 4015 1099 4061 et
1113 4009 1146 4062 de
1160 4010 1247 4071 astris,
1263 4020 1290 4064 et
1303 4009 1336 4064 da
1349 4010 1492 4064 vintrubus
1510 4010 1640 4074 heroicis,
1654 4018 1682 4063 et
1694 4000 1829 4075 hujumodi)

242 4083 326 4139 vitam
341 4083 493 4156 longaevam
511 4103 606 4157 parum
627 4093 734 4155 potest;
761 4088 861 4142 etenim
883 4087 964 4141 dieta
985 4086 1034 4141 illa
1070 4088 1105 4141 ad
1126 4087 1327 4160 longevitatem
1345 4090 1439 4154 bonoe3
1467 4089 1563 4160 quales
1582 4090 1690 4145 fuerunt
1705 4079 1829 4142 uenam

243 4163 359 4217 strictior
383 4165 494 4234 spiritus
510 4165 650 4235 progignit
669 4182 778 4237 paucos,
796 4174 824 4221 et
843 4168 939 4231 lentos,
963 4167 1033 4221 unde
1070 4166 1198 4232 Philolai,
1220 4168 1407 4237 Xenophonis,
1427 4168 1634 4241 astrologorum,
1649 4177 1676 4223 et
1693 4167 1829 4221 Stoicorum:

242 4241 332 4296 minns
345 4245 497 4309 consumit,
518 4253 548 4298 at
569 4243 617 4298 ills
630 4244 736 4315 plenior
755 4245 913 4301 alimentum
930 4247 1034 4316 prabet
1071 4249 1155 4302 ctiam
1169 4265 1229 4317 quse
1242 4247 1312 4302 nihil
1323 4247 1665 4320 habebantspeculationis
1675 4239 1829 4317 profuderis

242 4320 388 4390 copiosum,
399 4322 470 4377 nude
484 4324 573 4395 magis
586 4334 711 4393 reparatr
726 4325 815 4379 media
825 4334 950 4380 neutrum
964 4342 1033 4395 pra·
1071 4327 1119 4381 sed
1132 4345 1168 4383 ex
1181 4345 1263 4383 sensu
1276 4328 1421 4392 communi,
1435 4336 1463 4381 et
1476 4328 1651 4398 opinionibus
1664 4323 1775 4395 vulgatis
1786 4319 1829 4371 ὼ·

242 4406 310 4454 stat:
331 4400 377 4455 ubi
391 4403 465 4456 enirn
480 4410 602 4457 extrema
621 4404 717 4457 nociva
736 4411 809 4472 anot,
823 4405 942 4476 medium
962 4408 1032 4475 upti-
1071 4424 1123 4477 que
1142 4406 1316 4477 inquisitione
1335 4408 1441 4472 acriori,
1461 4408 1490 4462 in
1506 4424 1615 4462 omnem
1632 4415 1731 4478 partem
1749 4394 1829 4472 picride

242 4495 331 4543 mum;
352 4497 446 4536 verum
466 4482 513 4536 ubi
534 4490 655 4537 extrema
671 4484 799 4551 juvativa,
813 4484 932 4539 medium
953 4485 1033 4540 nihili
1070 4486 1251 4556 disputabant,
1266 4486 1391 4541 similiter
1404 4486 1499 4551 buna,
1521 4486 1616 4559 quales
1629 4481 1830 4562 ruemurcuree

241 4557 298 4612 iere
313 4567 362 4614 est.
403 4560 500 4616 Diretm
514 4570 603 4616 antem
617 4561 658 4616 illi
671 4564 797 4618 strictiori
811 4565 937 4619 convenit
951 4566 1033 4621 etiam
1071 4565 1113 4619 dis
1124 4573 1153 4620 et
1166 4566 1405 4630 Academicorum,
1426 4567 1493 4621 item
1511 4567 1648 4621 rhetorum
1666 4572 1693 4619 et
1704 4563 1828 4634 grammate

241 4637 344 4708 vigilia,
357 4655 391 4692 ne
403 4641 512 4709 spiritus
524 4641 604 4710 pauci
617 4641 704 4696 multo
717 4660 813 4698 somno
830 4645 1019 4715 opprimantur
1024 4668 1031 4709 ς
1071 4661 1181 4699 corum:
1202 4652 1230 4700 at
1243 4655 1345 4712 contra,
1364 4645 1547 4717 philosophiae
1566 4647 1596 4699 in
1613 4643 1775 4700 subtilitatum
1790 4648 1829 4688 ne

241 4718 400 4772 exercitatio
413 4719 478 4774 item
493 4720 606 4784 modica,
620 4737 654 4775 ne
674 4721 848 4788 exolvantnr3
869 4724 975 4778 veneris
989 4724 1034 4778 ab·
1071 4723 1157 4779 iestiis
1184 4733 1330 4789 versantes,
1355 4732 1384 4780 et
1405 4725 1620 4796 pronuntiative,
1644 4733 1672 4778 et
1696 4709 1828 4789 sitrathld

241 4796 377 4860 atinentia,
391 4814 426 4851 ne
447 4798 654 4855 exhauriantur:
675 4809 705 4854 at
725 4802 820 4867 ditata,
833 4803 951 4858 uberiori
972 4819 1033 4857 con·
1071 4804 1266 4874 principiorum
1287 4805 1417 4860 trutinam
1437 4804 1624 4859 examinantes
1644 4811 1671 4857 et
1688 4802 1826 4869 toquentur

241 4876 314 4930 venit
328 4886 421 4931 contra
434 4893 544 4933 somnus
558 4879 667 4950 largior,
681 4882 840 4936 exercitatio
858 4882 1032 4953 frequentior,
1071 4883 1186 4954 deniqne
1206 4884 1371 4955 spinosiores
1394 4891 1422 4938 et
1443 4885 1620 4955 angustiores,
1642 4880 1734 4942 malai
1759 4871 1827 4946 nullst

241 4971 305 5009 usus
319 4957 427 5011 veneris
438 4958 621 5028 tempestivus.
648 4959 753 5015 Balnea
763 4968 790 5015 et
799 4972 938 5033 unguenta
953 4958 1034 5036 (qna-
1071 4961 1177 5017 mantnt
1186 4963 1335 5035 plerunque
1346 4962 1584 5033 Peripateticorum
1596 4971 1623 5017 et
1633 4956 1826 5016 scholasticum

240 5033 279 5087 lia
292 5034 399 5090 inerunt
412 5037 441 5091 in
455 5033 521 5109 usu)
535 5037 640 5092 deliciis
653 5040 753 5110 potius,
768 5057 849 5111 quam
863 5043 925 5095 vitra
938 5043 1034 5112 produ·
1110 5040 1157 5096 49.
1178 5042 1244 5096 Vita
1257 5044 1395 5097 rusticana
1408 5042 1475 5096 item
1489 5042 1523 5096 ad
1536 5041 1729 5112 longevitatem
1741 5035 1826 5088 idus:

239 5113 340 5178 ceodre,
354 5117 557 5171 accommodata
578 5117 701 5182 inertium
720 5137 813 5174 rernm
833 5119 866 5174 de
886 5121 931 5175 his
945 5122 1032 5175 omoi-
1072 5121 1198 5192 frequens
1212 5131 1253 5175 est
1266 5124 1316 5176 sub
1333 5122 1379 5177 dio
1392 5129 1420 5176 et
1433 5121 1495 5176 aere
1509 5122 1612 5182 libero:
1632 5136 1685 5174 non
1698 5103 1827 5196 soeunfi

239 5190 298 5256 bns,
321 5210 382 5248 cum
406 5195 441 5249 ad
467 5195 672 5266 inquisitionem
698 5200 844 5253 secnodum
869 5200 1034 5256 intentiones
1071 5200 1101 5254 in
1113 5209 1203 5265 motu;
1224 5202 1341 5272 dapibus
1353 5202 1512 5273 plerumque
1522 5199 1671 5255 recentibus
1680 5203 1706 5253 et
1714 5195 1826 5260 inempta

239 5279 350 5325 ventum
360 5273 419 5337 erit,
429 5273 581 5328 accuratius
592 5275 719 5331 dicemus.
755 5277 944 5334 illudinterim
959 5280 1033 5334 Celsi
1071 5281 1130 5334 sine
1145 5282 1217 5335 curis
1230 5282 1382 5335 etinvidia.
1853 5329 1854 5332 ,

239 5347 345 5411 medici,
359 5367 414 5404 non
427 5352 515 5406 solnm
529 5351 608 5415 docti,
619 5370 712 5409 rernm
724 5356 805 5411 etiam
818 5358 965 5426 prudentis,
979 5377 1034 5414 nun
1111 5359 1159 5415 50.
1180 5360 1223 5415 De
1237 5361 1294 5414 vita
1311 5359 1431 5428 militari,
1446 5360 1476 5414 in
1495 5359 1642 5427 jnventutc,
1660 5355 1735 5409 etiam
1750 5349 1826 5400 ΜΨ

239 5430 462 5485 contemnendum
472 5438 532 5496 est;
554 5431 601 5501 qui
614 5433 772 5489 uarietatem
787 5443 816 5491 et
829 5435 1034 5494 alternationem
1070 5437 1202 5495 habemus
1228 5440 1403 5512 opinionem,
1443 5447 1516 5496 certe
1542 5437 1690 5509 complures
1711 5427 1826 5485 &ibrum
