3800 5875
233 318 291 381 ιιι
875 320 1016 377 novun
1036 320 1238 377 cacanum.
1740 280 1804 372 nra
1819 318 1856 371 ιι.

229 477 336 548 species
349 494 491 548 corporum
505 477 580 544 tales,
591 495 652 549 quae
662 479 787 532 videntur
797 495 856 533 esse
867 479 1024 548 composita
1102 479 1198 551 ltaque
1214 483 1256 547 (ut
1270 477 1335 532 alibi
1351 476 1483 547 diximus)
1492 478 1539 549 qui
1554 478 1587 531 de
1601 475 1739 531 machinis
1752 483 1781 528 et
1794 477 1858 529 arie-

230 574 267 611 ex
286 557 429 627 speciebus
448 557 559 620 duabus,
578 557 621 611 rel
640 557 793 611 rudimenta
812 558 883 611 inter
903 558 1024 628 speciem
1061 559 1142 624 tibus,
1167 559 1262 629 quales
1283 567 1360 612 erant
1378 557 1451 627 apud
1475 567 1586 620 veteres,
1609 556 1777 626 cogitasset;
1797 553 1858 607 licet

229 653 313 690 unam
328 644 354 689 et
367 637 488 690 alteram
530 637 582 690 Har
596 652 661 689 vero
678 636 814 692 instantia
833 637 905 691 inter
918 638 1024 691 instua-
1061 636 1113 691 hnc
1134 638 1242 692 fecisset
1257 638 1364 700 obnixe,
1377 645 1459 707 atque
1480 645 1588 690 autem
1607 636 1636 688 in
1657 650 1692 687 eo
1711 648 1856 703 cmsump

229 716 285 768 tica
304 717 452 769 moriodicua
466 717 522 770 sire
535 717 704 769 heteroclitos
721 723 792 769 recte
808 717 944 769 numerari
959 733 1023 786 pos·
1062 718 1155 779 sisset;
1177 733 1315 786 nunquam
1337 726 1428 769 tamen
1449 715 1589 769 incidisset
1604 715 1633 767 in
1647 714 1790 765 inventum
1809 722 1857 765 tor·

230 803 309 847 sunt:
344 804 406 848 sunt
429 797 502 848 enim
527 795 557 847 in
582 795 759 848 universitate
784 811 876 848 rerum
899 813 970 849 rarae
997 803 1024 848 et
1061 801 1212 852 mentorttn
1225 797 1368 865 igneorum
1386 796 1554 863 operantium
1568 810 1618 862 per
1628 791 1770 862 pulverem
1784 793 1856 860 pyri·

231 873 458 928 extraordinaria
499 871 555 928 Sed
569 883 660 927 tamen
673 874 708 926 ob
720 873 882 943 dignitatem
900 890 1022 928 seorsum
1060 891 1115 927 urm
1156 875 1254 945 Neque
1269 891 1366 938 narsus,
1382 875 1428 943 qui
1447 875 1474 927 in
1490 872 1618 926 lanificiis
1632 881 1662 924 et
1675 871 1765 923 serico
1780 887 1856 938 rege·

232 952 377 1006 tractanda
396 961 423 1006 et
439 953 572 1022 ponendas
590 962 668 1016 aunt;
690 953 790 1022 optime
809 953 883 1006 enim
900 953 1025 1007 indicant
1062 952 1139 1006 tabili
1161 953 1376 1007 observationem
1400 970 1476 1006 auam
1499 962 1526 1005 et
1547 950 1756 1004 meditationem
1781 949 1857 1001 eollo

230 1032 452 1100 compositionem
467 1041 493 1085 et
507 1031 636 1085 fabricam
649 1049 747 1096 rernm,
758 1038 787 1085 et
798 1032 915 1086 innuunt
927 1049 1023 1086 causas
1061 1041 1155 1097 cesset,
1166 1048 1286 1102 unquam
1300 1048 1349 1101 per
1363 1048 1395 1084 ea
1409 1032 1555 1101 reperisset
1564 1039 1693 1082 naturam
1700 1028 1800 1081 vermis
1813 1037 1857 1081 aut

230 1111 336 1163 numeri
349 1117 377 1163 et
391 1109 528 1180 qualitatis
542 1112 694 1180 specierum
708 1111 904 1165 ordinariorum
919 1111 947 1163 in
962 1112 1022 1165 uni·
1062 1111 1142 1164 serici
1157 1111 1320 1180 bombycini.

230 1205 315 1252 verso,
330 1197 357 1242 et
371 1188 505 1244 deducunt
517 1188 685 1244 intellectum
699 1189 734 1243 ab
748 1206 781 1243 eo
796 1189 868 1260 quod
881 1196 931 1253 est,
945 1190 981 1243 ad
995 1190 1023 1244 id
1100 1189 1232 1249 Quocirca
1259 1190 1351 1243 omnia
1377 1189 1495 1252 inventa,
1523 1205 1585 1256 quaa
1613 1188 1724 1241 censeri
1748 1194 1856 1256 possum

231 1268 302 1337 quod
316 1284 375 1321 esse
389 1275 487 1338 potest.
1062 1269 1150 1339 magis
1163 1269 1266 1322 nobilia
1280 1269 1317 1339 (si
1339 1268 1458 1322 animum
1480 1266 1618 1334 advertas)
1640 1267 1670 1318 in
1690 1266 1780 1320 ltreem
1801 1281 1855 1334 pro

271 1347 375 1402 Harum
389 1347 516 1417 exempla
529 1353 609 1401 sunt:
630 1363 746 1411 museus,
765 1347 836 1401 inter
854 1347 1023 1417 putredinem
1061 1347 1144 1413 diere,
1157 1347 1234 1401 nullo
1246 1347 1327 1402 modo
1342 1365 1391 1418 per
1412 1346 1525 1416 pusillas
1544 1344 1753 1399 enucleationes
1766 1355 1794 1396 et
1812 1362 1853 1397 er·

230 1434 258 1479 et
272 1425 409 1495 plantam3
430 1434 543 1481 cometas
555 1425 686 1492 nonnulli,
701 1426 771 1480 inter
785 1425 878 1480 stellas
896 1434 924 1481 et
941 1434 1024 1480 mete-
1062 1430 1198 1481 tensiones
1222 1427 1327 1490 artium,
1354 1426 1403 1480 sed
1425 1427 1535 1478 omnino
1556 1440 1607 1493 per
1634 1441 1740 1477 casum
1780 1422 1853 1476 Nihil

230 1522 278 1558 ors
299 1506 399 1575 ignita;
434 1507 523 1576 pisces
543 1504 672 1570 volantes,
692 1505 762 1559 inter
781 1522 844 1559 aves
867 1512 894 1559 at
914 1506 1022 1576 pisces;
1061 1513 1151 1560 sutem
1172 1513 1346 1575 representat
1367 1512 1414 1558 aut
1434 1505 1567 1573 anticipat
1585 1519 1682 1556 casum
1696 1504 1788 1571 (cnjus
1801 1519 1852 1555 mos

229 1586 444 1653 vespertiliones,
458 1586 529 1640 inter
543 1601 607 1638 ares
620 1592 649 1638 et
662 1584 867 1655 quadrupedes;
889 1584 972 1638 etiarn
1061 1594 1109 1649 est,
1131 1590 1161 1638 ut
1182 1592 1287 1638 tantum
1308 1583 1462 1654 perlonga
1484 1581 1576 1637 secula
1599 1584 1742 1651 operetur)
1763 1592 1852 1651 preter

313 1722 328 1745 “
339 1719 415 1767 Simia
424 1734 497 1780 quam
507 1718 597 1777 similis,
606 1718 741 1779 turpissima
747 1718 830 1776 bestia,
841 1717 909 1765 nobis
917 1720 942 1772 ;”
1061 1664 1512 1812 mvgteffiffgffiffimoffi
1529 1739 1728 1795 instantiam
1745 1740 1851 1809 pum-m

230 1835 257 1881 et
270 1836 362 1898 partus
375 1827 534 1883 animalium
547 1827 683 1892 biformes,
697 1835 724 1882 et
737 1827 877 1882 commixti
891 1843 926 1881 ex
939 1828 1024 1898 speci·
1061 1821 1132 1875 laria
1142 1820 1214 1875 nihil
1227 1837 1295 1891 opus
1309 1827 1352 1874 est
1364 1819 1505 1882 adducere,
1514 1828 1626 1889 propter
1640 1820 1754 1889 copiam
1767 1835 1851 1871 eorum

230 1907 297 1961 ebus
311 1909 441 1973 diversia3
463 1914 490 1962 et
503 1906 613 1963 similia.
1062 1900 1131 1955 dem
1172 1902 1246 1955 Nam
1265 1900 1318 1954 hoc
1332 1899 1443 1953 omnino
1464 1898 1607 1968 agendum,
1624 1909 1658 1950 ιιι
1672 1898 1814 1951 visitentur
1828 1904 1851 1950 et

1062 1981 1171 2049 penitus
1197 1979 1419 2049 introspiciantur
1449 1993 1543 2031 ornnes
1576 1984 1651 2030 artes
1684 1976 1849 2035 mechanica,

1062 2068 1141 2129 atque
1148 2058 1275 2112 liberales
1289 2058 1372 2112 etiam
1382 2060 1528 2128 (quatenus
1538 2055 1573 2108 ad
1587 2058 1686 2125 opera)
1702 2064 1784 2126 atque
1798 2054 1850 2107 inde

271 2137 346 2189 Inter
352 2136 553 2207 praerogatiuae
568 2136 760 2190 instantiarum
775 2150 906 2204 ponemus
920 2135 1025 2190 decimo
1063 2137 1186 2192 facienda
1212 2150 1255 2191 est
1281 2136 1422 2207 congeries
1448 2137 1505 2191 sive
1533 2135 1650 2189 historia
1679 2134 1850 2205 particularia

230 2214 1024 2288 locoinstanticapotaatotia,sivesoacc'nm(sumptovoca
1062 2223 1190 2286 tanquam
1216 2216 1384 2285 magnalium
1410 2222 1439 2268 et
1462 2232 1574 2285 operum
1598 2214 1808 2284 magistralium,
1829 2222 1852 2265 et

230 2292 294 2348 bulo
308 2294 343 2347 ab
356 2294 508 2364 insignibus
521 2293 643 2363 imperii)
658 2294 819 2365 quasetiam
834 2294 1023 2363 ingeniu,sire
1062 2297 1180 2349 maxime
1200 2295 1380 2365 perfectorum
1401 2294 1431 2347 in
1454 2310 1619 2364 unaquaque
1643 2293 1786 2363 ipsarum
1805 2308 1852 2346 una

230 2391 325 2426 munuc
342 2373 463 2437 dominia,
488 2371 626 2443 appellare
653 2373 849 2426 consuevimus.
890 2371 938 2427 Ere
963 2381 1025 2426 aurit
1062 2391 1123 2427 curn
1137 2375 1224 2429 modis
1239 2375 1391 2428 effectionis
1405 2374 1462 2426 sive
1476 2373 1651 2443 operationis

231 2467 314 2521 opera
327 2452 446 2506 maxime
460 2451 562 2506 nobilis
572 2459 599 2506 et
612 2453 741 2521 perfecta,
750 2459 777 2505 et
790 2459 918 2522 tanquam
929 2451 1024 2505 ultima
1102 2455 1200 2525 Neque
1215 2461 1304 2507 tamen
1320 2453 1493 2522 astringimus
1510 2452 1772 2523 diligentiamque
1785 2449 1853 2504 adhi-

230 2530 260 2584 in
270 2548 429 2602 unaquaque
441 2539 507 2585 arte.
538 2531 609 2585 Cum
622 2532 693 2585 enirn
707 2530 759 2585 hoc
774 2540 878 2601 agatur,
889 2532 1024 2601 praecipue
1062 2531 1150 2586 Nuda
1164 2540 1205 2586 est
1219 2532 1248 2585 in
1262 2531 1418 2601 hujusmodi
1433 2531 1554 2593 collecta,
1568 2532 1604 2584 ad
1620 2547 1662 2595 ea,
1678 2548 1740 2601 quar
1753 2547 1853 2584 semen

231 2617 261 2663 ut
274 2617 370 2664 natura
383 2618 476 2680 pareat
489 2612 569 2664 rebus
589 2619 616 2664 et
633 2610 781 2664 commodis
802 2610 946 2674 humanm
962 2628 1024 2664 con·
1063 2619 1106 2666 tur
1120 2628 1170 2682 pro
1182 2612 1348 2682 magisteriis
1362 2620 1391 2665 at
1404 2611 1510 2665 arcanis
1524 2610 1642 2677 alicujus
1662 2611 1732 2664 artis
1746 2618 1851 2670 tantun,

590 2044 669 2082 xxxt.

231 2697 388 2743 sentaneum
409 2698 450 2743 est
467 2706 583 2760 prorsus,
597 2696 629 2744 ut
642 2706 732 2759 opera,
747 2706 808 2760 quae
816 2688 980 2759 jampridem
994 2690 1024 2743 in
1062 2699 1142 2761 atque
1157 2701 1266 2744 movent
1278 2691 1494 2744 admirationem.
1527 2689 1762 2743 Admiraticenim
1773 2687 1852 2758 proles

230 2776 362 2837 potestate
384 2767 503 2823 bominis
526 2768 636 2824 fuerunt
660 2769 750 2839 (quasi
773 2768 919 2838 provincie
943 2777 1024 2821 antea
1062 2777 1104 2822 est
1116 2770 1234 2823 raritatis
1246 2791 1253 2824 ι
1274 2770 1410 2841 siqnidem
1423 2786 1492 2831 rara,
1504 2767 1571 2822 licet
1588 2768 1619 2821 in
1633 2785 1739 2838 genere
1752 2769 1803 2821 sint
1821 2785 1851 2820 er

231 2856 368 2917 occupatas
383 2856 410 2901 et
420 2847 551 2916 subactae)
566 2856 695 2902 notentur
708 2856 736 2901 et
748 2856 936 2912 numerentur;
957 2864 1024 2917 prae·
1062 2848 1179 2920 vulgatis
1192 2849 1303 2913 naturis,
1319 2858 1409 2904 tamen
1420 2848 1627 2901 admirationem
1642 2848 1760 2917 pariunt

231 2928 323 2982 sertim
338 2945 378 2991 ea,
393 2946 454 2998 qum
468 2937 531 2981 sunt
544 2929 662 2983 maxime
677 2926 819 2982 enucleata
837 2937 865 2981 et
885 2928 1023 2998 perfecta;
1103 2928 1140 2982 Αι
1158 2939 1259 2993 canna,
1281 2947 1343 2999 quae
1365 2945 1459 2983 revera
1476 2926 1650 2982 admirationi
1672 2945 1733 2982 esse
1754 2926 1850 2986 debent,

231 3015 376 3076 propterea
390 3008 461 3078 quod
483 3007 518 3060 ab
532 3007 591 3062 istis
610 3007 755 3078 proclivior
768 3007 898 3077 etmagis
914 3008 943 3090 ip
965 3025 1024 3076 pro
1063 3018 1173 3078 propter
1197 3008 1415 3077 discrepantiam,
1437 3025 1497 3078 quae
1524 3008 1595 3061 inest
1621 3006 1681 3060 illis
1707 3008 1737 3059 in
1762 3008 1851 3075 specie,

230 3085 335 3157 pinquo
348 3086 383 3139 sit
397 3088 525 3141 transitus
539 3087 573 3140 ad
587 3103 656 3140 nova
666 3093 693 3140 et
704 3086 896 3140 hactenusnon
905 3086 1023 3141 inventa.
1062 3087 1169 3141 collatis
1183 3087 1218 3140 ad
1239 3087 1309 3140 alias
1331 3088 1453 3157 species;
1472 3095 1562 3140 tamen
1576 3087 1600 3139 si
1622 3086 1652 3139 in
1668 3102 1719 3139 usu
1734 3085 1852 3139 familiari

231 3164 338 3235 Siquis
352 3166 424 3219 enirn
438 3166 473 3219 ab
493 3165 590 3219 horum
603 3166 829 3236 contemplatione
848 3172 1025 3236 attentapro·
1063 3173 1162 3236 praesto
1175 3167 1238 3228 sint,
1253 3166 1351 3221 leviter
1364 3173 1501 3220 notantur.
1543 3165 1653 3219 Debent
1668 3173 1760 3218 autem
1772 3164 1852 3217 notari

230 3245 349 3313 positum
361 3245 458 3299 aeriter
471 3253 498 3298 et
512 3253 621 3299 strenua
632 3261 729 3314 urgere
742 3243 821 3308 velit;
836 3245 885 3298 fiet
898 3252 979 3308 certe,
994 3253 1025 3299 ut
1062 3247 1198 3299 monadica
1212 3246 1286 3307 artis,
1306 3262 1361 3300 non
1379 3246 1469 3299 minus
1490 3261 1571 3315 quarn
1590 3245 1731 3297 monadica
1745 3251 1851 3303 naturan

231 3330 278 3376 aut
296 3324 427 3392 producat
440 3323 489 3377 illa
503 3324 584 3394 paulo
597 3323 713 3395 longius,
728 3332 775 3377 ιιιιι
788 3323 915 3377 deflectat
928 3323 976 3377 illa
990 3325 1025 3377 ad
1063 3325 1096 3378 de
1111 3326 1209 3396 quibus
1223 3332 1303 3378 antea
1317 3325 1444 3379 diximus
1486 3325 1575 3393 Atque
1589 3323 1852 3393 quemadmodumin

231 3399 343 3472 aliquid,
358 3403 431 3473 quod
445 3403 588 3458 finitimum
607 3412 662 3468 est3
686 3412 733 3458 aut
754 3404 836 3456 etiarn
858 3403 979 3473 applicet
998 3412 1026 3457 et
1063 3405 1319 3458 nonodicranaturae
1333 3404 1473 3473 posuimus
1481 3402 1574 3465 solem,
1583 3401 1688 3466 lunam,
1699 3413 1852 3473 magnetem,

231 3482 378 3537 transferat
391 3482 440 3536 illa
453 3482 487 3535 ad
499 3500 577 3537 usum
592 3482 711 3554 aliquem
724 3481 892 3537 nobiliorem.
1018 3501 1021 3505 “
1064 3492 1091 3536 et
1118 3484 1227 3548 similia,
1253 3501 1313 3553 quse
1335 3500 1364 3536 re
1386 3483 1574 3550 vulgatissima
1596 3490 1670 3544 sunt,
1697 3481 1746 3535 sed
1766 3490 1853 3533 natura

271 3561 371 3633 Neque
399 3562 444 3615 hic
473 3562 544 3616 tinia.
600 3562 702 3616 Verum
734 3561 961 3631 quemadmodum
990 3562 1025 3615 ab
1064 3572 1155 3616 tumen
1177 3564 1232 3616 fere
1256 3561 1407 3633 singulari;
1430 3562 1502 3614 idem
1525 3570 1553 3614 et
1575 3560 1778 3614 (lemodicas
1795 3560 1854 3612 artis

231 3641 359 3709 operibus
369 3649 472 3696 naturae
487 3642 554 3695 raris
567 3648 594 3695 et
603 3641 768 3696 inconsuetis
778 3641 892 3712 erigitur
905 3639 1026 3695 intellec·
1064 3642 1217 3696 faciendum
1232 3650 1285 3696 est.

232 3726 283 3782 tus,
294 3729 322 3773 et
330 3721 449 3773 elevatur
457 3721 492 3773 ad
506 3720 679 3792 inquirendas
690 3729 716 3774 et
727 3720 903 3774 inveniendas
917 3720 1025 3784 formas,
1103 3721 1231 3791 Exempli
1258 3721 1368 3791 gratier
1396 3719 1525 3775 instantia
1552 3720 1692 3773 mmtoda‘ea
1720 3719 1795 3780 artis,
1820 3724 1854 3770 est

232 3816 293 3868 quae
308 3801 389 3854 etiam
401 3798 510 3854 illorum
521 3810 583 3853 sunt
597 3816 726 3869 capaces:
747 3800 785 3852 ita
799 3798 883 3852 edam
896 3799 925 3851 in
939 3800 1026 3868 operi·
1064 3816 1200 3870 papyrus;
1222 3817 1266 3854 res
1288 3799 1432 3854 admodum
1455 3798 1572 3870 vulgata.
1615 3799 1652 3851 At
1673 3799 1697 3852 si
1719 3798 1854 3868 diligenter

232 3877 282 3931 bus
292 3878 357 3932 artis
367 3880 485 3950 egregiis
493 3887 520 3932 et
530 3879 694 3933 admirandis
705 3880 757 3931 hoc
766 3878 913 3933 usn-venit.
942 3879 1026 3949 ldque
1064 3881 1186 3933 animum
1200 3881 1333 3942 advertas,
1347 3879 1469 3933 materiae
1483 3877 1641 3932 artificiales
1649 3886 1700 3931 aut
1713 3879 1792 3948 plane
1805 3885 1855 3929 tex·

231 3957 318 4010 multo
338 3959 445 4028 magis3
474 3959 539 4028 quia
565 3958 660 4012 modus
683 3957 816 4015 efficiendi
840 3965 868 4011 et
895 3957 1025 4027 operandi
1064 3958 1126 4012 tiles
1139 3966 1203 4011 sunt
1216 3975 1266 4029 per
1279 3958 1326 4011 tila
1340 3957 1442 4011 directa
1456 3965 1484 4011 et
1504 3965 1673 4020 transverss3
1695 3956 1854 4029 quatiamur

232 4034 387 4103 hujusmodi
409 4036 539 4091 miracula
559 4038 632 4101 artis,
652 4036 813 4092 manifestus
831 4044 862 4091 nt
881 4036 1026 4105 plurimum
1064 4054 1170 4107 patruus
1184 4040 1294 4101 sancus,
1309 4036 1466 4102 autlanens,
1481 4044 1508 4091 et
1521 4035 1631 4099 linteus,
1646 4044 1675 4089 et
1685 4032 1853 4103 hujumodi:

232 4122 292 4177 ραις
315 4132 376 4169 cum
395 4115 542 4187 plerunque
562 4117 591 4170 in
609 4115 747 4170 miraculis
764 4125 868 4170 naturas
885 4116 921 4168 sit
938 4116 1026 4186 magis
1065 4124 1111 4170 aut
1125 4123 1347 4186 coagmentantur
1361 4132 1397 4169 ex
1414 4116 1501 4170 succis
1517 4116 1668 4181 concretis3
1693 4115 1785 4186 qualia
1798 4119 1854 4167 snat

232 4192 369 4247 obscurus.
398 4196 525 4249 Attamen
539 4195 567 4249 in
581 4194 627 4248 his
640 4196 707 4265 ipsis
715 4195 806 4248 cautio
819 4203 862 4249 est
873 4193 1027 4248 adhibenda
1065 4195 1140 4260 later,
1155 4204 1202 4250 aut
1221 4194 1319 4266 argilla
1340 4193 1469 4264 figularis,
1485 4202 1531 4248 aut
1545 4196 1655 4257 vitrum,
1671 4205 1721 4248 aut
1741 4191 1852 4252 carnalla

232 4272 276 4324 vel
297 4274 431 4337 maxime;
452 4291 487 4328 ne
509 4274 661 4343 depriment
680 4273 784 4328 scilicet
800 4272 976 4337 intellectum,
999 4283 1027 4327 et
1065 4283 1113 4329 aut
1135 4274 1298 4344 porcellana,
1318 4283 1346 4327 et
1367 4274 1485 4335 similias
1506 4291 1574 4343 quse,
1589 4275 1615 4327 si
1635 4273 1708 4326 bene
1729 4273 1852 4328 uniantur,

233 4367 295 4404 eum
308 4353 385 4422 quasi
399 4351 483 4406 humo
498 4354 619 4423 affigant.
1066 4354 1223 4424 splendent;
1253 4355 1296 4407 sin
1321 4353 1418 4416 minus,
1442 4353 1600 4407 indurantur
1627 4361 1711 4416 certe,
1736 4352 1783 4405 sed
1807 4365 1852 4403 nm

273 4429 428 4484 Periculum
438 4433 612 4496 enimesune
627 4449 675 4502 per
683 4431 839 4501 hujusmodi
854 4448 936 4500 opera
950 4431 1026 4495 artis,
1066 4432 1215 4503 splendent.
1245 4433 1372 4486 Attamen
1387 4432 1479 4485 omnia
1494 4431 1567 4493 talia,
1577 4449 1639 4502 quas
1650 4432 1720 4484 finnt
1730 4429 1852 4485 exsuctis

234 4526 295 4579 quus
309 4508 433 4563 videntur
446 4511 519 4565 velut
540 4511 709 4566 summitates
727 4510 850 4582 quaedam
870 4519 897 4564 et
917 4510 1028 4581 fastigia
1066 4513 1205 4576 concretis,
1219 4520 1282 4565 sunt
1304 4510 1430 4581 fragilia3
1452 4527 1502 4564 nec
1516 4509 1572 4564 ullo
1588 4510 1670 4564 modo
1690 4510 1820 4564 berenna
1831 4515 1854 4559 et

232 4587 372 4642 industria
387 4588 520 4653 humanm,
534 4591 661 4645 reddatur
679 4590 833 4644 intellectus
852 4591 983 4643 attonitus
1001 4600 1029 4642 et
1066 4592 1180 4645 tenacia.
1222 4592 1505 4659 Ateontra,papyrus
1519 4598 1560 4643 est
1573 4606 1675 4658 corpus
1689 4585 1853 4657 tenaxqmd

232 4667 340 4736 ligatus,
355 4674 382 4720 et
400 4669 475 4738 quasi
494 4668 671 4724 maleficiatus
686 4669 774 4739 quoad
792 4668 855 4733 illa3
871 4668 953 4722 itaut
966 4685 1028 4722 cum
1066 4670 1152 4723 scindi
1172 4675 1199 4723 et
1223 4669 1338 4723 lacerari
1364 4669 1458 4739 possit,
1488 4669 1528 4720 ita
1554 4677 1585 4722 ut
1611 4669 1736 4723 imitetur
1756 4677 1783 4721 et
1804 4666 1852 4718 fere

233 4746 296 4800 aliis
318 4751 495 4801 consuescere
514 4765 570 4802 non
591 4749 685 4819 possit,
700 4749 749 4802 sed
768 4749 870 4819 cogitet
883 4747 956 4802 nihil
970 4748 1028 4814 ejus
1067 4748 1207 4803 aemuletur
1220 4748 1321 4819 pellem
1331 4748 1388 4801 sive
1397 4747 1583 4802 membranam
1598 4747 1716 4815 alicujus
1730 4745 1851 4804 animalis

233 4826 343 4896 generis
361 4826 420 4879 fieri
438 4843 527 4897 posse,
541 4829 595 4881 nisi
613 4829 707 4882 eadem
722 4829 774 4892 via,
789 4845 843 4899 qua
863 4826 912 4880 illa
932 4827 1028 4879 effecta
1067 4837 1113 4881 aut
1127 4827 1223 4882 folium
1237 4827 1351 4896 alicujus
1364 4826 1533 4897 vegetabilis,
1546 4833 1572 4879 et
1582 4826 1742 4894 hujusmodi
1755 4823 1851 4895 opificia

234 4914 305 4970 sunt,
329 4906 474 4960 accedente
499 4908 683 4961 tantummodo
706 4907 849 4978 diligentia
869 4906 979 4974 majore,
1002 4915 1030 4959 et
1066 4915 1178 4961 naturae.
1219 4907 1294 4960 Nam
1310 4922 1399 4977 neque
1413 4904 1517 4975 fragilis
1538 4913 1586 4966 est,
1601 4915 1631 4958 ut
1645 4906 1760 4968 vitrumr
1774 4917 1850 4970 neque

233 4984 433 5055 preparatione
446 4986 535 5057 tnagis
545 4995 679 5041 accurata.
1067 4985 1178 5048 textilia,
1192 4994 1222 5039 ut
1239 5002 1358 5053 pannum
1380 4985 1428 5037 sed
1445 4983 1529 5037 habet
1544 4985 1627 5038 fibras
1648 4993 1796 5049 certares
1813 4979 1850 5032 tila

275 5063 376 5118 Contra
398 5064 467 5120 illud
488 5065 644 5135 ponendum
666 5074 708 5120 est
733 5083 784 5136 pro
806 5071 897 5119 certo:
918 5064 978 5119 vias
1002 5075 1030 5118 et
1067 5065 1203 5128 distincta,
1213 5065 1323 5118 omnino
1333 5063 1485 5117 admodum
1497 5063 1671 5117 materiarum
1682 5061 1848 5116 naturalium:

233 5143 328 5196 modos
351 5143 485 5198 efficiendi
508 5161 552 5199 res
574 5151 602 5198 et
622 5160 792 5215 operaque
812 5144 902 5197 adhuc
922 5152 1029 5213 reperta
1067 5152 1098 5197 ιιι
1119 5144 1190 5197 inter
1210 5142 1365 5196 artificiales
1383 5141 1511 5195 materias
1531 5142 1579 5196 vix
1601 5142 1754 5195 inveniatur
1771 5136 1849 5193 manile

234 5228 297 5276 sunt
322 5228 350 5275 et
375 5228 477 5287 notata,
499 5239 544 5277 res
572 5240 631 5278 esse
655 5223 814 5294 plerumque
841 5223 1028 5293 pauperculas,
1068 5222 1178 5292 aliquid,
1188 5223 1236 5275 sed
1249 5223 1284 5275 sit
1295 5220 1374 5291 plane
1389 5221 1568 5274 monodicum.
1590 5220 1683 5291 Atque
1697 5217 1849 5290 praferew

235 5310 317 5371 atque
329 5318 438 5356 omnem
452 5302 600 5370 potentiam
614 5303 746 5370 majorem
759 5302 886 5372 pendere,
895 5311 923 5355 et
935 5302 1029 5356 ordine
1067 5318 1133 5354 sane
1147 5301 1252 5356 suntin
1267 5299 1454 5354 artificialibus
1468 5316 1508 5362 ea,
1523 5317 1584 5369 quse
1597 5300 1719 5354 maxime
1733 5295 1849 5351 accedunt

235 5379 351 5432 derivari
367 5396 384 5432 a
399 5382 518 5437 fontibus
537 5380 695 5446 formarum,
710 5397 825 5452 querum
844 5380 921 5437 nulla
941 5380 1030 5435 adhuc
1068 5382 1101 5434 ad
1116 5381 1296 5433 imitationem
1306 5386 1471 5443 saturarat
1484 5395 1499 5432 e
1513 5378 1651 5433 contrario
1665 5395 1726 5433 eam
1740 5383 1850 5448 potenter

234 5456 344 5511 inventa
358 5466 407 5514 est.
1067 5469 1166 5530 regunt
1178 5467 1206 5513 et
1220 5459 1365 5512 invertunt.
