3800 5875
64 286 133 343 Car.
157 287 194 343 ll.
561 281 611 337 DE
632 280 858 339 AUGMEN'HS
880 279 1161 338 sctsnrmaurt.
1513 321 1517 326 Α
1630 281 1688 338 403

61 447 127 513 ejus,
142 452 171 499 et
184 442 297 498 similia
340 441 475 497 Etiamin
489 440 571 496 sectis
590 441 746 496 Bassorum
759 446 787 495 et
803 438 855 510 Py-
891 438 985 509 aliquo
999 441 1084 511 gravi,
1098 439 1282 511 diligenteret
1296 446 1376 494 caute
1397 437 1528 494 attendat.
1570 441 1689 497 emane-

60 521 540 596 thsgorreernm,sbesnsaimsliam
551 519 854 575 ommnoabstmebanc
878 525 989 585 ,verunt
1010 520 1083 574 enim
1104 518 1237 584 homines,
1258 526 1400 591 postquam
1422 525 1571 574 commotos
1594 527 1689 576 mana

60 604 136 665 Quod
157 604 243 658 etiarn
262 602 347 658 hodie
367 602 471 657 obtinet
493 599 697 670 (superstitione
711 596 854 667 inviolato)
893 614 922 652 se
937 598 1073 668 principes
1086 615 1150 652 suos
1164 599 1304 665 senserint,
1318 599 1417 669 partim
1431 615 1467 652 ex
1481 598 1620 653 dedecoris
1637 600 1689 655 ins·

61 685 132 754 apud
145 681 410 738 ineolssuonnullos
427 680 534 751 imperii
555 677 744 749 Mogolleusis.
784 677 854 737 Quin
892 676 1032 747 patientia,
1055 678 1155 747 partim
1180 694 1215 732 ne
1238 677 1335 733 aulum
1362 677 1531 733 observando
1552 677 1688 744 refricent,

61 774 87 816 et
100 764 196 817 'l'nroe
210 764 292 834 (gens
305 761 370 815 licet
386 767 414 815 et
431 759 516 829 stirpe
536 767 564 813 et
580 757 726 828 disciplina
739 756 855 811 erudelis
892 756 994 826 partim
1006 764 1037 810 ut
1051 757 1190 811 tristitiam
1205 765 1232 811 et
1244 757 1427 812 humilitatem
1443 773 1536 812 eornm
1550 757 1689 827 principes

61 851 89 895 et
107 840 299 912 sanguinaria)
319 840 407 895 brutis
430 846 523 894 tamen
549 837 737 906 eleemosynas
759 835 854 905 largiri
893 835 935 889 sui
949 836 1122 904 perspiciant,
1137 853 1167 890 se
1181 852 1198 889 s
1212 836 1369 891 muneribus
1383 843 1412 890 et
1426 835 1611 890 functionibus
1632 837 1689 892 suis

62 920 162 987 solent3
197 937 287 990 neque
314 919 473 974 animalium
500 918 660 972 versiones
685 923 712 969 et
739 920 855 969 torturas
893 915 1059 979 subducem
1089 915 1238 986 quinetiam
1255 915 1393 970 interdum
1412 915 1489 986 ipsos
1512 916 1689 986 magistratus

61 1001 117 1054 lieri
131 1000 276 1055 sustinent.
318 1000 428 1062 Verum,
442 1014 477 1052 ne
491 998 559 1052 iorte
574 996 641 1061 baec,
656 1012 717 1066 quta
727 993 854 1058 diximus,
893 993 1086 1064 etdigaitates,
1101 1011 1167 1064 quas
1178 1001 1283 1065 gerunt,
1297 994 1490 1065 inprincipum
1501 1009 1597 1050 manus
1611 995 1689 1048 resti·

60 1081 147 1133 omnis
174 1080 286 1150 generis
308 1077 502 1133 misericordiae
522 1074 687 1147 patrocinari
705 1073 854 1138 videantur,
893 1078 978 1127 tuere.
1031 1072 1068 1127 At
1099 1074 1226 1128 Salomon
1253 1074 1324 1128 hanc
1351 1074 1477 1129 medendi
1500 1074 1580 1139 viam,
1603 1073 1689 1130 veluti

60 1159 204 1213 salubriter
215 1159 357 1229 sasbjnngit
365 1157 493 1212 Salomon
505 1150 855 1227 impiorummisericordiss
893 1151 1014 1215 noxiam,
1029 1151 1180 1222 improbam
1202 1152 1285 1224 idque
1305 1170 1411 1207 summa
1430 1153 1552 1223 proiecto
1572 1155 1687 1209 ratione.

59 1255 117 1293 esse
130 1237 265 1292 crudeles
293 1235 538 1308 Eresuntqusndo
551 1233 707 1289 hominibus
716 1230 855 1286 sceleratis
894 1229 987 1285 Primo
1011 1231 1090 1296 enim,
1115 1231 1233 1287 dedecus
1255 1233 1344 1303 ipsum
1369 1231 1453 1286 nimis
1476 1232 1523 1285 illa
1548 1231 1686 1303 publicati

59 1328 85 1372 et
109 1318 272 1372 {acinoroms
299 1317 427 1387 parcitur,
448 1314 563 1384 justitiae
591 1312 683 1385 gladio
709 1311 854 1366 feriendiaz
894 1309 964 1363 uude
986 1316 1044 1363 tum
1063 1311 1166 1365 inimici
1187 1319 1267 1382 etque
1287 1310 1372 1366 invidi
1392 1311 1550 1366 audaciores
1570 1311 1688 1367 fiuntad

59 1396 195 1451 crudelior
211 1397 287 1452 enim
307 1395 464 1465 huiusmodi
483 1392 677 1457 misericordia,
695 1407 776 1461 quam
797 1407 855 1444 cru-
893 1388 1058 1454 laedendum
1080 1397 1137 1444 tum
1153 1391 1234 1444 amici
1249 1390 1400 1446 timidiores
1419 1391 1453 1444 ad
1466 1390 1686 1446 subveniendum.

59 1476 155 1529 delites
169 1477 240 1547 ipss.
281 1476 357 1531 Nam
366 1474 511 1530 crudelitas
521 1480 663 1528 exercetur
675 1472 704 1525 in
717 1469 854 1540 singulos:
894 1467 1026 1534 Secundo,
1037 1467 1089 1523 hoc
1104 1477 1183 1540 pacto
1191 1471 1231 1536 fit,
1240 1477 1271 1524 ut
1284 1470 1416 1540 principis
1430 1471 1478 1536 irs,
1489 1488 1549 1542 qum
1564 1471 1686 1537 tortasse,

60 1555 284 1610 atmisericordie
296 1552 348 1608 illa
359 1555 512 1610 universum
528 1553 739 1607 facinorosorum
753 1549 855 1604 exerci-
893 1548 917 1602 si
930 1563 986 1602 non
999 1548 1178 1620 evulgaretnr,
1192 1558 1290 1619 sponte
1301 1549 1461 1614 concideret,
1476 1550 1565 1621 magis
1578 1548 1686 1622 figatur,

59 1644 122 1698 turn,
147 1651 279 1689 concessa
300 1634 470 1705 impunitate,
493 1633 522 1687 in
549 1631 675 1686 homines
697 1630 855 1684 innocentes
893 1633 921 1680 et
934 1627 1018 1682 veluti
1032 1627 1168 1699 principio
1178 1628 1236 1696 iam
1249 1628 1321 1683 iacto
1341 1628 1461 1683 hominis
1474 1629 1643 1693 deturbandi,
1657 1629 1687 1684 in

59 1722 144 1769 armi
159 1721 189 1769 et
202 1714 334 1770 imminit,
893 1706 1073 1777 praecipitium
1087 1707 1161 1762 illius
1182 1706 1292 1763 feratur.
1333 1708 1481 1774 Postremo,
1496 1725 1619 1764 secessus
1634 1708 1687 1764 iste

893 1785 997 1857 aliquid
1017 1786 1089 1856 sapit
1110 1804 1146 1842 ex
1166 1786 1307 1852 malevolo,
1328 1795 1356 1841 et
1375 1788 1542 1858 temporibus
1561 1788 1686 1854 infensor

330 1850 511 1891 mmmm
533 1851 585 1891 xv·
893 1864 922 1918 id
935 1864 1008 1936 quod
1022 1863 1125 1920 melum
1145 1865 1342 1938 indignationis
1363 1868 1437 1922 melo
1457 1867 1620 1938 suspicionis
1639 1885 1686 1923 cu·

98 1951 114 1976 ‘¹
128 1944 229 1999 Totum
240 1943 367 2015 spiritum
377 1961 455 1999 strum
468 1943 571 2014 profert
581 1940 690 2006 stultum
705 1947 735 1994 st
747 1939 855 2010 sapiens
893 1942 987 1999 mulst.
1021 1944 1064 1998 nd
1073 1946 1237 2000 curationem
1248 1954 1337 2001 autem
1347 1947 1551 2017 pertinentista.
1584 1946 1686 2013 Primo,

60 2034 177 2079 mat
191 2023 296 2096 aliquid
309 2024 340 2078 in
352 2023 515 2095 posterum.”
893 2031 988 2078 caveat
1001 2030 1064 2077 ante
1077 2024 1175 2089 omnis,
1188 2041 1223 2078 ne
1237 2026 1394 2096 stupiditate
1405 2026 1529 2099 quadam,
1543 2026 1687 2082 autetiam

893 2102 978 2157 animi
990 2102 1114 2169 elatione,
1128 2104 1341 2175 indignationem
1354 2105 1488 2177 principis
1498 2106 1608 2160 minime
1624 2122 1686 2162 sen-

893 2182 951 2247 tire,
967 2191 1014 2236 aut
1027 2182 1098 2248 inde,
1116 2191 1196 2254 prout
1209 2183 1315 2248 debeat,
1328 2184 1408 2250 affici,
1421 2185 1559 2241 videatne
1580 2184 1632 2239 hoc
1645 2193 1687 2240 est

97 2256 219 2328 Corrigit
232 2255 365 2327 parabola
385 2254 524 2326 precipue
541 2254 584 2326 (ut
603 2251 720 2320 videtur)
734 2269 789 2306 non
807 2250 855 2306 ht>
892 2268 923 2314 ut
936 2269 964 2316 et
977 2261 1089 2327 vultum,
1107 2278 1162 2317 non
1175 2262 1210 2317 ad
1222 2263 1362 2318 tristitiam
1381 2272 1576 2329 contumacem,
1590 2265 1638 2319 sed
1652 2265 1687 2319 sd

60 2339 162 2391 ninum
182 2352 319 2390 vanorum
342 2333 505 2398 sublimem,
526 2333 574 2404 qui
597 2332 712 2387 (licenda
733 2332 854 2396 tacenda,
893 2340 1048 2395 moesddam
1062 2357 1174 2412 marem
1188 2342 1429 2413 atquemodestam
1441 2351 1600 2414 componat:
1622 2345 1687 2398 etin

60 2416 136 2470 iseile
150 2416 308 2486 proterunt:
329 2431 385 2468 non
397 2413 567 2485 perrhesiam
581 2411 666 2476 illum,
685 2429 739 2482 (111³
753 2411 854 2482 abique
893 2420 973 2474 rebus
987 2420 1191 2493 quibuscunque
1205 2421 1318 2492 agendis
1331 2438 1361 2477 se
1375 2423 1466 2477 minus
1475 2422 1556 2479 solito
1568 2422 1685 2478 hilarem

60 2496 216 2550 discmmine
229 2502 258 2548 et
270 2493 375 2563 judicio
391 2493 421 2547 in
438 2508 534 2547 omnes
555 2500 583 2545 et
603 2491 696 2546 omnis
716 2488 853 2544 involant=
893 2506 920 2552 et
934 2498 1027 2554 lartum
1041 2501 1184 2555 ostendat:
1205 2501 1272 2572 quin
1285 2509 1313 2556 et
1325 2501 1355 2556 in
1369 2519 1426 2558 rem
1440 2519 1518 2558 suam
1532 2502 1593 2569 erit,
1604 2504 1686 2558 amici

59 2591 111 2628 Μ
125 2573 322 2646 εᾶῐῐΰῐῑῑδῖθῐΰ,
334 2589 389 2644 (1¹¹⁸
400 2571 435 2626 &d
445 2568 855 2642 ⁰⁸⁰⁸2⁸m¹1⁸q1¹08ffi⁸⁰b⁸ire·
893 2577 1007 2648 abanim
1024 2594 1108 2649 opera
1126 2585 1155 2634 et
1173 2596 1297 2635 sermone
1313 2581 1385 2651 apud
1405 2582 1557 2653 principem
1575 2584 1625 2648 uti,
1639 2582 1687 2654 qui

59 2663 138 2724 pum:
160 2654 210 2708 sed
224 2653 319 2707 vitium
329 2650 403 2706 aliud
416 2650 664 2722 magiaoecalmm
685 2665 782 2719 nempe
797 2665 854 2703 ser·
893 2664 994 2727 quanto
1008 2657 1110 2713 doloris
1123 2675 1204 2714 sensu
1221 2659 1250 2714 in
1263 2658 1367 2714 intimis
1382 2662 1557 2727 excrucietur,
1572 2672 1688 2732 tempes-

60 2735 147 2787 monis
154 2734 280 2805 regimen
288 2731 401 2787 minime
410 2732 531 2786 omnium
538 2729 656 2802 prudent
665 2737 693 2784 et
700 2727 853 2799 polififflmt
893 2736 948 2790 tire
960 2737 1091 2793 insinuet.
1133 2736 1265 2803 Secundo,
1279 2739 1435 2795 messiones
1445 2757 1540 2796 omnes
1550 2741 1594 2795 vel
1606 2742 1687 2796 mini·

60 2812 110 2865 δοῦ
124 2821 175 2878 0³¹.
189 2830 253 2867 tum
275 2812 393 2883 quisita
411 2827 564 2865 sermonem
578 2810 621 2879 (iu
641 2807 784 2878 colloquiis
798 2807 853 2878 pri·
893 2832 952 2871 mas
966 2815 1060 2871 sedulo
1074 2817 1165 2884 evitet,
1178 2834 1229 2889 per
1242 2835 1309 2889 quas
1326 2826 1372 2873 eut
1385 2835 1429 2874 res
1444 2819 1512 2890 ipsa,
1527 2837 1587 2890 quae
1600 2820 1687 2893 indig-

61 2894 144 2961 ratis)
162 2891 286 2958 instituit,
299 2901 332 2947 ¹¹¹
345 2907 511 2962 qwunque
524 2889 554 2945 5¹¹
567 2889 660 2944 animo
672 2886 779 2952 hebeat,
794 2903 855 2960 quoe
892 2896 998 2952 nationi
1011 2912 1121 2952 causam
1141 2897 1263 2970 praebuit,
1277 2896 1425 2965 refricetur,
1439 2908 1486 2954 sut
1499 2899 1626 2971 princeps
1639 2900 1687 2956 de·

61 2972 93 3025 ad
103 2989 160 3027 rem
171 2972 309 3042 pertinere
320 2979 403 3042 putet,
412 2970 494 3025 simul
507 2978 535 3023 ei
543 2978 673 3040 tanqum
682 2985 737 3022 1¹1¹0
748 2967 853 3038 ⁸1>ifitus
892 2992 947 3030 nuo
968 2977 1190 3043 excandescendi,
1210 2983 1238 3032 et
1253 2978 1353 3049 ipsum,
1372 2995 1534 3052 quacunque
1548 2980 1582 3034 de
1596 2996 1686 3044 causa,

61 3061 87 3105 et
109 3052 231 3106 emtione
253 3051 410 3105 continuata
425 3049 552 3121 proterat
595 3048 657 3103 Hoc
679 3047 753 3102 enim
771 3047 855 3118 pluri·
893 3072 985 3112 coram
1012 3056 1074 3111 aliia
1097 3057 1268 3128 objurgandi,
1292 3074 1388 3113 ansam
1411 3057 1530 3130 arripiat.
1585 3059 1685 3124 Tertio,

61 3148 133 3186 mum
154 3131 274 3202 negotiis
295 3131 388 3185 officit.
429 3128 570 3201 Siquidem
590 3128 686 3199 primo,
710 3128 797 3182 Oratio
814 3127 854 3182 in·
893 3135 1034 3207 perquirat
1046 3136 1130 3192 etiam
1143 3136 1289 3209 diligenter
1302 3138 1458 3194 occasionn
1471 3154 1572 3205 omna,
1587 3138 1616 3193 in
1630 3139 1687 3210 qui.

61 3212 166 3276 ‘mittas
180 3219 209 3265 tt
226 3227 277 3281 W
293 3215 385 3281 ΡΜ
403 3209 500 3275 ΜΝ,
515 3208 596 3279 l⁰¹¹8⁰
616 3207 705 3278 1⁰⁸8st
721 3214 853 3278 penetrat,
892 3214 944 3270 bus
957 3231 1041 3285 opera
1055 3217 1114 3284 ejus
1132 3217 1250 3287 principi
1264 3223 1343 3288 grata
1356 3233 1416 3273 esse
1437 3218 1537 3288 possin
1557 3225 1589 3273 nt
1603 3225 1631 3272 et
1644 3234 1687 3272 ro·

61 3307 142 3360 qaam
165 3291 337 3355 eontinnstm
366 3288 495 3360 qnoniam
518 3289 547 3343 in
570 3287 729 3342 matinuata
748 3287 854 3357 pondus
892 3292 1024 3350 luntatem
1047 3303 1199 3366 promptam
1221 3296 1370 3352 redimendi
1392 3296 1501 3367 culpam
1522 3296 1687 3367 praeteritam

61 3387 150 3425 reram
175 3385 232 3424 non
259 3369 386 3424 distinete
412 3375 442 3423 et
468 3367 609 3440 fligffleiim
634 3367 777 3438 excipitur,
804 3382 854 3420 1¹oe
893 3374 1030 3441 ostendet;
1061 3384 1088 3429 et
1110 3376 1237 3447 princeps
1261 3393 1326 3432 suus
1349 3377 1455 3443 sentim,
1480 3377 1555 3448 quali
1575 3376 1686 3432 tandem

61 3465 107 3518 per
127 3465 234 3504 moram
254 3447 414 3504 nonnullam
437 3448 544 3513 insidet,
558 3447 689 3502 sedatio
712 3445 852 3510 rationem.
892 3453 1013 3518 servasi
1028 3471 1090 3509 eum
1103 3454 1228 3520 dimittat,
1238 3456 1337 3525 privari
1348 3473 1378 3511 se
1389 3456 1549 3528 contigeret.
1577 3455 1686 3522 Quarto,

61 3538 208 3600 mttqmm
233 3528 345 3599 penit&
371 3527 508 3593 initiali,
535 3525 658 3598 θῐΡθῙΙὶῑ
719 3525 852 3590 Secunda
893 3531 1001 3604 culpam
1015 3532 1103 3604 ipsam
1118 3543 1165 3590 nat
1182 3536 1318 3607 sagaciter
1330 3536 1359 3589 in
1374 3536 1443 3591 elios
1459 3535 1618 3600 munsterum
1640 3545 1688 3590 aut

60 3625 141 3662 nemo
170 3617 228 3662 tam
256 3607 360 3678 potenti
387 3612 416 3661 et
438 3605 514 3661 felici
538 3604 691 3677 eloquentia
717 3605 799 3668 valet,
823 3615 854 3660 ut
893 3612 1399 3670 animolllsmnonmeloconrmissam
1413 3615 1618 3679 esseiasinuet;
1639 3623 1688 3670 aut

62 3689 149 3757 primo
186 3687 322 3742 aemonis
346 3687 452 3758 impetu
486 3704 557 3751 eum·
589 3703 671 3757 quem
698 3684 852 3755 alloquitur,
893 3693 975 3747 etism
988 3692 1122 3748 malitiam
1143 3693 1259 3758 illorum,
1274 3695 1321 3767 qui
1341 3695 1431 3765 ipsum
1452 3694 1512 3766 regi
1526 3693 1686 3760 detulerunt,

61 3775 165 3821 mium
192 3775 222 3820 ti
245 3766 385 3837 elinguem
404 3765 486 3837 illm
506 3766 616 3830 ῐθῦἆθῒῖ
648 3766 712 3837 quin
733 3774 760 3818 et
786 3763 854 3818 alter
894 3771 937 3826 vel
951 3789 1008 3827 rem
1023 3773 1227 3844 supramodum
1248 3781 1438 3846 aggravarunt,
1452 3774 1561 3828 indicet.
1601 3773 1686 3828 Deni-

62 3846 163 3917 fflqssid
181 3847 303 3901 vicissim
324 3845 506 3917 mimilebib
535 3852 563 3900 et
587 3845 700 3900 f⁰rt⁸⁸⁸0
725 3843 852 3913 ⁰bii⁰iet=
893 3868 945 3923 que
958 3852 987 3907 in
998 3853 1122 3907 omnibus
1137 3853 1257 3924 evigilet,
1272 3861 1300 3908 et
1313 3853 1444 3909 curationi
1458 3853 1495 3908 sit
1507 3852 1638 3909 intentus.

64 3935 118 3979 turn
137 3943 205 3980 rere
228 3925 337 3990 accidit,
352 3933 383 3980 ut
404 3943 464 3997 quoe
485 3926 515 3980 in
532 3923 724 3980 refutationem
744 3931 792 3978 sut
811 3940 854 3976 re·

64 4005 237 4075 pbeatioaem
262 4005 425 4060 mercanda
448 4005 571 4070 inissent,
590 4005 730 4075 peramara
749 4004 854 4073 iamet
1149 3992 1328 4034 imm*
1351 3993 1432 4034 m·

66 4093 143 4138 antea
169 4084 297 4149 delibata,
325 4086 397 4140 vires
421 4101 485 4140 suas
508 4093 536 4138 et
562 4084 677 4155 gratiam
705 4083 853 4138 amiserint.
933 4092 949 4119 ‘⁴
963 4086 1071 4141 Primus
1084 4087 1113 4141 in
1132 4102 1215 4140 causa
1234 4103 1283 4141 sua
1300 4087 1406 4155 justus:
1428 4092 1485 4143 turn
1508 4087 1582 4142 venit
1602 4086 1687 4142 altere

63 4161 158 4228 Tertio,
172 4165 196 4219 si
211 4165 274 4236 qnia
286 4180 328 4229 ea,
343 4181 403 4235 qnae
420 4164 534 4218 dicenda
555 4171 624 4227 sunt,
639 4179 694 4216 non
715 4161 795 4217 simul
817 4161 854 4215 ef·
894 4182 963 4236 para,
978 4175 1006 4221 et
1018 4166 1133 4237 inquirit
1147 4165 1177 4219 in
1190 4166 1280 4220 eum.”

64 4241 162 4309 tmesi,
176 4245 225 4299 sed
239 4261 291 4314 per
308 4251 400 4315 partes
417 4243 567 4315 eloquatur,
582 4241 655 4296 aliud
669 4242 765 4313 primo,
780 4241 854 4295 aliud

65 4322 172 4377 subinde
185 4323 313 4393 injiciens
320 4345 328 4389 ς
350 4324 449 4379 sentiet
461 4341 498 4379 ex
516 4324 584 4392 ejus,
598 4338 680 4393 quem
700 4321 853 4392 alloquitur,
1187 4305 1394 4347 mmmm·

65 4400 135 4456 rnltn
148 4411 177 4456 et
190 4418 331 4473 responso,
346 4403 480 4474 quomodo
493 4402 601 4473 singula
613 4401 692 4455 illum
706 4400 853 4463 affecerint,
932 4397 1026 4452 Prima
1038 4399 1068 4452 in
1080 4414 1244 4469 unaquaque
1257 4413 1341 4452 eausa
1360 4397 1524 4466 informatio,
1538 4400 1567 4455 si
1583 4400 1687 4472 paulis·

65 4495 142 4548 qaam
151 4483 179 4536 in
193 4490 303 4553 partem
313 4488 425 4553 accepta
440 4483 555 4546 fuerinte
576 4486 608 4536 ut
621 4498 682 4552 quae
703 4479 790 4534 adhuc
809 4496 853 4533 re-
893 4492 942 4547 per
957 4477 1050 4531 animo
1067 4477 1167 4546 indicis
1181 4475 1317 4541 insederit,
1331 4477 1401 4532 altas
1415 4477 1519 4534 radices
1532 4480 1598 4552 agit,
1612 4497 1688 4535 eum·

65 4567 134 4615 mat
145 4561 269 4627 dicendm
283 4561 390 4617 cautius
403 4569 451 4617 aut
464 4561 616 4632 supprimat
629 4568 676 4614 sut
688 4566 824 4629 excerpat.
894 4572 946 4628 que
964 4556 1068 4621 imbuit,
1088 4563 1117 4611 et
1138 4564 1268 4626 occupst3
1290 4556 1358 4610 adeo
1377 4563 1407 4611 ut
1427 4574 1501 4628 agre
1518 4559 1573 4613 elui
1593 4559 1688 4630 possit,

893 4635 947 4690 nisi
961 4643 1009 4690 aut
1020 4635 1165 4690 manifesta
1174 4634 1266 4706 aliqua
1279 4634 1383 4690 falsitas
1393 4636 1422 4690 in
1432 4637 1548 4692 materis
1561 4638 1688 4693 informs·

326 4699 504 4742 mmm*
526 4700 592 4741 Μ’
894 4714 983 4779 tionis,
998 4721 1047 4770 sut
1064 4714 1209 4770 artificium
1231 4714 1341 4787 aliquod
1361 4715 1392 4770 in
1416 4716 1510 4771 eedem
1532 4716 1689 4772 exbibenda

102 4797 118 4822 ‘¹
130 4792 159 4847 Si
169 4794 283 4865 spiritns
295 4800 461 4864 potestatem
471 4794 599 4850 babentia
612 4793 762 4849 ascenderit
774 4810 856 4863 super
894 4793 1119 4864 deprehendetur.
1162 4794 1271 4849 Etenim
1290 4794 1365 4850 nuda
1381 4802 1409 4849 et
1421 4795 1539 4866 simplex
1556 4797 1688 4861 defensio,

67 4876 100 4933 le,
112 4871 199 4928 locum
217 4881 297 4928 taum
318 4888 355 4927 ne
378 4873 530 4940 diuinam
557 4874 623 4948 quis
645 4873 751 4928 curatio
773 4874 856 4928 tsciet
893 4872 959 4927 licet
969 4874 1044 4941 justa
1057 4874 1092 4928 sit
1105 4880 1134 4929 et
1149 4874 1367 4944 praeponderans,
1379 4874 1428 4929 rix
1448 4875 1633 4946 prejudicium
1646 4875 1688 4929 in·

67 4963 279 5024 cenrenms
291 4952 432 5023 peccata.”
895 4952 1064 5008 formanonie
1082 4954 1177 5023 primes
1197 4968 1381 5024 compensare,
1395 4961 1442 5009 aut
1461 4954 1559 5008 libram
1573 4954 1688 5022 justitias

894 5031 980 5086 semel
992 5032 1204 5102 propendentem
1215 5032 1251 5086 ad
1267 5032 1449 5105 aequilibrium
1459 5033 1586 5088 reducere
1600 5049 1650 5103 per
1659 5047 1689 5087 se

771 5151 779 5162 .
895 5110 977 5164 valet.
1019 5111 1114 5182 ltaque
1135 5120 1163 5167 et
1177 5112 1264 5180 iudici
1285 5113 1457 5176 arduinum,
1474 5118 1506 5167 nt
1522 5111 1600 5176 nihil,
1616 5112 1689 5182 quod

103 5181 232 5257 Praecipit
241 5185 382 5256 parabola,
394 5187 566 5258 quomodose
574 5188 635 5263 qais
645 5205 741 5259 gerere
751 5188 856 5252 debeat,
895 5190 931 5244 sd
957 5190 1054 5244 menta
1079 5207 1168 5247 causa
1199 5199 1313 5262 spectat,
1340 5191 1502 5263 prolibatur,
1529 5191 1689 5262 priusquam
1767 5245 1770 5250 Δ

69 5276 124 5316 curn
136 5263 206 5319 imm
219 5273 303 5336 etque
322 5264 538 5337 indignationem
556 5267 687 5338 principia
706 5268 856 5323 mcumerit
896 5276 1008 5340 unaque
1022 5284 1086 5339 pars
1096 5270 1178 5326 amul
1190 5271 1348 5337 audientum
1363 5276 1392 5325 et
1400 5269 1536 5325 deieusori
1546 5269 1688 5340 optimam,

68 5337 232 5414 Ρωιεμιιιι
252 5342 372 5414 duplex:
401 5344 497 5414 primo,
511 5354 614 5401 utnon
633 5347 751 5402 dimittet
766 5346 857 5402 locum
895 5348 1505 5422 siiudicemsenseritproeoccuprtsminboc
1516 5350 1689 5418 potissimum

69 5433 158 5477 m:
186 5422 314 5488 meando,
337 5431 368 5478 ιιι
390 5425 534 5491 contioni,
559 5433 689 5497 tanquam
712 5426 741 5480 in
764 5428 859 5482 morbo
896 5424 1045 5501 (quantum
1058 5429 1106 5484 dat
1126 5424 1224 5502 cause)
1246 5430 1453 5493 incumberent
1473 5429 1620 5488 versutiam
1636 5429 1688 5485 ali-

409 5502 509 5558 ini

356 2160 561 2203 affricano.

357 5092 563 5134 exscissam.
