<?xml version="1.0" encoding="UTF-8"?>
<!DOCTYPE html PUBLIC "-//W3C//DTD XHTML 1.0 Transitional//EN"
    "http://www.w3.org/TR/xhtml1/DTD/xhtml1-transitional.dtd">
<html xmlns="http://www.w3.org/1999/xhtml" xml:lang="en" lang="en">
 <head>
  <title>
</title>
<meta http-equiv="Content-Type" content="text/html;charset=utf-8" />
  <meta name='ocr-system' content='tesseract 3.04.00' />
  <meta name='ocr-capabilities' content='ocr_page ocr_carea ocr_par ocr_line ocrx_word'/>
</head>
<body>
  <div class='ocr_page' id='page_1' title='image "./workslordbaconw00bacogoog/workslordbaconw00bacogoog_0413.png"; bbox 0 0 3800 5875; ppageno 0'>
   <div class='ocr_carea' id='block_1_1' title="bbox 48 281 1668 347">
    <p class='ocr_par' dir='ltr' id='par_1_1' title="bbox 48 281 1668 347">
     <span class='ocr_line' id='line_1_1' title="bbox 48 281 1668 347; baseline 0.003 -8"><span class='ocrx_word' id='word_1_1' title='bbox 48 286 118 341; x_wconf 80' lang='lat' dir='ltr'><strong>Car.</strong></span> <span class='ocrx_word' id='word_1_2' title='bbox 142 284 188 341; x_wconf 72' lang='lat' dir='ltr'><strong>ll.</strong></span> <span class='ocrx_word' id='word_1_3' title='bbox 544 283 594 338; x_wconf 81' lang='lat' dir='ltr'><strong>Dll</strong></span> <span class='ocrx_word' id='word_1_4' title='bbox 614 282 841 339; x_wconf 66' lang='lat' dir='ltr'><strong>nuenarius</strong></span> <span class='ocrx_word' id='word_1_5' title='bbox 863 281 1143 339; x_wconf 63' lang='lat' dir='ltr'><strong>somnulentiae</strong></span> <span class='ocrx_word' id='word_1_6' title='bbox 1611 284 1668 347; x_wconf 83' lang='lat'><strong>387</strong></span> 
     </span>
    </p>
   </div>
   <div class='ocr_carea' id='block_1_2' title="bbox 42 441 1670 3132">
    <p class='ocr_par' dir='ltr' id='par_1_2' title="bbox 42 441 1670 3132">
     <span class='ocr_line' id='line_1_2' title="bbox 45 441 1669 514; baseline 0.001 -15"><span class='ocrx_word' id='word_1_7' title='bbox 45 443 160 499; x_wconf 64' lang='lat' dir='ltr'><strong>audem</strong></span> <span class='ocrx_word' id='word_1_8' title='bbox 181 441 355 513; x_wconf 70' lang='lat' dir='ltr'><strong>disciplinam</strong></span> <span class='ocrx_word' id='word_1_9' title='bbox 375 457 429 496; x_wconf 90' lang='lat' dir='ltr'><strong>uon</strong></span> <span class='ocrx_word' id='word_1_10' title='bbox 453 441 579 496; x_wconf 82' lang='lat' dir='ltr'><strong>ridentur</strong></span> <span class='ocrx_word' id='word_1_11' title='bbox 600 443 749 513; x_wconf 85' lang='lat' dir='ltr'><strong>aspernari,</strong></span> <span class='ocrx_word' id='word_1_12' title='bbox 770 458 838 507; x_wconf 88' lang='lat' dir='ltr'><strong>sano</strong></span> <span class='ocrx_word' id='word_1_13' title='bbox 875 443 960 496; x_wconf 89' lang='lat' dir='ltr'><strong>nostri</strong></span> <span class='ocrx_word' id='word_1_14' title='bbox 973 443 1007 498; x_wconf 92' lang='lat' dir='ltr'><strong>de</strong></span> <span class='ocrx_word' id='word_1_15' title='bbox 1029 443 1159 498; x_wconf 70' lang='lat' dir='ltr'><strong>doctrinis</strong></span> <span class='ocrx_word' id='word_1_16' title='bbox 1176 443 1359 499; x_wconf 76' lang='lat' dir='ltr'><strong>rationalibus.</strong></span> <span class='ocrx_word' id='word_1_17' title='bbox 1403 442 1436 496; x_wconf 92' lang='lat' dir='ltr'><strong>ln</strong></span> <span class='ocrx_word' id='word_1_18' title='bbox 1455 443 1561 514; x_wconf 86' lang='lat' dir='ltr'><strong>quibus,</strong></span> <span class='ocrx_word' id='word_1_19' title='bbox 1575 444 1669 500; x_wconf 87' lang='lat' dir='ltr'><strong>liceta</strong></span> 
     </span>
     <span class='ocr_line' id='line_1_3' title="bbox 45 520 1670 595; baseline 0.002 -18"><span class='ocrx_word' id='word_1_20' title='bbox 45 525 88 595; x_wconf 90' lang='lat' dir='ltr'><strong>(ut</strong></span> <span class='ocrx_word' id='word_1_21' title='bbox 98 520 306 589; x_wconf 79' lang='lat' dir='ltr'><strong>nobisvidetur)</strong></span> <span class='ocrx_word' id='word_1_22' title='bbox 317 520 429 590; x_wconf 86' lang='lat' dir='ltr'><strong>judicio.</strong></span> <span class='ocrx_word' id='word_1_23' title='bbox 470 520 561 591; x_wconf 84' lang='lat' dir='ltr'><strong>Atque</strong></span> <span class='ocrx_word' id='word_1_24' title='bbox 572 529 614 576; x_wconf 85' lang='lat' dir='ltr'><strong>est</strong></span> <span class='ocrx_word' id='word_1_25' title='bbox 623 538 674 586; x_wconf 89' lang='lat' dir='ltr'><strong>res,</strong></span> <span class='ocrx_word' id='word_1_26' title='bbox 686 539 754 592; x_wconf 79' lang='lat' dir='ltr'><strong>quse,</strong></span> <span class='ocrx_word' id='word_1_27' title='bbox 766 522 791 576; x_wconf 89' lang='lat' dir='ltr'><strong>si</strong></span> <span class='ocrx_word' id='word_1_28' title='bbox 801 523 838 577; x_wconf 90' lang='lat' dir='ltr'><strong>sit</strong></span> <span class='ocrx_word' id='word_1_29' title='bbox 874 522 1065 593; x_wconf 74' lang='lat' dir='ltr'><strong>partitionibus</strong></span> <span class='ocrx_word' id='word_1_30' title='bbox 1078 522 1195 593; x_wconf 77' lang='lat' dir='ltr'><strong>receptis</strong></span> <span class='ocrx_word' id='word_1_31' title='bbox 1215 522 1350 578; x_wconf 85' lang='lat' dir='ltr'><strong>interdurn</strong></span> <span class='ocrx_word' id='word_1_32' title='bbox 1371 523 1569 587; x_wconf 83' lang='lat' dir='ltr'><strong>recesserimus,</strong></span> <span class='ocrx_word' id='word_1_33' title='bbox 1589 541 1670 580; x_wconf 90' lang='lat' dir='ltr'><strong>nemo</strong></span> 
     </span>
     <span class='ocr_line' id='line_1_4' title="bbox 47 599 1669 673; baseline 0.001 -16"><span class='ocrx_word' id='word_1_34' title='bbox 47 601 221 673; x_wconf 71' lang='lat' dir='ltr'><strong>professoria,</strong></span> <span class='ocrx_word' id='word_1_35' title='bbox 235 602 264 654; x_wconf 88' lang='lat' dir='ltr'><strong>iu</strong></span> <span class='ocrx_word' id='word_1_36' title='bbox 278 600 360 655; x_wconf 82' lang='lat' dir='ltr'><strong>famis</strong></span> <span class='ocrx_word' id='word_1_37' title='bbox 373 607 430 664; x_wconf 64' lang='lat' dir='ltr'><strong>ests</strong></span> <span class='ocrx_word' id='word_1_38' title='bbox 451 617 544 654; x_wconf 86' lang='lat' dir='ltr'><strong>verum</strong></span> <span class='ocrx_word' id='word_1_39' title='bbox 557 599 743 670; x_wconf 87' lang='lat' dir='ltr'><strong>disciplinaris</strong></span> <span class='ocrx_word' id='word_1_40' title='bbox 756 601 836 664; x_wconf 84' lang='lat' dir='ltr'><strong>facts,</strong></span> <span class='ocrx_word' id='word_1_41' title='bbox 875 608 968 655; x_wconf 90' lang='lat' dir='ltr'><strong>tamen</strong></span> <span class='ocrx_word' id='word_1_42' title='bbox 981 602 1125 667; x_wconf 86' lang='lat' dir='ltr'><strong>existimet,</strong></span> <span class='ocrx_word' id='word_1_43' title='bbox 1139 617 1189 655; x_wconf 91' lang='lat' dir='ltr'><strong>uos</strong></span> <span class='ocrx_word' id='word_1_44' title='bbox 1210 600 1274 657; x_wconf 89' lang='lat' dir='ltr'><strong>illas</strong></span> <span class='ocrx_word' id='word_1_45' title='bbox 1296 618 1390 657; x_wconf 89' lang='lat' dir='ltr'><strong>omnes</strong></span> <span class='ocrx_word' id='word_1_46' title='bbox 1412 601 1566 672; x_wconf 86' lang='lat' dir='ltr'><strong>improbare</strong></span> <span class='ocrx_word' id='word_1_47' title='bbox 1586 605 1669 673; x_wconf 90' lang='lat' dir='ltr'><strong>parti-</strong></span> 
     </span>
     <span class='ocr_line' id='line_1_5' title="bbox 45 678 1669 752; baseline -0.001 -15"><span class='ocrx_word' id='word_1_48' title='bbox 45 700 81 737; x_wconf 87' lang='lat' dir='ltr'><strong>ex</strong></span> <span class='ocrx_word' id='word_1_49' title='bbox 98 681 212 752; x_wconf 86' lang='lat' dir='ltr'><strong>optimis</strong></span> <span class='ocrx_word' id='word_1_50' title='bbox 225 687 274 735; x_wconf 85' lang='lat' dir='ltr'><strong>est.</strong></span> <span class='ocrx_word' id='word_1_51' title='bbox 317 678 498 750; x_wconf 76' lang='lat' dir='ltr'><strong>Intelligimus</strong></span> <span class='ocrx_word' id='word_1_52' title='bbox 511 687 602 734; x_wconf 86' lang='lat' dir='ltr'><strong>autem</strong></span> <span class='ocrx_word' id='word_1_53' title='bbox 614 679 749 734; x_wconf 86' lang='lat' dir='ltr'><strong>actionem</strong></span> <span class='ocrx_word' id='word_1_54' title='bbox 762 679 838 733; x_wconf 85' lang='lat' dir='ltr'><strong>thes·</strong></span> <span class='ocrx_word' id='word_1_55' title='bbox 875 680 970 743; x_wconf 75' lang='lat' dir='ltr'><strong>dones,</strong></span> <span class='ocrx_word' id='word_1_56' title='bbox 986 681 1084 752; x_wconf 91' lang='lat' dir='ltr'><strong>quibus</strong></span> <span class='ocrx_word' id='word_1_57' title='bbox 1096 681 1140 735; x_wconf 91' lang='lat' dir='ltr'><strong>usi</strong></span> <span class='ocrx_word' id='word_1_58' title='bbox 1156 696 1212 734; x_wconf 91' lang='lat' dir='ltr'><strong>nou</strong></span> <span class='ocrx_word' id='word_1_59' title='bbox 1234 698 1335 737; x_wconf 87' lang='lat' dir='ltr'><strong>sumus.</strong></span> <span class='ocrx_word' id='word_1_60' title='bbox 1375 679 1485 750; x_wconf 86' lang='lat' dir='ltr'><strong>Duplex</strong></span> <span class='ocrx_word' id='word_1_61' title='bbox 1504 682 1577 736; x_wconf 88' lang='lat' dir='ltr'><strong>enim</strong></span> <span class='ocrx_word' id='word_1_62' title='bbox 1590 683 1669 737; x_wconf 88' lang='lat' dir='ltr'><strong>nobis</strong></span> 
     </span>
     <span class='ocr_line' id='line_1_6' title="bbox 45 758 1670 832; baseline 0 -16"><span class='ocrx_word' id='word_1_63' title='bbox 45 760 148 816; x_wconf 84' lang='lat' dir='ltr'><strong>tralem.</strong></span> <span class='ocrx_word' id='word_1_64' title='bbox 189 760 297 830; x_wconf 85' lang='lat' dir='ltr'><strong>Quippe</strong></span> <span class='ocrx_word' id='word_1_65' title='bbox 320 776 381 830; x_wconf 72' lang='lat' dir='ltr'><strong>qum</strong></span> <span class='ocrx_word' id='word_1_66' title='bbox 396 759 555 814; x_wconf 90' lang='lat' dir='ltr'><strong>memoriam</strong></span> <span class='ocrx_word' id='word_1_67' title='bbox 568 758 691 825; x_wconf 65' lang='lat' dir='ltr'><strong>roborata</strong></span> <span class='ocrx_word' id='word_1_68' title='bbox 719 759 793 812; x_wconf 85' lang='lat' dir='ltr'><strong>vocis</strong></span> <span class='ocrx_word' id='word_1_69' title='bbox 807 767 836 813; x_wconf 91' lang='lat' dir='ltr'><strong>et</strong></span> <span class='ocrx_word' id='word_1_70' title='bbox 873 758 1022 830; x_wconf 89' lang='lat' dir='ltr'><strong>imponitur</strong></span> <span class='ocrx_word' id='word_1_71' title='bbox 1033 760 1181 814; x_wconf 89' lang='lat' dir='ltr'><strong>necessitas</strong></span> <span class='ocrx_word' id='word_1_72' title='bbox 1194 759 1355 830; x_wconf 76' lang='lat' dir='ltr'><strong>partitiones</strong></span> <span class='ocrx_word' id='word_1_73' title='bbox 1369 760 1507 815; x_wconf 86' lang='lat' dir='ltr'><strong>mutandi:</strong></span> <span class='ocrx_word' id='word_1_74' title='bbox 1528 778 1590 825; x_wconf 91' lang='lat' dir='ltr'><strong>una,</strong></span> <span class='ocrx_word' id='word_1_75' title='bbox 1605 763 1670 832; x_wconf 91' lang='lat' dir='ltr'><strong>quia</strong></span> 
     </span>
     <span class='ocr_line' id='line_1_7' title="bbox 44 837 1669 911; baseline 0 -16"><span class='ocrx_word' id='word_1_76' title='bbox 44 839 278 911; x_wconf 86' lang='lat' dir='ltr'><strong>pronunciationis</strong></span> <span class='ocrx_word' id='word_1_77' title='bbox 298 845 391 893; x_wconf 86' lang='lat' dir='ltr'><strong>tonum</strong></span> <span class='ocrx_word' id='word_1_78' title='bbox 410 846 492 909; x_wconf 89' lang='lat' dir='ltr'><strong>atque</strong></span> <span class='ocrx_word' id='word_1_79' title='bbox 515 837 665 893; x_wconf 87' lang='lat' dir='ltr'><strong>efficaciam</strong></span> <span class='ocrx_word' id='word_1_80' title='bbox 685 845 836 908; x_wconf 62' lang='lat' dir='ltr'><strong>temperem</strong></span> <span class='ocrx_word' id='word_1_81' title='bbox 875 837 935 892; x_wconf 77' lang='lat' dir='ltr'><strong>hssc</strong></span> <span class='ocrx_word' id='word_1_82' title='bbox 957 840 1019 905; x_wconf 90' lang='lat' dir='ltr'><strong>duo,</strong></span> <span class='ocrx_word' id='word_1_83' title='bbox 1042 839 1178 904; x_wconf 90' lang='lat' dir='ltr'><strong>nimirum,</strong></span> <span class='ocrx_word' id='word_1_84' title='bbox 1197 856 1241 894; x_wconf 88' lang='lat' dir='ltr'><strong>res</strong></span> <span class='ocrx_word' id='word_1_85' title='bbox 1260 848 1357 893; x_wconf 90' lang='lat' dir='ltr'><strong>natura</strong></span> <span class='ocrx_word' id='word_1_86' title='bbox 1378 840 1517 911; x_wconf 83' lang='lat' dir='ltr'><strong>proximae</strong></span> <span class='ocrx_word' id='word_1_87' title='bbox 1535 840 1564 892; x_wconf 92' lang='lat' dir='ltr'><strong>in</strong></span> <span class='ocrx_word' id='word_1_88' title='bbox 1586 857 1669 895; x_wconf 88' lang='lat' dir='ltr'><strong>unam</strong></span> 
     </span>
     <span class='ocr_line' id='line_1_8' title="bbox 44 916 1670 990; baseline -0.001 -17"><span class='ocrx_word' id='word_1_89' title='bbox 44 920 147 983; x_wconf 71' lang='lat' dir='ltr'><strong>pultum</strong></span> <span class='ocrx_word' id='word_1_90' title='bbox 163 928 192 973; x_wconf 88' lang='lat' dir='ltr'><strong>et</strong></span> <span class='ocrx_word' id='word_1_91' title='bbox 213 927 321 990; x_wconf 80' lang='lat' dir='ltr'><strong>gestum</strong></span> <span class='ocrx_word' id='word_1_92' title='bbox 342 918 377 971; x_wconf 87' lang='lat' dir='ltr'><strong>sd</strong></span> <span class='ocrx_word' id='word_1_93' title='bbox 398 917 524 973; x_wconf 88' lang='lat' dir='ltr'><strong>decorum</strong></span> <span class='ocrx_word' id='word_1_94' title='bbox 545 917 691 988; x_wconf 78' lang='lat' dir='ltr'><strong>componit,</strong></span> <span class='ocrx_word' id='word_1_95' title='bbox 712 916 837 972; x_wconf 87' lang='lat' dir='ltr'><strong>fiduciam</strong></span> <span class='ocrx_word' id='word_1_96' title='bbox 875 916 990 972; x_wconf 88' lang='lat' dir='ltr'><strong>classem</strong></span> <span class='ocrx_word' id='word_1_97' title='bbox 1004 918 1134 990; x_wconf 79' lang='lat' dir='ltr'><strong>redigere,</strong></span> <span class='ocrx_word' id='word_1_98' title='bbox 1149 924 1178 972; x_wconf 91' lang='lat' dir='ltr'><strong>et</strong></span> <span class='ocrx_word' id='word_1_99' title='bbox 1190 934 1234 972; x_wconf 89' lang='lat' dir='ltr'><strong>res</strong></span> <span class='ocrx_word' id='word_1_100' title='bbox 1254 918 1289 971; x_wconf 90' lang='lat' dir='ltr'><strong>ad</strong></span> <span class='ocrx_word' id='word_1_101' title='bbox 1308 935 1386 973; x_wconf 88' lang='lat' dir='ltr'><strong>usum</strong></span> <span class='ocrx_word' id='word_1_102' title='bbox 1405 919 1567 988; x_wconf 88' lang='lat' dir='ltr'><strong>promendas</strong></span> <span class='ocrx_word' id='word_1_103' title='bbox 1586 921 1670 990; x_wconf 85' lang='lat' dir='ltr'><strong>conji-</strong></span> 
     </span>
     <span class='ocr_line' id='line_1_9' title="bbox 44 995 1668 1070; baseline -0.001 -16"><span class='ocrx_word' id='word_1_104' title='bbox 44 1016 97 1054; x_wconf 88' lang='lat' dir='ltr'><strong>uon</strong></span> <span class='ocrx_word' id='word_1_105' title='bbox 111 1016 227 1070; x_wconf 83' lang='lat' dir='ltr'><strong>parvam</strong></span> <span class='ocrx_word' id='word_1_106' title='bbox 244 997 377 1061; x_wconf 87' lang='lat' dir='ltr'><strong>conciliat,</strong></span> <span class='ocrx_word' id='word_1_107' title='bbox 390 997 507 1068; x_wconf 89' lang='lat' dir='ltr'><strong>denique</strong></span> <span class='ocrx_word' id='word_1_108' title='bbox 527 996 611 1051; x_wconf 86' lang='lat' dir='ltr'><strong>oculis</strong></span> <span class='ocrx_word' id='word_1_109' title='bbox 632 995 774 1051; x_wconf 90' lang='lat' dir='ltr'><strong>hominum</strong></span> <span class='ocrx_word' id='word_1_110' title='bbox 791 997 836 1063; x_wconf 83' lang='lat' dir='ltr'><strong>ju·</strong></span> <span class='ocrx_word' id='word_1_111' title='bbox 875 1012 936 1050; x_wconf 88' lang='lat' dir='ltr'><strong>cere</strong></span> <span class='ocrx_word' id='word_1_112' title='bbox 961 998 991 1051; x_wconf 91' lang='lat' dir='ltr'><strong>in</strong></span> <span class='ocrx_word' id='word_1_113' title='bbox 1013 1013 1096 1052; x_wconf 90' lang='lat' dir='ltr'><strong>unum</strong></span> <span class='ocrx_word' id='word_1_114' title='bbox 1119 997 1273 1063; x_wconf 69' lang='lat' dir='ltr'><strong>cumulum</strong></span> <span class='ocrx_word' id='word_1_115' title='bbox 1300 998 1354 1051; x_wconf 88' lang='lat' dir='ltr'><strong>tine</strong></span> <span class='ocrx_word' id='word_1_116' title='bbox 1379 998 1440 1068; x_wconf 88' lang='lat' dir='ltr'><strong>ipso</strong></span> <span class='ocrx_word' id='word_1_117' title='bbox 1462 1006 1490 1052; x_wconf 90' lang='lat' dir='ltr'><strong>et</strong></span> <span class='ocrx_word' id='word_1_118' title='bbox 1508 998 1668 1064; x_wconf 89' lang='lat' dir='ltr'><strong>intentione,</strong></span> 
     </span>
     <span class='ocr_line' id='line_1_10' title="bbox 44 1074 1669 1147; baseline 0 -15"><span class='ocrx_word' id='word_1_119' title='bbox 44 1094 124 1133; x_wconf 77' lang='lat' dir='ltr'><strong>senes</strong></span> <span class='ocrx_word' id='word_1_120' title='bbox 146 1077 302 1132; x_wconf 75' lang='lat' dir='ltr'><strong>assuefacit</strong></span> <span class='ocrx_word' id='word_1_121' title='bbox 342 1077 401 1131; x_wconf 81' lang='lat' dir='ltr'><strong>Erit</strong></span> <span class='ocrx_word' id='word_1_122' title='bbox 422 1085 512 1131; x_wconf 90' lang='lat' dir='ltr'><strong>autern</strong></span> <span class='ocrx_word' id='word_1_123' title='bbox 531 1074 688 1145; x_wconf 90' lang='lat' dir='ltr'><strong>exemplum</strong></span> <span class='ocrx_word' id='word_1_124' title='bbox 707 1094 721 1129; x_wconf 92' lang='lat' dir='ltr'><strong>e</strong></span> <span class='ocrx_word' id='word_1_125' title='bbox 741 1076 838 1130; x_wconf 86' lang='lat' dir='ltr'><strong>Tacito</strong></span> <span class='ocrx_word' id='word_1_126' title='bbox 876 1082 939 1129; x_wconf 91' lang='lat' dir='ltr'><strong>sunt</strong></span> <span class='ocrx_word' id='word_1_127' title='bbox 952 1077 1063 1131; x_wconf 91' lang='lat' dir='ltr'><strong>omnino</strong></span> <span class='ocrx_word' id='word_1_128' title='bbox 1083 1076 1196 1131; x_wconf 82' lang='lat' dir='ltr'><strong>diversa.</strong></span> <span class='ocrx_word' id='word_1_129' title='bbox 1236 1075 1364 1147; x_wconf 85' lang='lat' dir='ltr'><strong>Exempli</strong></span> <span class='ocrx_word' id='word_1_130' title='bbox 1382 1077 1486 1147; x_wconf 61' lang='lat' dir='ltr'><strong>gratim</strong></span> <span class='ocrx_word' id='word_1_131' title='bbox 1508 1079 1669 1132; x_wconf 87' lang='lat' dir='ltr'><strong>secretarius</strong></span> 
     </span>
     <span class='ocr_line' id='line_1_11' title="bbox 43 1154 1669 1228; baseline 0 -16"><span class='ocrx_word' id='word_1_132' title='bbox 43 1160 228 1228; x_wconf 87' lang='lat' dir='ltr'><strong>desumptum,</strong></span> <span class='ocrx_word' id='word_1_133' title='bbox 255 1155 383 1210; x_wconf 83' lang='lat' dir='ltr'><strong>Vibuleni</strong></span> <span class='ocrx_word' id='word_1_134' title='bbox 415 1156 562 1225; x_wconf 87' lang='lat' dir='ltr'><strong>cujusdam,</strong></span> <span class='ocrx_word' id='word_1_135' title='bbox 589 1155 656 1209; x_wconf 90' lang='lat' dir='ltr'><strong>olim</strong></span> <span class='ocrx_word' id='word_1_136' title='bbox 688 1154 838 1221; x_wconf 87' lang='lat' dir='ltr'><strong>histrionia,</strong></span> <span class='ocrx_word' id='word_1_137' title='bbox 875 1154 975 1226; x_wconf 86' lang='lat' dir='ltr'><strong>aliquis</strong></span> <span class='ocrx_word' id='word_1_138' title='bbox 992 1157 1065 1228; x_wconf 78' lang='lat' dir='ltr'><strong>regis</strong></span> <span class='ocrx_word' id='word_1_139' title='bbox 1086 1163 1133 1210; x_wconf 89' lang='lat' dir='ltr'><strong>aut</strong></span> <span class='ocrx_word' id='word_1_140' title='bbox 1154 1155 1312 1225; x_wconf 73' lang='lat' dir='ltr'><strong>reipublicae</strong></span> <span class='ocrx_word' id='word_1_141' title='bbox 1330 1157 1359 1210; x_wconf 91' lang='lat' dir='ltr'><strong>in</strong></span> <span class='ocrx_word' id='word_1_142' title='bbox 1376 1172 1470 1210; x_wconf 89' lang='lat' dir='ltr'><strong>museo</strong></span> <span class='ocrx_word' id='word_1_143' title='bbox 1484 1155 1592 1211; x_wconf 88' lang='lat' dir='ltr'><strong>chartas</strong></span> <span class='ocrx_word' id='word_1_144' title='bbox 1606 1172 1669 1212; x_wconf 82' lang='lat' dir='ltr'><strong>nass</strong></span> 
     </span>
     <span class='ocr_line' id='line_1_12' title="bbox 44 1233 1668 1308; baseline -0.001 -17"><span class='ocrx_word' id='word_1_145' title='bbox 44 1246 104 1291; x_wconf 83' lang='lat' dir='ltr'><strong>trmc</strong></span> <span class='ocrx_word' id='word_1_146' title='bbox 123 1237 259 1308; x_wconf 85' lang='lat' dir='ltr'><strong>temporis</strong></span> <span class='ocrx_word' id='word_1_147' title='bbox 280 1243 371 1289; x_wconf 87' lang='lat' dir='ltr'><strong>autern</strong></span> <span class='ocrx_word' id='word_1_148' title='bbox 385 1234 528 1289; x_wconf 88' lang='lat' dir='ltr'><strong>militantis</strong></span> <span class='ocrx_word' id='word_1_149' title='bbox 548 1237 578 1289; x_wconf 91' lang='lat' dir='ltr'><strong>in</strong></span> <span class='ocrx_word' id='word_1_150' title='bbox 596 1234 750 1305; x_wconf 79' lang='lat' dir='ltr'><strong>legionibus</strong></span> <span class='ocrx_word' id='word_1_151' title='bbox 767 1233 838 1288; x_wconf 89' lang='lat' dir='ltr'><strong>Pan·</strong></span> <span class='ocrx_word' id='word_1_152' title='bbox 876 1233 916 1287; x_wconf 87' lang='lat' dir='ltr'><strong>ita</strong></span> <span class='ocrx_word' id='word_1_153' title='bbox 933 1235 1030 1304; x_wconf 90' lang='lat' dir='ltr'><strong>procul</strong></span> <span class='ocrx_word' id='word_1_154' title='bbox 1051 1234 1133 1289; x_wconf 90' lang='lat' dir='ltr'><strong>dubio</strong></span> <span class='ocrx_word' id='word_1_155' title='bbox 1153 1233 1295 1299; x_wconf 86' lang='lat' dir='ltr'><strong>distribuit,</strong></span> <span class='ocrx_word' id='word_1_156' title='bbox 1309 1242 1341 1289; x_wconf 90' lang='lat' dir='ltr'><strong>ut</strong></span> <span class='ocrx_word' id='word_1_157' title='bbox 1354 1252 1415 1305; x_wconf 82' lang='lat' dir='ltr'><strong>quse</strong></span> <span class='ocrx_word' id='word_1_158' title='bbox 1428 1234 1527 1289; x_wconf 90' lang='lat' dir='ltr'><strong>similis</strong></span> <span class='ocrx_word' id='word_1_159' title='bbox 1547 1234 1602 1290; x_wconf 90' lang='lat' dir='ltr'><strong>sint</strong></span> <span class='ocrx_word' id='word_1_160' title='bbox 1618 1252 1668 1291; x_wconf 90' lang='lat' dir='ltr'><strong>us·</strong></span> 
     </span>
     <span class='ocr_line' id='line_1_13' title="bbox 43 1311 1669 1385; baseline -0.001 -14"><span class='ocrx_word' id='word_1_161' title='bbox 43 1317 156 1372; x_wconf 80' lang='lat' dir='ltr'><strong>nonieis</strong></span> <span class='ocrx_word' id='word_1_162' title='bbox 202 1315 262 1380; x_wconf 90' lang='lat' dir='ltr'><strong>Ille,</strong></span> <span class='ocrx_word' id='word_1_163' title='bbox 276 1315 326 1370; x_wconf 91' lang='lat' dir='ltr'><strong>sub</strong></span> <span class='ocrx_word' id='word_1_164' title='bbox 339 1330 454 1369; x_wconf 84' lang='lat' dir='ltr'><strong>excessu</strong></span> <span class='ocrx_word' id='word_1_165' title='bbox 467 1314 591 1385; x_wconf 80' lang='lat' dir='ltr'><strong>Augusti,</strong></span> <span class='ocrx_word' id='word_1_166' title='bbox 606 1313 767 1368; x_wconf 85' lang='lat' dir='ltr'><strong>seditionem</strong></span> <span class='ocrx_word' id='word_1_167' title='bbox 782 1329 837 1367; x_wconf 80' lang='lat' dir='ltr'><strong>mo</strong></span> <span class='ocrx_word' id='word_1_168' title='bbox 875 1319 942 1368; x_wconf 81' lang='lat' dir='ltr'><strong>turre</strong></span> <span class='ocrx_word' id='word_1_169' title='bbox 956 1311 1037 1369; x_wconf 90' lang='lat' dir='ltr'><strong>simul</strong></span> <span class='ocrx_word' id='word_1_170' title='bbox 1051 1321 1201 1384; x_wconf 88' lang='lat' dir='ltr'><strong>componat,</strong></span> <span class='ocrx_word' id='word_1_171' title='bbox 1209 1314 1291 1368; x_wconf 83' lang='lat' dir='ltr'><strong>veluti</strong></span> <span class='ocrx_word' id='word_1_172' title='bbox 1302 1314 1538 1379; x_wconf 71' lang='lat' dir='ltr'><strong>luderaseorsum,</strong></span> <span class='ocrx_word' id='word_1_173' title='bbox 1548 1329 1669 1371; x_wconf 88' lang='lat' dir='ltr'><strong>seorsum</strong></span> 
     </span>
     <span class='ocr_line' id='line_1_14' title="bbox 44 1392 1670 1464; baseline -0.001 -14"><span class='ocrx_word' id='word_1_174' title='bbox 44 1404 136 1460; x_wconf 77' lang='lat' dir='ltr'><strong>rerat3</strong></span> <span class='ocrx_word' id='word_1_175' title='bbox 158 1395 201 1449; x_wconf 86' lang='lat' dir='ltr'><strong>ita</strong></span> <span class='ocrx_word' id='word_1_176' title='bbox 213 1403 245 1449; x_wconf 89' lang='lat' dir='ltr'><strong>ut</strong></span> <span class='ocrx_word' id='word_1_177' title='bbox 257 1394 362 1448; x_wconf 74' lang='lat' dir='ltr'><strong>Blmsus</strong></span> <span class='ocrx_word' id='word_1_178' title='bbox 375 1393 520 1464; x_wconf 70' lang='lat' dir='ltr'><strong>prefectus</strong></span> <span class='ocrx_word' id='word_1_179' title='bbox 533 1392 638 1464; x_wconf 90' lang='lat' dir='ltr'><strong>aliquos</strong></span> <span class='ocrx_word' id='word_1_180' title='bbox 652 1409 688 1447; x_wconf 89' lang='lat' dir='ltr'><strong>ex</strong></span> <span class='ocrx_word' id='word_1_181' title='bbox 702 1392 837 1447; x_wconf 84' lang='lat' dir='ltr'><strong>seditiosis</strong></span> <span class='ocrx_word' id='word_1_182' title='bbox 877 1394 1012 1457; x_wconf 88' lang='lat' dir='ltr'><strong>mandata,</strong></span> <span class='ocrx_word' id='word_1_183' title='bbox 1032 1392 1125 1447; x_wconf 88' lang='lat' dir='ltr'><strong>literas</strong></span> <span class='ocrx_word' id='word_1_184' title='bbox 1147 1392 1182 1445; x_wconf 89' lang='lat' dir='ltr'><strong>ab</strong></span> <span class='ocrx_word' id='word_1_185' title='bbox 1203 1393 1311 1456; x_wconf 88' lang='lat' dir='ltr'><strong>exteris,</strong></span> <span class='ocrx_word' id='word_1_186' title='bbox 1333 1393 1426 1448; x_wconf 89' lang='lat' dir='ltr'><strong>literas</strong></span> <span class='ocrx_word' id='word_1_187' title='bbox 1448 1393 1617 1459; x_wconf 88' lang='lat' dir='ltr'><strong>domesticas,</strong></span> <span class='ocrx_word' id='word_1_188' title='bbox 1642 1402 1670 1449; x_wconf 88' lang='lat' dir='ltr'><strong>et</strong></span> 
     </span>
     <span class='ocr_line' id='line_1_15' title="bbox 43 1471 1669 1544; baseline -0.001 -14"><span class='ocrx_word' id='word_1_189' title='bbox 43 1476 70 1530; x_wconf 88' lang='lat' dir='ltr'><strong>in</strong></span> <span class='ocrx_word' id='word_1_190' title='bbox 87 1492 231 1530; x_wconf 87' lang='lat' dir='ltr'><strong>carcerem</strong></span> <span class='ocrx_word' id='word_1_191' title='bbox 250 1474 401 1542; x_wconf 76' lang='lat' dir='ltr'><strong>conjiceret.</strong></span> <span class='ocrx_word' id='word_1_192' title='bbox 442 1471 546 1527; x_wconf 88' lang='lat' dir='ltr'><strong>Milites</strong></span> <span class='ocrx_word' id='word_1_193' title='bbox 568 1484 640 1537; x_wconf 83' lang='lat' dir='ltr'><strong>vero,</strong></span> <span class='ocrx_word' id='word_1_194' title='bbox 661 1471 839 1542; x_wconf 85' lang='lat' dir='ltr'><strong>impressione</strong></span> <span class='ocrx_word' id='word_1_195' title='bbox 875 1472 986 1537; x_wconf 86' lang='lat' dir='ltr'><strong>similia,</strong></span> <span class='ocrx_word' id='word_1_196' title='bbox 1001 1488 1122 1526; x_wconf 89' lang='lat' dir='ltr'><strong>seorsum</strong></span> <span class='ocrx_word' id='word_1_197' title='bbox 1143 1472 1242 1528; x_wconf 82' lang='lat' dir='ltr'><strong>omnia</strong></span> <span class='ocrx_word' id='word_1_198' title='bbox 1284 1471 1392 1537; x_wconf 81' lang='lat' dir='ltr'><strong>Contra,</strong></span> <span class='ocrx_word' id='word_1_199' title='bbox 1406 1472 1435 1526; x_wconf 91' lang='lat' dir='ltr'><strong>in</strong></span> <span class='ocrx_word' id='word_1_200' title='bbox 1455 1472 1556 1527; x_wconf 90' lang='lat' dir='ltr'><strong>scrinio</strong></span> <span class='ocrx_word' id='word_1_201' title='bbox 1576 1472 1669 1544; x_wconf 88' lang='lat' dir='ltr'><strong>aliquo</strong></span> 
     </span>
     <span class='ocr_line' id='line_1_16' title="bbox 44 1550 1668 1622; baseline -0.002 -13"><span class='ocrx_word' id='word_1_202' title='bbox 44 1556 121 1619; x_wconf 65' lang='lat' dir='ltr'><strong>iacta</strong></span> <span class='ocrx_word' id='word_1_203' title='bbox 142 1554 209 1608; x_wconf 88' lang='lat' dir='ltr'><strong>illos</strong></span> <span class='ocrx_word' id='word_1_204' title='bbox 227 1553 348 1608; x_wconf 74' lang='lat' dir='ltr'><strong>effractis</strong></span> <span class='ocrx_word' id='word_1_205' title='bbox 365 1552 518 1606; x_wconf 86' lang='lat' dir='ltr'><strong>carceribus</strong></span> <span class='ocrx_word' id='word_1_206' title='bbox 539 1551 694 1607; x_wconf 89' lang='lat' dir='ltr'><strong>liberarunt.</strong></span> <span class='ocrx_word' id='word_1_207' title='bbox 734 1550 771 1604; x_wconf 82' lang='lat' dir='ltr'><strong>At</strong></span> <span class='ocrx_word' id='word_1_208' title='bbox 789 1550 839 1605; x_wconf 85' lang='lat' dir='ltr'><strong>Vi·</strong></span> <span class='ocrx_word' id='word_1_209' title='bbox 876 1551 1032 1622; x_wconf 89' lang='lat' dir='ltr'><strong>particulari</strong></span> <span class='ocrx_word' id='word_1_210' title='bbox 1050 1551 1112 1606; x_wconf 89' lang='lat' dir='ltr'><strong>illas</strong></span> <span class='ocrx_word' id='word_1_211' title='bbox 1132 1550 1214 1605; x_wconf 91' lang='lat' dir='ltr'><strong>simul</strong></span> <span class='ocrx_word' id='word_1_212' title='bbox 1234 1552 1380 1621; x_wconf 84' lang='lat' dir='ltr'><strong>componit,</strong></span> <span class='ocrx_word' id='word_1_213' title='bbox 1394 1567 1469 1622; x_wconf 86' lang='lat' dir='ltr'><strong>quas,</strong></span> <span class='ocrx_word' id='word_1_214' title='bbox 1489 1551 1554 1606; x_wconf 86' lang='lat' dir='ltr'><strong>licet</strong></span> <span class='ocrx_word' id='word_1_215' title='bbox 1568 1551 1668 1607; x_wconf 86' lang='lat' dir='ltr'><strong>diversi</strong></span> 
     </span>
     <span class='ocr_line' id='line_1_17' title="bbox 43 1629 1668 1703; baseline -0.003 -13"><span class='ocrx_word' id='word_1_216' title='bbox 43 1635 168 1700; x_wconf 75' lang='lat' dir='ltr'><strong>bdeuus,</strong></span> <span class='ocrx_word' id='word_1_217' title='bbox 183 1632 257 1703; x_wconf 91' lang='lat' dir='ltr'><strong>apud</strong></span> <span class='ocrx_word' id='word_1_218' title='bbox 270 1631 370 1687; x_wconf 87' lang='lat' dir='ltr'><strong>milites</strong></span> <span class='ocrx_word' id='word_1_219' title='bbox 383 1630 627 1696; x_wconf 89' lang='lat' dir='ltr'><strong>concionabundns,</strong></span> <span class='ocrx_word' id='word_1_220' title='bbox 641 1631 680 1684; x_wconf 90' lang='lat' dir='ltr'><strong>sic</strong></span> <span class='ocrx_word' id='word_1_221' title='bbox 693 1637 838 1685; x_wconf 84' lang='lat' dir='ltr'><strong>orsusest:</strong></span> <span class='ocrx_word' id='word_1_222' title='bbox 875 1631 983 1702; x_wconf 78' lang='lat' dir='ltr'><strong>generis</strong></span> <span class='ocrx_word' id='word_1_223' title='bbox 997 1638 1067 1695; x_wconf 82' lang='lat' dir='ltr'><strong>sunt,</strong></span> <span class='ocrx_word' id='word_1_224' title='bbox 1083 1629 1164 1685; x_wconf 90' lang='lat' dir='ltr'><strong>simul</strong></span> <span class='ocrx_word' id='word_1_225' title='bbox 1183 1637 1273 1685; x_wconf 86' lang='lat' dir='ltr'><strong>tamen</strong></span> <span class='ocrx_word' id='word_1_226' title='bbox 1293 1632 1354 1686; x_wconf 90' lang='lat' dir='ltr'><strong>usui</strong></span> <span class='ocrx_word' id='word_1_227' title='bbox 1373 1630 1431 1685; x_wconf 84' lang='lat' dir='ltr'><strong>iore</strong></span> <span class='ocrx_word' id='word_1_228' title='bbox 1451 1631 1603 1686; x_wconf 84' lang='lat' dir='ltr'><strong>existimet:</strong></span> <span class='ocrx_word' id='word_1_229' title='bbox 1628 1631 1668 1686; x_wconf 90' lang='lat' dir='ltr'><strong>sic</strong></span> 
     </span>
     <span class='ocr_line' id='line_1_18' title="bbox 45 1708 1668 1783; baseline -0.001 -15"><span class='ocrx_word' id='word_1_230' title='bbox 45 1722 60 1746; x_wconf 84' lang='lat'>“</span> <span class='ocrx_word' id='word_1_231' title='bbox 72 1715 157 1778; x_wconf 78' lang='lat' dir='ltr'><strong>Vos,”</strong></span> <span class='ocrx_word' id='word_1_232' title='bbox 173 1711 271 1783; x_wconf 89' lang='lat' dir='ltr'><strong>inquit,</strong></span> <span class='ocrx_word' id='word_1_233' title='bbox 287 1717 303 1743; x_wconf 88' lang='lat'>“</span> <span class='ocrx_word' id='word_1_234' title='bbox 316 1710 361 1765; x_wconf 88' lang='lat' dir='ltr'><strong>his</strong></span> <span class='ocrx_word' id='word_1_235' title='bbox 374 1710 563 1765; x_wconf 85' lang='lat' dir='ltr'><strong>innocentibus</strong></span> <span class='ocrx_word' id='word_1_236' title='bbox 576 1718 605 1764; x_wconf 88' lang='lat' dir='ltr'><strong>et</strong></span> <span class='ocrx_word' id='word_1_237' title='bbox 622 1710 780 1765; x_wconf 86' lang='lat' dir='ltr'><strong>miserrimis</strong></span> <span class='ocrx_word' id='word_1_238' title='bbox 795 1708 838 1764; x_wconf 90' lang='lat' dir='ltr'><strong>lu·</strong></span> <span class='ocrx_word' id='word_1_239' title='bbox 875 1710 1006 1765; x_wconf 87' lang='lat' dir='ltr'><strong>nimirum</strong></span> <span class='ocrx_word' id='word_1_240' title='bbox 1015 1710 1044 1764; x_wconf 92' lang='lat' dir='ltr'><strong>iu</strong></span> <span class='ocrx_word' id='word_1_241' title='bbox 1056 1709 1108 1763; x_wconf 92' lang='lat' dir='ltr'><strong>hoc</strong></span> <span class='ocrx_word' id='word_1_242' title='bbox 1116 1709 1262 1765; x_wconf 82' lang='lat' dir='ltr'><strong>universali</strong></span> <span class='ocrx_word' id='word_1_243' title='bbox 1273 1710 1393 1764; x_wconf 76' lang='lat' dir='ltr'><strong>scientim</strong></span> <span class='ocrx_word' id='word_1_244' title='bbox 1407 1711 1576 1780; x_wconf 85' lang='lat' dir='ltr'><strong>repositorio,</strong></span> <span class='ocrx_word' id='word_1_245' title='bbox 1587 1710 1668 1767; x_wconf 88' lang='lat' dir='ltr'><strong>nobis</strong></span> 
     </span>
     <span class='ocr_line' id='line_1_19' title="bbox 44 1788 1669 1862; baseline -0.001 -16"><span class='ocrx_word' id='word_1_246' title='bbox 44 1803 141 1848; x_wconf 80' lang='lat' dir='ltr'><strong>cemes</strong></span> <span class='ocrx_word' id='word_1_247' title='bbox 154 1793 285 1862; x_wconf 86' lang='lat' dir='ltr'><strong>spiritum</strong></span> <span class='ocrx_word' id='word_1_248' title='bbox 297 1790 465 1845; x_wconf 85' lang='lat' dir='ltr'><strong>reddidistis:</strong></span> <span class='ocrx_word' id='word_1_249' title='bbox 486 1788 535 1844; x_wconf 90' lang='lat' dir='ltr'><strong>sed</strong></span> <span class='ocrx_word' id='word_1_250' title='bbox 548 1789 609 1860; x_wconf 91' lang='lat' dir='ltr'><strong>quis</strong></span> <span class='ocrx_word' id='word_1_251' title='bbox 627 1790 704 1844; x_wconf 81' lang='lat' dir='ltr'><strong>fratri</strong></span> <span class='ocrx_word' id='word_1_252' title='bbox 724 1805 787 1843; x_wconf 91' lang='lat' dir='ltr'><strong>meo</strong></span> <span class='ocrx_word' id='word_1_253' title='bbox 799 1788 840 1842; x_wconf 84' lang='lat' dir='ltr'><strong>vi-</strong></span> <span class='ocrx_word' id='word_1_254' title='bbox 875 1796 1036 1860; x_wconf 85' lang='lat' dir='ltr'><strong>pronatum</strong></span> <span class='ocrx_word' id='word_1_255' title='bbox 1054 1805 1145 1844; x_wconf 90' lang='lat' dir='ltr'><strong>rerum</strong></span> <span class='ocrx_word' id='word_1_256' title='bbox 1162 1789 1282 1859; x_wconf 86' lang='lat' dir='ltr'><strong>ipsarum</strong></span> <span class='ocrx_word' id='word_1_257' title='bbox 1302 1789 1460 1860; x_wconf 87' lang='lat' dir='ltr'><strong>partitiones</strong></span> <span class='ocrx_word' id='word_1_258' title='bbox 1474 1789 1669 1845; x_wconf 88' lang='lat' dir='ltr'><strong>erantinstitu·</strong></span> 
     </span>
     <span class='ocr_line' id='line_1_20' title="bbox 43 1867 1669 1944; baseline -0.003 -17"><span class='ocrx_word' id='word_1_259' title='bbox 43 1882 105 1937; x_wconf 73' lang='lat' dir='ltr'><strong>mm,</strong></span> <span class='ocrx_word' id='word_1_260' title='bbox 116 1871 303 1944; x_wconf 79' lang='lat' dir='ltr'><strong>quisirstrem</strong></span> <span class='ocrx_word' id='word_1_261' title='bbox 317 1869 386 1923; x_wconf 91' lang='lat' dir='ltr'><strong>mihi</strong></span> <span class='ocrx_word' id='word_1_262' title='bbox 399 1869 507 1924; x_wconf 76' lang='lat' dir='ltr'><strong>reddit?</strong></span> <span class='ocrx_word' id='word_1_263' title='bbox 529 1885 609 1939; x_wconf 89' lang='lat' dir='ltr'><strong>quem</strong></span> <span class='ocrx_word' id='word_1_264' title='bbox 619 1868 730 1924; x_wconf 85' lang='lat' dir='ltr'><strong>missum</strong></span> <span class='ocrx_word' id='word_1_265' title='bbox 744 1867 779 1921; x_wconf 89' lang='lat' dir='ltr'><strong>ad</strong></span> <span class='ocrx_word' id='word_1_266' title='bbox 791 1884 839 1922; x_wconf 86' lang='lat' dir='ltr'><strong>vos</strong></span> <span class='ocrx_word' id='word_1_267' title='bbox 878 1870 971 1924; x_wconf 81' lang='lat' dir='ltr'><strong>endae:</strong></span> <span class='ocrx_word' id='word_1_268' title='bbox 992 1885 1055 1923; x_wconf 88' lang='lat' dir='ltr'><strong>cum</strong></span> <span class='ocrx_word' id='word_1_269' title='bbox 1077 1877 1174 1933; x_wconf 90' lang='lat' dir='ltr'><strong>tamen,</strong></span> <span class='ocrx_word' id='word_1_270' title='bbox 1199 1869 1223 1922; x_wconf 92' lang='lat' dir='ltr'><strong>si</strong></span> <span class='ocrx_word' id='word_1_271' title='bbox 1246 1868 1418 1939; x_wconf 89' lang='lat' dir='ltr'><strong>particularis</strong></span> <span class='ocrx_word' id='word_1_272' title='bbox 1440 1867 1533 1939; x_wconf 85' lang='lat' dir='ltr'><strong>aliqua</strong></span> <span class='ocrx_word' id='word_1_273' title='bbox 1556 1869 1669 1923; x_wconf 79' lang='lat' dir='ltr'><strong>micatis</strong></span> 
     </span>
     <span class='ocr_line' id='line_1_21' title="bbox 44 1947 1667 2020; baseline -0.002 -14"><span class='ocrx_word' id='word_1_274' title='bbox 44 1970 60 2005; x_wconf 86' lang='lat' dir='ltr'><strong>a</strong></span> <span class='ocrx_word' id='word_1_275' title='bbox 78 1951 247 2006; x_wconf 87' lang='lat' dir='ltr'><strong>Germanico</strong></span> <span class='ocrx_word' id='word_1_276' title='bbox 268 1949 396 2013; x_wconf 89' lang='lat' dir='ltr'><strong>exercitu,</strong></span> <span class='ocrx_word' id='word_1_277' title='bbox 416 1948 450 2004; x_wconf 90' lang='lat' dir='ltr'><strong>de</strong></span> <span class='ocrx_word' id='word_1_278' title='bbox 475 1948 661 2002; x_wconf 90' lang='lat' dir='ltr'><strong>communibus</strong></span> <span class='ocrx_word' id='word_1_279' title='bbox 682 1947 838 2011; x_wconf 87' lang='lat' dir='ltr'><strong>commodis,</strong></span> <span class='ocrx_word' id='word_1_280' title='bbox 877 1947 1175 2020; x_wconf 83' lang='lat' dir='ltr'><strong>luissetpcrtractanda,</strong></span> <span class='ocrx_word' id='word_1_281' title='bbox 1182 1948 1343 2018; x_wconf 88' lang='lat' dir='ltr'><strong>partitiones</strong></span> <span class='ocrx_word' id='word_1_282' title='bbox 1353 1947 1497 2002; x_wconf 77' lang='lat' dir='ltr'><strong>fuissemus</strong></span> <span class='ocrx_word' id='word_1_283' title='bbox 1506 1948 1598 2013; x_wconf 90' lang='lat' dir='ltr'><strong>secuti,</strong></span> <span class='ocrx_word' id='word_1_284' title='bbox 1607 1948 1667 2003; x_wconf 88' lang='lat' dir='ltr'><strong>usui</strong></span> 
     </span>
     <span class='ocr_line' id='line_1_22' title="bbox 44 2025 1667 2102; baseline -0.002 -16"><span class='ocrx_word' id='word_1_285' title='bbox 44 2039 120 2086; x_wconf 86' lang='lat' dir='ltr'><strong>nocte</strong></span> <span class='ocrx_word' id='word_1_286' title='bbox 133 2030 265 2102; x_wconf 86' lang='lat' dir='ltr'><strong>proxima</strong></span> <span class='ocrx_word' id='word_1_287' title='bbox 279 2028 416 2099; x_wconf 74' lang='lat' dir='ltr'><strong>jugulavit</strong></span> <span class='ocrx_word' id='word_1_288' title='bbox 434 2045 483 2099; x_wconf 87' lang='lat' dir='ltr'><strong>per</strong></span> <span class='ocrx_word' id='word_1_289' title='bbox 501 2026 665 2098; x_wconf 73' lang='lat' dir='ltr'><strong>gladiatores</strong></span> <span class='ocrx_word' id='word_1_290' title='bbox 684 2043 755 2091; x_wconf 90' lang='lat' dir='ltr'><strong>suos,</strong></span> <span class='ocrx_word' id='word_1_291' title='bbox 771 2043 839 2098; x_wconf 91' lang='lat' dir='ltr'><strong>quos</strong></span> <span class='ocrx_word' id='word_1_292' title='bbox 877 2034 905 2081; x_wconf 87' lang='lat' dir='ltr'><strong>ct</strong></span> <span class='ocrx_word' id='word_1_293' title='bbox 923 2029 1004 2097; x_wconf 85' lang='lat' dir='ltr'><strong>praxi</strong></span> <span class='ocrx_word' id='word_1_294' title='bbox 1026 2028 1117 2097; x_wconf 87' lang='lat' dir='ltr'><strong>potius</strong></span> <span class='ocrx_word' id='word_1_295' title='bbox 1137 2027 1361 2082; x_wconf 83' lang='lat' dir='ltr'><strong>accommodatas.</strong></span> <span class='ocrx_word' id='word_1_296' title='bbox 1403 2025 1497 2081; x_wconf 81' lang='lat' dir='ltr'><strong>Altera</strong></span> <span class='ocrx_word' id='word_1_297' title='bbox 1519 2027 1667 2083; x_wconf 82' lang='lat' dir='ltr'><strong>necessitas</strong></span> 
     </span>
     <span class='ocr_line' id='line_1_23' title="bbox 44 2105 1669 2179; baseline -0.003 -14"><span class='ocrx_word' id='word_1_298' title='bbox 44 2113 71 2165; x_wconf 89' lang='lat' dir='ltr'><strong>iu</strong></span> <span class='ocrx_word' id='word_1_299' title='bbox 89 2111 208 2166; x_wconf 81' lang='lat' dir='ltr'><strong>exitium</strong></span> <span class='ocrx_word' id='word_1_300' title='bbox 229 2108 346 2162; x_wconf 86' lang='lat' dir='ltr'><strong>militum</strong></span> <span class='ocrx_word' id='word_1_301' title='bbox 360 2108 444 2162; x_wconf 92' lang='lat' dir='ltr'><strong>habet</strong></span> <span class='ocrx_word' id='word_1_302' title='bbox 456 2115 536 2179; x_wconf 88' lang='lat' dir='ltr'><strong>atque</strong></span> <span class='ocrx_word' id='word_1_303' title='bbox 551 2115 644 2161; x_wconf 77' lang='lat' dir='ltr'><strong>minat</strong></span> <span class='ocrx_word' id='word_1_304' title='bbox 686 2105 839 2175; x_wconf 85' lang='lat' dir='ltr'><strong>Responde,</strong></span> <span class='ocrx_word' id='word_1_305' title='bbox 877 2107 1038 2178; x_wconf 85' lang='lat' dir='ltr'><strong>partitiones</strong></span> <span class='ocrx_word' id='word_1_306' title='bbox 1055 2106 1174 2162; x_wconf 89' lang='lat' dir='ltr'><strong>mutandi</strong></span> <span class='ocrx_word' id='word_1_307' title='bbox 1188 2114 1237 2171; x_wconf 89' lang='lat' dir='ltr'><strong>est,</strong></span> <span class='ocrx_word' id='word_1_308' title='bbox 1253 2107 1316 2177; x_wconf 89' lang='lat' dir='ltr'><strong>quia</strong></span> <span class='ocrx_word' id='word_1_309' title='bbox 1331 2105 1543 2161; x_wconf 86' lang='lat' dir='ltr'><strong>desideraturum</strong></span> <span class='ocrx_word' id='word_1_310' title='bbox 1563 2105 1598 2159; x_wconf 89' lang='lat' dir='ltr'><strong>sd</strong></span> <span class='ocrx_word' id='word_1_311' title='bbox 1618 2107 1669 2160; x_wconf 87' lang='lat' dir='ltr'><strong>sui·</strong></span> 
     </span>
     <span class='ocr_line' id='line_1_24' title="bbox 44 2183 1668 2256; baseline -0.004 -12"><span class='ocrx_word' id='word_1_312' title='bbox 44 2190 139 2254; x_wconf 67' lang='lat' dir='ltr'><strong>Blae,</strong></span> <span class='ocrx_word' id='word_1_313' title='bbox 158 2188 207 2244; x_wconf 87' lang='lat' dir='ltr'><strong>nbi</strong></span> <span class='ocrx_word' id='word_1_314' title='bbox 227 2188 343 2242; x_wconf 79' lang='lat' dir='ltr'><strong>mdaver</strong></span> <span class='ocrx_word' id='word_1_315' title='bbox 361 2186 514 2256; x_wconf 76' lang='lat' dir='ltr'><strong>abjecerint</strong></span> <span class='ocrx_word' id='word_1_316' title='bbox 554 2187 599 2240; x_wconf 88' lang='lat' dir='ltr'><strong>Ne</strong></span> <span class='ocrx_word' id='word_1_317' title='bbox 618 2187 710 2241; x_wconf 90' lang='lat' dir='ltr'><strong>hostes</strong></span> <span class='ocrx_word' id='word_1_318' title='bbox 731 2185 840 2256; x_wconf 90' lang='lat' dir='ltr'><strong>quidem</strong></span> <span class='ocrx_word' id='word_1_319' title='bbox 877 2188 964 2241; x_wconf 83' lang='lat' dir='ltr'><strong>entiae</strong></span> <span class='ocrx_word' id='word_1_320' title='bbox 986 2186 1109 2255; x_wconf 84' lang='lat' dir='ltr'><strong>adjectio,</strong></span> <span class='ocrx_word' id='word_1_321' title='bbox 1124 2193 1152 2240; x_wconf 88' lang='lat' dir='ltr'><strong>et</strong></span> <span class='ocrx_word' id='word_1_322' title='bbox 1169 2202 1262 2239; x_wconf 87' lang='lat' dir='ltr'><strong>eorum</strong></span> <span class='ocrx_word' id='word_1_323' title='bbox 1281 2203 1344 2240; x_wconf 87' lang='lat' dir='ltr'><strong>cum</strong></span> <span class='ocrx_word' id='word_1_324' title='bbox 1360 2183 1472 2256; x_wconf 90' lang='lat' dir='ltr'><strong>reliquis</strong></span> <span class='ocrx_word' id='word_1_325' title='bbox 1490 2185 1520 2239; x_wconf 91' lang='lat' dir='ltr'><strong>in</strong></span> <span class='ocrx_word' id='word_1_326' title='bbox 1530 2186 1668 2255; x_wconf 84' lang='lat' dir='ltr'><strong>integrum</strong></span> 
     </span>
     <span class='ocr_line' id='line_1_25' title="bbox 45 2263 1669 2341; baseline -0.004 -17"><span class='ocrx_word' id='word_1_327' title='bbox 45 2271 212 2341; x_wconf 78' lang='lat' dir='ltr'><strong>sepulturam</strong></span> <span class='ocrx_word' id='word_1_328' title='bbox 233 2267 362 2321; x_wconf 66' lang='lat' dir='ltr'><strong>iaudent</strong></span> <span class='ocrx_word' id='word_1_329' title='bbox 403 2266 473 2321; x_wconf 86' lang='lat' dir='ltr'><strong>Cum</strong></span> <span class='ocrx_word' id='word_1_330' title='bbox 496 2264 605 2329; x_wconf 77' lang='lat' dir='ltr'><strong>osculis</strong></span> <span class='ocrx_word' id='word_1_331' title='bbox 628 2282 689 2319; x_wconf 92' lang='lat' dir='ltr'><strong>cum</strong></span> <span class='ocrx_word' id='word_1_332' title='bbox 711 2263 839 2333; x_wconf 87' lang='lat' dir='ltr'><strong>lacrymis</strong></span> <span class='ocrx_word' id='word_1_333' title='bbox 878 2282 975 2337; x_wconf 90' lang='lat' dir='ltr'><strong>corpus</strong></span> <span class='ocrx_word' id='word_1_334' title='bbox 995 2265 1122 2332; x_wconf 88' lang='lat' dir='ltr'><strong>redactio,</strong></span> <span class='ocrx_word' id='word_1_335' title='bbox 1142 2265 1225 2319; x_wconf 87' lang='lat' dir='ltr'><strong>etiam</strong></span> <span class='ocrx_word' id='word_1_336' title='bbox 1249 2282 1297 2336; x_wconf 87' lang='lat' dir='ltr'><strong>per</strong></span> <span class='ocrx_word' id='word_1_337' title='bbox 1318 2264 1547 2336; x_wconf 82' lang='lat' dir='ltr'><strong>consequentiam,</strong></span> <span class='ocrx_word' id='word_1_338' title='bbox 1561 2264 1669 2319; x_wconf 90' lang='lat' dir='ltr'><strong>scienti-</strong></span> 
     </span>
     <span class='ocr_line' id='line_1_26' title="bbox 47 2344 1669 2417; baseline -0.004 -13"><span class='ocrx_word' id='word_1_339' title='bbox 47 2351 168 2404; x_wconf 83' lang='lat' dir='ltr'><strong>dolorem</strong></span> <span class='ocrx_word' id='word_1_340' title='bbox 197 2364 292 2401; x_wconf 91' lang='lat' dir='ltr'><strong>meum</strong></span> <span class='ocrx_word' id='word_1_341' title='bbox 325 2346 481 2417; x_wconf 80' lang='lat' dir='ltr'><strong>implevero,</strong></span> <span class='ocrx_word' id='word_1_342' title='bbox 510 2361 554 2399; x_wconf 89' lang='lat' dir='ltr'><strong>me</strong></span> <span class='ocrx_word' id='word_1_343' title='bbox 580 2348 686 2415; x_wconf 86' lang='lat' dir='ltr'><strong>quoque</strong></span> <span class='ocrx_word' id='word_1_344' title='bbox 711 2344 839 2398; x_wconf 86' lang='lat' dir='ltr'><strong>trucidari</strong></span> <span class='ocrx_word' id='word_1_345' title='bbox 878 2361 955 2400; x_wconf 91' lang='lat' dir='ltr'><strong>arum</strong></span> <span class='ocrx_word' id='word_1_346' title='bbox 969 2346 1091 2416; x_wconf 90' lang='lat' dir='ltr'><strong>ipsarum</strong></span> <span class='ocrx_word' id='word_1_347' title='bbox 1104 2344 1264 2415; x_wconf 90' lang='lat' dir='ltr'><strong>partitiones</strong></span> <span class='ocrx_word' id='word_1_348' title='bbox 1279 2344 1421 2399; x_wconf 87' lang='lat' dir='ltr'><strong>transtulit.</strong></span> <span class='ocrx_word' id='word_1_349' title='bbox 1463 2344 1669 2412; x_wconf 87' lang='lat' dir='ltr'><strong>Nam(demon·</strong></span> 
     </span>
     <span class='ocr_line' id='line_1_27' title="bbox 42 2417 1669 2497; baseline -0.004 -14"><span class='ocrx_word' id='word_1_350' title='bbox 42 2430 122 2497; x_wconf 75' lang='lat' dir='ltr'><strong>jube3</strong></span> <span class='ocrx_word' id='word_1_351' title='bbox 143 2428 209 2481; x_wconf 92' lang='lat' dir='ltr'><strong>dum</strong></span> <span class='ocrx_word' id='word_1_352' title='bbox 231 2425 396 2490; x_wconf 86' lang='lat' dir='ltr'><strong>interiectos,</strong></span> <span class='ocrx_word' id='word_1_353' title='bbox 415 2424 519 2480; x_wconf 89' lang='lat' dir='ltr'><strong>nullum</strong></span> <span class='ocrx_word' id='word_1_354' title='bbox 537 2423 572 2478; x_wconf 91' lang='lat' dir='ltr'><strong>ob</strong></span> <span class='ocrx_word' id='word_1_355' title='bbox 591 2423 687 2488; x_wconf 89' lang='lat' dir='ltr'><strong>scelus,</strong></span> <span class='ocrx_word' id='word_1_356' title='bbox 708 2423 756 2478; x_wconf 90' lang='lat' dir='ltr'><strong>sed</strong></span> <span class='ocrx_word' id='word_1_357' title='bbox 776 2423 841 2494; x_wconf 90' lang='lat' dir='ltr'><strong>quia</strong></span> <span class='ocrx_word' id='word_1_358' title='bbox 878 2425 1015 2480; x_wconf 88' lang='lat' dir='ltr'><strong>strationis</strong></span> <span class='ocrx_word' id='word_1_359' title='bbox 1029 2417 1134 2497; x_wconf 59' lang='lat' dir='ltr'><strong>mstis)</strong></span> <span class='ocrx_word' id='word_1_360' title='bbox 1148 2430 1207 2477; x_wconf 90' lang='lat' dir='ltr'><strong>esto</strong></span> <span class='ocrx_word' id='word_1_361' title='bbox 1220 2425 1292 2494; x_wconf 89' lang='lat' dir='ltr'><strong>qnod</strong></span> <span class='ocrx_word' id='word_1_362' title='bbox 1308 2432 1380 2478; x_wconf 87' lang='lat' dir='ltr'><strong>artes</strong></span> <span class='ocrx_word' id='word_1_363' title='bbox 1398 2441 1459 2494; x_wconf 76' lang='lat' dir='ltr'><strong>qua</strong></span> <span class='ocrx_word' id='word_1_364' title='bbox 1471 2422 1614 2489; x_wconf 86' lang='lat' dir='ltr'><strong>habentur,</strong></span> <span class='ocrx_word' id='word_1_365' title='bbox 1628 2440 1669 2478; x_wconf 88' lang='lat' dir='ltr'><strong>ra-</strong></span> 
     </span>
     <span class='ocr_line' id='line_1_28' title="bbox 44 2500 1669 2577; baseline -0.002 -16"><span class='ocrx_word' id='word_1_366' title='bbox 44 2509 151 2561; x_wconf 85' lang='lat' dir='ltr'><strong>utilitati</strong></span> <span class='ocrx_word' id='word_1_367' title='bbox 162 2506 305 2577; x_wconf 80' lang='lat' dir='ltr'><strong>legionum</strong></span> <span class='ocrx_word' id='word_1_368' title='bbox 316 2504 530 2568; x_wconf 87' lang='lat' dir='ltr'><strong>consulebamus,</strong></span> <span class='ocrx_word' id='word_1_369' title='bbox 542 2503 744 2574; x_wconf 87' lang='lat' dir='ltr'><strong>hisepeliant.”</strong></span> <span class='ocrx_word' id='word_1_370' title='bbox 775 2502 840 2564; x_wconf 85' lang='lat' dir='ltr'><strong>Qui·</strong></span> <span class='ocrx_word' id='word_1_371' title='bbox 879 2505 981 2560; x_wconf 89' lang='lat' dir='ltr'><strong>tionem</strong></span> <span class='ocrx_word' id='word_1_372' title='bbox 993 2505 1113 2560; x_wconf 88' lang='lat' dir='ltr'><strong>habeant</strong></span> <span class='ocrx_word' id='word_1_373' title='bbox 1121 2503 1227 2557; x_wconf 89' lang='lat' dir='ltr'><strong>numeri</strong></span> <span class='ocrx_word' id='word_1_374' title='bbox 1244 2503 1287 2569; x_wconf 79' lang='lat'><strong>15,</strong></span> <span class='ocrx_word' id='word_1_375' title='bbox 1302 2503 1415 2572; x_wconf 87' lang='lat' dir='ltr'><strong>adjectis</strong></span> <span class='ocrx_word' id='word_1_376' title='bbox 1428 2510 1518 2557; x_wconf 86' lang='lat' dir='ltr'><strong>autem</strong></span> <span class='ocrx_word' id='word_1_377' title='bbox 1532 2500 1669 2557; x_wconf 87' lang='lat' dir='ltr'><strong>desidera·</strong></span> 
     </span>
     <span class='ocr_line' id='line_1_29' title="bbox 47 2580 1668 2653; baseline -0.004 -10"><span class='ocrx_word' id='word_1_378' title='bbox 47 2588 94 2642; x_wconf 91' lang='lat' dir='ltr'><strong>bus</strong></span> <span class='ocrx_word' id='word_1_379' title='bbox 108 2587 201 2643; x_wconf 84' lang='lat' dir='ltr'><strong>verbis</strong></span> <span class='ocrx_word' id='word_1_380' title='bbox 215 2584 328 2639; x_wconf 76' lang='lat' dir='ltr'><strong>invidiae</strong></span> <span class='ocrx_word' id='word_1_381' title='bbox 341 2601 374 2638; x_wconf 90' lang='lat' dir='ltr'><strong>ac</strong></span> <span class='ocrx_word' id='word_1_382' title='bbox 387 2582 611 2638; x_wconf 88' lang='lat' dir='ltr'><strong>consternationis</strong></span> <span class='ocrx_word' id='word_1_383' title='bbox 628 2582 742 2637; x_wconf 90' lang='lat' dir='ltr'><strong>nimium</strong></span> <span class='ocrx_word' id='word_1_384' title='bbox 756 2598 841 2653; x_wconf 88' lang='lat' dir='ltr'><strong>quan·</strong></span> <span class='ocrx_word' id='word_1_385' title='bbox 878 2585 914 2639; x_wconf 91' lang='lat' dir='ltr'><strong>tis</strong></span> <span class='ocrx_word' id='word_1_386' title='bbox 933 2585 1040 2639; x_wconf 88' lang='lat' dir='ltr'><strong>numeri</strong></span> <span class='ocrx_word' id='word_1_387' title='bbox 1059 2583 1106 2638; x_wconf 73' lang='lat'><strong>20.</strong></span> <span class='ocrx_word' id='word_1_388' title='bbox 1146 2582 1217 2636; x_wconf 89' lang='lat' dir='ltr'><strong>Dico</strong></span> <span class='ocrx_word' id='word_1_389' title='bbox 1238 2583 1308 2653; x_wconf 90' lang='lat' dir='ltr'><strong>quod</strong></span> <span class='ocrx_word' id='word_1_390' title='bbox 1328 2590 1417 2652; x_wconf 86' lang='lat' dir='ltr'><strong>partes</strong></span> <span class='ocrx_word' id='word_1_391' title='bbox 1436 2582 1541 2636; x_wconf 91' lang='lat' dir='ltr'><strong>numeri</strong></span> <span class='ocrx_word' id='word_1_392' title='bbox 1557 2580 1600 2646; x_wconf 83' lang='lat' dir='ltr'><strong>lb,</strong></span> <span class='ocrx_word' id='word_1_393' title='bbox 1613 2598 1668 2636; x_wconf 90' lang='lat' dir='ltr'><strong>non</strong></span> 
     </span>
     <span class='ocr_line' id='line_1_30' title="bbox 46 2661 1669 2734; baseline -0.003 -13"><span class='ocrx_word' id='word_1_394' title='bbox 46 2676 99 2721; x_wconf 86' lang='lat' dir='ltr'><strong>turn</strong></span> <span class='ocrx_word' id='word_1_395' title='bbox 112 2665 247 2731; x_wconf 76' lang='lat' dir='ltr'><strong>concirit3</strong></span> <span class='ocrx_word' id='word_1_396' title='bbox 269 2664 390 2730; x_wconf 85' lang='lat' dir='ltr'><strong>adeout,</strong></span> <span class='ocrx_word' id='word_1_397' title='bbox 403 2664 457 2717; x_wconf 89' lang='lat' dir='ltr'><strong>nisi</strong></span> <span class='ocrx_word' id='word_1_398' title='bbox 474 2661 550 2718; x_wconf 82' lang='lat' dir='ltr'><strong>brevi</strong></span> <span class='ocrx_word' id='word_1_399' title='bbox 572 2669 667 2732; x_wconf 89' lang='lat' dir='ltr'><strong>postea</strong></span> <span class='ocrx_word' id='word_1_400' title='bbox 678 2662 841 2716; x_wconf 91' lang='lat' dir='ltr'><strong>innotuisset</strong></span> <span class='ocrx_word' id='word_1_401' title='bbox 879 2671 942 2719; x_wconf 88' lang='lat' dir='ltr'><strong>suut</strong></span> <span class='ocrx_word' id='word_1_402' title='bbox 962 2664 1058 2719; x_wconf 87' lang='lat' dir='ltr'><strong>eadem</strong></span> <span class='ocrx_word' id='word_1_403' title='bbox 1073 2668 1171 2734; x_wconf 87' lang='lat' dir='ltr'><strong>partes,</strong></span> <span class='ocrx_word' id='word_1_404' title='bbox 1187 2676 1248 2731; x_wconf 86' lang='lat' dir='ltr'><strong>quae</strong></span> <span class='ocrx_word' id='word_1_405' title='bbox 1268 2663 1374 2717; x_wconf 86' lang='lat' dir='ltr'><strong>numeri</strong></span> <span class='ocrx_word' id='word_1_406' title='bbox 1393 2661 1440 2715; x_wconf 74' lang='lat'><strong>20.</strong></span> <span class='ocrx_word' id='word_1_407' title='bbox 1481 2661 1556 2715; x_wconf 89' lang='lat' dir='ltr'><strong>Nam</strong></span> <span class='ocrx_word' id='word_1_408' title='bbox 1577 2669 1669 2731; x_wconf 87' lang='lat' dir='ltr'><strong>partes</strong></span> 
     </span>
     <span class='ocr_line' id='line_1_31' title="bbox 45 2740 1668 2814; baseline -0.005 -13"><span class='ocrx_word' id='word_1_409' title='bbox 45 2747 112 2801; x_wconf 85' lang='lat' dir='ltr'><strong>nihii</strong></span> <span class='ocrx_word' id='word_1_410' title='bbox 129 2746 232 2800; x_wconf 90' lang='lat' dir='ltr'><strong>horum</strong></span> <span class='ocrx_word' id='word_1_411' title='bbox 251 2743 345 2807; x_wconf 73' lang='lat' dir='ltr'><strong>nune,</strong></span> <span class='ocrx_word' id='word_1_412' title='bbox 367 2743 432 2814; x_wconf 87' lang='lat' dir='ltr'><strong>quin</strong></span> <span class='ocrx_word' id='word_1_413' title='bbox 456 2743 539 2797; x_wconf 87' lang='lat' dir='ltr'><strong>etiam</strong></span> <span class='ocrx_word' id='word_1_414' title='bbox 560 2741 671 2796; x_wconf 84' lang='lat' dir='ltr'><strong>tratrem</strong></span> <span class='ocrx_word' id='word_1_415' title='bbox 686 2759 748 2796; x_wconf 89' lang='lat' dir='ltr'><strong>euru</strong></span> <span class='ocrx_word' id='word_1_416' title='bbox 769 2757 840 2795; x_wconf 91' lang='lat' dir='ltr'><strong>nun·</strong></span> <span class='ocrx_word' id='word_1_417' title='bbox 878 2744 985 2798; x_wconf 90' lang='lat' dir='ltr'><strong>numeri</strong></span> <span class='ocrx_word' id='word_1_418' title='bbox 1006 2742 1049 2807; x_wconf 82' lang='lat'><strong>15,</strong></span> <span class='ocrx_word' id='word_1_419' title='bbox 1064 2748 1126 2797; x_wconf 91' lang='lat' dir='ltr'><strong>suut</strong></span> <span class='ocrx_word' id='word_1_420' title='bbox 1143 2742 1169 2807; x_wconf 86' lang='grc'><strong>3,</strong></span> <span class='ocrx_word' id='word_1_421' title='bbox 1184 2746 1213 2794; x_wconf 88' lang='lat' dir='ltr'><strong>et</strong></span> <span class='ocrx_word' id='word_1_422' title='bbox 1233 2740 1261 2796; x_wconf 81' lang='lat' dir='ltr'><strong>b.</strong></span> <span class='ocrx_word' id='word_1_423' title='bbox 1300 2742 1396 2797; x_wconf 90' lang='lat' dir='ltr'><strong>Partes</strong></span> <span class='ocrx_word' id='word_1_424' title='bbox 1411 2757 1475 2796; x_wconf 81' lang='lat' dir='ltr'><strong>nero</strong></span> <span class='ocrx_word' id='word_1_425' title='bbox 1494 2741 1601 2794; x_wconf 88' lang='lat' dir='ltr'><strong>numeri</strong></span> <span class='ocrx_word' id='word_1_426' title='bbox 1622 2740 1668 2804; x_wconf 76' lang='lat'><strong>20,</strong></span> 
     </span>
     <span class='ocr_line' id='line_1_32' title="bbox 48 2818 1670 2897; baseline -0.004 -17"><span class='ocrx_word' id='word_1_427' title='bbox 48 2844 125 2897; x_wconf 78' lang='lat' dir='ltr'><strong>quam</strong></span> <span class='ocrx_word' id='word_1_428' title='bbox 146 2824 287 2888; x_wconf 88' lang='lat' dir='ltr'><strong>habuisse,</strong></span> <span class='ocrx_word' id='word_1_429' title='bbox 302 2823 351 2877; x_wconf 84' lang='lat' dir='ltr'><strong>vix</strong></span> <span class='ocrx_word' id='word_1_430' title='bbox 372 2840 390 2876; x_wconf 87' lang='lat' dir='ltr'><strong>a</strong></span> <span class='ocrx_word' id='word_1_431' title='bbox 408 2822 536 2893; x_wconf 73' lang='lat' dir='ltr'><strong>praefecto</strong></span> <span class='ocrx_word' id='word_1_432' title='bbox 553 2820 654 2876; x_wconf 91' lang='lat' dir='ltr'><strong>milites</strong></span> <span class='ocrx_word' id='word_1_433' title='bbox 674 2837 771 2876; x_wconf 91' lang='lat' dir='ltr'><strong>manus</strong></span> <span class='ocrx_word' id='word_1_434' title='bbox 792 2821 841 2874; x_wconf 90' lang='lat' dir='ltr'><strong>ab·</strong></span> <span class='ocrx_word' id='word_1_435' title='bbox 880 2831 943 2878; x_wconf 88' lang='lat' dir='ltr'><strong>suut</strong></span> <span class='ocrx_word' id='word_1_436' title='bbox 963 2823 991 2888; x_wconf 75' lang='grc'><strong>2,</strong></span> <span class='ocrx_word' id='word_1_437' title='bbox 1005 2825 1032 2887; x_wconf 84' lang='grc'><strong>4,</strong></span> <span class='ocrx_word' id='word_1_438' title='bbox 1047 2822 1073 2887; x_wconf 82' lang='lat' dir='ltr'><strong>b,</strong></span> <span class='ocrx_word' id='word_1_439' title='bbox 1088 2829 1116 2876; x_wconf 89' lang='lat' dir='ltr'><strong>et</strong></span> <span class='ocrx_word' id='word_1_440' title='bbox 1131 2821 1177 2876; x_wconf 90' lang='lat'><strong>10.</strong></span> <span class='ocrx_word' id='word_1_441' title='bbox 1223 2819 1318 2893; x_wconf 85' lang='lat' dir='ltr'><strong>ltaque</strong></span> <span class='ocrx_word' id='word_1_442' title='bbox 1338 2827 1412 2892; x_wconf 88' lang='lat' dir='ltr'><strong>patet</strong></span> <span class='ocrx_word' id='word_1_443' title='bbox 1432 2819 1504 2891; x_wconf 86' lang='lat' dir='ltr'><strong>quod</strong></span> <span class='ocrx_word' id='word_1_444' title='bbox 1517 2818 1577 2873; x_wconf 78' lang='lat' dir='ltr'><strong>haec</strong></span> <span class='ocrx_word' id='word_1_445' title='bbox 1591 2820 1670 2873; x_wconf 89' lang='lat' dir='ltr'><strong>aliter</strong></span> 
     </span>
     <span class='ocr_line' id='line_1_33' title="bbox 47 2898 1669 2977; baseline -0.006 -16"><span class='ocrx_word' id='word_1_446' title='bbox 47 2907 217 2961; x_wconf 65' lang='lat' dir='ltr'><strong>adnatant:</strong></span> <span class='ocrx_word' id='word_1_447' title='bbox 237 2903 287 2958; x_wconf 88' lang='lat' dir='ltr'><strong>ille</strong></span> <span class='ocrx_word' id='word_1_448' title='bbox 301 2917 367 2957; x_wconf 86' lang='lat' dir='ltr'><strong>vero</strong></span> <span class='ocrx_word' id='word_1_449' title='bbox 386 2918 444 2956; x_wconf 90' lang='lat' dir='ltr'><strong>rem</strong></span> <span class='ocrx_word' id='word_1_450' title='bbox 461 2907 554 2967; x_wconf 87' lang='lat' dir='ltr'><strong>totam,</strong></span> <span class='ocrx_word' id='word_1_451' title='bbox 567 2907 698 2972; x_wconf 87' lang='lat' dir='ltr'><strong>tanquam</strong></span> <span class='ocrx_word' id='word_1_452' title='bbox 719 2898 839 2956; x_wconf 83' lang='lat' dir='ltr'><strong>fabulam</strong></span> <span class='ocrx_word' id='word_1_453' title='bbox 879 2902 937 2959; x_wconf 84' lang='lat' dir='ltr'><strong>fieri</strong></span> <span class='ocrx_word' id='word_1_454' title='bbox 950 2918 1005 2958; x_wconf 91' lang='lat' dir='ltr'><strong>non</strong></span> <span class='ocrx_word' id='word_1_455' title='bbox 1020 2901 1165 2975; x_wconf 85' lang='lat' dir='ltr'><strong>potuerint</strong></span> <span class='ocrx_word' id='word_1_456' title='bbox 1208 2903 1296 2977; x_wconf 80' lang='lat' dir='ltr'><strong>Atque</strong></span> <span class='ocrx_word' id='word_1_457' title='bbox 1316 2901 1350 2958; x_wconf 93' lang='lat' dir='ltr'><strong>de</strong></span> <span class='ocrx_word' id='word_1_458' title='bbox 1364 2900 1485 2957; x_wconf 88' lang='lat' dir='ltr'><strong>scientiis</strong></span> <span class='ocrx_word' id='word_1_459' title='bbox 1498 2898 1596 2970; x_wconf 76' lang='lat' dir='ltr'><strong>logicis</strong></span> <span class='ocrx_word' id='word_1_460' title='bbox 1609 2898 1669 2953; x_wconf 78' lang='lat' dir='ltr'><strong>hac</strong></span> 
     </span>
     <span class='ocr_line' id='line_1_34' title="bbox 47 2983 1028 3056; baseline 0 -18"><span class='ocrx_word' id='word_1_461' title='bbox 47 2986 73 3040; x_wconf 91' lang='lat' dir='ltr'><strong>in</strong></span> <span class='ocrx_word' id='word_1_462' title='bbox 87 3002 168 3040; x_wconf 84' lang='lat' dir='ltr'><strong>scena</strong></span> <span class='ocrx_word' id='word_1_463' title='bbox 182 2983 301 3056; x_wconf 78' lang='lat' dir='ltr'><strong>peregit.</strong></span> <span class='ocrx_word' id='word_1_464' title='bbox 881 2983 1028 3038; x_wconf 84' lang='lat' dir='ltr'><strong>dictasint</strong></span> 
     </span>
     <span class='ocr_line' id='line_1_35' title="bbox 80 3060 842 3132; baseline -0.008 -11"><span class='ocrx_word' id='word_1_465' title='bbox 80 3066 163 3121; x_wconf 85' lang='lat' dir='ltr'><strong>Nune</strong></span> <span class='ocrx_word' id='word_1_466' title='bbox 176 3081 245 3119; x_wconf 79' lang='lat' dir='ltr'><strong>sero</strong></span> <span class='ocrx_word' id='word_1_467' title='bbox 268 3061 304 3115; x_wconf 88' lang='lat' dir='ltr'><strong>ad</strong></span> <span class='ocrx_word' id='word_1_468' title='bbox 323 3060 504 3132; x_wconf 86' lang='lat' dir='ltr'><strong>colophonem</strong></span> <span class='ocrx_word' id='word_1_469' title='bbox 523 3060 695 3132; x_wconf 82' lang='lat' dir='ltr'><strong>pervenimus</strong></span> <span class='ocrx_word' id='word_1_470' title='bbox 711 3066 842 3116; x_wconf 75' lang='lat' dir='ltr'><strong>incusas</strong></span> 
     </span>
    </p>
   </div>
   <div class='ocr_carea' id='block_1_3' title="bbox 703 3521 1022 3596">
    <p class='ocr_par' dir='ltr' id='par_1_3' title="bbox 703 3521 1022 3596">
     <span class='ocr_line' id='line_1_36' title="bbox 703 3521 1022 3596; baseline -0.009 0"><span class='ocrx_word' id='word_1_471' title='bbox 703 3521 1022 3596; x_wconf 83' lang='lat' dir='ltr'>FRANCISCI</span> 
     </span>
    </p>
   </div>
   <div class='ocr_carea' id='block_1_4' title="bbox 310 3730 1422 3862">
    <p class='ocr_par' dir='ltr' id='par_1_4' title="bbox 310 3730 1422 3862">
     <span class='ocr_line' id='line_1_37' title="bbox 310 3730 1422 3803; baseline -0.008 -7"><span class='ocrx_word' id='word_1_472' title='bbox 310 3735 478 3796; x_wconf 71' lang='lat' dir='ltr'><strong>annonis</strong></span> <span class='ocrx_word' id='word_1_473' title='bbox 500 3738 550 3794; x_wconf 82' lang='grc' dir='ltr'><strong>ΒΕ</strong></span> <span class='ocrx_word' id='word_1_474' title='bbox 570 3737 807 3803; x_wconf 83' lang='lat' dir='ltr'><strong>VERDLAMID,</strong></span> <span class='ocrx_word' id='word_1_475' title='bbox 828 3734 1090 3793; x_wconf 73' lang='lat' dir='ltr'><strong>ulcu-cotsstts</strong></span> <span class='ocrx_word' id='word_1_476' title='bbox 1112 3733 1249 3790; x_wconf 74' lang='lat' dir='ltr'><strong>sartori</strong></span> <span class='ocrx_word' id='word_1_477' title='bbox 1270 3730 1422 3797; x_wconf 84' lang='lat' dir='ltr'><strong>ALBANl,</strong></span> 
     </span>
     <span class='ocr_line' id='line_1_38' title="bbox 1267 3830 1279 3862; baseline 0 0"><span class='ocrx_word' id='word_1_478' title='bbox 1267 3830 1279 3862; x_wconf 73' lang='grc'><strong>1</strong></span> 
     </span>
    </p>
   </div>
   <div class='ocr_carea' id='block_1_5' title="bbox 847 3893 878 3926">
    <p class='ocr_par' dir='ltr' id='par_1_5' title="bbox 847 3893 878 3926">
     <span class='ocr_line' id='line_1_39' title="bbox 847 3893 878 3926; baseline 0.032 -1"><span class='ocrx_word' id='word_1_479' title='bbox 847 3893 878 3926; x_wconf 76' lang='lat' dir='ltr'><strong>D!</strong></span> 
     </span>
    </p>
   </div>
   <div class='ocr_carea' id='block_1_6' title="bbox 205 4011 1518 4100">
    <p class='ocr_par' dir='ltr' id='par_1_6' title="bbox 205 4011 1518 4100">
     <span class='ocr_line' id='line_1_40' title="bbox 205 4011 1518 4100; baseline -0.005 0"><span class='ocrx_word' id='word_1_480' title='bbox 205 4013 552 4100; x_wconf 82' lang='lat' dir='ltr'><strong>DIGNITATE</strong></span> <span class='ocrx_word' id='word_1_481' title='bbox 581 4014 654 4095; x_wconf 86' lang='lat' dir='ltr'><strong>ET</strong></span> <span class='ocrx_word' id='word_1_482' title='bbox 685 4014 1048 4097; x_wconf 84' lang='lat' dir='ltr'><strong>AUGMENTIS</strong></span> <span class='ocrx_word' id='word_1_483' title='bbox 1080 4011 1518 4096; x_wconf 84' lang='lat' dir='ltr'><strong>SCIENTIARUM.</strong></span> 
     </span>
    </p>
   </div>
   <div class='ocr_carea' id='block_1_7' title="bbox 742 4237 992 4280">
    <p class='ocr_par' dir='ltr' id='par_1_7' title="bbox 742 4237 992 4280">
     <span class='ocr_line' id='line_1_41' title="bbox 742 4237 992 4280; baseline -0.008 -2"><span class='ocrx_word' id='word_1_484' title='bbox 742 4238 831 4279; x_wconf 76' lang='lat' dir='ltr'><strong>staua</strong></span> <span class='ocrx_word' id='word_1_485' title='bbox 843 4237 992 4280; x_wconf 73' lang='lat' dir='ltr'>SEPTIMUS.</span> 
     </span>
    </p>
   </div>
   <div class='ocr_carea' id='block_1_8' title="bbox 695 4554 1038 4612">
    <p class='ocr_par' dir='ltr' id='par_1_8' title="bbox 695 4554 1038 4612">
     <span class='ocr_line' id='line_1_42' title="bbox 695 4554 1038 4612; baseline 0 0"><span class='ocrx_word' id='word_1_486' title='bbox 695 4557 746 4612; x_wconf 80' lang='lat' dir='ltr'><strong>AD</strong></span> <span class='ocrx_word' id='word_1_487' title='bbox 767 4557 901 4612; x_wconf 83' lang='lat' dir='ltr'><strong>REGEM</strong></span> <span class='ocrx_word' id='word_1_488' title='bbox 922 4554 1038 4612; x_wconf 88' lang='lat' dir='ltr'><strong>SUUM.</strong></span> 
     </span>
    </p>
   </div>
   <div class='ocr_carea' id='block_1_9' title="bbox 293 4733 1674 4807">
    <p class='ocr_par' dir='ltr' id='par_1_9' title="bbox 293 4733 1674 4807">
     <span class='ocr_line' id='line_1_43' title="bbox 293 4733 1674 4807; baseline -0.002 -16"><span class='ocrx_word' id='word_1_489' title='bbox 293 4736 419 4792; x_wconf 81' lang='lat' dir='ltr'>CAPUT</span> <span class='ocrx_word' id='word_1_490' title='bbox 439 4735 606 4792; x_wconf 83' lang='lat' dir='ltr'><strong>PRIMUM.</strong></span> <span class='ocrx_word' id='word_1_491' title='bbox 882 4742 938 4789; x_wconf 72' lang='lat' dir='ltr'><strong>mm</strong></span> <span class='ocrx_word' id='word_1_492' title='bbox 956 4733 1092 4807; x_wconf 81' lang='lat' dir='ltr'><strong>gubernat</strong></span> <span class='ocrx_word' id='word_1_493' title='bbox 1110 4740 1183 4790; x_wconf 86' lang='lat' dir='ltr'><strong>recta</strong></span> <span class='ocrx_word' id='word_1_494' title='bbox 1201 4734 1280 4800; x_wconf 90' lang='lat' dir='ltr'><strong>ratio,</strong></span> <span class='ocrx_word' id='word_1_495' title='bbox 1294 4734 1400 4790; x_wconf 90' lang='lat' dir='ltr'><strong>seducit</strong></span> <span class='ocrx_word' id='word_1_496' title='bbox 1411 4735 1513 4789; x_wconf 92' lang='lat' dir='ltr'><strong>bonum</strong></span> <span class='ocrx_word' id='word_1_497' title='bbox 1527 4749 1674 4806; x_wconf 67' lang='lat' dir='ltr'><strong>apparens,</strong></span> 
     </span>
    </p>
   </div>
   <div class='ocr_carea' id='block_1_10' title="bbox 884 4805 1774 4886">
    <p class='ocr_par' dir='ltr' id='par_1_10' title="bbox 884 4805 1774 4886">
     <span class='ocr_line' id='line_1_44' title="bbox 884 4805 1774 4886; baseline -0.001 -17"><span class='ocrx_word' id='word_1_498' title='bbox 884 4814 1030 4869; x_wconf 85' lang='lat' dir='ltr'><strong>voluntatis</strong></span> <span class='ocrx_word' id='word_1_499' title='bbox 1043 4814 1147 4870; x_wconf 90' lang='lat' dir='ltr'><strong>stimuli</strong></span> <span class='ocrx_word' id='word_1_500' title='bbox 1165 4813 1286 4880; x_wconf 79' lang='lat' dir='ltr'><strong>affectus,</strong></span> <span class='ocrx_word' id='word_1_501' title='bbox 1299 4813 1418 4870; x_wconf 86' lang='lat' dir='ltr'><strong>ministri</strong></span> <span class='ocrx_word' id='word_1_502' title='bbox 1431 4831 1534 4886; x_wconf 80' lang='lat' dir='ltr'><strong>organa</strong></span> <span class='ocrx_word' id='word_1_503' title='bbox 1547 4822 1575 4868; x_wconf 92' lang='lat' dir='ltr'><strong>et</strong></span> <span class='ocrx_word' id='word_1_504' title='bbox 1588 4820 1676 4869; x_wconf 88' lang='lat' dir='ltr'><strong>motus</strong></span> <span class='ocrx_word' id='word_1_505' title='bbox 1769 4805 1774 4815; x_wconf 72' lang='grc'><strong><em>’</em></strong></span> 
     </span>
    </p>
   </div>
   <div class='ocr_carea' id='block_1_11' title="bbox 52 4892 1678 5445">
    <p class='ocr_par' dir='ltr' id='par_1_11' title="bbox 52 4892 1677 5282">
     <span class='ocr_line' id='line_1_45' title="bbox 52 4892 1675 4966; baseline -0.001 -18"><span class='ocrx_word' id='word_1_506' title='bbox 52 4895 284 4952; x_wconf 71' lang='lat' dir='ltr'><strong>Partitionlss&#39;coe</strong></span> <span class='ocrx_word' id='word_1_507' title='bbox 297 4896 329 4948; x_wconf 80' lang='lat' dir='ltr'><strong>in</strong></span> <span class='ocrx_word' id='word_1_508' title='bbox 343 4896 538 4951; x_wconf 61' lang='lat' dir='ltr'><strong>doctmnonds</strong></span> <span class='ocrx_word' id='word_1_509' title='bbox 555 4895 746 4966; x_wconf 60' lang='lat' dir='ltr'><strong>correptorias</strong></span> <span class='ocrx_word' id='word_1_510' title='bbox 764 4909 844 4966; x_wconf 78' lang='lat' dir='ltr'><strong>geor·</strong></span> <span class='ocrx_word' id='word_1_511' title='bbox 882 4893 1036 4949; x_wconf 83' lang='lat' dir='ltr'><strong>voluntarii.</strong></span> <span class='ocrx_word' id='word_1_512' title='bbox 1071 4893 1180 4948; x_wconf 83' lang='lat' dir='ltr'><strong>Dehas</strong></span> <span class='ocrx_word' id='word_1_513' title='bbox 1195 4892 1675 4963; x_wconf 56' lang='lat' dir='ltr'><strong>Salomonsanteomniwinquc</strong></span> 
     </span>
     <span class='ocr_line' id='line_1_46' title="bbox 84 4969 1677 5049; baseline -0.003 -19"><span class='ocrx_word' id='word_1_514' title='bbox 84 4979 150 5047; x_wconf 75' lang='lat' dir='ltr'><strong>giso</strong></span> <span class='ocrx_word' id='word_1_515' title='bbox 164 4977 261 5031; x_wconf 70' lang='lat' dir='ltr'><strong>asini.</strong></span> <span class='ocrx_word' id='word_1_516' title='bbox 310 4973 435 5029; x_wconf 78' lang='lat' dir='ltr'><strong>Partitis</strong></span> <span class='ocrx_word' id='word_1_517' title='bbox 447 4975 606 5048; x_wconf 63' lang='lat' dir='ltr'><strong>auspiciis</strong></span> <span class='ocrx_word' id='word_1_518' title='bbox 621 4974 745 5049; x_wconf 78' lang='lat' dir='ltr'><strong>(scilicet</strong></span> <span class='ocrx_word' id='word_1_519' title='bbox 761 4974 823 5026; x_wconf 78' lang='lat' dir='ltr'><strong>tort</strong></span> <span class='ocrx_word' id='word_1_520' title='bbox 824 4969 843 5039; x_wconf 86' lang='lat'><em>)</em></span> <span class='ocrx_word' id='word_1_521' title='bbox 883 4971 1076 5039; x_wconf 74' lang='lat' dir='ltr'><strong>“custoditili</strong></span> <span class='ocrx_word' id='word_1_522' title='bbox 1091 4981 1233 5038; x_wconf 88' lang='lat' dir='ltr'><strong>cortuum,</strong></span> <span class='ocrx_word' id='word_1_523' title='bbox 1247 4973 1543 5044; x_wconf 88' lang='lat' dir='ltr'><strong>namindeprocedunt</strong></span> <span class='ocrx_word' id='word_1_524' title='bbox 1556 4971 1677 5026; x_wconf 85' lang='lat' dir='ltr'><strong>actiones</strong></span> 
     </span>
     <span class='ocr_line' id='line_1_47' title="bbox 87 5050 1677 5126; baseline -0.003 -18"><span class='ocrx_word' id='word_1_525' title='bbox 87 5057 117 5108; x_wconf 75' lang='lat' dir='ltr'><strong>r&#39;s</strong></span> <span class='ocrx_word' id='word_1_526' title='bbox 130 5056 225 5109; x_wconf 69' lang='lat' dir='ltr'><strong>mm</strong></span> <span class='ocrx_word' id='word_1_527' title='bbox 239 5054 364 5126; x_wconf 57' lang='lat' dir='ltr'><strong>cispite,</strong></span> <span class='ocrx_word' id='word_1_528' title='bbox 378 5064 404 5108; x_wconf 81' lang='lat' dir='ltr'><strong>ct</strong></span> <span class='ocrx_word' id='word_1_529' title='bbox 417 5055 509 5109; x_wconf 81' lang='lat' dir='ltr'><strong>bonnm</strong></span> <span class='ocrx_word' id='word_1_530' title='bbox 522 5062 708 5125; x_wconf 79' lang='lat' dir='ltr'><strong>conparatum.</strong></span> <span class='ocrx_word' id='word_1_531' title='bbox 750 5051 845 5107; x_wconf 81' lang='lat' dir='ltr'><strong>Porti·</strong></span> <span class='ocrx_word' id='word_1_532' title='bbox 882 5053 971 5108; x_wconf 56' lang='lat' dir='ltr'><strong>vitae?</strong></span> <span class='ocrx_word' id='word_1_533' title='bbox 1013 5054 1046 5108; x_wconf 85' lang='lat' dir='ltr'><strong>In</strong></span> <span class='ocrx_word' id='word_1_534' title='bbox 1060 5053 1142 5122; x_wconf 87' lang='lat' dir='ltr'><strong>hujus</strong></span> <span class='ocrx_word' id='word_1_535' title='bbox 1160 5052 1280 5108; x_wconf 81' lang='lat' dir='ltr'><strong>scientiae</strong></span> <span class='ocrx_word' id='word_1_536' title='bbox 1293 5054 1509 5125; x_wconf 83' lang='lat' dir='ltr'><strong>pertractatione,</strong></span> <span class='ocrx_word' id='word_1_537' title='bbox 1524 5050 1571 5122; x_wconf 89' lang='lat' dir='ltr'><strong>qui</strong></span> <span class='ocrx_word' id='word_1_538' title='bbox 1591 5051 1625 5106; x_wconf 89' lang='lat' dir='ltr'><strong>de</strong></span> <span class='ocrx_word' id='word_1_539' title='bbox 1643 5065 1677 5104; x_wconf 90' lang='lat' dir='ltr'><strong>ea</strong></span> 
     </span>
     <span class='ocr_line' id='line_1_48' title="bbox 87 5129 1677 5206; baseline -0.001 -20"><span class='ocrx_word' id='word_1_540' title='bbox 87 5138 125 5187; x_wconf 84' lang='lat' dir='ltr'><strong>tio</strong></span> <span class='ocrx_word' id='word_1_541' title='bbox 145 5135 209 5188; x_wconf 80' lang='lat' dir='ltr'><strong>boni</strong></span> <span class='ocrx_word' id='word_1_542' title='bbox 221 5136 366 5206; x_wconf 65' lang='lat' dir='ltr'><strong>simplices,</strong></span> <span class='ocrx_word' id='word_1_543' title='bbox 377 5136 406 5187; x_wconf 83' lang='lat' dir='ltr'><strong>in</strong></span> <span class='ocrx_word' id='word_1_544' title='bbox 418 5134 510 5189; x_wconf 81' lang='lat' dir='ltr'><strong>bonnm</strong></span> <span class='ocrx_word' id='word_1_545' title='bbox 524 5133 846 5200; x_wconf 63' lang='lat' dir='ltr'><strong>{monumentorum</strong></span> <span class='ocrx_word' id='word_1_546' title='bbox 885 5132 1058 5202; x_wconf 85' lang='lat' dir='ltr'><strong>scripsemnt,</strong></span> <span class='ocrx_word' id='word_1_547' title='bbox 1069 5133 1182 5204; x_wconf 90' lang='lat' dir='ltr'><strong>perinde</strong></span> <span class='ocrx_word' id='word_1_548' title='bbox 1196 5132 1265 5187; x_wconf 89' lang='lat' dir='ltr'><strong>mihi</strong></span> <span class='ocrx_word' id='word_1_549' title='bbox 1279 5132 1377 5188; x_wconf 77' lang='lat' dir='ltr'><strong>secisse</strong></span> <span class='ocrx_word' id='word_1_550' title='bbox 1389 5132 1520 5195; x_wconf 85' lang='lat' dir='ltr'><strong>ridentur,</strong></span> <span class='ocrx_word' id='word_1_551' title='bbox 1531 5146 1563 5184; x_wconf 89' lang='lat' dir='ltr'><strong>ac</strong></span> <span class='ocrx_word' id='word_1_552' title='bbox 1577 5130 1600 5184; x_wconf 91' lang='lat' dir='ltr'><strong>si</strong></span> <span class='ocrx_word' id='word_1_553' title='bbox 1615 5129 1677 5200; x_wconf 89' lang='lat' dir='ltr'><strong>quis</strong></span> 
     </span>
     <span class='ocr_line' id='line_1_49' title="bbox 87 5209 1677 5282; baseline -0.002 -15"><span class='ocrx_word' id='word_1_554' title='bbox 87 5214 288 5268; x_wconf 70' lang='lat' dir='ltr'><strong>emissis.</strong></span> <span class='ocrx_word' id='word_1_555' title='bbox 883 5212 1020 5266; x_wconf 91' lang='lat' dir='ltr'><strong>scribendi</strong></span> <span class='ocrx_word' id='word_1_556' title='bbox 1039 5219 1125 5268; x_wconf 88' lang='lat' dir='ltr'><strong>artem</strong></span> <span class='ocrx_word' id='word_1_557' title='bbox 1147 5211 1253 5266; x_wconf 72' lang='lat' dir='ltr'><strong>baderc</strong></span> <span class='ocrx_word' id='word_1_558' title='bbox 1271 5212 1416 5282; x_wconf 87' lang='lat' dir='ltr'><strong>pollicitus,</strong></span> <span class='ocrx_word' id='word_1_559' title='bbox 1439 5209 1553 5282; x_wconf 91' lang='lat' dir='ltr'><strong>pulchra</strong></span> <span class='ocrx_word' id='word_1_560' title='bbox 1572 5215 1677 5264; x_wconf 89' lang='lat' dir='ltr'><strong>tantum</strong></span> 
     </span>
    </p>

    <p class='ocr_par' dir='ltr' id='par_1_12' title="bbox 88 5287 1678 5445">
     <span class='ocr_line' id='line_1_50' title="bbox 885 5287 1677 5363; baseline -0.001 -19"><span class='ocrx_word' id='word_1_561' title='bbox 885 5290 1015 5345; x_wconf 87' lang='lat' dir='ltr'><strong>exhibeat</strong></span> <span class='ocrx_word' id='word_1_562' title='bbox 1047 5292 1217 5363; x_wconf 86' lang='lat' dir='ltr'><strong>exemplaris</strong></span> <span class='ocrx_word' id='word_1_563' title='bbox 1249 5290 1389 5346; x_wconf 79' lang='lat' dir='ltr'><strong>literanum</strong></span> <span class='ocrx_word' id='word_1_564' title='bbox 1422 5298 1479 5344; x_wconf 90' lang='lat' dir='ltr'><strong>tarn</strong></span> <span class='ocrx_word' id='word_1_565' title='bbox 1511 5287 1677 5357; x_wconf 90' lang='lat' dir='ltr'><strong>simplicium</strong></span> 
     </span>
     <span class='ocr_line' id='line_1_51' title="bbox 88 5366 1678 5445; baseline -0.004 -18"><span class='ocrx_word' id='word_1_566' title='bbox 88 5371 283 5427; x_wconf 64' lang='lat' dir='ltr'><strong>marmus</strong></span> <span class='ocrx_word' id='word_1_567' title='bbox 305 5378 347 5427; x_wconf 86' lang='lat' dir='ltr'><strong>est</strong></span> <span class='ocrx_word' id='word_1_568' title='bbox 368 5368 435 5445; x_wconf 85' lang='lat' dir='ltr'><strong>(rex</strong></span> <span class='ocrx_word' id='word_1_569' title='bbox 453 5369 567 5442; x_wconf 83' lang='lat' dir='ltr'><strong>optime)</strong></span> <span class='ocrx_word' id='word_1_570' title='bbox 586 5370 621 5425; x_wconf 89' lang='lat' dir='ltr'><strong>ad</strong></span> <span class='ocrx_word' id='word_1_571' title='bbox 639 5369 765 5434; x_wconf 88' lang='lat' dir='ltr'><strong>ethicam,</strong></span> <span class='ocrx_word' id='word_1_572' title='bbox 783 5388 845 5441; x_wconf 76' lang='lat' dir='ltr'><strong>quis</strong></span> <span class='ocrx_word' id='word_1_573' title='bbox 885 5386 967 5440; x_wconf 91' lang='lat' dir='ltr'><strong>quam</strong></span> <span class='ocrx_word' id='word_1_574' title='bbox 985 5370 1184 5442; x_wconf 85' lang='lat' dir='ltr'><strong>copulatarum:</strong></span> <span class='ocrx_word' id='word_1_575' title='bbox 1205 5371 1239 5425; x_wconf 88' lang='lat' dir='ltr'><strong>de</strong></span> <span class='ocrx_word' id='word_1_576' title='bbox 1263 5370 1369 5425; x_wconf 78' lang='lat' dir='ltr'><strong>calam</strong></span> <span class='ocrx_word' id='word_1_577' title='bbox 1389 5385 1454 5424; x_wconf 82' lang='lat' dir='ltr'><strong>sero</strong></span> <span class='ocrx_word' id='word_1_578' title='bbox 1478 5366 1608 5434; x_wconf 91' lang='lat' dir='ltr'><strong>ducendo,</strong></span> <span class='ocrx_word' id='word_1_579' title='bbox 1629 5373 1678 5422; x_wconf 88' lang='lat' dir='ltr'><strong>sut</strong></span> 
     </span>
    </p>
   </div>
   <div class='ocr_carea' id='block_1_12' title="bbox 51 5447 1678 5584">
    <p class='ocr_par' dir='ltr' id='par_1_13' title="bbox 51 5447 1678 5584">
     <span class='ocr_line' id='line_1_52' title="bbox 51 5447 1678 5583; baseline -0.001 -79"><span class='ocrx_word' id='word_1_580' title='bbox 51 5451 216 5508; x_wconf 74' lang='lat' dir='ltr'><strong>volontatem</strong></span> <span class='ocrx_word' id='word_1_581' title='bbox 231 5451 382 5507; x_wconf 83' lang='lat' dir='ltr'><strong>humanam</strong></span> <span class='ocrx_word' id='word_1_582' title='bbox 395 5450 673 5583; x_wconf 48' lang='lat' dir='ltr'><strong>igmetrqrrettractat.</strong></span> <span class='ocrx_word' id='word_1_583' title='bbox 715 5449 845 5506; x_wconf 86' lang='lat' dir='ltr'><strong>Volunta-</strong></span> <span class='ocrx_word' id='word_1_584' title='bbox 884 5449 972 5505; x_wconf 89' lang='lat' dir='ltr'><strong>modis</strong></span> <span class='ocrx_word' id='word_1_585' title='bbox 990 5450 1160 5509; x_wconf 89' lang='lat' dir='ltr'><strong>characteres</strong></span> <span class='ocrx_word' id='word_1_586' title='bbox 1181 5450 1349 5516; x_wconf 82' lang='lat' dir='ltr'><strong>efformaudi,</strong></span> <span class='ocrx_word' id='word_1_587' title='bbox 1367 5447 1439 5504; x_wconf 89' lang='lat' dir='ltr'><strong>nihil</strong></span> <span class='ocrx_word' id='word_1_588' title='bbox 1459 5447 1619 5521; x_wconf 77' lang='lat' dir='ltr'><strong>pracipiat:</strong></span> <span class='ocrx_word' id='word_1_589' title='bbox 1639 5447 1678 5503; x_wconf 87' lang='lat' dir='ltr'><strong>ita</strong></span> 
     </span>
     <span class='ocr_line' id='line_1_53' title="bbox 443 5545 460 5584; baseline 0 0"><span class='ocrx_word' id='word_1_590' title='bbox 443 5545 460 5584; x_wconf 90' lang='lat' dir='ltr'><strong>o</strong></span> 
     </span>
    </p>
   </div>
   <div class='ocr_carea' id='block_1_13' title="bbox 0 0 1905 5875">
    <p class='ocr_par' dir='ltr' id='par_1_14' title="bbox 0 0 1905 5875">
     <span class='ocr_line' id='line_1_54' title="bbox 0 0 1905 5875; baseline 0 0"><span class='ocrx_word' id='word_1_591' title='bbox 0 0 1905 5875; x_wconf 95' lang='lat' dir='ltr'><strong> </strong></span> 
     </span>
    </p>
   </div>
  </div>
 </body>
</html>
