3800 5875
251 269 310 328 288
526 296 536 307 ·
857 269 1104 328 ms‘rnlaurlo
1125 271 1269 328 OPERIS.

252 428 400 494 ventilatio,
421 445 511 484 serum
530 429 611 484 rebare
631 428 713 500 plane
734 428 886 500 dmpemtis
907 436 994 484 tentat
1010 446 1051 484 re-
1087 445 1197 499 prorsns
1214 448 1245 486 se
1258 429 1360 484 babere
1373 428 1471 483 illaad
1491 444 1535 483 rea
1558 436 1586 483 et
1598 442 1688 498 opera,
1701 429 1852 499 quemadmo

252 507 389 563 medium:
408 525 460 563 nec
479 509 619 580 negotium
635 508 793 562 ullomodo
805 509 930 573 restituit,
944 516 993 563 aut
1010 525 1050 563 er·
1087 510 1151 563 dum
1165 509 1253 564 literae
1271 508 1412 578 alphabeti
1435 525 1466 562 se
1487 508 1606 562 habeant
1623 508 1659 560 ad
1680 508 1853 563 orationenet

252 603 327 642 rores
340 595 458 658 separat.
501 589 596 658 ltaque
610 587 686 641 nulla
699 604 762 656 spes
776 588 889 656 majoris
908 589 1049 658 augmenti
1089 589 1191 651 verba;
1214 606 1276 659 quaa
1289 587 1355 642 licet
1366 603 1416 657 per
1428 603 1459 642 ae
1471 586 1591 651 inutiles,
1603 586 1703 641 mem
1715 594 1798 641 umen
1808 605 1852 643 on·

252 683 285 719 ac
299 683 461 737 progressus
481 668 535 721 sita
547 673 597 732 est,
611 666 664 720 nisi
678 666 706 720 in
720 666 916 721 restauratione
930 668 1049 737 quadam
1087 668 1130 721 nis
1144 667 1276 722 sermonis
1289 665 1424 721 elementa
1437 672 1509 720 sunt.

252 746 434 801 scientiarum.
1129 746 1277 800 ludelectu
1291 753 1382 800 autem
1394 745 1579 799 narrationum
1592 751 1620 797 et
1633 745 1853 813 experimentorum

294 824 384 893 Hujus
399 832 490 879 autem
512 823 625 878 exordia
638 823 780 878 omuinoa
797 823 915 879 naturali
933 823 1049 878 historia
1088 824 1186 879 melius
1199 825 1356 879 hominibus
1370 824 1475 879 cavisse
1488 839 1539 877 nos
1552 822 1720 887 arbitramur,
1733 840 1805 894 quam
1816 827 1852 895 qui

252 905 383 958 sumenda
396 913 465 967 aunt,
480 919 566 974 eaque
586 903 648 973 ipsa
661 904 727 956 novi
744 904 886 972 cujusdam
899 904 1007 973 generis
1022 913 1050 958 et
1087 904 1176 958 adhuc
1189 906 1218 957 iu
1231 904 1345 959 historia
1354 903 1469 958 naturah
1480 903 1579 957 versati
1593 910 1663 957 sunt
1702 904 1771 956 Nam
1778 907 1852 957 omnia

206 1042 209 1047 ,
253 990 410 1053 apparatus
451 983 565 1037 Frustra
578 982 651 1035 enim
666 982 748 1037 merit
760 981 901 1052 speculum
914 982 1047 1051 expolire,
1087 983 1140 1037 fida
1154 982 1284 1048 occulata,
1303 992 1351 1037 aut
1363 982 1459 1037 saltem
1473 989 1624 1052 perspecta,
1638 987 1666 1035 et
1686 998 1785 1035 summa
1802 999 1852 1053 qna-

253 1062 276 1116 si
291 1060 381 1117 desint
392 1061 544 1132 imagines:
565 1068 594 1115 et
606 1059 686 1130 plane
700 1062 815 1115 materis
834 1061 932 1115 idonea
944 1077 1048 1132 prmpa·
1086 1063 1149 1116 dam
1163 1079 1225 1116 cum
1245 1065 1386 1117 serentate
1400 1061 1566 1131 recipimus:
1586 1061 1626 1114 ita
1643 1068 1676 1114 ut
1687 1061 1726 1114 nil
1743 1062 1852 1116 sciemur

252 1140 336 1195 rande
349 1147 392 1195 est
403 1139 560 1203 intellectui,
575 1156 629 1194 non
644 1139 731 1194 solnm
753 1139 881 1210 praesidia
902 1140 956 1193 fida
976 1157 1048 1197 com·
1086 1151 1196 1196 auctum
1209 1141 1332 1196 miraculi
1346 1157 1437 1205 musa,
1451 1140 1500 1194 scd
1514 1156 1576 1210 quea
1588 1156 1735 1203 muamus,
1745 1156 1762 1193 a
1773 1140 1852 1195 tabulis

252 1219 381 1290 paranda.
423 1219 596 1274 Differtvero
609 1236 702 1273 rursus
716 1220 829 1273 historia
838 1227 931 1273 nostra
942 1222 1048 1290 (quem-
1086 1227 1114 1274 et
1127 1221 1246 1275 vanitate
1260 1228 1336 1274 easta
1348 1227 1376 1275 et
1388 1221 1554 1274 intemerata‘
1563 1219 1627 1273 sint.
1676 1217 1852 1278 Ουίυεῑίιωιΐ

251 1298 397 1352 admodum
409 1297 499 1369 logica
511 1299 616 1365 nostra)
630 1298 666 1352 ab
679 1315 721 1363 ea,
734 1315 796 1369 quse
815 1298 938 1363 habetur,
953 1299 1048 1355 multis
1085 1308 1196 1370 recepta
1211 1316 1323 1370 quaque
1336 1316 1368 1354 ac
1386 1300 1492 1366 jactata
1507 1297 1651 1353 meamus
1664 1300 1736 1367 (quac
1754 1299 1851 1352 nimbili

251 1378 352 1432 rebuse
377 1377 439 1442 fine,
461 1379 519 1432 aive
542 1377 648 1441 officim
678 1378 741 1448 ipsa
757 1377 830 1432 mole
852 1385 881 1431 et
904 1379 1045 1447 congerie3
1086 1379 1203 1449 quodam
1222 1378 1349 1449 neglectu
1370 1395 1420 1449 per
1439 1377 1532 1432 secula
1551 1376 1639 1432 multa
1658 1377 1820 1440 obducerent,
1831 1386 1852 1431 et

251 1457 314 1512 dein
333 1456 500 1521 subtilitate3
522 1457 605 1510 etiam
626 1456 739 1523 delectu,
759 1464 788 1511 et
804 1457 997 1511 coarctatione
1017 1459 1046 1514 in
1084 1457 1235 1512 inveterata
1245 1461 1321 1526 sunt)
1333 1457 1493 1513 nominatim
1504 1456 1850 1528 proscribimusetnotanus,

253 1536 347 1591 ordine
362 1536 398 1590 ad
411 1552 452 1601 ea,
467 1553 528 1607 quae
541 1544 699 1605 sequuntur.
1085 1553 1119 1591 ne
1131 1537 1254 1592 emendis
1267 1537 1384 1607 amplius
1396 1535 1512 1591 molesta
1524 1535 1588 1590 sint.
1629 1535 1707 1597 Quod
1726 1536 1792 1589 enim
1802 1553 1850 1605 pm·

291 1615 385 1671 Primo
404 1616 478 1669 enim
496 1631 558 1669 eam
576 1615 754 1684 proponimus
772 1614 916 1671 historiam
934 1621 1045 1670 naham·
1084 1615 1178 1671 denter
1190 1616 1381 1670 animadvertit
1395 1615 1523 1686 quidam
1551 1613 1658 1670 fabulas
1679 1621 1707 1669 et
1723 1615 1850 1685 superstiti·

250 1693 314 1759 lem,
328 1712 390 1765 quae
403 1710 459 1749 non
472 1701 529 1748 tam
542 1702 591 1748 aut
603 1711 695 1747 rerum
707 1695 839 1749 variatam
859 1695 982 1759 delectet,
999 1704 1047 1750 aut
1084 1711 1158 1761 ones,
1183 1705 1212 1749 et
1237 1712 1332 1766 nugas,
1356 1711 1425 1765 quas
1451 1694 1594 1749 nutriculae
1620 1695 1712 1765 pueris
1734 1693 1849 1754 instillant,

250 1774 379 1845 praesenti
390 1775 638 1844 experimentorum
651 1772 740 1827 fructu
749 1774 842 1842 juvet;
864 1773 1046 1845 quamlucem
1084 1783 1189 1830 mentes
1213 1791 1309 1829 eorum
1329 1775 1413 1829 etiarn
1434 1774 1506 1828 serio
1529 1773 1697 1844 depravare:
1717 1773 1755 1826 its
1775 1773 1850 1826 eaden

251 1853 401 1908 inventioni
413 1870 555 1909 caumrum
568 1851 695 1916 affamdat,
707 1861 735 1906 et
748 1853 931 1923 philosophia
945 1853 1046 1908 enutri·
1083 1870 1134 1909 uos
1148 1854 1232 1909 movit
1245 1855 1323 1918 ratio,
1338 1862 1367 1907 ut
1380 1852 1479 1907 soliciti
1499 1861 1582 1924 atque
1596 1853 1681 1907 etiam
1694 1853 1765 1907 anxii
1777 1853 1849 1914 nnus

251 1934 345 1987 madia
371 1934 488 2003 primam
513 1948 661 1985 mammam
683 1932 811 2000 praebeat
865 1932 944 1986 Licet
971 1933 1045 1987 euim
1083 1949 1118 1986 ne
1132 1934 1168 1987 ab
1187 1934 1273 1997 initio,
1288 1951 1351 1987 cum
1364 1933 1448 1986 veluti
1467 1932 1610 1986 infantiam
1625 1931 1798 2002 philosophie
1813 1932 1850 1984 aab

251 2028 343 2083 opera,
358 2021 440 2082 atque
460 2010 576 2065 activam
596 2010 770 2065 scientiarum
789 2019 893 2082 partem
908 2012 1045 2083 praecipue
1084 2010 1200 2067 historia
1222 2012 1339 2066 naturali
1361 2019 1507 2066 tractemus
1528 2020 1555 2066 et
1576 2028 1711 2075 cuminus,
1724 2011 1769 2066 illa
1786 2009 1851 2065 alicu

252 2107 406 2162 sequamur,
430 2099 521 2145 temen
539 2089 637 2143 messis
657 2097 765 2161 tempus
790 2099 974 2161 expectamus,
994 2108 1045 2145 nec
1083 2092 1197 2146 vanitati
1211 2099 1356 2146 assumeat
1381 2090 1418 2145 At
1430 2091 1459 2144 in
1474 2092 1548 2145 omni
1562 2091 1750 2160 experimento
1761 2106 1821 2143 noro
1830 2098 1852 2141 et

251 2186 375 2225 muscum
393 2177 422 2224 et
444 2176 564 2240 segetem
584 2167 727 2223 herbidam
746 2169 883 2225 demetere
906 2186 1043 2225 conamur.
1083 2171 1165 2240 paulo
1188 2171 1338 2236 subtiliore,
1352 2170 1418 2224 licet
1441 2173 1487 2238 (ut
1509 2170 1588 2224 uoltis
1609 2170 1728 2237 videtur)
1747 2177 1811 2223 certo
1827 2184 1851 2220 ac

252 2248 325 2303 Satis
338 2248 411 2303 enim
425 2249 526 2304 murus
544 2247 684 2301 axiomata
703 2257 778 2303 recte
792 2250 912 2315 inventa,
927 2255 986 2303 tota
998 2268 1045 2321 ag·
1082 2251 1204 2320 probato,
1218 2251 1330 2304 modum
1342 2257 1433 2303 tamen
1447 2250 1640 2320 experimenti,
1651 2266 1705 2321 quo
1717 2250 1757 2303 nsi
1769 2265 1851 2310 sumus

250 2329 451 2398 minauperum
464 2344 558 2381 secum
570 2326 695 2394 trahem
710 2336 791 2399 atquc
805 2345 957 2400 operanou
970 2346 1045 2400 spar-
1082 2338 1174 2399 aperte
1197 2330 1404 2400 subjungimus:
1425 2335 1464 2394 ut,
1479 2339 1626 2400 postquam
1649 2329 1802 2398 patelanam
1818 2328 1852 2390 sit,

251 2408 313 2472 sim,
327 2408 374 2462 sed
384 2407 526 2462 confertim
535 2406 676 2461 exhibere.
716 2408 1044 2477 Intempestivumautem
1082 2410 1217 2479 quomodo
1231 2408 1339 2480 singula
1347 2408 1427 2463 uobis
1440 2409 1619 2472 constiterint,
1630 2409 1739 2463 videant
1748 2407 1852 2462 homiues

249 2486 329 2541 illum
342 2493 369 2541 et
381 2486 514 2556 puerilem
527 2484 662 2552 affectum,
676 2492 708 2541 ut
720 2487 837 2559 pignora
856 2487 950 2558 aliqua
962 2504 1045 2543 novo-
1082 2489 1147 2559 quid
1161 2488 1260 2544 erroris
1280 2489 1390 2542 subesse
1405 2494 1433 2542 et
1453 2486 1592 2542 adhaerere
1606 2489 1712 2558 possin
1738 2495 1810 2557 atque
1825 2484 1852 2538 ad

249 2582 313 2621 rum
329 2582 441 2637 operum
459 2582 575 2636 propere
589 2569 740 2635 captentur,
755 2583 866 2637 prorsus
884 2567 1044 2623 damnamus
1081 2568 1254 2637 probationes
1263 2568 1353 2638 magis
1365 2567 1441 2630 fidas,
1451 2576 1480 2620 et
1492 2568 1581 2639 magia
1595 2568 1747 2639 exquisitas
1761 2567 1792 2634 (si
1804 2581 1852 2636 qua

250 2652 280 2700 et
298 2662 463 2711 amovemus,
482 2661 534 2700 cen
553 2661 667 2715 pomum
684 2645 827 2711 Atalantae,
842 2646 915 2716 quod
933 2664 1044 2701 cursum
1081 2645 1149 2716 sint)
1176 2647 1418 2717 expergiscantur:
1449 2647 1566 2717 denique
1589 2647 1693 2718 ubique
1715 2646 1812 2708 monita,
1831 2651 1853 2697 ct

250 2726 377 2780 retardat
417 2726 506 2796 Atque
521 2723 643 2780 historin
654 2732 754 2781 nocuas
772 2725 904 2780 naturalis
924 2726 1043 2782 officium
1081 2726 1229 2797 scrupulos,
1243 2733 1273 2780 et
1292 2727 1430 2781 cautiones
1453 2726 1634 2798 aspergimus,
1659 2725 1783 2796 religim
1800 2739 1853 2793 qua·

250 2803 305 2859 tale
318 2811 367 2860 est.
1081 2804 1151 2870 dam,
1179 2813 1208 2860 et
1227 2814 1359 2876 tanquam
1385 2806 1538 2860 exorcismo
1564 2806 1660 2860 omnia
1685 2804 1853 2876 phaaumsu

290 2884 384 2946 Quoad
398 2885 553 2957 congeriem
566 2900 638 2950 vero,
652 2883 811 2942 conficimus
824 2883 969 2941 historiam
987 2901 1042 2941 non
1081 2885 1229 2954 ejicientes,
1244 2900 1275 2940 ac
1289 2884 1457 2940 cohibentes.

250 2964 447 3020 columnaturre
455 2965 771 3034 liberaracsolutae(cum
779 2965 1042 3035 scilicetillasponte
1120 2965 1268 3030 Postremo,
1282 2982 1344 3019 cum
1365 2964 1445 3020 nobie
1463 2963 1638 3035 exploratum
1651 2967 1694 3030 sit,
1708 2970 1851 3037 quantopere

250 3044 317 3110 fluit,
329 3052 434 3116 etopus
445 3062 524 3100 auum
532 3045 653 3117 peragit3
671 3044 760 3115 qualis
770 3052 812 3100 est
822 3045 937 3099 historia
946 3044 1042 3101 eoelea·
1080 3047 1250 3116 experientia
1257 3054 1286 3100 et
1296 3045 1409 3100 historia
1422 3045 1510 3099 aciem
1518 3047 1619 3100 mentis
1632 3045 1757 3101 humanm
1768 3044 1851 3114 disgre·

249 3123 326 3189 tium,
337 3132 525 3191 meteororum,
537 3134 616 3179 terrra
630 3130 657 3177 et
666 3124 758 3188 maris,
772 3123 951 3189 mineralium,
966 3124 1042 3195 plan·
1080 3132 1142 3194 get,
1172 3133 1200 3179 et
1223 3141 1306 3196 quam
1329 3123 1438 3179 difficile
1463 3126 1499 3178 sit
1522 3125 1688 3194 (prasertim
1711 3123 1800 3178 animis
1817 3120 1851 3173 vel

249 3209 347 3269 tarum,
355 3204 528 3272 animalium)
536 3203 1043 3273 sedmultomagisnaturaeconstrictae
1080 3204 1188 3279 teneris,
1201 3204 1246 3259 vel
1268 3205 1479 3275 praeoccupatis)
1496 3221 1514 3257 a
1535 3204 1754 3274 principiorum
1774 3209 1851 3256 nabin

250 3289 279 3336 et
296 3290 419 3348 razatem
440 3299 547 3354 nempe,
567 3299 629 3337 cum
649 3299 699 3351 per
722 3292 807 3337 artem
821 3290 849 3336 et
862 3283 1041 3337 ministerium
1080 3299 1271 3348 consuescere3
1292 3283 1467 3353 adjungimus
1481 3283 1582 3354 saepius
1595 3284 1850 3338 observationesnos·

250 3360 399 3417 humanum
413 3363 446 3417 de
459 3370 531 3417 statu
544 3378 594 3416 suo
606 3362 766 3426 detruditur,
776 3371 857 3433 atque
870 3362 1002 3431 premitur
1015 3373 1043 3418 et
1080 3370 1144 3426 tras,
1156 3370 1286 3434 tanquam
1299 3363 1401 3433 primas
1412 3363 1544 3432 quasdam
1554 3364 1744 3417 conversiones
1755 3369 1782 3415 et
1791 3357 1851 3413 incli

249 3441 369 3512 fingitur.
411 3443 506 3513 Itaque
520 3441 613 3496 omnia
629 3441 728 3521 artium
742 3441 969 3506 mechanicarum,
984 3459 1042 3496 om·
1078 3442 1210 3507 nationes,
1233 3458 1266 3496 ac
1289 3441 1372 3495 veluti
1397 3449 1524 3511 aspectus
1546 3442 1670 3496 historias
1694 3441 1728 3496 ad
1750 3438 1850 3511 philoso-

250 3520 298 3574 nia
312 3521 458 3592 operativa
471 3521 557 3591 partia
571 3520 734 3584 liberalium,
749 3520 841 3574 omnia
858 3521 1041 3591 practicarum
1079 3521 1191 3590 phiam:
1217 3529 1249 3576 ut
1269 3528 1296 3575 et
1309 3521 1432 3592 pignoris
1455 3520 1517 3574 loco
1530 3520 1688 3576 hominibus
1709 3522 1766 3584 siut
1778 3533 1818 3572 eos
1828 3516 1852 3569 io

250 3600 439 3670 complurium,
450 3618 511 3671 quae
524 3600 553 3653 in
563 3608 649 3653 artem
658 3601 797 3669 propriam
810 3617 866 3654 non
876 3599 1040 3665 coaluerunt,
1078 3598 1199 3655 historiae
1212 3601 1338 3656 fluctibus
1351 3609 1484 3669 perpetuo
1497 3616 1551 3654 uon
1561 3599 1702 3655 detentum
1710 3599 1756 3662 iri;
1776 3606 1851 3667 utque,

249 3681 435 3750 experimenta
449 3683 592 3751 (qnantum
610 3679 746 3749 inquirere
760 3678 846 3744 licuit,
860 3687 889 3733 et
909 3687 1041 3750 quantum
1079 3695 1142 3733 cum
1155 3680 1191 3733 ad
1213 3696 1282 3749 opus
1296 3677 1448 3733 intellectus
1461 3679 1628 3743 deveniatur,
1643 3680 1735 3733 omnia
1746 3678 1794 3732 nat
1805 3689 1851 3728 me

250 3759 375 3814 adfinem
386 3768 507 3814 nostrum
518 3758 634 3827 iscium)
646 3759 846 3827 perscribimus.
875 3758 1041 3819 Quinetiam
1079 3759 1122 3829 gia
1144 3759 1174 3812 in
1197 3760 1346 3829 procinctu.
1386 3757 1479 3828 Atque
1499 3775 1549 3829 per
1569 3758 1726 3827 hujusmodi
1749 3753 1852 3827 (qualem

252 3840 296 3905 (ut
309 3839 382 3910 quod
406 3854 452 3893 res
471 3846 522 3903 est,
543 3837 714 3907 eloquamur)
736 3839 836 3893 fastum
854 3837 996 3892 hominum
1013 3846 1041 3892 et
1079 3838 1269 3905 describimus)
1285 3837 1430 3891 historiam
1442 3837 1603 3900 naturalem,
1617 3837 1723 3891 aditum
1737 3832 1852 3907 quendam

250 3918 374 3986 speciosa
395 3918 436 3973 nil
459 3917 566 3982 morati,
581 3916 667 3972 multo
689 3916 751 3987 plus
772 3925 800 3970 et
819 3933 910 3987 operae
923 3923 951 3971 et
971 3934 1041 3988 proe·
1078 3916 1137 3971 fieri
1151 3933 1231 3987 posse
1244 3916 1279 3970 ad
1292 3924 1415 3970 natumm
1426 3924 1514 3970 tutum
1533 3925 1561 3970 et
1573 3916 1759 3980 commodum,
1785 3921 1852 3983 atque

250 3997 313 4050 sidii
333 3997 363 4051 in
384 3996 437 4051 hac
457 4003 541 4068 parte,
564 4013 645 4067 quam
663 3997 693 4050 in
717 3995 765 4051 illa
786 3995 878 4061 altera,
899 3996 1040 4066 ponimus:
1079 3997 1221 4050 materiam
1233 3994 1382 4050 intellectui
1395 3995 1511 4066 praeberi
1523 3995 1639 4066 probam
1653 4003 1682 4050 et
1694 4001 1852 4066 preparatam

250 4075 467 4146 quandoquidem
489 4083 586 4130 aalma
604 4092 694 4130 rerum
717 4077 806 4147 magis
830 4093 860 4130 se
879 4075 970 4145 prodit
992 4092 1042 4146 per
1079 4092 1228 4131 censemus.

249 4155 407 4209 vexationes
420 4157 494 4219 artis,
507 4172 589 4225 quam
602 4156 632 4209 in
645 4155 769 4209 libertate
784 4154 902 4226 propria.

288 4234 387 4304 Neque
397 4250 538 4303 corporum
549 4242 653 4289 tantum
662 4234 804 4289 historiam
814 4233 983 4298 exhibemus,
993 4234 1041 4288 sed
1118 4233 1278 4296 Poscunarr
1299 4249 1365 4287 vero
1383 4238 1413 4286 et
1424 4231 1592 4286 intellectum
1606 4231 1746 4287 fidissimis
1757 4224 1853 4283 auxiliis

250 4312 402 4384 diligentiis
424 4313 535 4383 insuper
561 4321 661 4368 normas
686 4330 746 4367 esse
775 4313 934 4384 putavimus,
957 4314 1040 4368 ctiam
1079 4312 1587 4384 acpraesidiisstipavimuaetjustum
1596 4312 1854 4378 divinorumoperum

248 4392 381 4446 virtutum
402 4392 524 4461 ipserum
547 4392 669 4464 (illarum
689 4392 811 4457 dicimus,
825 4408 887 4462 qum
911 4400 1040 4462 tanquam
1079 4393 1229 4447 exercitum
1248 4392 1422 4446 severissimo
1445 4390 1551 4445 delectu
1572 4391 1800 4461 comparavimutt
1821 4382 1854 4436 ¹¹ss

248 4469 399 4525 cardinales
421 4470 450 4525 in
463 4479 560 4525 natura
580 4472 685 4527 censeri
707 4472 819 4541 possint,
844 4480 871 4524 et
891 4472 919 4524 in
943 4472 1041 4541 quibus
1079 4472 1197 4541 amplius
1225 4486 1367 4540 superesse
1394 4470 1507 4534 videtur,
1534 4470 1587 4523 nisi
1610 4481 1641 4524 ut
1667 4463 1853 4539 philosophiam

248 4556 354 4606 naturae
366 4549 516 4619 primordia
524 4549 604 4621 plane
618 4552 831 4614 constituuntur3
853 4557 944 4620 utpote
955 4559 1040 4606 mate·
1079 4552 1167 4620 ipsam
1190 4550 1390 4621 aggrediamur.
1433 4549 1560 4602 Attamen
1580 4549 1610 4603 in
1628 4566 1658 4604 rc
1676 4557 1731 4602 tam
1745 4545 1854 4600 arduael

248 4631 291 4684 ria
313 4629 410 4701 primis
437 4630 609 4700 passionibus
631 4648 663 4684 ac
687 4631 845 4694 desideriis;
873 4630 923 4683 via
947 4630 1040 4694 denso,
1079 4646 1213 4699 suspensa
1231 4637 1295 4684 sunt
1311 4628 1516 4699 quaedamque
1529 4620 1854 4682 neceamnovideuturio-

248 4725 318 4774 raro,
342 4708 439 4773 calido,
459 4708 566 4779 frigido,
581 4710 746 4774 consistenti,
767 4709 859 4773 fluido,
873 4709 957 4780 gravi,
978 4708 1039 4774 levi,
1080 4707 1262 4779 terponenda;
1285 4707 1386 4777 partim
1400 4707 1512 4761 docendi
1526 4707 1623 4778 grstia,
1637 4706 1736 4778 partim
1749 4706 1853 4758 iuncum

249 4787 364 4860 aliisque
376 4788 450 4843 haud
461 4788 568 4860 paucis)
583 4788 726 4843 historiam
738 4805 858 4843 seorsum
872 4804 1039 4859 comparare.
1079 4795 1249 4857 praesentem.
1838 4854 1843 4866 ι

287 4867 442 4933 Enimvero,
456 4876 485 4923 ut
504 4869 537 4922 de
558 4868 707 4923 subtilitate
730 4868 860 4932 dicamus,
874 4867 955 4937 plane
976 4884 1041 4921 con·
1120 4860 1853 4936 Horumprimumest,utexemplapropmmminqo

248 4947 381 5018 quirimus
400 4963 486 5018 genus
507 4948 754 5016 experimentomm
766 4946 847 5017 longe
866 4946 992 5001 subtilius
1013 4953 1041 5000 et
1080 4946 1156 5000 rendi
1170 4954 1199 5000 et
1212 4945 1376 5008 inveniendi,
1389 4944 1536 4998 secandum
1553 4954 1675 4998 nostram
1693 4942 1815 4998 rationem
1827 4949 1853 4987 tt

248 5025 408 5097 simplicius,
420 5042 502 5097 quam
512 5033 576 5080 sunt
585 5042 626 5089 en,
638 5043 698 5095 quse
708 5032 860 5081 occurrunt.
894 5024 1041 5095 Complura
1080 5026 1161 5087 viam,
1176 5025 1206 5078 in
1219 5023 1356 5094 aliquibus
1367 5024 1497 5091 subjectis
1510 5032 1720 5093 representatur
1740 5013 1853 5075 sumendo

248 5107 353 5160 enima
374 5105 492 5160 tenebris
507 5103 645 5158 educimus
659 5112 686 5158 et
707 5106 836 5170 emimus,
850 5121 911 5174 quae
930 5104 999 5159 nulli
1012 5106 1040 5159 in
1080 5120 1113 5157 ea
1127 5102 1300 5175 potissimum
1315 5101 1444 5170 subJecta,
1459 5118 1519 5172 quae
1540 5110 1568 5155 et
1581 5103 1653 5156 inter
1670 5119 1712 5165 ea,
1726 5116 1783 5171 qua
1795 5108 1853 5166 qo&

247 5193 367 5239 mentem
381 5184 501 5239 venisset
519 5183 692 5252 investigare,
706 5184 759 5237 nisi
779 5184 826 5254 qui
839 5192 914 5238 certo
928 5194 956 5238 et
976 5201 1041 5238 con·
1079 5191 1180 5247 rantur,
1195 5189 1258 5236 suut
1270 5180 1447 5245 nobilissima,
1456 5189 1485 5235 et
1497 5182 1569 5235 inter
1579 5198 1609 5235 ee
1620 5178 1851 5236 maximedirersst

248 5264 329 5318 stanti
344 5263 452 5318 tramite
472 5261 708 5315 adinventionem
731 5279 872 5316 causarum
895 5270 1039 5333 pergeret;
1080 5268 1110 5316 ut
1117 5263 1146 5315 in
1155 5276 1316 5330 unoquoque
1327 5277 1426 5330 genere
1437 5259 1594 5329 exemplum
1602 5278 1654 5314 non
1667 5259 1743 5313 desit
1768 5256 1852 5321 Neque

248 5359 310 5395 cum
323 5342 353 5395 in
367 5359 396 5396 se
414 5340 516 5395 nullius
538 5356 703 5411 magnopere
718 5341 773 5394 siut
785 5357 864 5406 usus3
885 5350 915 5396 ut
937 5342 1042 5412 liquido
1080 5341 1112 5394 de
1126 5342 1162 5395 iis
1177 5338 1310 5410 exemplis
1323 5337 1466 5409 loquimur,
1478 5356 1539 5410 quaa
1552 5339 1667 5409 singuiis
1681 5334 1815 5408 praeceptis
1826 5344 1852 5380 *θ

249 5429 392 5489 appareat,
406 5435 441 5474 ea
459 5434 515 5473 non
536 5425 687 5489 propterse
711 5421 824 5489 quaesita
837 5436 915 5486 esse3
937 5422 985 5476 sed
1004 5421 1042 5476 ita
1080 5419 1190 5492 regulis,
1203 5418 1356 5474 illustrandi
1374 5418 1473 5491 gratia,
1493 5418 1657 5487 adjiciuntur
1671 5418 1736 5488 (hoc
1753 5414 1817 5470 emm
1829 5409 1852 5461 in
