3800 5875
69 316 192 372 Cse.ll.
586 316 637 370 Da
661 315 891 371 AUGMENTIS
912 314 1190 372 SCIENTIAEUM.
1640 315 1698 371 ³49

67 475 201 547 pleraque
214 473 396 530 vacillationis
414 481 442 529 et
461 473 649 528 inconstantia>
662 473 751 545 plena,
766 479 793 527 et
807 492 869 544 quaa
904 489 959 528 non
973 472 1183 543 margaritarum
1196 472 1329 538 essentiis,
1345 482 1372 527 et
1385 472 1520 529 similibus
1533 472 1629 546 nugis:
1649 476 1698 530 sed

67 573 103 610 ex
117 564 242 624 tempore
255 555 453 625 excogitentur,
467 561 496 608 et
507 555 536 607 in
547 559 666 608 mentem
679 552 736 607 illis
749 554 867 618 veniant,
905 561 935 607 ut
948 570 998 623 pro
1011 560 1085 607 certo
1097 551 1229 618 habeant,
1243 552 1477 624 prolongationem
1489 554 1551 607 vitae
1565 571 1626 608 esse
1640 571 1699 609 rem

67 634 171 705 absque
193 642 271 687 certo
285 633 379 704 aliquo
392 642 439 687 aut
452 632 569 703 praeviso
589 633 736 687 curationis
751 633 866 686 tramite.
905 648 1056 702 operosam,
1078 640 1106 685 et
1126 649 1188 702 qum
1206 649 1243 686 ex
1263 632 1447 702 compluribus
1469 633 1604 698 remediis,
1619 639 1699 704 atque

67 714 228 768 Debuerant
242 721 335 767 autem
349 713 431 767 etiam
445 712 480 766 ab
491 712 577 777 initio,
585 718 648 780 post
660 712 784 766 morbum
798 711 867 765 bene
905 728 999 766 eorum
1013 712 1084 765 inter
1097 726 1126 764 se
1139 711 1310 765 connexione
1323 711 1428 775 idonea,
1447 721 1560 766 constet.
1600 713 1699 783 Neque

67 799 243 863 perspectum
257 800 286 846 ct
304 793 452 863 cognitum,
465 792 565 845 seriem
585 791 697 844 curandi
717 790 868 845 ordinatam
905 792 978 843 enim
999 791 1143 861 quisquam
1166 790 1206 844 its
1224 790 1346 859 stupidus
1367 807 1427 845 ease
1448 791 1534 855 debet,
1549 798 1580 844 ut
1597 792 1698 856 credat,

67 871 200 935 meditari,
209 888 302 942 neque
313 872 350 925 ab
363 888 404 936 ea,
415 871 517 941 absque
528 871 605 941 gravi
619 887 710 934 causa,
720 869 866 923 discedere.
906 869 977 939 quod
990 885 1131 940 nunquam
1145 869 1247 923 iactum
1261 875 1301 923 est
1314 869 1410 934 adhuc,
1424 870 1453 924 id
1466 870 1525 924 lieri
1536 870 1595 938 jam
1608 887 1699 942 posse,

69 953 156 1022 atque
165 951 256 1004 sciaru
265 967 317 1020 pro
325 959 399 1004 certo
409 950 516 1014 medici,
525 965 605 1019 posse
617 948 752 1019 (exempli
766 946 867 1018 gratia)
904 948 958 1001 nisi
971 949 1125 1018 permodoa
1139 949 1222 1003 etiam
1235 964 1373 1018 uunquam
1387 955 1511 1004 tentatos.
1738 1013 1743 1032 .

69 1032 120 1084 tria
138 1031 256 1084 fortasse
271 1039 319 1084 aut
340 1037 454 1100 quatuor
470 1028 670 1082 medicamenta
690 1029 726 1082 ad
743 1027 868 1081 morbum
945 1027 1048 1088 Quarto
1068 1044 1218 1091 monemus,
1233 1035 1263 1081 ιιι
1281 1027 1405 1082 homines
1419 1029 1470 1083 rite
1485 1029 1701 1083 animadvertant

69 1109 188 1180 aliquem
215 1126 331 1179 gravem
357 1109 505 1163 curandum
532 1116 605 1161 recte
634 1107 782 1178 praescribi,
806 1122 867 1176 quse
905 1113 932 1159 et
945 1106 1123 1176 distinguant,
1136 1108 1212 1161 circa
1225 1106 1387 1175 eaquoead
1401 1108 1599 1172 vitamsanam,
1615 1116 1643 1162 et
1656 1125 1698 1172 ea,

68 1189 158 1243 debito
173 1190 270 1243 ordine
281 1196 309 1242 et
322 1187 415 1241 debito
424 1186 570 1241 intervallo
583 1197 690 1257 sumpta
700 1186 867 1241 curationem
905 1202 967 1255 quoe
980 1184 1015 1238 ad
1028 1186 1113 1240 vitam
1125 1185 1245 1255 longam,
1254 1186 1376 1239 conierre
1390 1194 1511 1256 possunt.
1541 1187 1610 1241 Sunt
1623 1187 1697 1242 enim

67 1276 213 1338 praestent:
236 1284 352 1338 quoram
371 1266 487 1337 singula,
501 1266 524 1320 si
548 1283 597 1336 per
613 1283 642 1320 ae
662 1272 766 1319 tantum
779 1281 867 1318 sume-
905 1263 1110 1335 nonnullaque
1118 1265 1152 1319 ad
1160 1265 1303 1335 spirituum
1313 1264 1488 1330 cucumam,
1496 1267 1700 1321 etiuuctionum

67 1358 165 1411 reamr,
190 1354 240 1400 aut
263 1347 290 1401 si
317 1347 383 1400 ordo
408 1347 595 1410 inverteretur,
622 1353 670 1399 aut
695 1342 868 1398 intervallum
905 1345 994 1408 robur,
1023 1352 1051 1398 et
1071 1345 1181 1399 morbos
1199 1344 1337 1409 arcendos,
1364 1353 1491 1414 proauum
1520 1362 1581 1416 quaa
1608 1353 1699 1400 tamen

67 1443 120 1479 nou
147 1435 312 1490 curvaretur,
337 1426 437 1480 ineunt
460 1441 570 1495 prorsus
592 1426 725 1478 nocitura.
767 1423 866 1494 Neque
905 1422 939 1476 de
960 1440 1067 1478 summa
1090 1425 1153 1477 vitas
1172 1423 1326 1486 detrahunt,
1350 1431 1377 1476 et
1403 1424 1556 1495 atrophiam
1584 1424 1698 1479 senilem

67 1514 156 1560 tamen
180 1507 209 1558 id
223 1505 356 1568 volumus,
370 1514 401 1559 nt
417 1505 506 1559 omnis
519 1503 680 1574 scnrpuiosa
692 1511 720 1556 et
739 1503 867 1572 supersti-
905 1502 1008 1572 ubsque
1033 1503 1134 1557 morbis
1160 1501 1331 1557 accelerant:
1352 1509 1417 1557 suut
1439 1511 1466 1557 et
1492 1502 1554 1568 alia,
1578 1520 1640 1573 quaa
1663 1504 1699 1557 nd

68 1587 137 1638 tiosa
147 1587 263 1639 curandi
278 1587 349 1638 ratio
361 1585 390 1638 in
404 1584 491 1654 pretio
501 1584 675 1654 aittanquam
685 1582 789 1650 optima
799 1584 866 1649 (non
905 1581 1138 1652 prolongationem
1150 1584 1222 1646 vitm,
1237 1589 1264 1635 et
1285 1581 1440 1652 atrophiam
1460 1582 1572 1637 senilem
1591 1582 1698 1654 longius

67 1666 164 1735 magis,
189 1682 275 1735 quam
296 1664 384 1718 omnis
408 1664 453 1716 via
476 1672 558 1728 arcts,
578 1664 622 1716 via
642 1663 677 1715 sit
698 1660 734 1714 ad
754 1660 865 1728 coeium)
905 1662 1127 1715 summovendam
1145 1661 1259 1729 Juvant:
1280 1660 1329 1715 sed
1350 1667 1442 1716 tamen
1461 1679 1517 1715 non
1535 1670 1698 1731 usurpantur

69 1760 161 1798 serum
183 1752 215 1798 ut
239 1761 316 1814 seque
337 1752 411 1798 recta
430 1743 466 1796 ait
477 1743 530 1806 via,
551 1759 583 1795 ac
604 1749 679 1796 arcta
692 1748 721 1794 et
733 1739 864 1794 difficilis.
905 1740 1008 1810 absque
1023 1741 1144 1810 periculo
1156 1740 1334 1804 valetudinis;
1350 1739 1418 1794 adeo
1431 1748 1463 1795 ut
1482 1741 1529 1811 qui
1543 1740 1579 1794 iis
1591 1747 1698 1796 utentur

68 1823 147 1876 Hanc
161 1831 256 1877 autem
270 1829 384 1893 partem,
396 1838 479 1893 quam
494 1823 569 1876 filum
582 1819 743 1875 medicinale
756 1819 865 1873 vocabi·
905 1819 939 1872 ud
959 1819 1194 1890 prolongationem
1208 1821 1278 1884 vitea,
1293 1819 1409 1874 debeant
1422 1819 1502 1874 simul
1519 1821 1698 1876 incommodis

68 1919 134 1964 mus,
145 1902 300 1956 desiderari
313 1903 449 1972 ponimus.
490 1902 579 1972 Atque
593 1898 712 1954 haeciila
725 1907 866 1969 suntquis
905 1915 1053 1964 occurrere,
1069 1917 1130 1971 quse
1151 1899 1272 1970 alioquin
1292 1917 1329 1954 ex
1346 1914 1440 1954 eorum
1456 1915 1508 1954 usu
1524 1900 1698 1969 supervenire

68 1983 95 2034 in
108 1982 236 2035 doetmna
251 1982 395 2035 medicinae
407 1980 442 2033 de
463 1982 601 2034 curatione
622 1981 777 2034 morborum
797 1979 866 2033 desi·
904 1979 1016 2048 possint.
1057 1978 1146 2049 Atque
1160 1979 1264 2033 monita
1274 1978 1406 2032 hactenus
1419 1977 1550 2033 dedimus

68 2059 211 2114 ιιιιιιιιιιιι
233 2061 289 2114 nisi
303 2060 375 2130 quod
388 2066 471 2114 restet
487 2059 607 2123 animm,
622 2060 694 2130 quod
714 2057 801 2127 pluris
815 2064 865 2122 est,
944 2058 1021 2119 Quod
1035 2058 1069 2110 ad
1079 2058 1179 2112 indicia
1192 2058 1304 2122 attinet;
1316 2057 1369 2112 tale
1383 2058 1466 2127 hujus
1479 2058 1519 2112 rei
1533 2058 1628 2136 (quam
1642 2058 1699 2112 ani·

70 2157 148 2210 quam
163 2139 214 2193 illa
229 2140 330 2194 omnis.
359 2139 537 2194 Desideratus
550 2139 678 2192 nimirum
690 2136 867 2209 philosophia
904 2154 950 2190 mo
976 2135 1118 2205 metimur)
1145 2137 1252 2207 plasma
1279 2144 1328 2193 est
1375 2137 1575 2192 Conseruntur
1600 2154 1644 2192 res
1671 2144 1699 2192 et

69 2219 201 2274 nammlis
211 2236 278 2273 sera
291 2225 319 2272 et
332 2219 428 2282 activa,
438 2220 481 2272 cui
495 2217 760 2272 medicinaeseientia
772 2215 866 2271 intedi-
903 2217 1002 2270 durant
1014 2216 1119 2271 duobus
1130 2217 1235 2271 modis:
1251 2225 1297 2271 aut
1309 2216 1338 2272 in
1353 2216 1493 2271 identitate
1508 2233 1575 2280 suar
1590 2224 1636 2271 aut
1649 2234 1699 2287 per

69 2299 171 2353 ficetur.
214 2299 352 2353 Caeterum
365 2298 413 2352 illa
426 2314 481 2352 non
494 2305 536 2352 eat
547 2297 660 2374 hujusce
671 2304 811 2351 tractatus.
904 2296 1111 2365 reparationem.
1153 2296 1186 2350 ln
1206 2296 1347 2351 identitate
1361 2312 1418 2360 sua,
1432 2304 1570 2351 utmusea
1583 2303 1630 2350 aut
1645 2295 1699 2351 ior-

105 2377 231 2432 Tertiam
257 2385 366 2447 partem
388 2377 540 2442 medicinae,
564 2377 706 2447 posuimus
730 2373 806 2428 illam
833 2374 866 2429 de
904 2376 975 2429 mica
994 2375 1024 2429 in
1045 2375 1171 2440 succinor
1192 2376 1250 2439 ilos,
1264 2383 1312 2430 aut
1330 2391 1451 2445 pomum,
1465 2383 1512 2430 sut
1533 2375 1647 2446 lignum,
1668 2376 1699 2430 in

69 2455 278 2527 prolongatione
292 2457 366 2519 vitta,
386 2474 447 2527 quaa
468 2473 539 2510 nova
561 2463 609 2519 est,
631 2463 660 2509 et
679 2455 864 2518 desideratum
903 2456 1110 2510 conservatoriis
1137 2454 1288 2519 nivalibus;
1322 2457 1439 2510 cadaver
1465 2456 1536 2510 inter
1566 2455 1698 2510 balsama.

70 2545 162 2606 estque
186 2534 309 2590 omnium
327 2535 503 2589 nobilissima.
545 2535 575 2589 Si
596 2535 669 2589 enim
688 2534 742 2589 tale
762 2534 866 2604 aliquid
904 2534 959 2588 Per
977 2535 1184 2605 reparationem,
1198 2542 1228 2589 ut
1245 2534 1274 2588 in
1293 2535 1410 2598 damma,
1424 2542 1452 2589 et
1471 2535 1500 2589 in
1519 2534 1697 2590 mechanicis.

69 2615 184 2669 inveniri
204 2615 303 2684 possit,
319 2630 374 2668 non
387 2615 539 2669 versabitur
558 2621 662 2668 tantum
683 2614 818 2668 medicina
836 2615 866 2668 iu
904 2613 1037 2683 Operanti
1057 2614 1092 2668 ad
1113 2615 1348 2686 prolongationem
1367 2614 1440 2678 vitae,
1462 2621 1577 2685 utroque
1598 2630 1698 2684 genere

69 2695 241 2748 curationum
255 2694 399 2758 sordibus3
414 2711 464 2748 nec
477 2693 576 2748 medici
586 2693 641 2764 ipsi
656 2703 765 2764 propter
774 2709 866 2748 neces·
903 2694 1033 2749 utendum
1057 2701 1099 2749 est
1120 2694 1267 2764 (ιιιιιιιιιιιι
1289 2694 1379 2748 minus
1402 2692 1527 2763 possunt)
1548 2710 1697 2764 corpusque

69 2774 177 2828 ritatem
198 2773 370 2827 solummodo
389 2773 599 2838 honorabuntur,
614 2773 661 2827 sed
679 2775 773 2844 utique
786 2790 866 2845 prop·
904 2772 1054 2829 homanum
1067 2772 1287 2837 conservandum,
1306 2773 1532 2844 quemadmodum
1546 2773 1698 2827 inanimata

69 2861 110 2905 ter
123 2853 226 2906 donum
238 2851 410 2917 mortalibus,
424 2870 461 2907 ex
479 2854 602 2917 terrenis,
617 2855 694 2924 quasi
708 2853 864 2917 maximum,
903 2861 1117 2908 conservantur:
1152 2869 1185 2906 ac
1217 2869 1310 2908 rursus
1337 2852 1561 2923 quemadmodum
1588 2852 1699 2906 flamma

69 2933 144 3000 cujas
157 2933 277 3004 poterint
287 2949 357 2998 esse,
367 2932 513 2987 secundum
525 2931 622 2996 Deum,
629 2932 831 3004 dispensatores
839 2942 867 2988 et
903 2940 1089 2999 conservatur,
1104 2950 1136 2987 ac
1153 2931 1269 3004 denique
1287 2933 1482 3004 quadamtenus
1495 2939 1525 2987 ut
1539 2930 1698 2986 mechanica

69 3012 232 3067 administri.
273 3011 354 3067 Licet
367 3011 441 3066 enim
453 3012 569 3067 mundus
582 3012 865 3077 hominiChristisno,
903 3021 1107 3068 conservantur.
1149 3010 1216 3067 Tres
1237 3012 1322 3084 igitur
1342 3012 1459 3067 suntad
1483 3011 1698 3082 prolongandam

69 3092 103 3144 ad
115 3100 217 3146 terram
231 3092 421 3164 promissionis
430 3091 610 3157 contendenti,
620 3102 749 3163 tanquam
759 3108 866 3147 eremus
903 3092 989 3147 vitam
1012 3092 1194 3147 intentiones:
1215 3092 1363 3147 retardatio
1383 3091 1613 3162 consumptionisr
1636 3108 1698 3160 pro·

69 3171 120 3236 sit;
136 3180 232 3225 tamen
245 3173 275 3226 in
288 3188 382 3225 eremo
392 3171 455 3241 ipsa
468 3172 707 3242 proficiscentibus,
719 3171 825 3226 calceos
839 3178 867 3225 et
903 3171 975 3226 bitae
1001 3171 1196 3243 reparationis3
1221 3179 1249 3226 et
1274 3172 1415 3226 renovatio
1434 3171 1502 3238 ejus,
1525 3170 1597 3242 quod
1613 3170 1698 3240 etapit

68 3259 158 3304 restes
179 3254 294 3321 (corpas
316 3249 422 3304 scilicet
442 3260 572 3315 ιιοιιιιιιιι,
593 3252 665 3323 quod
688 3251 866 3306 amuclero
904 3258 1079 3307 veterascere.
1121 3251 1300 3320 consumptio
1327 3251 1357 3304 fit
1383 3266 1401 3304 a
1428 3249 1532 3304 duabus
1556 3251 1697 3321 depraeda-

68 3331 197 3400 tegminis
220 3326 278 3402 est)
301 3329 392 3384 minus
417 3332 505 3395 atteri,
530 3331 626 3401 gratiae
647 3330 747 3385 divinas
767 3347 866 3385 munus
903 3331 1040 3386 tionibus:
1062 3329 1263 3401 depredatione
1277 3330 1389 3400 spiritua
1402 3329 1506 3394 innatir
1521 3338 1549 3384 et
1561 3330 1698 3400 depraeda-

68 3410 205 3479 quoddam
221 3409 417 3464 aestimandum.
460 3410 521 3464 Hac
535 3410 568 3464 de
584 3427 623 3475 re,
638 3411 702 3480 quis
715 3417 757 3465 est
770 3427 807 3463 ex
820 3426 866 3480 op·
904 3411 978 3465 tione
992 3409 1064 3465 seris
1078 3409 1229 3464 ambientis.
1258 3408 1412 3464 Prohibitio
1421 3409 1561 3480 utriusque
1575 3408 1695 3479 duplexr

68 3490 150 3553 omis,
166 3505 285 3560 eamque
305 3489 377 3542 inter
398 3488 551 3543 desiderata
570 3490 719 3559 posuimus,
733 3507 771 3544 ex
790 3506 865 3544 more
904 3496 950 3543 aut
973 3490 997 3544 si
1017 3490 1128 3560 agentia
1152 3489 1201 3543 illa
1218 3490 1284 3544 stant
1304 3489 1394 3543 minus
1418 3488 1586 3558 predatoria,
1605 3497 1652 3542 aut
1673 3488 1697 3543 si

67 3576 167 3632 ιιοιιτο,
182 3577 212 3623 et
226 3568 331 3622 monita
343 3567 475 3632 dabimus,
489 3575 518 3622 et
536 3568 645 3633 indicia,
659 3576 688 3623 et
701 3578 846 3639 praecepta
904 3569 1038 3639 patientia
1060 3568 1146 3637 (succi
1165 3568 1270 3623 scilicet
1289 3568 1423 3639 corporis)
1445 3568 1590 3623 reddantur
1607 3568 1697 3622 minus

106 3646 204 3702 Primo
218 3663 369 3712 monemus,
384 3646 616 3718 exscriptoribus,
630 3648 703 3702 circa
721 3648 774 3702 hoc
788 3666 866 3720 arga·
903 3647 1106 3718 depraedabilia.
1138 3647 1257 3718 Spiritus
1269 3648 1300 3702 fit
1314 3649 1404 3703 minus
1417 3647 1601 3718 proedatorius,
1615 3646 1698 3702 siaut

68 3736 197 3790 mentum,
211 3726 354 3781 nemiuem
368 3743 437 3791 esse,
453 3727 501 3798 qui
514 3727 620 3797 aliquid
633 3727 734 3798 magni,
745 3745 780 3781 ne
795 3728 866 3781 dica·
904 3728 1054 3782 substantia
1061 3729 1229 3791 densetur,ut
1236 3728 1265 3781 in
1273 3727 1480 3798 usuopiatorum
1490 3733 1518 3782 et
1527 3726 1696 3791 nitratorum,

68 3821 127 3860 mus
141 3805 250 3878 aliquid
264 3806 335 3871 sani,
349 3807 487 3876 repererit.
529 3806 690 3862 Aristoteles
704 3815 778 3862 certe
794 3824 866 3861 com·
904 3814 933 3860 et
951 3808 981 3862 ιιι
994 3807 1258 3861 contristatiouibus:
1280 3814 1328 3861 aut
1347 3808 1495 3878 quantitate
1509 3806 1652 3870 minuatur,
1666 3813 1697 3861 ut

68 3886 232 3940 meumrium
242 3884 278 3937 de
288 3884 340 3937 hoc
349 3886 433 3939 edidit
442 3884 628 3956 perpusillum,
637 3887 665 3940 ιιι
678 3886 866 3958 quononnihil
903 3887 932 3939 in
959 3887 1047 3941 ditatis
1071 3886 1263 3956 Pythagoricis
1288 3893 1317 3940 et
1342 3886 1518 3940 monasticis:
1548 3894 1597 3938 aut
1620 3893 1696 3940 motu

69 3964 138 4018 inest
153 3964 247 4019 acon:
263 3963 335 4034 quod
349 3965 409 4035 ipse
424 3968 516 4021 omnia
530 3964 707 4031 essevult,ut
721 3967 798 4021 solet.
829 3966 865 4019 At
903 3965 1028 4029 leniatur,
1042 3971 1073 4019 ut
1093 3966 1123 4019 iu
1137 3967 1195 4019 otio
1208 3972 1236 4019 at
1250 3965 1456 4037 tranquillitate.
1497 3964 1553 4019 Aer
1572 3964 1696 4021 ambiens

69 4044 232 4098 mentiores
255 4052 313 4097 tam
332 4045 486 4110 oscitanter,
508 4052 536 4100 et
555 4046 740 4115 superstitiose
757 4045 791 4100 de
811 4044 866 4099 hoc
904 4046 934 4098 tit
956 4045 1046 4099 minua
1073 4044 1258 4115 praedatorios,
1283 4045 1306 4098 si
1331 4051 1378 4098 aut
1399 4044 1489 4099 minus
1510 4043 1657 4098 incalescat
1680 4060 1698 4098 a

69 4124 244 4194 scripsemnt,
255 4131 285 4175 ut
300 4132 489 4194 argumentum
502 4125 599 4195 ipsum,
612 4126 647 4179 ob
660 4142 753 4180 eorum
763 4126 866 4178 vanita-
904 4124 988 4178 radiis
1002 4124 1114 4189 solisut
1129 4125 1158 4178 in
1169 4123 1328 4195 regionibus
1342 4123 1537 4195 frigidioribus,
1546 4124 1575 4177 in
1589 4123 1696 4193 spelun-

70 4208 130 4265 tcm,
146 4212 279 4272 tanquam
293 4218 392 4257 vanum
404 4213 431 4257 et
444 4220 539 4258 vecors
552 4203 648 4258 haberi
661 4206 785 4275 coeperit.
903 4204 951 4268 cis,
966 4204 995 4256 in
1007 4204 1150 4269 montibus,
1165 4212 1191 4257 et
1201 4205 1230 4257 in
1244 4202 1377 4257 columnis
1391 4203 1633 4257 anachoretamm:
1648 4211 1695 4257 aut

106 4282 235 4336 Secundo
261 4298 411 4347 monemus,
430 4283 506 4353 ipsas
528 4283 702 4347 intentiones,
725 4300 785 4353 qum
812 4283 865 4337 hac
903 4290 1104 4339 summoveatur
1126 4299 1143 4336 a
1167 4299 1294 4352 corporei
1315 4291 1346 4337 ut
1365 4282 1395 4336 in
1415 4290 1478 4337 cute
1502 4283 1593 4347 densa,
1619 4284 1696 4337 etin

69 4370 199 4431 spectant,
216 4361 392 4426 medicorum,
406 4379 450 4416 res
466 4362 547 4416 nihili
563 4379 630 4428 esse,
645 4371 673 4417 et
686 4362 865 4433 cogitationes
903 4363 1006 4434 plumis
1019 4363 1117 4427 ιιιιιιιιι,
1127 4370 1154 4417 et
1166 4362 1195 4416 in
1209 4380 1261 4417 usu
1274 4361 1328 4416 olei
1341 4370 1368 4416 et
1382 4369 1579 4433 unguentomm
1594 4363 1696 4433 absque

69 4439 211 4495 bominum
233 4458 251 4494 a
271 4458 302 4495 re
321 4443 411 4510 potius
430 4442 572 4507 abducere,
592 4458 673 4512 quam
692 4459 787 4496 versus
804 4460 866 4497 eam
903 4443 1080 4497 aromatibus.
1110 4442 1189 4497 Succi
1203 4442 1581 4512 corporisreddunturminus
1594 4443 1697 4512 deprae-

68 4520 195 4592 din'gere.
239 4520 461 4574 Sermocinantur
479 4520 560 4584 enim,
575 4530 689 4576 mortem
712 4522 741 4576 in
755 4521 866 4576 deantu-
903 4522 1015 4586 dabiles,
1031 4522 1053 4575 si
1065 4530 1112 4576 aut
1125 4522 1183 4577 duri
1198 4522 1262 4575 iacti
1276 4522 1337 4585 sint,
1352 4532 1400 4576 aut
1414 4522 1512 4576 roscidi
1530 4522 1588 4576 sive
1601 4522 1695 4577 oleosi.

69 4602 140 4653 tione
164 4599 248 4653 calidi
277 4607 305 4653 et
328 4599 432 4653 humidi
460 4601 625 4655 consistere:
653 4601 746 4656 deberi
774 4602 865 4672 itaque
903 4601 980 4665 Duri,
996 4609 1025 4657 ut
1038 4602 1066 4655 in
1080 4602 1153 4655 victu
1173 4618 1287 4670 aspero;
1309 4601 1367 4655 vita
1388 4603 1417 4655 in
1434 4601 1548 4673 frigidm
1565 4602 1696 4656 exercita·

68 4679 187 4733 calorem
201 4678 357 4733 naturalem
370 4680 524 4744 confortari,
538 4680 783 4735 humoremautem
797 4682 865 4734 radi·
904 4682 1023 4735 tionibus
1044 4681 1177 4744 robustis3
1203 4681 1309 4733 balneis
1330 4681 1489 4751 quibusdam
1512 4681 1697 4736 minutalibus.

68 4758 155 4812 calesu
177 4759 284 4812 foveri:
306 4758 418 4827 munde
439 4775 470 4811 ac
493 4760 516 4813 si
537 4758 597 4813 haec
618 4777 662 4815 res
681 4759 803 4829 jusculis,
818 4767 866 4814 aut
905 4760 1024 4823 Roscidi,
1040 4768 1068 4813 nt
1081 4760 1111 4813 in
1125 4776 1175 4813 usu
1188 4759 1315 4823 dulcium,
1330 4770 1357 4813 et
1371 4760 1535 4815 abstinentia
1548 4778 1565 4814 a
1579 4760 1658 4815 salsis
1668 4768 1697 4814 et

67 4835 180 4892 lsetocis
194 4844 222 4892 ct
237 4837 342 4899 malvis,
357 4846 402 4892 aut
416 4839 522 4907 amydo,
537 4847 582 4893 aut
592 4835 704 4912 jujubis,
715 4846 763 4892 sut
772 4856 865 4893 rursus
903 4839 996 4904 acidis,
1010 4848 1038 4893 et
1051 4839 1171 4894 maxime
1180 4839 1301 4893 omnium
1310 4839 1339 4892 in
1349 4839 1395 4893 tali
1406 4840 1531 4895 mistione
1541 4848 1627 4910 potus,
1636 4856 1697 4908 quta

67 4918 243 4979 aronnhbus,
252 4924 301 4970 aut
311 4917 375 4969 vino
384 4934 525 4987 generoso,
536 4926 583 4971 aut
597 4920 680 4972 etiam
694 4918 792 4988 spiritu
801 4919 865 4983 vini,
903 4919 939 4973 sit
951 4918 1069 4988 partium
1078 4919 1156 4972 valde
1167 4919 1288 4974 munium
1299 4919 1485 4985 etsubtilium,
1494 4919 1595 4990 absque
1604 4926 1697 4972 tamen

66 5007 94 5049 et
107 4995 178 5050 oleis
191 4995 332 5058 chemicis,
340 4997 437 5050 confici
451 4998 543 5066 possit.
584 4997 650 5058 Quae
663 4998 755 5051 omnia
769 4997 867 5051 obsunt
903 4998 979 5051 omni
1007 4998 1155 5051 acrimonia
1177 5004 1225 5052 aut
1247 4999 1368 5054 acediae.
1414 4998 1563 5070 Reparatio
1589 4998 1620 5050 tit
1648 5014 1697 5067 per

68 5077 167 5145 potius,
183 5092 268 5147 quam
281 5084 403 5145 prosunt.
903 5076 1053 5131 alimenta:
1079 5076 1250 5132 alimentatio
1273 5086 1363 5133 autem
1385 5085 1559 5147 promovetur
1583 5083 1697 5146 quatuor

106 5154 202 5209 Tertio
215 5170 370 5221 monemus,
380 5161 411 5208 ut
423 5154 550 5209 homines
562 5154 659 5225 nugari
673 5154 804 5220 desinant,
815 5172 865 5210 nec
903 5156 991 5210 modis
1005 5171 1012 5209 :
1034 5171 1083 5225 per
1096 5157 1299 5212 concoctionem
1313 5158 1448 5212 viscerum
1462 5156 1497 5210 ad
1512 5155 1698 5210 extrusionem

68 5240 124 5289 tam
140 5234 237 5289 faciles
252 5235 315 5298 sint,
327 5243 358 5287 ut
371 5234 490 5298 credant,
505 5234 605 5304 pande
618 5233 685 5288 illud
699 5251 774 5304 opus,
786 5234 865 5306 quale
903 5235 1034 5296 alimenti,
1054 5243 1084 5288 ut
1104 5236 1132 5290 ιιι
1155 5236 1370 5291 confortantibus
1390 5236 1496 5290 viscera
1513 5233 1695 5304 principalia:

67 5322 111 5368 est
131 5324 237 5369 naturae
260 5329 371 5367 cursum
391 5314 520 5367 remomi
538 5321 568 5367 et
587 5322 772 5378 retrovertere,
786 5331 865 5384 posse
903 5331 953 5385 per
961 5314 1150 5368 excitationem
1162 5315 1281 5385 partium
1289 5316 1454 5371 exteriorum
1464 5313 1499 5367 ad
1511 5313 1700 5370 attractionem

70 5392 169 5447 haustu
191 5393 287 5464 aliquo
307 5393 449 5455 matutino,
463 5401 509 5445 aut
530 5409 579 5447 usu
604 5393 720 5461 aiicrrjus
741 5393 866 5463 pretiosae
903 5392 1033 5456 alimenti,
1046 5401 1076 5447 ut
1094 5393 1123 5447 in
1142 5395 1382 5449 exercitationibus
1402 5401 1429 5447 et
1447 5392 1634 5448 incanonibua
1654 5393 1699 5448 de·

70 5473 219 5539 uidimus,
240 5473 277 5527 ad
300 5473 407 5528 exitum
428 5471 554 5542 perduci:
576 5488 631 5526 non
652 5489 718 5528 auro
740 5473 865 5544 potabili,
903 5473 974 5539 bitis,
989 5481 1071 5543 atque
1084 5474 1255 5529 nathonibus
1264 5472 1425 5544 quibusdam
1438 5478 1467 5529 et
1480 5470 1587 5529 balneis
1602 5490 1700 5545 appro-
