3800 5875
600 266 605 278 ·
663 271 846 332 ursroars
867 271 1093 329 vauronuu.
1363 259 1367 266 “
1633 273 1691 329 sse

61 428 242 493 denudant,
256 428 334 483 alteri
344 430 540 497 ascenduntet
553 436 696 502 posteaea
709 431 863 487 resistentia
898 432 941 493 rit,
961 439 994 487 ιιι
1011 431 1081 486 alter
1099 447 1136 485 ex
1155 429 1213 485 illis
1226 429 1315 485 ventis
1335 427 1484 494 contrariis,
1507 432 1554 502 qui
1573 431 1691 500 primum

62 509 142 564 aeris
151 507 393 573 fiuntvoluminosi,
402 511 521 565 maxime
530 510 677 565 secundum
685 512 800 582 angorlos
806 512 862 566 rio·
898 510 995 565 fortior
1008 510 1105 575 fuerat,
1116 511 1281 575 succumbat,
1295 515 1353 564 tum
1366 509 1455 563 subito
1467 509 1582 579 spirabit
1594 519 1691 567 ventus
1739 559 1743 568 .

61 588 159 643 lentiae
173 606 238 644 suas.
270 586 308 641 At
320 588 354 642 de
368 588 431 653 illis,
442 589 489 662 qni
497 589 788 661 conflanturubiquein
797 594 860 645 aire
898 599 1005 660 aparte
1017 589 1161 655 contraria,
1176 591 1246 645 unde
1261 596 1289 643 et
1307 597 1370 642 ante
1389 589 1518 659 spirabat,
1532 589 1581 643 sed
1598 589 1690 645 latita-

61 668 195 722 inferiore
206 665 267 738 (qui
276 675 340 721 sunt
352 669 473 724 omnium
481 676 625 725 ventorum
633 668 859 741 frequentissimi)
898 669 945 724 bat
959 670 1009 725 sub
1023 677 1156 740 potestate
1174 668 1296 739 majoris.

61 747 206 802 obscumor
219 747 327 801 ridetur
338 747 494 819 inquisitior
517 765 579 803 cum
591 755 683 802 tamen
697 764 741 803 res
754 749 791 803 sit
803 749 861 803 rul-
940 749 984 804 10.
1006 747 1036 804 Si
1060 749 1148 803 fomes
1171 747 1303 819 (exempli
1326 744 1429 817 gratia)
1452 745 1535 801 fuerit
1558 746 1593 800 ad
1615 763 1691 801 euro

61 828 149 896 garis,
164 833 195 880 nt
214 825 244 880 in
263 828 488 883 commentatione
505 828 557 883 sub
575 827 689 882 arficulo
703 834 799 883 octavo
812 828 859 883 de·
896 828 1015 893 boream,
1030 828 1145 898 spirabit
1158 828 1263 882 scilicet
1276 825 1456 881 euroboreas.
1496 826 1573 886 Quod
1592 826 1616 881 si
1634 825 1690 880 irre·

61 905 238 960 clararimus
896 907 951 961 rint
965 908 1019 962 duo
1033 907 1141 962 fomites
1153 915 1302 972 ventorum,
1317 904 1386 959 alter
1404 906 1439 960 ad
1456 922 1558 971 eurum,
1572 905 1691 962 altered

104 984 134 1038 2.
156 984 250 1038 Etiam
264 982 347 1053 hujus
365 984 406 1040 rei
424 985 574 1057 imaginem
592 985 744 1055 reperimus
762 987 792 1039 in
809 985 860 1041 illa
895 985 1016 1052 boream,
1030 987 1051 1040 ii
1064 986 1139 1042 renti
1153 986 1188 1040 ad
1201 986 1321 1058 aliquem
1331 991 1447 1039 tractum
1458 986 1600 1056 spirabunt
1612 1001 1690 1055 sepa-

61 1064 132 1119 turri
147 1063 265 1128 occlusa,
276 1063 310 1117 de
324 1081 377 1135 qua
390 1064 473 1135 paulo
487 1072 568 1119 ante:
590 1065 677 1119 tribus
688 1065 761 1119 enim
770 1066 859 1120 modis
896 1066 996 1131 ratim,
1028 1072 1058 1119 at
1080 1072 1143 1136 post
1163 1066 1295 1137 angulum
1315 1063 1485 1119 confluentiae
1498 1065 1641 1135 spirabunt
1655 1063 1690 1118 ad

60 1143 131 1198 illud
145 1143 362 1213 experimentum
376 1143 549 1200 rarissimus.
589 1143 698 1198 Primus
709 1151 775 1207 erat,
786 1144 810 1199 is
824 1146 858 1199 ds
896 1146 1090 1209 euroboream,
1118 1151 1166 1199 sut
1192 1162 1254 1199 oum
1286 1142 1470 1209 inclinatione,
1506 1150 1586 1214 prout
1620 1143 1690 1199 alter

60 1240 117 1292 quo
130 1239 218 1292 supra
230 1222 358 1287 diximus,
372 1222 477 1278 foculus
490 1241 527 1278 ex
539 1224 635 1295 prunis
648 1231 711 1278 ante
725 1223 818 1295 ignitis
830 1230 859 1279 et
896 1225 982 1279 lomes
994 1224 1076 1279 fuerit
1088 1224 1191 1278 fortior.

60 1303 156 1356 claris.
198 1301 338 1356 Secundus
351 1309 412 1355 erat
424 1302 499 1358 lebes
513 1320 591 1373 aquae
603 1301 740 1367 ferventis,
754 1310 858 1360 remoto
937 1302 983 1358 ll.
1004 1304 1034 1358 Si
1047 1303 1082 1359 sit
1095 1303 1182 1358 fomes
1194 1302 1268 1358 renti
1282 1307 1407 1372 exparte
1421 1301 1533 1367 boreali,
1545 1301 1592 1372 qui
1605 1300 1689 1355 distet

59 1380 109 1434 illo
132 1380 234 1445 ioculo,
255 1387 339 1450 atque
358 1388 416 1436 tum
436 1391 494 1436 erat
516 1391 606 1437 motus
629 1383 718 1438 crucis
740 1382 858 1453 plumeas
895 1382 930 1436 ab
950 1382 1043 1454 aliqua
1062 1383 1173 1454 regione
1188 1382 1284 1454 viginti
1303 1380 1473 1446 milliaribus,
1487 1388 1516 1435 et
1535 1382 1572 1436 sit
1586 1380 1687 1444 sortior,

57 1460 154 1532 magis
174 1459 261 1515 hebes
281 1468 310 1513 et
329 1460 415 1531 piger,
436 1479 518 1533 quam
537 1479 574 1516 ex
591 1461 682 1517 ioculo
701 1478 856 1531 prunarum,
895 1462 966 1516 alter
978 1479 1014 1517 ex
1027 1469 1103 1531 parte
1114 1461 1246 1526 orientali,
1258 1461 1305 1533 qui
1319 1460 1401 1514 distet
1410 1460 1504 1514 decem
1517 1460 1687 1524 milliaribus,

59 1540 187 1593 haerente
200 1539 230 1593 in
243 1538 307 1594 aere
321 1556 382 1594 rore
391 1542 501 1611 vaporis
513 1541 603 1612 aquei,
615 1558 665 1596 nec
684 1541 816 1612 dissipato
828 1541 857 1596 in
895 1549 922 1596 et
935 1542 973 1595 sit
986 1540 1116 1606 debilium
1137 1541 1255 1611 spirabit
1268 1547 1361 1594 umen
1374 1539 1409 1592 ad
1422 1537 1529 1609 aliquas
1544 1538 1628 1594 horas
1642 1556 1688 1594 eu·

58 1620 208 1673 materiam
221 1619 297 1673 renti
311 1626 422 1689 propter
437 1620 654 1675 imbecillitatem
674 1619 779 1675 caloris.
819 1620 858 1674 At
894 1637 948 1684 rus,
960 1620 1043 1691 paulo
1056 1628 1120 1691 post
1131 1620 1270 1689 (nimirum
1285 1626 1349 1689 post
1357 1634 1497 1673 emensum
1505 1618 1571 1689 iter)
1581 1619 1687 1674 boreas.

58 1699 161 1753 testim
174 1704 234 1752 erat
247 1714 284 1753 ex
295 1699 416 1769 utrisque
430 1700 518 1763 simul,
533 1698 624 1755 ioculo
636 1708 666 1755 st
677 1699 781 1765 lebete3
799 1708 856 1755 tum
937 1699 981 1754 12.
1003 1699 1033 1754 Si
1047 1699 1133 1770 spiret
1146 1700 1250 1763 boreas,
1264 1706 1346 1770 atque
1360 1704 1484 1752 occurrat
1497 1698 1532 1751 ab
1546 1698 1687 1753 occidente

59 1794 126 1832 vero
151 1777 235 1848 longe
259 1778 380 1832 maxima
403 1786 462 1832 erat
484 1778 573 1834 crucis
594 1778 711 1849 plumea
731 1779 856 1850 agitatio,
894 1796 972 1833 mons
986 1778 1093 1849 aliquis,
1105 1779 1220 1849 spirabit
1238 1777 1322 1850 paulo
1339 1785 1401 1847 post
1419 1777 1599 1841 euroboreas,
1613 1794 1688 1832 com-

59 1858 131 1911 adeo
145 1865 178 1911 ut
192 1856 353 1928 quandoque
371 1855 446 1912 illam
465 1857 495 1912 in
514 1875 622 1913 sursum
634 1866 758 1922 verteret,
772 1858 858 1914 instar
894 1858 999 1929 positus
1012 1857 1118 1912 scilicet
1129 1875 1166 1913 ex
1178 1863 1259 1913 rento
1271 1855 1399 1928 originali
1414 1864 1442 1910 et
1454 1872 1621 1927 repercusso.

60 1935 158 2006 pusilli
172 1935 305 2000 turbinis;
327 1952 398 2008 aqua
415 1936 519 1993 scilicet
537 1937 675 2007 praebente
693 1938 800 2008 copiam
813 1956 858 1992 va·
938 1936 983 1992 13.
1005 1937 1036 1992 Si
1049 1937 1085 1991 sit
1099 1937 1185 1992 fomes
1196 1944 1335 1991 ventorum
1345 1936 1375 1988 in
1385 1943 1456 1990 terra
1469 1953 1487 1989 a
1500 1944 1575 2006 parte
1589 1936 1687 2000 boreae,

60 2017 145 2085 poris,
161 2023 189 2069 et
202 2013 300 2079 ioculo,
315 2017 361 2086 qui
380 2017 492 2082 astabat,
507 2034 569 2072 eum
581 2017 739 2088 dissipante.
894 2016 996 2071 halitus
1009 2024 1100 2071 autem
1114 2017 1174 2086 ejus
1186 2016 1290 2070 feratur
1303 2021 1379 2070 recta
1397 2031 1511 2080 sursum,
1526 2022 1555 2069 et
1566 2015 1689 2070 inueniat

99 2095 129 2149 3.
155 2094 251 2165 ltaque
270 2094 444 2150 excitationis
462 2105 551 2151 motus
571 2096 600 2151 in
613 2096 702 2152 ventis
718 2103 858 2151 causaest
894 2097 995 2151 nubem
1009 2096 1129 2167 gelidam
1142 2095 1177 2149 ab
1191 2095 1341 2159 occidente,
1353 2112 1414 2164 quas
1428 2111 1489 2148 eam
1502 2094 1531 2149 in
1545 2095 1688 2149 adversum

61 2174 203 2243 pmcipua
223 2175 427 2243 supemneratio
446 2173 526 2240 airis,
553 2193 589 2230 ex
608 2192 679 2230 nora
702 2176 857 2231 accessione
894 2175 1028 2239 detrudat,
1043 2175 1158 2245 spirabit
1170 2175 1350 2229 euroboreas

60 2254 133 2308 airis
148 2253 217 2307 iacti
231 2269 268 2307 ex
280 2254 434 2323 vaporibus.
974 2254 1245 2310 Fomitesrentorum
1258 2254 1287 2308 in
1301 2257 1412 2307 terrast
1424 2252 1494 2307 mari

99 2332 166 2387 Jam
180 2332 217 2387 de
230 2333 378 2388 directione
392 2331 647 2398 motus⁰ridendum,
663 2340 690 2387 et
706 2334 740 2388 (le
752 2335 857 2388 uertici·
934 2342 998 2388 suut
1021 2333 1142 2398 stabiles,
1167 2334 1207 2387 ita
1229 2338 1261 2387 ut
1283 2332 1345 2386 fons
1368 2339 1396 2386 et
1416 2331 1494 2402 origo

61 2418 125 2476 tate,
140 2429 206 2484 qua
220 2419 264 2467 est
276 2412 433 2467 directionis
445 2412 570 2467 mutatio.
934 2412 1057 2483 ipsorum
1069 2414 1168 2468 melius
1181 2411 1362 2483 percipiatur:
1384 2418 1412 2464 at
1425 2409 1533 2465 fomites
1545 2418 1689 2466 ventorum

98 2494 127 2546 4.
149 2491 340 2545 Directionem
359 2497 448 2545 motus
466 2490 631 2562 progressiri
649 2497 792 2546 ventorum
812 2508 856 2546 re·
935 2491 965 2545 iu
979 2492 1096 2546 nubibus
1109 2490 1316 2554 suntmobiles3
1338 2490 1407 2544 adeo
1419 2497 1449 2544 ut
1458 2489 1525 2543 alibi
1536 2490 1691 2560 suppedite-

60 2579 128 2640 grint
143 2568 257 2624 fomites
270 2569 322 2633 sui,
334 2570 380 2641 qui
391 2578 454 2623 sunt
466 2569 571 2626 similes
584 2570 707 2625 sontibus
721 2570 856 2635 amnium,
935 2582 979 2625 tur
992 2571 1105 2626 materia
1117 2577 1266 2634 ventorum,
1285 2569 1352 2623 alibi
1365 2586 1430 2623 vero
1450 2569 1505 2639 ipsi
1525 2568 1688 2625 formentur:

59 2649 119 2703 loca
141 2648 260 2712 scilicet,
280 2648 328 2702 ubi
349 2664 449 2718 magna
468 2651 602 2718 reperitur
619 2650 699 2719 copia
716 2666 856 2720 vaporum,
934 2648 964 2704 id
977 2650 1145 2721 qnodefficit
1158 2649 1334 2703 directionem
1353 2656 1442 2702 motus
1455 2647 1485 2701 in
1498 2649 1587 2702 ventis
1600 2650 1690 2721 msgm

61 2729 97 2781 ibi
111 2729 188 2783 enim
204 2737 247 2782 est
261 2727 351 2797 patria
362 2729 444 2781 renti
485 2728 634 2801 Postquam
644 2735 736 2783 autem
749 2728 858 2783 iurene·
935 2728 1076 2784 confusam
1089 2736 1117 2782 et
1129 2728 1270 2782 incertam.

60 2810 112 2861 rint
125 2813 298 2871 currentem
319 2807 366 2861 ubi
380 2805 428 2860 aer
440 2807 552 2862 minime
565 2808 674 2872 resistit,
689 2808 773 2878 (sicut
786 2824 858 2879 aqua
935 2807 1004 2862 lisso
1024 2806 1144 2877 exempli
1165 2809 1255 2878 gratia
1276 2806 1453 2870 adduximuss
1482 2805 1584 2861 similia
1605 2806 1689 2861 simili

60 2886 161 2942 invenit
174 2884 593 2959 declivitatem,)tumquicquid
606 2887 748 2942 inveniunt
759 2886 858 2942 similis
895 2886 976 2941 modo
990 2903 1019 2942 se
1039 2886 1149 2942 habent.
1190 2885 1281 2958 Atque
1299 2886 1332 2940 de
1352 2886 1500 2940 directione
1519 2892 1608 2940 motus
1623 2902 1689 2941 ven-

61 2969 180 3022 materiae
195 2967 226 3021 in
240 2966 295 3031 via,
311 2967 340 3021 in
354 2964 520 3022 consortium
539 2967 681 3037 recipiunt,
696 2974 724 3021 et
737 2982 786 3021 suo
799 2984 858 3021 cur·
895 2974 984 3021 torum
1010 2966 1153 3021 hactenus.
1193 2966 1230 3020 At
1256 2965 1290 3020 de
1313 2965 1481 3036 longitudine
1503 2973 1532 3018 et
1560 2974 1689 3035 tanquam

60 3048 128 3101 renti
156 3047 295 3110 misceut3
326 3047 553 3117 quemadmodum
576 3047 679 3101 t‘aciunt
703 3054 731 3100 et
753 3061 857 3101 amnes.
895 3044 1037 3100 itinerario
1056 3053 1199 3100 ventorum
1219 3045 1382 3109 ridendum
1410 3044 1475 3098 licet
1498 3044 1532 3097 ds
1554 3043 1607 3098 boc
1628 3044 1690 3114 ipso

63 3125 154 3197 ltaque
168 3126 249 3179 renti
259 3125 364 3195 spirant
373 3142 507 3195 sempera
516 3134 592 3195 parte
603 3125 728 3180 fomitum
738 3141 856 3179 suorum.
896 3124 977 3195 paulo
986 3132 1057 3190 ante,
1071 3125 1122 3180 sub
1135 3124 1244 3179 nornine
1259 3124 1408 3179 latitudiuis
1419 3129 1566 3186 ventorum,
1577 3124 1689 3194 inquisi-

98 3204 125 3260 5.
147 3204 208 3258 Ubi
228 3221 285 3258 non
304 3211 367 3258 sunt
383 3203 492 3258 fomites
511 3205 633 3276 insignes
648 3205 677 3258 in
691 3203 784 3276 aliquo
796 3205 858 3259 loco
896 3211 954 3259 mm
967 3204 1053 3259 rideri
1067 3205 1161 3275 possit.
1202 3206 1276 3259 Nam
1290 3212 1317 3257 et
1329 3202 1443 3257 latitudo
1455 3218 1506 3272 pro
1518 3201 1689 3273 longitudine

62 3292 141 3349 cauo,
152 3291 294 3354 vagantur
310 3282 453 3337 comodum
467 3285 550 3348 renti,
564 3292 592 3339 et
611 3284 692 3339 t‘acile
706 3293 858 3339 currentem
895 3283 930 3337 ab
944 3282 1078 3354 imperitis
1092 3282 1189 3337 baberi
1202 3284 1297 3353 possit,
1311 3283 1335 3336 si
1350 3283 1452 3349 majora
1463 3281 1552 3350 spatia
1565 3282 1641 3335 renti
1654 3298 1689 3338 ex

62 3379 139 3417 suum
158 3369 279 3427 mutant,
300 3370 330 3416 nt
350 3362 381 3416 in
400 3363 491 3418 medio
513 3363 591 3429 mari,
613 3371 641 3418 et
661 3363 858 3434 campestribus
896 3362 981 3418 latere
996 3369 1136 3434 occupent,
1152 3379 1234 3434 quam
1248 3363 1277 3416 in
1292 3361 1459 3432 longitudine
1474 3360 1689 3430 progrediantur.

62 3450 137 3496 terrae
150 3440 228 3495 latia.
938 3442 985 3498 14.
1007 3443 1037 3498 Si
1051 3459 1144 3496 rerum
1158 3443 1202 3506 sit,
1221 3441 1384 3496 Columbum
1405 3457 1441 3494 ex
1459 3440 1513 3494 oris
1530 3439 1688 3508 Lusitaniae,

98 3520 124 3575 6.
148 3521 206 3574 Ubi
220 3519 315 3590 magni
329 3520 513 3575 suntiomites
526 3528 665 3576 ventorum
678 3522 708 3575 iu
721 3538 775 3576 uno
788 3521 857 3588 loco,
896 3538 945 3592 per
968 3528 1065 3577 ventos
1092 3529 1178 3576 statos
1201 3522 1237 3575 ab
1260 3521 1407 3584 occidente,
1430 3520 1463 3574 de
1486 3519 1639 3573 continente
1661 3519 1691 3574 in

62 3600 106 3654 sed
127 3601 158 3654 in
179 3599 251 3654 locis
269 3615 430 3669 progressus
449 3601 491 3654 sui
510 3617 601 3670 parvas
621 3602 799 3666 accessiones,
818 3602 857 3655 ibi
897 3601 1023 3656 Anaetica
1033 3597 1165 3670 judicium
1178 3599 1283 3666 iecisse,
1297 3600 1379 3672 longo
1392 3606 1464 3653 certe
1478 3598 1573 3653 itinere
1587 3599 1691 3669 possint

61 3679 132 3734 renti
152 3679 265 3733 fortiter
284 3678 351 3732 ilsnt
369 3678 420 3733 sub
437 3679 530 3744 initiis,
550 3686 578 3735 et
596 3678 728 3749 paulatim
745 3681 857 3735 flacces-
896 3696 1048 3735 commeare
1059 3680 1141 3735 renti.

61 3768 142 3824 cont,
171 3758 220 3813 ubi
242 3765 336 3812 contra
355 3758 463 3813 fomites
483 3759 573 3830 magis
592 3759 720 3825 continui,
740 3758 858 3815 leniores
939 3759 986 3813 15.
1008 3759 1038 3814 Si
1052 3775 1146 3814 rernm
1166 3758 1210 3824 sit,
1224 3757 1387 3814 solutionem
1405 3757 1509 3812 uirium
1524 3756 1598 3810 circa
1611 3756 1689 3811 Mare

62 3846 123 3891 sant
136 3837 190 3892 sub
204 3837 303 3901 initiis,
316 3843 345 3890 et
357 3844 452 3907 postea
466 3845 608 3908 augentur.
896 3837 1013 3906 glaciale
1027 3845 1055 3892 et
1069 3838 1214 3893 Scandiam
1232 3839 1351 3892 excitare
1364 3835 1507 3908 aquilones
1524 3836 1552 3889 in
1568 3834 1648 3889 ltalia
1662 3842 1691 3890 et

99 3916 128 3976 7.
148 3917 220 3970 Sunt
246 3916 357 3970 fomites
380 3914 495 3970 mobiles
520 3924 669 3981 ventorum,
696 3915 803 3971 scilicet
829 3917 857 3973 in
897 3916 1013 3983 Graecia,
1031 3919 1080 3973 &a
1099 3917 1194 3972 diebus
1215 3916 1422 3981 canicularibus,
1436 3916 1519 3986 longa
1535 3920 1608 3969 certe
1629 3922 1691 3970 sunt

63 3996 194 4061 nabibusr
231 3995 279 4065 qui
306 4010 379 4063 sape
406 4012 424 4049 a
441 3995 530 4049 ventis
556 3995 587 4049 in
612 3996 668 4050 alto
694 3996 859 4067 spirantibus
896 3996 995 4066 spatia.

64 4082 280 4145 transportantur
299 4073 328 4126 in
340 4071 402 4127 loca
419 4074 514 4144 procul
534 4074 664 4129 distantia
684 4091 702 4128 a
720 4074 859 4130 fomitibus
941 4074 986 4129 16.
1009 4074 1115 4134 Quanto
1129 4074 1209 4128 citius
1223 4074 1252 4128 in
1272 4073 1469 4139 consecutione,
1481 4072 1512 4127 in
1525 4090 1581 4144 qua
1596 4081 1692 4130 ventus

63 4169 201 4223 raporum,
216 4169 253 4207 ex
267 4152 366 4224 quibus
378 4161 514 4223 generata
528 4162 591 4208 sunt
604 4153 659 4209 illas
676 4154 780 4208 nubes:
801 4162 859 4209 tum
897 4160 997 4219 movet,
1008 4153 1142 4224 (exempli
1156 4153 1253 4225 gratia,
1267 4154 1291 4208 si
1303 4154 1340 4209 sit
1353 4152 1456 4223 eurus)
1470 4152 1562 4207 veniat
1575 4161 1693 4223 tempes-

63 4248 124 4286 sero
145 4232 247 4303 incipit
267 4247 327 4285 esse
349 4232 435 4286 fornes
448 4232 523 4286 venti
545 4251 581 4287 ex
601 4242 687 4304 parts,
705 4234 752 4288 ubi
772 4233 858 4289 nubes
898 4241 940 4286 tas
954 4232 989 4286 ad
1002 4232 1090 4288 locum
1100 4233 1221 4304 aliquem
1234 4233 1270 4287 ab
1277 4234 1389 4296 oriente,
1400 4239 1503 4304 quanto
1511 4249 1576 4288 vero
1589 4233 1692 4288 tardius

64 4309 196 4381 incipiunt
209 4310 280 4364 solvi
295 4310 324 4363 in
336 4318 456 4365 ventum.
898 4312 934 4365 ab
948 4312 1096 4377 occidente,
1108 4311 1228 4367 nondum
1242 4312 1357 4367 venitin
1371 4313 1594 4366 observationem.

99 4390 129 4444 8.
150 4390 187 4443 At
200 4389 343 4443 verticitas
358 4398 499 4445 ventorum
513 4406 568 4444 non
582 4390 613 4444 fit
625 4407 666 4454 eo,
677 4390 748 4460 quod
761 4398 858 4446 ventus
936 4392 980 4446 De
990 4398 1065 4446 motu
1078 4400 1218 4445 ventorum
1232 4391 1261 4444 in
1274 4407 1419 4462 progressu
1432 4391 1582 4456 hactenus;
1602 4393 1693 4447 videu-

64 4468 137 4537 prius
150 4469 221 4522 flans
237 4484 267 4522 se
281 4468 441 4535 transferam
463 4470 512 4524 sed
522 4470 593 4540 quod
604 4469 651 4523 ille
662 4477 709 4524 aut
722 4471 858 4535 occiderit,
899 4470 963 4525 dum
975 4472 1033 4539 jam
1044 4471 1077 4525 de
1091 4470 1265 4525 undulatione
1280 4479 1427 4525 ventorum.

64 4555 107 4600 aut
121 4548 158 4601 ab
171 4546 398 4602 alteroventoin
411 4549 534 4605 ordinem
547 4549 671 4603 redactus
685 4549 728 4604 sit
769 4548 858 4619 Atque
942 4547 986 4609 17.
1008 4549 1158 4605 Undulatio
1171 4556 1311 4604 ventorum
1327 4550 1362 4603 ad
1381 4565 1466 4619 parra
1485 4557 1622 4604 momenta
1644 4552 1692 4615 fit;

63 4632 147 4681 toturn
160 4627 214 4681 hoc
228 4626 372 4697 negotium
385 4629 486 4698 pendet
499 4645 536 4682 ex
545 4628 628 4682 variis
637 4627 860 4683 collocationibus
898 4629 966 4683 adeo
979 4637 1009 4683 ut
1019 4630 1121 4683 centies
1134 4627 1163 4682 in
1171 4628 1240 4682 hora
1252 4629 1287 4682 ad
1299 4629 1389 4683 minus
1403 4635 1501 4684 reatus
1515 4629 1593 4701 (licet
1603 4630 1693 4698 tortis)

64 4704 186 4760 turritum
203 4714 355 4770 ventorum,
375 4713 403 4759 et
422 4707 553 4762 varietate
572 4715 732 4777 temporum,
751 4708 860 4778 quando
898 4726 927 4763 se
942 4708 1061 4774 suscitet,
1075 4715 1104 4762 et
1117 4706 1270 4762 alternatim
1289 4707 1419 4763 remittat
1459 4707 1505 4762 Ex
1524 4725 1579 4779 qno
1590 4708 1693 4779 liqueat

63 4799 184 4854 sapores,
192 4801 230 4838 ex
237 4783 394 4852 hujusmodi
403 4786 542 4841 fomitibus
550 4795 701 4852 manantes,
709 4786 858 4842 solvuntur.
897 4787 1061 4859 inequalem
1081 4802 1142 4841 esse
1163 4787 1295 4856 impetum
1313 4793 1470 4843 ventorum:
1491 4803 1556 4841 nam
1574 4804 1624 4842 neo
1645 4788 1694 4841 flu-

100 4860 128 4916 9.
150 4864 181 4917 si
204 4864 307 4917 inerim
326 4864 433 4919 fomites
451 4873 594 4920 ventorum
615 4866 773 4935 apartibus
795 4881 859 4921 con·
897 4868 980 4931 mina,
991 4867 1056 4921 licet
1065 4865 1169 4935 rapida,
1177 4882 1227 4920 nec
1236 4873 1375 4922 curreutes
1385 4866 1415 4921 in
1423 4866 1499 4931 mari,
1508 4865 1572 4921 licet
1581 4865 1692 4931 robusti,

65 4942 160 5006 trariis,
176 4942 261 4995 veluti
276 4940 346 4997 alter
362 4942 449 4999 fomes
465 4945 501 4998 ab
521 4953 622 5010 austro,
637 4943 706 4999 alter
727 4961 744 4997 a
761 4945 858 5008 borea,
898 4945 1038 5011 undulant,
1051 4945 1106 4999 nisi
1119 4946 1264 5000 accedente
1278 4945 1346 5001 datu
1357 4953 1516 5001 ventorum:
1532 4961 1619 5014 neque
1632 4944 1694 5014 ipsa

65 5021 222 5088 peruenit
235 5021 341 5076 scilicet
354 5031 449 5077 ventus
468 5021 570 5088 tortior,
585 5040 674 5093 neque
695 5031 774 5078 eruut
786 5025 860 5078 venti
898 5024 949 5078 illa
961 5023 1103 5079 undulatio
1116 5029 1257 5078 ventorum
1270 5024 1373 5096 aliquid
1387 5024 1551 5096 aequalitatis
1563 5023 1648 5077 habet
1664 5025 1694 5078 in

65 5101 202 5163 contrarii,
223 5100 273 5155 sed
291 5110 388 5156 vennas
409 5102 505 5156 fortior
522 5103 651 5157 continuo
670 5103 801 5173 spirabitr
823 5104 861 5157 ita
899 5121 947 5169 ser
969 5120 1043 5171 nam,
1054 5103 1140 5156 instar
1153 5102 1248 5173 pulsas
1258 5119 1362 5169 manns,
1373 5101 1520 5175 aliquando
1532 5103 1693 5168 intercurrit,

66 5187 153 5232 tamen
168 5188 199 5234 ut
214 5196 232 5231 a
246 5188 330 5234 rento
343 5180 522 5235 imbecilliore
535 5181 663 5236 nonnihil
676 5181 820 5236 hebetetur
833 5189 861 5236 et
899 5182 1048 5252 aliquando
1060 5181 1222 5237 intermittit

65 5255 203 5323 marcar,
226 5267 256 5313 ut
275 5260 307 5312 at
320 5260 350 5314 in
364 5260 497 5324 amnibus,
511 5261 656 5315 accedente
671 5261 747 5316 fluxu
758 5261 859 5316 maris:
942 5260 988 5316 18.
1010 5260 1159 5317 Undulatio
1179 5260 1252 5315 a'c'ris
1264 5260 1295 5314 in
1308 5277 1341 5314 eo
1359 5260 1451 5314 differt
1465 5259 1501 5313 ab
1517 5258 1694 5315 undulatione

66 5351 125 5391 nam
148 5345 241 5391 motus
263 5339 347 5392 maris
368 5338 504 5409 praevalet,
526 5347 554 5395 et
577 5346 621 5392 est
641 5340 755 5406 unicus;
777 5340 825 5395 sed
844 5357 862 5394 a
899 5357 1039 5412 aquarum,
1060 5341 1134 5411 quod
1153 5340 1183 5395 in
1205 5341 1290 5411 aquis,
1311 5345 1455 5409 postquam
1477 5340 1574 5394 fluctus
1595 5338 1695 5395 sublati

66 5424 136 5470 motu
151 5416 229 5470 durii
242 5417 369 5472 nonnihil
384 5418 519 5548 irrogatur.
560 5417 639 5479 Quod
661 5419 685 5473 si
702 5420 742 5474 ita
756 5420 861 5475 accide·
900 5420 1000 5476 luerim
1012 5421 1041 5476 in
1055 5419 1150 5486 altum,
1159 5427 1255 5490 sponte
1270 5434 1361 5473 rursus
1375 5417 1502 5474 decidant
1516 5418 1552 5472 sd
1566 5417 1694 5490 planum:

107 5510 171 5550 ror.
194 5512 224 5550 u.
474 5511 498 5549 ar

1542 2296 1661 2341 tinnitum.
