3800 5875
60 311 133 369 Lm.
155 312 194 366 ll.
580 314 630 370 Dii
651 313 874 372 adamantus
895 314 1170 372 SOIENTIARUM.
1626 314 1680 370 stt

62 470 271 536 donnicatum
293 475 427 527 etcensus
437 470 594 541 excipiatur,
606 489 667 543 qna
678 489 713 526 ex
726 472 781 528 illis
790 472 860 528 locu·
897 490 1033 546 quamque
1057 473 1193 528 difficilem
1215 471 1380 544 provinciam
1402 473 1567 537 sustineam
1602 473 1683 527 etiarn

62 549 157 621 fictas
169 551 233 613 aiut,
243 557 273 604 et
285 550 416 618 majorem
429 550 458 604 in
471 551 580 606 modum
594 559 686 615 auctae,
699 568 759 622 quae
773 562 862 607 autem
897 570 979 623 quarn
1001 553 1055 607 siut
1073 555 1143 607 vires
1165 552 1276 606 miuirnc
1297 551 1426 605 uoluntati
1447 568 1543 622 pares:
1564 558 1682 605 attamen

62 630 166 700 iaopa
180 629 366 684 etdcstitutte.
406 629 506 700 Opinio
520 630 591 684 enim
605 630 699 701 copias,
713 631 784 685 iuter
801 649 862 685 cau·
897 648 1023 702 magnam
1048 632 1077 685 in
1100 649 1177 702 spem
1200 632 1286 696 venio,
1309 632 1332 684 si
1356 630 1493 683 ardentior
1517 646 1594 683 meus
1617 647 1683 700 erga

64 725 112 762 aas
135 708 240 778 inopias
260 715 319 772 est;
340 715 420 778 atque
439 708 579 763 multitudo
597 708 728 763 librorum
747 709 862 764 luxuriae
896 709 990 764 literas
1004 728 1079 764 amor
1092 727 1135 765 me
1149 710 1256 780 longius
1270 710 1431 781 provexerit,
1445 725 1555 762 usurum
1569 726 1612 762 me
1633 725 1681 762 ex·

64 787 166 857 potius,
190 803 274 857 quam
297 788 417 856 penuriae
438 787 570 842 indicium
594 788 730 858 quoddam
753 805 809 857 pras
833 806 861 843 se
897 790 1033 844 curatione
1046 791 1172 853 affectum
1194 789 1325 858 quianon
1343 787 1423 842 simul
1442 789 1568 857 cuiquam
1584 803 1680 841 conce-

64 865 128 920 lest.
172 865 240 926 Quae
254 866 734 937 nmerredundanriatsiquisrecte
745 868 860 936 judicet)
896 867 976 933 ditur,
991 886 1078 921 amare
1092 877 1117 920 et
1130 885 1233 938 sapere.
1272 867 1391 921 Nescius
1405 867 1531 937 equidem
1545 883 1599 920 non
1612 883 1680 931 sum,

64 944 228 1015 neutiquam
241 943 364 999 delendis
378 945 494 999 antehac
510 946 618 1015 scriptia
630 945 715 1012 libris,
730 946 861 1002 sednovis
896 947 1009 1000 eandem
1026 946 1122 1014 judicii
1135 946 1286 1000 libertatem
1300 945 1360 1000 aliis
1375 945 1584 1017 relinquendam,
1599 962 1681 1016 quam

65 1022 227 1078 melioribus
241 1024 353 1079 edendis
368 1023 426 1078 tolli
440 1024 527 1090 debet,
542 1024 590 1096 qui
604 1025 663 1093 ejus
677 1026 785 1097 generis
799 1025 860 1088 sint,
895 1025 954 1095 ipse
968 1026 1162 1095 usurpaverim.
1203 1024 1336 1096 Equidem
1353 1023 1468 1078 libenter
1482 1042 1557 1094 aeque
1572 1041 1681 1095 aecepe-

64 1108 411 1174 ¹¹12taaquam“serpens
425 1103 526 1170 Moses,
545 1112 683 1174 serpentes
696 1105 859 1176 magorum”
895 1105 947 1158 ritu
972 1105 1007 1158 ab
1034 1105 1103 1170 aliia,
1131 1121 1162 1157 ac
1186 1104 1387 1173 impertirerim,
1413 1102 1587 1158 humanitatis
1613 1102 1680 1158 illud

65 1180 205 1236 devorent.
896 1184 1028 1238 officium:
1050 1190 1066 1215 ‘⁴
1074 1184 1147 1237 Nam
1158 1183 1204 1254 qui
1215 1182 1312 1236 erranti
1323 1182 1433 1236 comiter
1443 1190 1573 1236 monstrat
1582 1182 1678 1246 viam,”

105 1260 224 1324 Horum,
241 1278 308 1332 quos
327 1260 550 1326 enumeravimus,
570 1261 691 1318 omniurn
709 1261 861 1316 defectuum
895 1273 945 1318 etc.
987 1262 1127 1332 Prospicio
1140 1264 1222 1316 etiam
1236 1262 1327 1315 animo
1340 1260 1478 1329 complura
1493 1278 1527 1316 ex
1540 1260 1604 1326 illia,
1619 1279 1679 1332 quae

65 1339 196 1404 muisdia,
210 1348 313 1410 praeter
325 1339 400 1393 illius
412 1341 549 1411 postremi,
564 1341 725 1411 quinetiam
739 1341 860 1409 ejusdem
896 1350 1025 1412 tanquam
1039 1342 1138 1395 omissa
1152 1348 1180 1395 et
1193 1340 1342 1394 desiderata
1355 1341 1384 1393 iu
1397 1340 1539 1409 registrum
1553 1339 1605 1393 hoc
1619 1357 1680 1394 nos-

66 1419 210 1487 postremi,
225 1419 315 1490 quoad
334 1427 438 1489 purtem
460 1420 520 1489 ejus
541 1421 663 1484 activam,
678 1438 738 1490 quae
759 1428 861 1490 spectat
896 1427 966 1474 trum
980 1420 1080 1474 reterre
1093 1420 1181 1474 risum
1191 1419 1279 1483 fuerit,
1291 1418 1447 1473 indiversus
1457 1436 1583 1472 censuras
1593 1419 1679 1472 incur·

65 1497 100 1549 ad
114 1497 335 1569 designationem
348 1498 530 1563 scribentium,
545 1515 628 1570 opera
641 1507 704 1553 sunt
716 1516 779 1553 vere
790 1499 861 1552 basi·
893 1515 971 1554 sura:
992 1498 1047 1552 alia
1060 1498 1163 1553 seilicet
1176 1498 1248 1569 quod
1261 1499 1316 1552 sint
1329 1499 1428 1552 dudum
1442 1506 1557 1566 peracta,
1576 1504 1602 1550 et
1621 1498 1677 1565 jam

65 1575 135 1631 lica:
157 1593 226 1647 erga
241 1594 301 1647 qua
314 1578 413 1646 privati
427 1576 542 1645 alicujus
560 1586 673 1633 conatus
687 1586 715 1633 et
726 1578 860 1631 industria
894 1585 1004 1632 extent:
1025 1577 1079 1631 alia
1093 1578 1164 1647 quod
1177 1578 1360 1631 curiositatem
1381 1577 1495 1645 sapiant,
1516 1585 1545 1630 et
1563 1577 1678 1631 fructum

65 1654 122 1709 fere
135 1657 177 1710 sic
191 1674 222 1710 se
237 1655 343 1719 habeat,
358 1655 550 1711 utMercurius
569 1657 598 1710 in
616 1657 706 1711 bivio:
728 1657 775 1727 qui
792 1655 860 1728 digi-
894 1657 1052 1726 promittant
1065 1655 1227 1726 perexilem:
1261 1656 1315 1709 alia
1329 1655 1494 1726 quodniruia
1513 1656 1596 1710 ardua
1609 1655 1679 1709 exis·

65 1742 125 1788 tum
137 1742 232 1804 potest
245 1735 274 1788 in
288 1736 360 1788 viam
370 1734 515 1800 intendere,
527 1736 624 1806 pedem
639 1736 739 1790 inferre
750 1751 803 1789 non
814 1752 860 1804 po-
894 1743 959 1800 tant‚
974 1743 1002 1789 et
1016 1736 1072 1789 fere
1091 1734 1278 1804 impossibilia,
1294 1752 1353 1805 quae
1371 1735 1406 1788 ab
1426 1733 1579 1788 hominibus
1593 1733 1678 1787 absol·

66 1821 130 1867 test
173 1812 210 1868 At
224 1813 390 1884 speculativa
404 1812 452 1866 illa
464 1831 540 1886 pars,
552 1832 612 1885 quae
626 1816 661 1869 ad
674 1830 789 1869 examen
799 1814 859 1868 doc·
893 1823 995 1870 rantur.
1026 1815 1069 1868 Ad
1082 1815 1173 1885 priora
1181 1814 1233 1868 duo
1247 1814 1318 1885 quod
1332 1814 1434 1878 attinet,
1448 1830 1491 1867 res
1504 1814 1572 1884 ipsae
1585 1829 1635 1882 pro
1648 1829 1677 1868 se

65 1893 200 1947 binarum
228 1892 308 1964 (quid
334 1893 461 1947 nimirum
488 1893 518 1947 in
540 1894 655 1964 singulis
681 1892 858 1962 desideretur)
893 1911 1003 1948 causam
1017 1901 1116 1965 agent,
1138 1893 1210 1946 eirca
1223 1900 1388 1963 postremum
1406 1892 1439 1946 de
1460 1891 1677 1963 impossibilitate

65 1973 193 2041 pertinet,
222 1971 307 2026 etiam
333 1972 471 2026 industria
497 1971 614 2027 hominis
643 1973 742 2042 privati
772 1980 857 2042 patet.
893 1974 931 2027 ita
944 1979 1049 2027 statuo:
1071 1989 1105 2025 ea
1118 1973 1210 2025 omnia
1228 1971 1368 2042 possibilia
1386 1978 1413 2024 et
1432 1970 1598 2040 praestabilis
1613 1987 1677 2024 cen·

67 2050 138 2104 liubi
152 2051 240 2122 igitur
259 2051 288 2104 in
305 2051 397 2104 auimo
415 2057 465 2114 est,
484 2051 743 2122 perambulationem
762 2052 857 2105 doctri·
893 2052 984 2116 senda,
999 2069 1060 2123 quae
1073 2051 1108 2105 ab
1127 2051 1260 2121 aliquibus
1275 2050 1366 2120 perfici
1382 2050 1494 2120 possint,
1514 2049 1578 2103 licet
1594 2066 1647 2103 non
1661 2066 1679 2102 a

65 2145 169 2193 aarum,
183 2139 212 2184 et
225 2129 413 2184 lustrationem
421 2129 576 2199 generalem
585 2138 611 2183 et
620 2130 726 2185 fidelem
736 2130 856 2201 aggredi,
880 2131 1046 2201 vquibusvis;
1069 2139 1097 2184 et
1111 2147 1170 2200 quoe
1184 2147 1201 2181 a
1213 2129 1305 2183 multia
1318 2129 1489 2197 conjunctim,
1503 2127 1567 2182 licet
1579 2145 1633 2182 non
1643 2129 1678 2182 ab

65 2210 203 2279 praecipue
217 2225 281 2263 eum
295 2208 470 2279 inquisitione
485 2208 578 2264 sedula
592 2218 618 2263 et
639 2218 771 2274 accurata,
787 2226 857 2280 qute-
891 2227 961 2275 uno;
987 2217 1015 2263 et
1036 2226 1096 2280 quaa
1116 2209 1146 2261 in
1167 2209 1335 2263 successione
1358 2208 1516 2272 seculorum,
1538 2208 1603 2262 licet
1622 2223 1679 2261 non

65 2303 128 2341 narn
153 2304 251 2342 earum
278 2297 370 2357 partes
397 2287 528 2358 neglectas
554 2288 716 2360 incultaque
739 2289 856 2357 jaceant,
891 2290 986 2342 eodem
1000 2305 1072 2352 aanor
1094 2296 1122 2341 et
1134 2287 1249 2357 denique
1261 2304 1322 2358 quas
1331 2286 1439 2357 publica
1449 2303 1512 2340 eura
1522 2293 1549 2340 et
1562 2294 1677 2355 sumptu,

66 2365 209 2421 bominum
228 2365 365 2420 industria
385 2367 504 2420 nondum
525 2365 650 2433 subacta,
675 2375 702 2422 et
722 2368 756 2422 ad
776 2385 855 2422 usum
891 2367 1020 2422 lieetnou
1038 2367 1134 2438 opibus
1153 2372 1181 2421 et
1200 2367 1332 2421 industria
1350 2365 1524 2437 singulorum.
1567 2365 1596 2419 si
1618 2365 1678 2435 quia

65 2463 219 2510 converterer
240 2455 272 2499 ut
285 2444 442 2513 hujusmodi
455 2445 600 2500 delineatio
614 2454 641 2500 et
654 2447 813 2518 registratio,
829 2455 855 2500 et
891 2453 981 2500 tarum
1008 2447 1050 2509 sit,
1078 2446 1124 2517 qui
1149 2444 1227 2499 malit
1255 2445 1408 2501 Salomonis
1439 2443 1505 2498 iilud
1531 2461 1677 2515 usurpare:

65 2525 181 2593 publicis
201 2523 444 2594 designatiouibus,
465 2532 492 2579 et
513 2525 679 2595 privatorum
700 2525 856 2596 spontaneis
892 2526 991 2579 “Dicit
1005 2525 1089 2596 piger,
1105 2524 1163 2578 Leo
1176 2525 1258 2577 estin
1271 2525 1350 2587 via;’¹
1372 2541 1453 2593 quam
1467 2523 1534 2577 illud
1548 2524 1676 2594 Virgilii:

65 2601 200 2658 laboribus
214 2604 306 2658 facem
319 2602 458 2657 accendat.
498 2603 531 2657 In
544 2621 597 2674 quo
606 2605 782 2659 nihilomiuus
796 2621 856 2658 con·
893 2610 910 2636 ‘⁸
924 2605 1051 2668 Possunt,
1067 2605 1131 2674 quia
1143 2619 1221 2673 posse
1236 2603 1392 2657 ridentur:”
1414 2603 1480 2656 satis
1499 2602 1567 2656 mibi
1581 2603 1640 2665 erit,
1655 2603 1679 2656 si

65 2683 152 2737 silium
175 2691 227 2746 est,
256 2682 311 2736 hoc
337 2690 458 2751 tempore
481 2683 640 2738 omissiones
666 2684 805 2749 duntaxat,
828 2693 855 2738 et
890 2683 1064 2738 laboresmei
1081 2683 1153 2737 inter
1166 2690 1229 2735 vota
1248 2690 1353 2736 tantum
1372 2682 1429 2736 sive
1449 2689 1541 2751 optata
1559 2681 1678 2735 melioris

64 2762 214 2817 desiderata
228 2769 344 2815 notare:
364 2776 418 2814 non
432 2768 521 2816 antem
535 2779 639 2817 errores
649 2771 676 2817 et
684 2759 856 2818 infelicitates
890 2770 962 2816 notae
977 2763 1133 2816 habeantur.
1175 2761 1249 2816 Sicut
1263 2762 1335 2815 enim
1355 2760 1430 2815 haud
1446 2761 1556 2813 omnino
1573 2761 1611 2813 rei
1625 2761 1676 2812 im-

64 2841 241 2912 redsrguere:
277 2839 353 2893 aliud
373 2840 446 2893 eninr
466 2850 508 2894 est
527 2840 628 2895 inculta
647 2841 708 2896 loca
726 2841 855 2906 indicare,
890 2841 1005 2911 peritum
1020 2857 1079 2894 esse
1094 2848 1204 2911 oportet,
1217 2841 1262 2910 qui
1277 2840 1452 2911 quaestionem
1466 2839 1587 2909 apposite
1600 2838 1678 2892 insti·

63 2919 132 2975 aliud
145 2920 264 2975 culturae
279 2918 390 2973 modum
403 2919 549 2991 corrigere.
891 2928 962 2985 tuat;
984 2921 1023 2974 ita
1036 2938 1086 2974 nec
1101 2935 1195 2974 sensus
1214 2919 1293 2990 inops
1307 2918 1436 2985 videatur,
1458 2919 1505 2990 qui
1522 2916 1597 2973 haud
1611 2933 1678 2988 qua-

99 2999 183 3061 Quam
211 2998 328 3070 quidem
355 2999 390 3052 ad
417 3016 482 3066 rem,
507 3015 570 3053 eum
596 3016 640 3053 mc
665 3015 801 3070 comparo,
828 3008 857 3054 et
891 3017 973 3071 quarn
987 2999 1102 3053 absurda
1115 3000 1256 3069 optaverit.

62 3080 201 3152 aeringon
224 3095 284 3133 non
299 3094 361 3132 sum
373 3078 488 3143 nescius,
499 3085 629 3149 quantum
642 3096 710 3151 opus
724 3095 854 3143 moveam,

354 3229 563 3295 PARTITIO
586 3229 885 3295 UNIVERSALIS
909 3228 1155 3294 DOCTRINAE
1177 3227 1399 3293 HUMANAE.

762 3393 993 3459 MEMORIA.

1117 3480 1239 3535 Historia
1251 3479 1409 3535 coelestium.

1118 3560 1241 3614 Historia
1258 3566 1445 3614 meteororum.

1117 3638 1241 3693 Historia
1253 3637 1327 3709 globi
1342 3645 1420 3692 terrae
1433 3644 1460 3692 et
1474 3636 1563 3690 maris.

573 3718 694 3775 Historia
707 3719 910 3792 generationum
912 3757 1071 3776 .............
1118 3717 1241 3771 Historia
1263 3716 1438 3788 eollegiomm
1459 3716 1598 3784 majorum,
1623 3717 1679 3768 sive

1156 3795 1367 3850 Elementorum.

1120 3874 1244 3929 Historia
1265 3874 1441 3946 collegiorum
1462 3874 1602 3939 minorum,
1622 3873 1678 3927 aive

573 3955 695 4010 Historia
707 3953 1028 4027 praeter-generationum.
1157 3954 1323 4024 Specierum.

378 3835 531 3891 Narratira

130 3882 323 3936 mmm&
379 3915 527 3970 Inductira.

574 4035 695 4090 Historia
705 4034 814 4090 artium.
931 4030 1127 4086 Ecclesiastica
1140 4032 1274 4102 specialis.

336 4110 891 4172 Ecclesiastico.............................
934 4110 1055 4163 Historia
1067 4110 1103 4164 ad
1116 4110 1283 4182 prophetias.

935 4190 1057 4242 Historia
1070 4190 1228 4246 Nemeseos.

337 4269 477 4324 Literaria.
699 4308 840 4363 Memoria
869 4266 1098 4338 §Commentarii

1308 4305 1357 4430 u

65 4302 87 4321 .-
132 4354 258 4408 civim.
869 4339 1030 4422 ‘Regiam
1276 4342 1300 4578 Ξ
1367 4308 1489 4363 Historia
1507 4305 1676 4362 universalis.

1366 4388 1488 4441 Historia
1501 4384 1676 4457 particularis.

1304 4505 1331 4560 2·
1345 4465 1492 4599 {gaudes

1392 4552 1436 4600 cta
1448 4546 1551 4600 diurna.

615 4428 638 4482 l.
951 4425 1089 4480 Chronica
1104 4431 1257 4496 temporum

694 4505 818 4560 Historia
828 4506 903 4574 justa
951 4505 1021 4558 Vitre
1034 4521 1217 4573 personarum.

952 4583 1263 4640 Relatiouesactionum.

694 4662 885 4736 Antiquitates.

613 4740 640 4796 2.
690 4742 776 4797 Mera

689 4820 786 4877 Mixto.
842 4819 994 4876 Orationes.

135 4904 328 4960 &mntem
347 4900 495 4956 Hrsroaraa
500 4941 799 4958 ........................
841 4898 979 4969 Epistola.

841 4977 1089 5050 Apophthegmata

737 5129 999 5195 PHANTASIA.

340 4583 435 4639 Civilis
442 4582 575 4656 specialis.
585 4430 606 4805 ἰ

866 5284 1044 5337 Nanasrrvs.

686 5360 825 5419 POESIS.
837 5281 1046 5517 {Duarum

864 5440 1049 5496 Psasaosrca.
