<?xml version="1.0" encoding="UTF-8"?>
<!DOCTYPE html PUBLIC "-//W3C//DTD XHTML 1.0 Transitional//EN"
    "http://www.w3.org/TR/xhtml1/DTD/xhtml1-transitional.dtd">
<html xmlns="http://www.w3.org/1999/xhtml" xml:lang="en" lang="en">
 <head>
  <title>
</title>
<meta http-equiv="Content-Type" content="text/html;charset=utf-8" />
  <meta name='ocr-system' content='tesseract 3.04.00' />
  <meta name='ocr-capabilities' content='ocr_page ocr_carea ocr_par ocr_line ocrx_word'/>
</head>
<body>
  <div class='ocr_page' id='page_1' title='image "./workslordbaconw00bacogoog_0681.png"; bbox 0 0 3800 5875; ppageno 0'>
   <div class='ocr_carea' id='block_1_1' title="bbox 504 311 1684 373">
    <p class='ocr_par' dir='ltr' id='par_1_1' title="bbox 504 311 1684 373">
     <span class='ocr_line' id='line_1_1' title="bbox 504 311 1684 373; baseline -0.003 0"><span class='ocrx_word' id='word_1_1' title='bbox 504 315 734 373; x_wconf 77' lang='lat' dir='ltr'>DESCRIPTIO</span> <span class='ocrx_word' id='word_1_2' title='bbox 755 314 869 373; x_wconf 69' lang='lat' dir='ltr'><strong>about</strong></span> <span class='ocrx_word' id='word_1_3' title='bbox 891 313 1232 371; x_wconf 68' lang='lat' dir='ltr'><strong>innumeratum.</strong></span> <span class='ocrx_word' id='word_1_4' title='bbox 1625 311 1684 369; x_wconf 74' lang='grc'><strong>655</strong></span> 
     </span>
    </p>
   </div>
   <div class='ocr_carea' id='block_1_2' title="bbox 50 471 1690 5553">
    <p class='ocr_par' dir='ltr' id='par_1_2' title="bbox 50 471 1687 2450">
     <span class='ocr_line' id='line_1_2' title="bbox 51 471 1686 548; baseline -0.002 -18"><span class='ocrx_word' id='word_1_5' title='bbox 51 475 154 548; x_wconf 85' lang='lat' dir='ltr'><strong>Longe</strong></span> <span class='ocrx_word' id='word_1_6' title='bbox 169 475 246 531; x_wconf 87' lang='lat' dir='ltr'><strong>anim</strong></span> <span class='ocrx_word' id='word_1_7' title='bbox 260 476 394 532; x_wconf 84' lang='lat' dir='ltr'><strong>firmiores</strong></span> <span class='ocrx_word' id='word_1_8' title='bbox 407 481 471 531; x_wconf 89' lang='lat' dir='ltr'><strong>sunt</strong></span> <span class='ocrx_word' id='word_1_9' title='bbox 483 491 525 530; x_wconf 84' lang='lat' dir='ltr'><strong>ess</strong></span> <span class='ocrx_word' id='word_1_10' title='bbox 543 474 671 541; x_wconf 87' lang='lat' dir='ltr'><strong>rationes,</strong></span> <span class='ocrx_word' id='word_1_11' title='bbox 685 491 746 545; x_wconf 81' lang='lat' dir='ltr'><strong>qaas</strong></span> <span class='ocrx_word' id='word_1_12' title='bbox 759 474 855 530; x_wconf 88' lang='lat' dir='ltr'><strong>adduci</strong></span> <span class='ocrx_word' id='word_1_13' title='bbox 894 488 994 537; x_wconf 85' lang='lat' dir='ltr'><strong>rerum,</strong></span> <span class='ocrx_word' id='word_1_14' title='bbox 1006 471 1082 527; x_wconf 81' lang='lat' dir='ltr'><strong>nubs</strong></span> <span class='ocrx_word' id='word_1_15' title='bbox 1094 471 1183 544; x_wconf 81' lang='lat' dir='ltr'><strong>figura</strong></span> <span class='ocrx_word' id='word_1_16' title='bbox 1195 472 1332 544; x_wconf 85' lang='lat' dir='ltr'><strong>organica,</strong></span> <span class='ocrx_word' id='word_1_17' title='bbox 1346 474 1370 527; x_wconf 90' lang='lat' dir='ltr'><strong>si</strong></span> <span class='ocrx_word' id='word_1_18' title='bbox 1391 488 1441 542; x_wconf 92' lang='lat' dir='ltr'><strong>per</strong></span> <span class='ocrx_word' id='word_1_19' title='bbox 1457 471 1557 543; x_wconf 81' lang='lat' dir='ltr'><strong>gradm</strong></span> <span class='ocrx_word' id='word_1_20' title='bbox 1569 473 1686 528; x_wconf 77' lang='lat' dir='ltr'><strong>marusi-</strong></span> 
     </span>
     <span class='ocr_line' id='line_1_3' title="bbox 50 552 1686 626; baseline -0.001 -16"><span class='ocrx_word' id='word_1_21' title='bbox 50 564 170 626; x_wconf 88' lang='lat' dir='ltr'><strong>possunt</strong></span> <span class='ocrx_word' id='word_1_22' title='bbox 184 555 532 611; x_wconf 86' lang='lat' dir='ltr'><strong>adastruendumrscuum</strong></span> <span class='ocrx_word' id='word_1_23' title='bbox 546 553 856 611; x_wconf 85' lang='lat' dir='ltr'><strong>intermistnmsdlaxa·</strong></span> <span class='ocrx_word' id='word_1_24' title='bbox 895 552 964 606; x_wconf 91' lang='lat' dir='ltr'><strong>biles</strong></span> <span class='ocrx_word' id='word_1_25' title='bbox 979 559 1111 624; x_wconf 87' lang='lat' dir='ltr'><strong>perpetuo</strong></span> <span class='ocrx_word' id='word_1_26' title='bbox 1123 553 1320 622; x_wconf 90' lang='lat' dir='ltr'><strong>procederetur.</strong></span> <span class='ocrx_word' id='word_1_27' title='bbox 1362 552 1459 622; x_wconf 87' lang='lat' dir='ltr'><strong>ltaque</strong></span> <span class='ocrx_word' id='word_1_28' title='bbox 1479 567 1621 622; x_wconf 88' lang='lat' dir='ltr'><strong>processus</strong></span> <span class='ocrx_word' id='word_1_29' title='bbox 1638 552 1686 609; x_wconf 90' lang='lat' dir='ltr'><strong>ille</strong></span> 
     </span>
     <span class='ocr_line' id='line_1_4' title="bbox 50 631 1687 707; baseline -0.001 -18"><span class='ocrx_word' id='word_1_30' title='bbox 50 642 437 707; x_wconf 82' lang='lat' dir='ltr'><strong>meummcorpomm,quam</strong></span> <span class='ocrx_word' id='word_1_31' title='bbox 452 651 516 707; x_wconf 81' lang='lat' dir='ltr'><strong>quse</strong></span> <span class='ocrx_word' id='word_1_32' title='bbox 531 641 856 690; x_wconf 84' lang='lat' dir='ltr'><strong>sssemntracuumcos·</strong></span> <span class='ocrx_word' id='word_1_33' title='bbox 894 647 944 702; x_wconf 87' lang='lat' dir='ltr'><strong>per</strong></span> <span class='ocrx_word' id='word_1_34' title='bbox 970 632 1071 702; x_wconf 77' lang='lat' dir='ltr'><strong>grsdm</strong></span> <span class='ocrx_word' id='word_1_35' title='bbox 1107 631 1299 687; x_wconf 71' lang='lat' dir='ltr'><strong>intermundiis</strong></span> <span class='ocrx_word' id='word_1_36' title='bbox 1331 638 1485 702; x_wconf 81' lang='lat' dir='ltr'>competere</span> <span class='ocrx_word' id='word_1_37' title='bbox 1513 632 1604 700; x_wconf 89' lang='lat' dir='ltr'><strong>possit,</strong></span> <span class='ocrx_word' id='word_1_38' title='bbox 1631 648 1687 687; x_wconf 91' lang='lat' dir='ltr'><strong>uon</strong></span> 
     </span>
     <span class='ocr_line' id='line_1_5' title="bbox 50 711 1687 785; baseline -0.001 -17"><span class='ocrx_word' id='word_1_39' title='bbox 50 723 205 777; x_wconf 82' lang='lat' dir='ltr'><strong>eerramm,</strong></span> <span class='ocrx_word' id='word_1_40' title='bbox 233 714 290 769; x_wconf 85' lang='lat' dir='ltr'><strong>sire</strong></span> <span class='ocrx_word' id='word_1_41' title='bbox 311 715 339 769; x_wconf 89' lang='lat' dir='ltr'><strong>in</strong></span> <span class='ocrx_word' id='word_1_42' title='bbox 361 715 457 785; x_wconf 85' lang='lat' dir='ltr'><strong>spatiis</strong></span> <span class='ocrx_word' id='word_1_43' title='bbox 477 713 635 783; x_wconf 84' lang='lat' dir='ltr'><strong>majoribus.</strong></span> <span class='ocrx_word' id='word_1_44' title='bbox 683 715 781 785; x_wconf 83' lang='lat' dir='ltr'>Neque</span> <span class='ocrx_word' id='word_1_45' title='bbox 802 713 855 767; x_wconf 87' lang='lat' dir='ltr'><strong>hoe</strong></span> <span class='ocrx_word' id='word_1_46' title='bbox 894 711 1002 775; x_wconf 90' lang='lat' dir='ltr'><strong>mundo,</strong></span> <span class='ocrx_word' id='word_1_47' title='bbox 1021 711 1057 765; x_wconf 89' lang='lat' dir='ltr'><strong>ad</strong></span> <span class='ocrx_word' id='word_1_48' title='bbox 1074 711 1153 780; x_wconf 88' lang='lat' dir='ltr'><strong>cujus</strong></span> <span class='ocrx_word' id='word_1_49' title='bbox 1168 712 1394 766; x_wconf 68' lang='lat' dir='ltr'><strong>constructionem</strong></span> <span class='ocrx_word' id='word_1_50' title='bbox 1410 726 1522 765; x_wconf 88' lang='lat' dir='ltr'><strong>necesse</strong></span> <span class='ocrx_word' id='word_1_51' title='bbox 1541 718 1585 765; x_wconf 89' lang='lat' dir='ltr'><strong>est</strong></span> <span class='ocrx_word' id='word_1_52' title='bbox 1605 711 1687 783; x_wconf 89' lang='lat' dir='ltr'><strong>longe</strong></span> 
     </span>
     <span class='ocr_line' id='line_1_6' title="bbox 51 789 1686 864; baseline -0.001 -17"><span class='ocrx_word' id='word_1_53' title='bbox 51 793 145 848; x_wconf 86' lang='lat' dir='ltr'><strong>solum</strong></span> <span class='ocrx_word' id='word_1_54' title='bbox 159 794 228 848; x_wconf 84' lang='lat' dir='ltr'><strong>vidit</strong></span> <span class='ocrx_word' id='word_1_55' title='bbox 243 794 329 859; x_wconf 89' lang='lat' dir='ltr'><strong>Hero,</strong></span> <span class='ocrx_word' id='word_1_56' title='bbox 348 795 390 848; x_wconf 84' lang='lat' dir='ltr'><strong>vir</strong></span> <span class='ocrx_word' id='word_1_57' title='bbox 403 794 561 864; x_wconf 88' lang='lat' dir='ltr'><strong>ingeniosus</strong></span> <span class='ocrx_word' id='word_1_58' title='bbox 575 800 602 847; x_wconf 88' lang='lat' dir='ltr'><strong>et</strong></span> <span class='ocrx_word' id='word_1_59' title='bbox 614 793 856 857; x_wconf 71' lang='lat' dir='ltr'><strong>mechanicussed</strong></span> <span class='ocrx_word' id='word_1_60' title='bbox 894 789 1040 845; x_wconf 87' lang='lat' dir='ltr'><strong>dissimilis</strong></span> <span class='ocrx_word' id='word_1_61' title='bbox 1059 789 1173 845; x_wconf 75' lang='lat' dir='ltr'><strong>discludi</strong></span> <span class='ocrx_word' id='word_1_62' title='bbox 1192 789 1248 844; x_wconf 87' lang='lat' dir='ltr'><strong>alia</strong></span> <span class='ocrx_word' id='word_1_63' title='bbox 1265 790 1300 844; x_wconf 91' lang='lat' dir='ltr'><strong>ab</strong></span> <span class='ocrx_word' id='word_1_64' title='bbox 1317 790 1387 854; x_wconf 84' lang='lat' dir='ltr'><strong>aliis,</strong></span> <span class='ocrx_word' id='word_1_65' title='bbox 1401 796 1430 844; x_wconf 91' lang='lat' dir='ltr'><strong>et</strong></span> <span class='ocrx_word' id='word_1_66' title='bbox 1448 797 1539 845; x_wconf 68' lang='lat' dir='ltr'><strong>umen</strong></span> <span class='ocrx_word' id='word_1_67' title='bbox 1557 791 1686 861; x_wconf 80' lang='lat' dir='ltr'><strong>approxi-</strong></span> 
     </span>
     <span class='ocr_line' id='line_1_7' title="bbox 51 869 1687 943; baseline -0.001 -18"><span class='ocrx_word' id='word_1_68' title='bbox 51 872 140 927; x_wconf 88' lang='lat' dir='ltr'><strong>etiam</strong></span> <span class='ocrx_word' id='word_1_69' title='bbox 150 872 308 943; x_wconf 73' lang='lat' dir='ltr'><strong>Leucippus</strong></span> <span class='ocrx_word' id='word_1_70' title='bbox 323 881 351 927; x_wconf 92' lang='lat' dir='ltr'><strong>et</strong></span> <span class='ocrx_word' id='word_1_71' title='bbox 362 872 545 937; x_wconf 87' lang='lat' dir='ltr'><strong>Democritus,</strong></span> <span class='ocrx_word' id='word_1_72' title='bbox 555 872 709 927; x_wconf 81' lang='lat' dir='ltr'><strong>inventores</strong></span> <span class='ocrx_word' id='word_1_73' title='bbox 722 872 856 942; x_wconf 74' lang='lat' dir='ltr'><strong>opinionis</strong></span> <span class='ocrx_word' id='word_1_74' title='bbox 893 869 971 924; x_wconf 85' lang='lat' dir='ltr'><strong>mari</strong></span> <span class='ocrx_word' id='word_1_75' title='bbox 1013 869 1109 940; x_wconf 90' lang='lat' dir='ltr'><strong>ltaque</strong></span> <span class='ocrx_word' id='word_1_76' title='bbox 1130 876 1229 924; x_wconf 87' lang='lat' dir='ltr'><strong>terram</strong></span> <span class='ocrx_word' id='word_1_77' title='bbox 1246 878 1274 924; x_wconf 91' lang='lat' dir='ltr'><strong>et</strong></span> <span class='ocrx_word' id='word_1_78' title='bbox 1293 886 1379 942; x_wconf 86' lang='lat' dir='ltr'><strong>squas</strong></span> <span class='ocrx_word' id='word_1_79' title='bbox 1392 869 1495 938; x_wconf 82' lang='lat' dir='ltr'><strong>excipit</strong></span> <span class='ocrx_word' id='word_1_80' title='bbox 1507 878 1537 925; x_wconf 90' lang='lat' dir='ltr'><strong>et</strong></span> <span class='ocrx_word' id='word_1_81' title='bbox 1554 870 1687 941; x_wconf 88' lang='lat' dir='ltr'><strong>contingit</strong></span> 
     </span>
     <span class='ocr_line' id='line_1_8' title="bbox 51 947 1687 1023; baseline 0 -18"><span class='ocrx_word' id='word_1_82' title='bbox 51 952 88 1006; x_wconf 91' lang='lat' dir='ltr'><strong>de</strong></span> <span class='ocrx_word' id='word_1_83' title='bbox 101 969 199 1017; x_wconf 83' lang='lat' dir='ltr'><strong>saeuo,</strong></span> <span class='ocrx_word' id='word_1_84' title='bbox 210 969 294 1022; x_wconf 88' lang='lat' dir='ltr'><strong>quam</strong></span> <span class='ocrx_word' id='word_1_85' title='bbox 307 951 469 1007; x_wconf 78' lang='lat' dir='ltr'><strong>Aristoteles</strong></span> <span class='ocrx_word' id='word_1_86' title='bbox 483 951 596 1023; x_wconf 87' lang='lat' dir='ltr'><strong>argutiis</strong></span> <span class='ocrx_word' id='word_1_87' title='bbox 606 952 768 1023; x_wconf 86' lang='lat' dir='ltr'><strong>quibusdam</strong></span> <span class='ocrx_word' id='word_1_88' title='bbox 781 952 855 1006; x_wconf 89' lang='lat' dir='ltr'><strong>obsi·</strong></span> <span class='ocrx_word' id='word_1_89' title='bbox 893 951 950 1012; x_wconf 69' lang='lat' dir='ltr'><strong>air,</strong></span> <span class='ocrx_word' id='word_1_90' title='bbox 964 964 1062 1018; x_wconf 88' lang='lat' dir='ltr'><strong>corpus</strong></span> <span class='ocrx_word' id='word_1_91' title='bbox 1082 947 1162 1019; x_wconf 89' lang='lat' dir='ltr'><strong>longe</strong></span> <span class='ocrx_word' id='word_1_92' title='bbox 1182 948 1328 1016; x_wconf 85' lang='lat' dir='ltr'><strong>diversum,</strong></span> <span class='ocrx_word' id='word_1_93' title='bbox 1349 957 1378 1004; x_wconf 92' lang='lat' dir='ltr'><strong>et</strong></span> <span class='ocrx_word' id='word_1_94' title='bbox 1397 956 1489 1004; x_wconf 84' lang='lat' dir='ltr'><strong>tamen</strong></span> <span class='ocrx_word' id='word_1_95' title='bbox 1510 949 1539 1003; x_wconf 92' lang='lat' dir='ltr'><strong>in</strong></span> <span class='ocrx_word' id='word_1_96' title='bbox 1560 950 1687 1020; x_wconf 82' lang='lat' dir='ltr'><strong>proximo</strong></span> 
     </span>
     <span class='ocr_line' id='line_1_9' title="bbox 51 1026 1686 1104; baseline -0.001 -19"><span class='ocrx_word' id='word_1_97' title='bbox 51 1031 119 1086; x_wconf 87' lang='lat' dir='ltr'><strong>dere</strong></span> <span class='ocrx_word' id='word_1_98' title='bbox 133 1038 164 1085; x_wconf 93' lang='lat' dir='ltr'><strong>et</strong></span> <span class='ocrx_word' id='word_1_99' title='bbox 174 1048 334 1103; x_wconf 84' lang='lat' dir='ltr'><strong>expugnare</strong></span> <span class='ocrx_word' id='word_1_100' title='bbox 345 1040 473 1096; x_wconf 64' lang='lat' dir='ltr'><strong>conatum</strong></span> <span class='ocrx_word' id='word_1_101' title='bbox 494 1031 541 1104; x_wconf 93' lang='lat' dir='ltr'><strong>qui</strong></span> <span class='ocrx_word' id='word_1_102' title='bbox 555 1031 609 1085; x_wconf 92' lang='lat' dir='ltr'><strong>duo</strong></span> <span class='ocrx_word' id='word_1_103' title='bbox 619 1030 777 1102; x_wconf 78' lang='lat' dir='ltr'><strong>philosophi</strong></span> <span class='ocrx_word' id='word_1_104' title='bbox 791 1046 855 1086; x_wconf 89' lang='lat' dir='ltr'><strong>acu·</strong></span> <span class='ocrx_word' id='word_1_105' title='bbox 893 1027 1084 1091; x_wconf 86' lang='lat' dir='ltr'><strong>locatum,uon</strong></span> <span class='ocrx_word' id='word_1_106' title='bbox 1095 1028 1183 1097; x_wconf 88' lang='lat' dir='ltr'><strong>primo</strong></span> <span class='ocrx_word' id='word_1_107' title='bbox 1196 1026 1285 1093; x_wconf 89' lang='lat' dir='ltr'><strong>limus,</strong></span> <span class='ocrx_word' id='word_1_108' title='bbox 1298 1028 1396 1083; x_wconf 84' lang='lat' dir='ltr'><strong>deiude</strong></span> <span class='ocrx_word' id='word_1_109' title='bbox 1409 1045 1502 1099; x_wconf 84' lang='lat' dir='ltr'><strong>rspor,</strong></span> <span class='ocrx_word' id='word_1_110' title='bbox 1516 1036 1565 1084; x_wconf 90' lang='lat' dir='ltr'><strong>aut</strong></span> <span class='ocrx_word' id='word_1_111' title='bbox 1577 1029 1686 1095; x_wconf 83' lang='lat' dir='ltr'><strong>nebula,</strong></span> 
     </span>
     <span class='ocr_line' id='line_1_10' title="bbox 51 1105 1686 1179; baseline 0.003 -14"><span class='ocrx_word' id='word_1_112' title='bbox 51 1111 157 1165; x_wconf 86' lang='lat' dir='ltr'><strong>tissimi</strong></span> <span class='ocrx_word' id='word_1_113' title='bbox 177 1120 250 1166; x_wconf 87' lang='lat' dir='ltr'><strong>certe</strong></span> <span class='ocrx_word' id='word_1_114' title='bbox 265 1120 295 1166; x_wconf 90' lang='lat' dir='ltr'><strong>et</strong></span> <span class='ocrx_word' id='word_1_115' title='bbox 307 1111 478 1166; x_wconf 83' lang='lat' dir='ltr'><strong>celeberrimi</strong></span> <span class='ocrx_word' id='word_1_116' title='bbox 492 1111 530 1164; x_wconf 84' lang='lat' dir='ltr'><strong>ita</strong></span> <span class='ocrx_word' id='word_1_117' title='bbox 546 1125 662 1165; x_wconf 84' lang='lat' dir='ltr'><strong>vacuum</strong></span> <span class='ocrx_word' id='word_1_118' title='bbox 675 1110 855 1165; x_wconf 75' lang='lat' dir='ltr'><strong>intermistum</strong></span> <span class='ocrx_word' id='word_1_119' title='bbox 892 1105 957 1160; x_wconf 81' lang='lat' dir='ltr'><strong>dein</strong></span> <span class='ocrx_word' id='word_1_120' title='bbox 978 1106 1026 1162; x_wconf 66' lang='grc' dir='ltr'><strong>οὲῑ</strong></span> <span class='ocrx_word' id='word_1_121' title='bbox 1046 1123 1146 1177; x_wconf 63' lang='lat' dir='ltr'><strong>punitis</strong></span> <span class='ocrx_word' id='word_1_122' title='bbox 1167 1107 1215 1162; x_wconf 62' lang='grc' dir='ltr'><strong><em>Μ</em></strong></span> <span class='ocrx_word' id='word_1_123' title='bbox 1236 1108 1377 1162; x_wconf 65' lang='lat' dir='ltr'><strong>confestim</strong></span> <span class='ocrx_word' id='word_1_124' title='bbox 1399 1111 1447 1162; x_wconf 68' lang='grc' dir='ltr'><strong>οὸῐ</strong></span> <span class='ocrx_word' id='word_1_125' title='bbox 1465 1107 1567 1179; x_wconf 65' lang='lat' dir='ltr'><strong>absque</strong></span> <span class='ocrx_word' id='word_1_126' title='bbox 1587 1108 1686 1164; x_wconf 76' lang='lat' dir='ltr'><strong>medio·</strong></span> 
     </span>
     <span class='ocr_line' id='line_1_11' title="bbox 52 1184 1685 1258; baseline -0.001 -15"><span class='ocrx_word' id='word_1_127' title='bbox 52 1190 130 1255; x_wconf 85' lang='lat' dir='ltr'><strong>dant,</strong></span> <span class='ocrx_word' id='word_1_128' title='bbox 144 1198 176 1245; x_wconf 92' lang='lat' dir='ltr'><strong>ut</strong></span> <span class='ocrx_word' id='word_1_129' title='bbox 189 1206 305 1245; x_wconf 84' lang='lat' dir='ltr'><strong>vacuum</strong></span> <span class='ocrx_word' id='word_1_130' title='bbox 318 1199 505 1245; x_wconf 83' lang='lat' dir='ltr'><strong>coacervatum</strong></span> <span class='ocrx_word' id='word_1_131' title='bbox 520 1189 623 1245; x_wconf 85' lang='lat' dir='ltr'><strong>tollant</strong></span> <span class='ocrx_word' id='word_1_132' title='bbox 664 1189 710 1244; x_wconf 83' lang='lat' dir='ltr'><strong>Ex</strong></span> <span class='ocrx_word' id='word_1_133' title='bbox 721 1191 856 1244; x_wconf 87' lang='lat' dir='ltr'><strong>sententia</strong></span> <span class='ocrx_word' id='word_1_134' title='bbox 894 1184 1083 1241; x_wconf 71' lang='lat' dir='ltr'><strong>insererem</strong></span> <span class='ocrx_word' id='word_1_135' title='bbox 1102 1186 1244 1243; x_wconf 78' lang='lat' dir='ltr'><strong>etaethere</strong></span> <span class='ocrx_word' id='word_1_136' title='bbox 1259 1186 1685 1258; x_wconf 82' lang='lat' dir='ltr'><strong>(illaenimduoconjungimus)</strong></span> 
     </span>
     <span class='ocr_line' id='line_1_12' title="bbox 52 1264 1686 1337; baseline -0.001 -12"><span class='ocrx_word' id='word_1_137' title='bbox 52 1271 129 1325; x_wconf 86' lang='lat' dir='ltr'><strong>enim</strong></span> <span class='ocrx_word' id='word_1_138' title='bbox 143 1270 296 1325; x_wconf 87' lang='lat' dir='ltr'><strong>Democriti</strong></span> <span class='ocrx_word' id='word_1_139' title='bbox 310 1286 426 1325; x_wconf 82' lang='lat' dir='ltr'><strong>vacuum</strong></span> <span class='ocrx_word' id='word_1_140' title='bbox 445 1268 604 1325; x_wconf 85' lang='lat' dir='ltr'><strong>terminatur</strong></span> <span class='ocrx_word' id='word_1_141' title='bbox 617 1276 645 1323; x_wconf 92' lang='lat' dir='ltr'><strong>et</strong></span> <span class='ocrx_word' id='word_1_142' title='bbox 657 1268 855 1324; x_wconf 89' lang='lat' dir='ltr'><strong>circumscribi·</strong></span> <span class='ocrx_word' id='word_1_143' title='bbox 892 1264 1046 1337; x_wconf 89' lang='lat' dir='ltr'><strong>dispertitio</strong></span> <span class='ocrx_word' id='word_1_144' title='bbox 1071 1266 1191 1321; x_wconf 90' lang='lat' dir='ltr'><strong>maxime</strong></span> <span class='ocrx_word' id='word_1_145' title='bbox 1218 1266 1339 1321; x_wconf 91' lang='lat' dir='ltr'><strong>omnium</strong></span> <span class='ocrx_word' id='word_1_146' title='bbox 1361 1266 1478 1337; x_wconf 91' lang='lat' dir='ltr'><strong>insignis</strong></span> <span class='ocrx_word' id='word_1_147' title='bbox 1501 1274 1530 1321; x_wconf 90' lang='lat' dir='ltr'><strong>et</strong></span> <span class='ocrx_word' id='word_1_148' title='bbox 1558 1267 1686 1323; x_wconf 87' lang='lat' dir='ltr'><strong>radicalis</strong></span> 
     </span>
     <span class='ocr_line' id='line_1_13' title="bbox 52 1345 1686 1417; baseline -0.002 -13"><span class='ocrx_word' id='word_1_149' title='bbox 52 1358 106 1413; x_wconf 85' lang='lat' dir='ltr'><strong>tur,</strong></span> <span class='ocrx_word' id='word_1_150' title='bbox 120 1357 153 1404; x_wconf 89' lang='lat' dir='ltr'><strong>at</strong></span> <span class='ocrx_word' id='word_1_151' title='bbox 169 1348 241 1404; x_wconf 87' lang='lat' dir='ltr'><strong>ultra</strong></span> <span class='ocrx_word' id='word_1_152' title='bbox 254 1360 342 1404; x_wconf 89' lang='lat' dir='ltr'><strong>certos</strong></span> <span class='ocrx_word' id='word_1_153' title='bbox 354 1350 422 1403; x_wconf 88' lang='lat' dir='ltr'><strong>fines</strong></span> <span class='ocrx_word' id='word_1_154' title='bbox 432 1365 486 1402; x_wconf 90' lang='lat' dir='ltr'><strong>non</strong></span> <span class='ocrx_word' id='word_1_155' title='bbox 499 1347 578 1403; x_wconf 91' lang='lat' dir='ltr'><strong>detur</strong></span> <span class='ocrx_word' id='word_1_156' title='bbox 590 1348 729 1403; x_wconf 79' lang='lat' dir='ltr'><strong>distractio</strong></span> <span class='ocrx_word' id='word_1_157' title='bbox 743 1348 800 1403; x_wconf 83' lang='lat' dir='ltr'><strong>sive</strong></span> <span class='ocrx_word' id='word_1_158' title='bbox 814 1348 855 1402; x_wconf 90' lang='lat' dir='ltr'><strong>di·</strong></span> <span class='ocrx_word' id='word_1_159' title='bbox 892 1346 964 1399; x_wconf 85' lang='lat' dir='ltr'><strong>sumi</strong></span> <span class='ocrx_word' id='word_1_160' title='bbox 980 1362 1060 1416; x_wconf 87' lang='lat' dir='ltr'><strong>posse</strong></span> <span class='ocrx_word' id='word_1_161' title='bbox 1074 1345 1180 1399; x_wconf 86' lang='lat' dir='ltr'><strong>videtur</strong></span> <span class='ocrx_word' id='word_1_162' title='bbox 1193 1362 1228 1399; x_wconf 84' lang='lat' dir='ltr'><strong>ex</strong></span> <span class='ocrx_word' id='word_1_163' title='bbox 1244 1354 1342 1401; x_wconf 86' lang='lat' dir='ltr'><strong>ustura</strong></span> <span class='ocrx_word' id='word_1_164' title='bbox 1354 1346 1444 1417; x_wconf 85' lang='lat' dir='ltr'><strong>magis</strong></span> <span class='ocrx_word' id='word_1_165' title='bbox 1461 1353 1507 1400; x_wconf 87' lang='lat' dir='ltr'><strong>aut</strong></span> <span class='ocrx_word' id='word_1_166' title='bbox 1525 1346 1614 1401; x_wconf 89' lang='lat' dir='ltr'><strong>minus</strong></span> <span class='ocrx_word' id='word_1_167' title='bbox 1628 1364 1686 1401; x_wconf 91' lang='lat' dir='ltr'><strong>sos·</strong></span> 
     </span>
     <span class='ocr_line' id='line_1_14' title="bbox 51 1423 1685 1499; baseline -0.002 -15"><span class='ocrx_word' id='word_1_168' title='bbox 51 1428 370 1498; x_wconf 83' lang='lat' dir='ltr'><strong>vulsioeorporum,non</strong></span> <span class='ocrx_word' id='word_1_169' title='bbox 383 1426 855 1499; x_wconf 85' lang='lat' dir='ltr'><strong>magisqusmcompulsioaotcom·</strong></span> <span class='ocrx_word' id='word_1_170' title='bbox 892 1423 1000 1494; x_wconf 86' lang='lat' dir='ltr'><strong>ceptivs</strong></span> <span class='ocrx_word' id='word_1_171' title='bbox 1025 1432 1129 1479; x_wconf 73' lang='lat' dir='ltr'><strong>naturas</strong></span> <span class='ocrx_word' id='word_1_172' title='bbox 1155 1423 1280 1480; x_wconf 86' lang='lat' dir='ltr'><strong>stellaris.</strong></span> <span class='ocrx_word' id='word_1_173' title='bbox 1333 1426 1428 1497; x_wconf 90' lang='lat' dir='ltr'><strong>ltaque</strong></span> <span class='ocrx_word' id='word_1_174' title='bbox 1455 1432 1510 1479; x_wconf 89' lang='lat' dir='ltr'><strong>tres</strong></span> <span class='ocrx_word' id='word_1_175' title='bbox 1537 1426 1685 1481; x_wconf 88' lang='lat' dir='ltr'><strong>secondum</strong></span> 
     </span>
     <span class='ocr_line' id='line_1_15' title="bbox 51 1504 1686 1579; baseline -0.001 -17"><span class='ocrx_word' id='word_1_176' title='bbox 51 1508 155 1579; x_wconf 83' lang='lat' dir='ltr'><strong>pactio.</strong></span> <span class='ocrx_word' id='word_1_177' title='bbox 190 1507 269 1562; x_wconf 89' lang='lat' dir='ltr'><strong>Licet</strong></span> <span class='ocrx_word' id='word_1_178' title='bbox 282 1508 398 1563; x_wconf 88' lang='lat' dir='ltr'><strong>enimin</strong></span> <span class='ocrx_word' id='word_1_179' title='bbox 413 1508 449 1562; x_wconf 92' lang='lat' dir='ltr'><strong>iis</strong></span> <span class='ocrx_word' id='word_1_180' title='bbox 465 1525 526 1579; x_wconf 76' lang='lat' dir='ltr'><strong>quse</strong></span> <span class='ocrx_word' id='word_1_181' title='bbox 543 1524 580 1562; x_wconf 80' lang='lat' dir='ltr'><strong>ex</strong></span> <span class='ocrx_word' id='word_1_182' title='bbox 596 1506 755 1562; x_wconf 89' lang='lat' dir='ltr'><strong>Democrito</strong></span> <span class='ocrx_word' id='word_1_183' title='bbox 768 1508 854 1563; x_wconf 86' lang='lat' dir='ltr'><strong>babe-</strong></span> <span class='ocrx_word' id='word_1_184' title='bbox 892 1519 994 1573; x_wconf 80' lang='lat' dir='ltr'><strong>genera</strong></span> <span class='ocrx_word' id='word_1_185' title='bbox 1013 1504 1137 1559; x_wconf 87' lang='lat' dir='ltr'><strong>ridentur</strong></span> <span class='ocrx_word' id='word_1_186' title='bbox 1152 1521 1213 1559; x_wconf 92' lang='lat' dir='ltr'><strong>esse</strong></span> <span class='ocrx_word' id='word_1_187' title='bbox 1234 1505 1360 1576; x_wconf 75' lang='lat' dir='ltr'><strong>regiones</strong></span> <span class='ocrx_word' id='word_1_188' title='bbox 1378 1505 1506 1560; x_wconf 71' lang='lat' dir='ltr'><strong>maxima</strong></span> <span class='ocrx_word' id='word_1_189' title='bbox 1521 1504 1654 1559; x_wconf 89' lang='lat' dir='ltr'><strong>notabiles</strong></span> <span class='ocrx_word' id='word_1_190' title='bbox 1667 1522 1686 1560; x_wconf 88' lang='lat' dir='ltr'><strong>a</strong></span> 
     </span>
     <span class='ocr_line' id='line_1_16' title="bbox 51 1582 1684 1659; baseline -0.001 -18"><span class='ocrx_word' id='word_1_191' title='bbox 51 1605 125 1652; x_wconf 87' lang='lat' dir='ltr'><strong>mus,</strong></span> <span class='ocrx_word' id='word_1_192' title='bbox 139 1587 193 1641; x_wconf 92' lang='lat' dir='ltr'><strong>hoc</strong></span> <span class='ocrx_word' id='word_1_193' title='bbox 206 1604 345 1659; x_wconf 88' lang='lat' dir='ltr'><strong>uunquam</strong></span> <span class='ocrx_word' id='word_1_194' title='bbox 364 1588 464 1642; x_wconf 85' lang='lat' dir='ltr'><strong>diserte</strong></span> <span class='ocrx_word' id='word_1_195' title='bbox 481 1587 601 1658; x_wconf 87' lang='lat' dir='ltr'><strong>positum</strong></span> <span class='ocrx_word' id='word_1_196' title='bbox 624 1587 667 1651; x_wconf 92' lang='lat' dir='ltr'><strong>sit,</strong></span> <span class='ocrx_word' id='word_1_197' title='bbox 690 1594 780 1641; x_wconf 88' lang='lat' dir='ltr'><strong>tamen</strong></span> <span class='ocrx_word' id='word_1_198' title='bbox 801 1587 853 1642; x_wconf 93' lang='lat' dir='ltr'><strong>hoc</strong></span> <span class='ocrx_word' id='word_1_199' title='bbox 892 1582 975 1654; x_wconf 90' lang='lat' dir='ltr'><strong>globo</strong></span> <span class='ocrx_word' id='word_1_200' title='bbox 988 1591 1067 1638; x_wconf 77' lang='lat' dir='ltr'><strong>terras</strong></span> <span class='ocrx_word' id='word_1_201' title='bbox 1080 1583 1115 1638; x_wconf 89' lang='lat' dir='ltr'><strong>ad</strong></span> <span class='ocrx_word' id='word_1_202' title='bbox 1128 1584 1239 1655; x_wconf 80' lang='lat' dir='ltr'><strong>fmtigia</strong></span> <span class='ocrx_word' id='word_1_203' title='bbox 1250 1584 1329 1649; x_wconf 75' lang='lat' dir='ltr'><strong>coeli3</strong></span> <span class='ocrx_word' id='word_1_204' title='bbox 1347 1585 1475 1639; x_wconf 91' lang='lat' dir='ltr'><strong>nimirum</strong></span> <span class='ocrx_word' id='word_1_205' title='bbox 1489 1592 1591 1639; x_wconf 76' lang='lat' dir='ltr'><strong>tractim</strong></span> <span class='ocrx_word' id='word_1_206' title='bbox 1604 1585 1684 1650; x_wconf 69' lang='lat' dir='ltr'><strong>airis,</strong></span> 
     </span>
     <span class='ocr_line' id='line_1_17' title="bbox 51 1661 1683 1737; baseline -0.001 -15"><span class='ocrx_word' id='word_1_207' title='bbox 51 1667 148 1722; x_wconf 84' lang='lat' dir='ltr'><strong>dicere</strong></span> <span class='ocrx_word' id='word_1_208' title='bbox 160 1667 275 1732; x_wconf 83' lang='lat' dir='ltr'><strong>ridetur,</strong></span> <span class='ocrx_word' id='word_1_209' title='bbox 290 1685 352 1722; x_wconf 89' lang='lat' dir='ltr'><strong>cum</strong></span> <span class='ocrx_word' id='word_1_210' title='bbox 365 1683 488 1737; x_wconf 89' lang='lat' dir='ltr'><strong>corpora,</strong></span> <span class='ocrx_word' id='word_1_211' title='bbox 503 1683 582 1737; x_wconf 81' lang='lat' dir='ltr'><strong>seque</strong></span> <span class='ocrx_word' id='word_1_212' title='bbox 595 1683 628 1721; x_wconf 89' lang='lat' dir='ltr'><strong>sc</strong></span> <span class='ocrx_word' id='word_1_213' title='bbox 639 1665 736 1737; x_wconf 88' lang='lat' dir='ltr'><strong>spatia,</strong></span> <span class='ocrx_word' id='word_1_214' title='bbox 747 1665 854 1720; x_wconf 87' lang='lat' dir='ltr'><strong>infinita</strong></span> <span class='ocrx_word' id='word_1_215' title='bbox 892 1670 994 1718; x_wconf 88' lang='lat' dir='ltr'><strong>tractus</strong></span> <span class='ocrx_word' id='word_1_216' title='bbox 1016 1663 1078 1717; x_wconf 88' lang='lat' dir='ltr'><strong>coeli</strong></span> <span class='ocrx_word' id='word_1_217' title='bbox 1103 1661 1281 1734; x_wconf 89' lang='lat' dir='ltr'><strong>planetarum,</strong></span> <span class='ocrx_word' id='word_1_218' title='bbox 1305 1672 1332 1719; x_wconf 91' lang='lat' dir='ltr'><strong>et</strong></span> <span class='ocrx_word' id='word_1_219' title='bbox 1357 1672 1458 1718; x_wconf 84' lang='lat' dir='ltr'><strong>tractus</strong></span> <span class='ocrx_word' id='word_1_220' title='bbox 1480 1663 1543 1718; x_wconf 87' lang='lat' dir='ltr'><strong>coeli</strong></span> <span class='ocrx_word' id='word_1_221' title='bbox 1570 1664 1683 1720; x_wconf 88' lang='lat' dir='ltr'><strong>stellati.</strong></span> 
     </span>
     <span class='ocr_line' id='line_1_18' title="bbox 52 1741 1685 1820; baseline -0.001 -21"><span class='ocrx_word' id='word_1_222' title='bbox 52 1747 213 1811; x_wconf 84' lang='lat' dir='ltr'><strong>constituit;</strong></span> <span class='ocrx_word' id='word_1_223' title='bbox 234 1763 269 1800; x_wconf 90' lang='lat' dir='ltr'><strong>ea</strong></span> <span class='ocrx_word' id='word_1_224' title='bbox 281 1763 346 1801; x_wconf 89' lang='lat' dir='ltr'><strong>usus</strong></span> <span class='ocrx_word' id='word_1_225' title='bbox 356 1746 460 1800; x_wconf 89' lang='lat' dir='ltr'><strong>ratione</strong></span> <span class='ocrx_word' id='word_1_226' title='bbox 470 1745 557 1810; x_wconf 88' lang='lat' dir='ltr'><strong>aliter,</strong></span> <span class='ocrx_word' id='word_1_227' title='bbox 570 1742 611 1820; x_wconf 89' lang='lat' dir='ltr'><strong>(si</strong></span> <span class='ocrx_word' id='word_1_228' title='bbox 622 1746 739 1816; x_wconf 90' lang='lat' dir='ltr'><strong>spatium</strong></span> <span class='ocrx_word' id='word_1_229' title='bbox 749 1745 855 1800; x_wconf 90' lang='lat' dir='ltr'><strong>seilicet</strong></span> <span class='ocrx_word' id='word_1_230' title='bbox 892 1741 984 1812; x_wconf 78' lang='lat' dir='ltr'><strong>Atque</strong></span> <span class='ocrx_word' id='word_1_231' title='bbox 1012 1742 1042 1796; x_wconf 93' lang='lat' dir='ltr'><strong>in</strong></span> <span class='ocrx_word' id='word_1_232' title='bbox 1066 1741 1161 1797; x_wconf 89' lang='lat' dir='ltr'><strong>intimo</strong></span> <span class='ocrx_word' id='word_1_233' title='bbox 1182 1751 1270 1797; x_wconf 89' lang='lat' dir='ltr'><strong>tractu</strong></span> <span class='ocrx_word' id='word_1_234' title='bbox 1289 1751 1387 1798; x_wconf 87' lang='lat' dir='ltr'><strong>natura</strong></span> <span class='ocrx_word' id='word_1_235' title='bbox 1408 1742 1525 1798; x_wconf 88' lang='lat' dir='ltr'><strong>stellaris</strong></span> <span class='ocrx_word' id='word_1_236' title='bbox 1547 1761 1601 1798; x_wconf 88' lang='lat' dir='ltr'><strong>non</strong></span> <span class='ocrx_word' id='word_1_237' title='bbox 1622 1760 1685 1798; x_wconf 89' lang='lat' dir='ltr'><strong>con·</strong></span> 
     </span>
     <span class='ocr_line' id='line_1_19' title="bbox 53 1821 1684 1896; baseline -0.001 -17"><span class='ocrx_word' id='word_1_238' title='bbox 53 1827 202 1890; x_wconf 82' lang='lat' dir='ltr'><strong>inlinitum,</strong></span> <span class='ocrx_word' id='word_1_239' title='bbox 223 1842 337 1896; x_wconf 92' lang='lat' dir='ltr'><strong>corpora</strong></span> <span class='ocrx_word' id='word_1_240' title='bbox 360 1825 436 1879; x_wconf 91' lang='lat' dir='ltr'><strong>tinita</strong></span> <span class='ocrx_word' id='word_1_241' title='bbox 459 1824 562 1892; x_wconf 77' lang='lat' dir='ltr'><strong>essem)</strong></span> <span class='ocrx_word' id='word_1_242' title='bbox 581 1842 696 1895; x_wconf 90' lang='lat' dir='ltr'><strong>corpora</strong></span> <span class='ocrx_word' id='word_1_243' title='bbox 714 1841 853 1895; x_wconf 88' lang='lat' dir='ltr'><strong>nunquam</strong></span> <span class='ocrx_word' id='word_1_244' title='bbox 892 1821 984 1887; x_wconf 81' lang='lat' dir='ltr'><strong>sistit;</strong></span> <span class='ocrx_word' id='word_1_245' title='bbox 1005 1822 1034 1875; x_wconf 92' lang='lat' dir='ltr'><strong>in</strong></span> <span class='ocrx_word' id='word_1_246' title='bbox 1048 1821 1138 1876; x_wconf 90' lang='lat' dir='ltr'><strong>medio</strong></span> <span class='ocrx_word' id='word_1_247' title='bbox 1151 1822 1283 1886; x_wconf 87' lang='lat' dir='ltr'><strong>consistit,</strong></span> <span class='ocrx_word' id='word_1_248' title='bbox 1297 1823 1345 1878; x_wconf 88' lang='lat' dir='ltr'><strong>sed</strong></span> <span class='ocrx_word' id='word_1_249' title='bbox 1358 1823 1414 1877; x_wconf 89' lang='lat' dir='ltr'><strong>coit</strong></span> <span class='ocrx_word' id='word_1_250' title='bbox 1432 1823 1467 1877; x_wconf 88' lang='lat' dir='ltr'><strong>sd</strong></span> <span class='ocrx_word' id='word_1_251' title='bbox 1480 1822 1576 1894; x_wconf 92' lang='lat' dir='ltr'><strong>globos</strong></span> <span class='ocrx_word' id='word_1_252' title='bbox 1589 1824 1684 1894; x_wconf 91' lang='lat' dir='ltr'><strong>singu·</strong></span> 
     </span>
     <span class='ocr_line' id='line_1_20' title="bbox 52 1899 1685 1977; baseline -0.001 -18"><span class='ocrx_word' id='word_1_253' title='bbox 52 1904 175 1959; x_wconf 71' lang='lat' dir='ltr'><strong>haesura</strong></span> <span class='ocrx_word' id='word_1_254' title='bbox 220 1905 316 1977; x_wconf 86' lang='lat' dir='ltr'><strong>ltaque</strong></span> <span class='ocrx_word' id='word_1_255' title='bbox 324 1913 435 1976; x_wconf 90' lang='lat' dir='ltr'><strong>propter</strong></span> <span class='ocrx_word' id='word_1_256' title='bbox 444 1904 650 1959; x_wconf 78' lang='lat' dir='ltr'><strong>cointiuitstem</strong></span> <span class='ocrx_word' id='word_1_257' title='bbox 659 1904 781 1959; x_wconf 74' lang='lat' dir='ltr'><strong>materis</strong></span> <span class='ocrx_word' id='word_1_258' title='bbox 791 1921 853 1958; x_wconf 90' lang='lat' dir='ltr'><strong>cum</strong></span> <span class='ocrx_word' id='word_1_259' title='bbox 891 1899 980 1964; x_wconf 90' lang='lat' dir='ltr'><strong>los,iu</strong></span> <span class='ocrx_word' id='word_1_260' title='bbox 994 1917 1120 1971; x_wconf 89' lang='lat' dir='ltr'><strong>supremo</strong></span> <span class='ocrx_word' id='word_1_261' title='bbox 1134 1902 1278 1972; x_wconf 86' lang='lat' dir='ltr'><strong>spargitse</strong></span> <span class='ocrx_word' id='word_1_262' title='bbox 1292 1918 1342 1972; x_wconf 92' lang='lat' dir='ltr'><strong>per</strong></span> <span class='ocrx_word' id='word_1_263' title='bbox 1356 1902 1452 1972; x_wconf 78' lang='lat' dir='ltr'><strong>globos</strong></span> <span class='ocrx_word' id='word_1_264' title='bbox 1466 1902 1605 1972; x_wconf 91' lang='lat' dir='ltr'><strong>plurimos,</strong></span> <span class='ocrx_word' id='word_1_265' title='bbox 1616 1902 1685 1957; x_wconf 88' lang='lat' dir='ltr'><strong>adeo</strong></span> 
     </span>
     <span class='ocr_line' id='line_1_21' title="bbox 53 1981 1685 2055; baseline -0.001 -17"><span class='ocrx_word' id='word_1_266' title='bbox 53 1986 147 2054; x_wconf 84' lang='lat' dir='ltr'><strong>spatio</strong></span> <span class='ocrx_word' id='word_1_267' title='bbox 168 1985 323 2038; x_wconf 89' lang='lat' dir='ltr'><strong>necessario</strong></span> <span class='ocrx_word' id='word_1_268' title='bbox 339 1984 522 2055; x_wconf 79' lang='lat' dir='ltr'><strong>compingitur</strong></span> <span class='ocrx_word' id='word_1_269' title='bbox 538 2000 653 2038; x_wconf 83' lang='lat' dir='ltr'><strong>vacuum</strong></span> <span class='ocrx_word' id='word_1_270' title='bbox 671 1983 706 2037; x_wconf 85' lang='lat' dir='ltr'><strong>ad</strong></span> <span class='ocrx_word' id='word_1_271' title='bbox 723 1984 853 2038; x_wconf 89' lang='lat' dir='ltr'><strong>terminos</strong></span> <span class='ocrx_word' id='word_1_272' title='bbox 891 1987 923 2035; x_wconf 88' lang='lat' dir='ltr'><strong>ut</strong></span> <span class='ocrx_word' id='word_1_273' title='bbox 942 1995 992 2049; x_wconf 89' lang='lat' dir='ltr'><strong>per</strong></span> <span class='ocrx_word' id='word_1_274' title='bbox 1014 1981 1184 2035; x_wconf 90' lang='lat' dir='ltr'><strong>summitates</strong></span> <span class='ocrx_word' id='word_1_275' title='bbox 1205 1981 1264 2051; x_wconf 87' lang='lat' dir='ltr'><strong>ejus</strong></span> <span class='ocrx_word' id='word_1_276' title='bbox 1277 1983 1401 2037; x_wconf 83' lang='lat' dir='ltr'><strong>videatur</strong></span> <span class='ocrx_word' id='word_1_277' title='bbox 1421 1982 1543 2047; x_wconf 90' lang='lat' dir='ltr'><strong>transire,</strong></span> <span class='ocrx_word' id='word_1_278' title='bbox 1558 1983 1635 2053; x_wconf 90' lang='lat' dir='ltr'><strong>quasi</strong></span> <span class='ocrx_word' id='word_1_279' title='bbox 1654 1982 1685 2036; x_wconf 90' lang='lat' dir='ltr'><strong>in</strong></span> 
     </span>
     <span class='ocr_line' id='line_1_22' title="bbox 53 2060 1685 2134; baseline -0.001 -17"><span class='ocrx_word' id='word_1_280' title='bbox 53 2072 236 2134; x_wconf 66' lang='lat' dir='ltr'><strong>certosque</strong></span> <span class='ocrx_word' id='word_1_281' title='bbox 251 2064 355 2117; x_wconf 84' lang='lat' dir='ltr'><strong>ridetur</strong></span> <span class='ocrx_word' id='word_1_282' title='bbox 368 2064 428 2132; x_wconf 88' lang='lat' dir='ltr'><strong>ejus</strong></span> <span class='ocrx_word' id='word_1_283' title='bbox 444 2063 528 2117; x_wconf 83' lang='lat' dir='ltr'><strong>luisse</strong></span> <span class='ocrx_word' id='word_1_284' title='bbox 547 2063 639 2133; x_wconf 90' lang='lat' dir='ltr'><strong>opinio</strong></span> <span class='ocrx_word' id='word_1_285' title='bbox 651 2079 718 2118; x_wconf 83' lang='lat' dir='ltr'><strong>vera</strong></span> <span class='ocrx_word' id='word_1_286' title='bbox 733 2069 762 2115; x_wconf 88' lang='lat' dir='ltr'><strong>et</strong></span> <span class='ocrx_word' id='word_1_287' title='bbox 779 2070 853 2118; x_wconf 82' lang='lat' dir='ltr'><strong>recte</strong></span> <span class='ocrx_word' id='word_1_288' title='bbox 891 2076 1050 2129; x_wconf 83' lang='lat' dir='ltr'><strong>empyreum</strong></span> <span class='ocrx_word' id='word_1_289' title='bbox 1064 2060 1207 2131; x_wconf 87' lang='lat' dir='ltr'><strong>integmm.</strong></span> <span class='ocrx_word' id='word_1_290' title='bbox 1237 2061 1336 2132; x_wconf 87' lang='lat' dir='ltr'><strong>Neque</strong></span> <span class='ocrx_word' id='word_1_291' title='bbox 1349 2061 1459 2116; x_wconf 86' lang='lat' dir='ltr'><strong>iuterim</strong></span> <span class='ocrx_word' id='word_1_292' title='bbox 1473 2060 1685 2116; x_wconf 79' lang='lat' dir='ltr'><strong>obliviscendum</strong></span> 
     </span>
     <span class='ocr_line' id='line_1_23' title="bbox 54 2138 1685 2214; baseline -0.001 -18"><span class='ocrx_word' id='word_1_293' title='bbox 54 2141 205 2207; x_wconf 89' lang='lat' dir='ltr'><strong>intellecta,</strong></span> <span class='ocrx_word' id='word_1_294' title='bbox 219 2150 250 2196; x_wconf 91' lang='lat' dir='ltr'><strong>ut</strong></span> <span class='ocrx_word' id='word_1_295' title='bbox 262 2142 368 2198; x_wconf 86' lang='lat' dir='ltr'><strong>scilicet</strong></span> <span class='ocrx_word' id='word_1_296' title='bbox 381 2143 558 2198; x_wconf 89' lang='lat' dir='ltr'><strong>constituatur</strong></span> <span class='ocrx_word' id='word_1_297' title='bbox 571 2142 633 2197; x_wconf 86' lang='lat' dir='ltr'><strong>linis</strong></span> <span class='ocrx_word' id='word_1_298' title='bbox 647 2141 854 2214; x_wconf 81' lang='lat' dir='ltr'><strong>quidamexpli·</strong></span> <span class='ocrx_word' id='word_1_299' title='bbox 891 2138 950 2207; x_wconf 83' lang='lat' dir='ltr'><strong>ejus</strong></span> <span class='ocrx_word' id='word_1_300' title='bbox 972 2139 1044 2209; x_wconf 91' lang='lat' dir='ltr'><strong>quod</strong></span> <span class='ocrx_word' id='word_1_301' title='bbox 1065 2141 1148 2211; x_wconf 89' lang='lat' dir='ltr'><strong>paulo</strong></span> <span class='ocrx_word' id='word_1_302' title='bbox 1168 2148 1231 2194; x_wconf 90' lang='lat' dir='ltr'><strong>ante</strong></span> <span class='ocrx_word' id='word_1_303' title='bbox 1249 2140 1376 2204; x_wconf 63' lang='lat' dir='ltr'><strong>&amp;ximus</strong></span> <span class='ocrx_word' id='word_1_304' title='bbox 1396 2156 1538 2195; x_wconf 88' lang='lat' dir='ltr'><strong>consuesse</strong></span> <span class='ocrx_word' id='word_1_305' title='bbox 1559 2150 1685 2195; x_wconf 87' lang='lat' dir='ltr'><strong>naturam</strong></span> 
     </span>
     <span class='ocr_line' id='line_1_24' title="bbox 54 2218 1684 2293; baseline -0.001 -17"><span class='ocrx_word' id='word_1_306' title='bbox 54 2220 174 2276; x_wconf 76' lang='lat' dir='ltr'><strong>mboms</strong></span> <span class='ocrx_word' id='word_1_307' title='bbox 201 2221 259 2277; x_wconf 84' lang='lat' dir='ltr'><strong>sire</strong></span> <span class='ocrx_word' id='word_1_308' title='bbox 291 2222 468 2291; x_wconf 86' lang='lat' dir='ltr'><strong>expansionis</strong></span> <span class='ocrx_word' id='word_1_309' title='bbox 494 2239 638 2292; x_wconf 90' lang='lat' dir='ltr'><strong>corporum</strong></span> <span class='ocrx_word' id='word_1_310' title='bbox 665 2239 715 2293; x_wconf 90' lang='lat' dir='ltr'><strong>per</strong></span> <span class='ocrx_word' id='word_1_311' title='bbox 738 2236 853 2276; x_wconf 80' lang='lat' dir='ltr'><strong>vacuom</strong></span> <span class='ocrx_word' id='word_1_312' title='bbox 891 2235 1049 2289; x_wconf 80' lang='lat' dir='ltr'><strong>processum</strong></span> <span class='ocrx_word' id='word_1_313' title='bbox 1076 2219 1238 2290; x_wconf 85' lang='lat' dir='ltr'><strong>gradostum</strong></span> <span class='ocrx_word' id='word_1_314' title='bbox 1263 2228 1291 2274; x_wconf 90' lang='lat' dir='ltr'><strong>et</strong></span> <span class='ocrx_word' id='word_1_315' title='bbox 1321 2220 1512 2291; x_wconf 88' lang='lat' dir='ltr'><strong>persultorium</strong></span> <span class='ocrx_word' id='word_1_316' title='bbox 1540 2218 1684 2286; x_wconf 89' lang='lat' dir='ltr'><strong>alternare,</strong></span> 
     </span>
     <span class='ocr_line' id='line_1_25' title="bbox 53 2297 1686 2372; baseline 0 -17"><span class='ocrx_word' id='word_1_317' title='bbox 53 2300 233 2372; x_wconf 67' lang='lat' dir='ltr'><strong>copulatum</strong></span> <span class='ocrx_word' id='word_1_318' title='bbox 261 2318 350 2372; x_wconf 90' lang='lat' dir='ltr'><strong>neque</strong></span> <span class='ocrx_word' id='word_1_319' title='bbox 374 2317 489 2357; x_wconf 81' lang='lat' dir='ltr'><strong>vacuum</strong></span> <span class='ocrx_word' id='word_1_320' title='bbox 515 2301 595 2356; x_wconf 90' lang='lat' dir='ltr'><strong>detur</strong></span> <span class='ocrx_word' id='word_1_321' title='bbox 621 2300 778 2365; x_wconf 87' lang='lat' dir='ltr'><strong>solitarium,</strong></span> <span class='ocrx_word' id='word_1_322' title='bbox 805 2308 855 2356; x_wconf 88' lang='lat' dir='ltr'><strong>aot</strong></span> <span class='ocrx_word' id='word_1_323' title='bbox 891 2297 961 2352; x_wconf 89' lang='lat' dir='ltr'><strong>adeo</strong></span> <span class='ocrx_word' id='word_1_324' title='bbox 972 2305 1004 2352; x_wconf 92' lang='lat' dir='ltr'><strong>ut</strong></span> <span class='ocrx_word' id='word_1_325' title='bbox 1019 2299 1139 2369; x_wconf 91' lang='lat' dir='ltr'><strong>regionis</strong></span> <span class='ocrx_word' id='word_1_326' title='bbox 1161 2299 1256 2370; x_wconf 73' lang='lat' dir='ltr'><strong>prima</strong></span> <span class='ocrx_word' id='word_1_327' title='bbox 1275 2301 1393 2353; x_wconf 82' lang='lat' dir='ltr'><strong>confinia</strong></span> <span class='ocrx_word' id='word_1_328' title='bbox 1405 2300 1605 2355; x_wconf 89' lang='lat' dir='ltr'><strong>communicent</strong></span> <span class='ocrx_word' id='word_1_329' title='bbox 1623 2317 1686 2356; x_wconf 91' lang='lat' dir='ltr'><strong>cum</strong></span> 
     </span>
     <span class='ocr_line' id='line_1_26' title="bbox 53 2377 1685 2450; baseline 0.001 -16"><span class='ocrx_word' id='word_1_330' title='bbox 53 2396 173 2450; x_wconf 89' lang='lat' dir='ltr'><strong>corpore</strong></span> <span class='ocrx_word' id='word_1_331' title='bbox 187 2380 402 2435; x_wconf 89' lang='lat' dir='ltr'><strong>nonobsessum.</strong></span> <span class='ocrx_word' id='word_1_332' title='bbox 892 2377 1018 2441; x_wconf 89' lang='lat' dir='ltr'><strong>secunda,</strong></span> <span class='ocrx_word' id='word_1_333' title='bbox 1032 2386 1060 2432; x_wconf 88' lang='lat' dir='ltr'><strong>et</strong></span> <span class='ocrx_word' id='word_1_334' title='bbox 1081 2378 1207 2433; x_wconf 80' lang='lat' dir='ltr'><strong>secundae</strong></span> <span class='ocrx_word' id='word_1_335' title='bbox 1228 2395 1291 2432; x_wconf 92' lang='lat' dir='ltr'><strong>cum</strong></span> <span class='ocrx_word' id='word_1_336' title='bbox 1311 2380 1400 2435; x_wconf 89' lang='lat' dir='ltr'><strong>tertia.</strong></span> <span class='ocrx_word' id='word_1_337' title='bbox 1442 2380 1517 2435; x_wconf 87' lang='lat' dir='ltr'><strong>Nam</strong></span> <span class='ocrx_word' id='word_1_338' title='bbox 1532 2386 1560 2434; x_wconf 91' lang='lat' dir='ltr'><strong>et</strong></span> <span class='ocrx_word' id='word_1_339' title='bbox 1578 2380 1607 2433; x_wconf 88' lang='lat' dir='ltr'><strong>in</strong></span> <span class='ocrx_word' id='word_1_340' title='bbox 1622 2383 1685 2436; x_wconf 69' lang='lat' dir='ltr'><strong>sire</strong></span> 
     </span>
    </p>

    <p class='ocr_par' dir='ltr' id='par_1_3' title="bbox 53 2456 1690 5553">
     <span class='ocr_line' id='line_1_27' title="bbox 96 2456 1687 2529; baseline 0.002 -16"><span class='ocrx_word' id='word_1_341' title='bbox 96 2458 176 2520; x_wconf 89' lang='lat' dir='ltr'><strong>Quod</strong></span> <span class='ocrx_word' id='word_1_342' title='bbox 193 2460 218 2513; x_wconf 91' lang='lat' dir='ltr'><strong>si</strong></span> <span class='ocrx_word' id='word_1_343' title='bbox 236 2475 292 2513; x_wconf 89' lang='lat' dir='ltr'><strong>non</strong></span> <span class='ocrx_word' id='word_1_344' title='bbox 311 2460 389 2514; x_wconf 87' lang='lat' dir='ltr'><strong>detur</strong></span> <span class='ocrx_word' id='word_1_345' title='bbox 402 2475 517 2514; x_wconf 87' lang='lat' dir='ltr'><strong>vacuum</strong></span> <span class='ocrx_word' id='word_1_346' title='bbox 531 2458 617 2513; x_wconf 89' lang='lat' dir='ltr'><strong>instar</strong></span> <span class='ocrx_word' id='word_1_347' title='bbox 630 2457 773 2514; x_wconf 89' lang='lat' dir='ltr'><strong>solutionis</strong></span> <span class='ocrx_word' id='word_1_348' title='bbox 787 2476 853 2514; x_wconf 90' lang='lat' dir='ltr'><strong>con·</strong></span> <span class='ocrx_word' id='word_1_349' title='bbox 891 2456 1055 2522; x_wconf 83' lang='lat' dir='ltr'><strong>sublimiore,</strong></span> <span class='ocrx_word' id='word_1_350' title='bbox 1070 2465 1215 2529; x_wconf 92' lang='lat' dir='ltr'><strong>postquam</strong></span> <span class='ocrx_word' id='word_1_351' title='bbox 1236 2461 1283 2512; x_wconf 70' lang='lat' dir='ltr'><strong>aer</strong></span> <span class='ocrx_word' id='word_1_352' title='bbox 1306 2460 1418 2528; x_wconf 87' lang='lat' dir='ltr'><strong>coeperit</strong></span> <span class='ocrx_word' id='word_1_353' title='bbox 1437 2475 1497 2514; x_wconf 90' lang='lat' dir='ltr'><strong>esse</strong></span> <span class='ocrx_word' id='word_1_354' title='bbox 1518 2459 1553 2513; x_wconf 90' lang='lat' dir='ltr'><strong>sb</strong></span> <span class='ocrx_word' id='word_1_355' title='bbox 1572 2458 1687 2516; x_wconf 85' lang='lat' dir='ltr'><strong>effiuriis</strong></span> 
     </span>
     <span class='ocr_line' id='line_1_28' title="bbox 54 2535 1686 2609; baseline 0.001 -17"><span class='ocrx_word' id='word_1_356' title='bbox 54 2538 193 2593; x_wconf 86' lang='lat' dir='ltr'><strong>tinuitatis</strong></span> <span class='ocrx_word' id='word_1_357' title='bbox 207 2539 235 2591; x_wconf 89' lang='lat' dir='ltr'><strong>in</strong></span> <span class='ocrx_word' id='word_1_358' title='bbox 249 2546 405 2608; x_wconf 74' lang='lat' dir='ltr'><strong>systemate,</strong></span> <span class='ocrx_word' id='word_1_359' title='bbox 420 2546 511 2592; x_wconf 73' lang='lat' dir='ltr'><strong>minen</strong></span> <span class='ocrx_word' id='word_1_360' title='bbox 525 2555 588 2592; x_wconf 91' lang='lat' dir='ltr'><strong>cum</strong></span> <span class='ocrx_word' id='word_1_361' title='bbox 604 2546 682 2592; x_wconf 89' lang='lat' dir='ltr'><strong>tauta</strong></span> <span class='ocrx_word' id='word_1_362' title='bbox 700 2539 854 2595; x_wconf 82' lang='lat' dir='ltr'><strong>inveniatur</strong></span> <span class='ocrx_word' id='word_1_363' title='bbox 891 2544 970 2590; x_wconf 80' lang='lat' dir='ltr'><strong>terrae</strong></span> <span class='ocrx_word' id='word_1_364' title='bbox 989 2535 1151 2599; x_wconf 73' lang='lat' dir='ltr'><strong>delmestior,</strong></span> <span class='ocrx_word' id='word_1_365' title='bbox 1171 2544 1199 2591; x_wconf 93' lang='lat' dir='ltr'><strong>et</strong></span> <span class='ocrx_word' id='word_1_366' title='bbox 1211 2552 1229 2589; x_wconf 88' lang='lat' dir='ltr'><strong>a</strong></span> <span class='ocrx_word' id='word_1_367' title='bbox 1247 2537 1398 2609; x_wconf 82' lang='lat' dir='ltr'><strong>coelcstiupr</strong></span> <span class='ocrx_word' id='word_1_368' title='bbox 1418 2539 1508 2609; x_wconf 89' lang='lat' dir='ltr'><strong>magis</strong></span> <span class='ocrx_word' id='word_1_369' title='bbox 1523 2544 1686 2605; x_wconf 83' lang='lat' dir='ltr'><strong>attenuatus,</strong></span> 
     </span>
     <span class='ocr_line' id='line_1_29' title="bbox 53 2615 1686 2689; baseline 0.002 -19"><span class='ocrx_word' id='word_1_370' title='bbox 53 2617 85 2671; x_wconf 91' lang='lat' dir='ltr'><strong>iu</strong></span> <span class='ocrx_word' id='word_1_371' title='bbox 98 2618 224 2688; x_wconf 85' lang='lat' dir='ltr'><strong>partibus</strong></span> <span class='ocrx_word' id='word_1_372' title='bbox 234 2626 263 2672; x_wconf 92' lang='lat' dir='ltr'><strong>et</strong></span> <span class='ocrx_word' id='word_1_373' title='bbox 275 2617 431 2689; x_wconf 91' lang='lat' dir='ltr'><strong>regionibus</strong></span> <span class='ocrx_word' id='word_1_374' title='bbox 444 2618 600 2686; x_wconf 78' lang='lat' dir='ltr'><strong>systematis</strong></span> <span class='ocrx_word' id='word_1_375' title='bbox 612 2634 755 2688; x_wconf 90' lang='lat' dir='ltr'><strong>corporum</strong></span> <span class='ocrx_word' id='word_1_376' title='bbox 768 2618 855 2673; x_wconf 86' lang='lat' dir='ltr'><strong>direr-</strong></span> <span class='ocrx_word' id='word_1_377' title='bbox 892 2623 978 2669; x_wconf 88' lang='lat' dir='ltr'><strong>tentat</strong></span> <span class='ocrx_word' id='word_1_378' title='bbox 990 2623 1018 2669; x_wconf 91' lang='lat' dir='ltr'><strong>et</strong></span> <span class='ocrx_word' id='word_1_379' title='bbox 1030 2616 1170 2686; x_wconf 84' lang='lat' dir='ltr'><strong>experitur</strong></span> <span class='ocrx_word' id='word_1_380' title='bbox 1182 2615 1329 2671; x_wconf 87' lang='lat' dir='ltr'><strong>consistere</strong></span> <span class='ocrx_word' id='word_1_381' title='bbox 1342 2617 1467 2681; x_wconf 66' lang='lat' dir='ltr'><strong>flammam</strong></span> <span class='ocrx_word' id='word_1_382' title='bbox 1488 2624 1518 2671; x_wconf 92' lang='lat' dir='ltr'><strong>ut</strong></span> <span class='ocrx_word' id='word_1_383' title='bbox 1530 2618 1560 2672; x_wconf 90' lang='lat' dir='ltr'><strong>iu</strong></span> <span class='ocrx_word' id='word_1_384' title='bbox 1573 2619 1686 2673; x_wconf 91' lang='lat' dir='ltr'><strong>cometis</strong></span> 
     </span>
     <span class='ocr_line' id='line_1_30' title="bbox 54 2694 1687 2769; baseline 0.002 -20"><span class='ocrx_word' id='word_1_385' title='bbox 54 2697 131 2761; x_wconf 83' lang='lat' dir='ltr'><strong>sitas,</strong></span> <span class='ocrx_word' id='word_1_386' title='bbox 160 2704 191 2750; x_wconf 91' lang='lat' dir='ltr'><strong>ut</strong></span> <span class='ocrx_word' id='word_1_387' title='bbox 217 2697 275 2751; x_wconf 88' lang='lat' dir='ltr'><strong>sint</strong></span> <span class='ocrx_word' id='word_1_388' title='bbox 297 2707 427 2769; x_wconf 87' lang='lat' dir='ltr'><strong>tauquam</strong></span> <span class='ocrx_word' id='word_1_389' title='bbox 449 2696 562 2752; x_wconf 86' lang='lat' dir='ltr'><strong>alterius</strong></span> <span class='ocrx_word' id='word_1_390' title='bbox 585 2697 675 2768; x_wconf 88' lang='lat' dir='ltr'><strong>gentis</strong></span> <span class='ocrx_word' id='word_1_391' title='bbox 697 2704 726 2750; x_wconf 90' lang='lat' dir='ltr'><strong>et</strong></span> <span class='ocrx_word' id='word_1_392' title='bbox 750 2698 853 2768; x_wconf 76' lang='lat' dir='ltr'><strong>patriis,</strong></span> <span class='ocrx_word' id='word_1_393' title='bbox 892 2694 1083 2749; x_wconf 89' lang='lat' dir='ltr'><strong>humilioribus</strong></span> <span class='ocrx_word' id='word_1_394' title='bbox 1104 2695 1140 2758; x_wconf 89' lang='lat' dir='ltr'><strong>tit,</strong></span> <span class='ocrx_word' id='word_1_395' title='bbox 1155 2694 1202 2766; x_wconf 91' lang='lat' dir='ltr'><strong>qui</strong></span> <span class='ocrx_word' id='word_1_396' title='bbox 1222 2702 1285 2748; x_wconf 89' lang='lat' dir='ltr'><strong>suut</strong></span> <span class='ocrx_word' id='word_1_397' title='bbox 1306 2696 1404 2751; x_wconf 83' lang='lat' dir='ltr'><strong>mediae</strong></span> <span class='ocrx_word' id='word_1_398' title='bbox 1422 2697 1563 2765; x_wconf 86' lang='lat' dir='ltr'><strong>cujusdam</strong></span> <span class='ocrx_word' id='word_1_399' title='bbox 1582 2706 1687 2753; x_wconf 80' lang='lat' dir='ltr'><strong>naturis</strong></span> 
     </span>
     <span class='ocr_line' id='line_1_31' title="bbox 54 2774 1685 2847; baseline 0 -17"><span class='ocrx_word' id='word_1_400' title='bbox 54 2775 143 2830; x_wconf 89' lang='lat' dir='ltr'><strong>oritur</strong></span> <span class='ocrx_word' id='word_1_401' title='bbox 157 2776 272 2846; x_wconf 70' lang='lat' dir='ltr'><strong>questio</strong></span> <span class='ocrx_word' id='word_1_402' title='bbox 290 2776 409 2831; x_wconf 84' lang='lat' dir='ltr'><strong>secunda</strong></span> <span class='ocrx_word' id='word_1_403' title='bbox 421 2794 483 2847; x_wconf 79' lang='lat' dir='ltr'><strong>qum</strong></span> <span class='ocrx_word' id='word_1_404' title='bbox 502 2776 537 2831; x_wconf 89' lang='lat' dir='ltr'><strong>ad</strong></span> <span class='ocrx_word' id='word_1_405' title='bbox 556 2775 753 2831; x_wconf 83' lang='lat' dir='ltr'><strong>connexionem</strong></span> <span class='ocrx_word' id='word_1_406' title='bbox 772 2784 855 2847; x_wconf 89' lang='lat' dir='ltr'><strong>syste-</strong></span> <span class='ocrx_word' id='word_1_407' title='bbox 892 2774 965 2829; x_wconf 88' lang='lat' dir='ltr'><strong>inter</strong></span> <span class='ocrx_word' id='word_1_408' title='bbox 981 2782 1107 2829; x_wconf 87' lang='lat' dir='ltr'><strong>naturam</strong></span> <span class='ocrx_word' id='word_1_409' title='bbox 1126 2774 1263 2828; x_wconf 78' lang='lat' dir='ltr'><strong>stellarem</strong></span> <span class='ocrx_word' id='word_1_410' title='bbox 1276 2776 1468 2830; x_wconf 87' lang='lat' dir='ltr'><strong>consistentem</strong></span> <span class='ocrx_word' id='word_1_411' title='bbox 1481 2783 1508 2829; x_wconf 93' lang='lat' dir='ltr'><strong>et</strong></span> <span class='ocrx_word' id='word_1_412' title='bbox 1524 2776 1685 2844; x_wconf 67' lang='lat' dir='ltr'><strong>evanidam,</strong></span> 
     </span>
     <span class='ocr_line' id='line_1_32' title="bbox 54 2852 1687 2927; baseline 0.001 -18"><span class='ocrx_word' id='word_1_413' title='bbox 54 2857 138 2910; x_wconf 89' lang='lat' dir='ltr'><strong>mstis</strong></span> <span class='ocrx_word' id='word_1_414' title='bbox 152 2856 301 2924; x_wconf 59' lang='lat' dir='ltr'><strong>pertinente</strong></span> <span class='ocrx_word' id='word_1_415' title='bbox 316 2872 350 2910; x_wconf 89' lang='lat' dir='ltr'><strong>ea</strong></span> <span class='ocrx_word' id='word_1_416' title='bbox 362 2863 410 2921; x_wconf 89' lang='lat' dir='ltr'><strong>est,</strong></span> <span class='ocrx_word' id='word_1_417' title='bbox 420 2856 464 2910; x_wconf 77' lang='lat' dir='ltr'><strong>Aa</strong></span> <span class='ocrx_word' id='word_1_418' title='bbox 474 2855 560 2911; x_wconf 76' lang='lat' dir='ltr'><strong>iether</strong></span> <span class='ocrx_word' id='word_1_419' title='bbox 572 2872 657 2927; x_wconf 89' lang='lat' dir='ltr'><strong>puros</strong></span> <span class='ocrx_word' id='word_1_420' title='bbox 670 2856 783 2910; x_wconf 88' lang='lat' dir='ltr'><strong>situnus</strong></span> <span class='ocrx_word' id='word_1_421' title='bbox 796 2872 855 2927; x_wconf 92' lang='lat' dir='ltr'><strong>per-</strong></span> <span class='ocrx_word' id='word_1_422' title='bbox 892 2860 921 2906; x_wconf 90' lang='lat' dir='ltr'><strong>et</strong></span> <span class='ocrx_word' id='word_1_423' title='bbox 932 2870 1026 2909; x_wconf 88' lang='lat' dir='ltr'><strong>rursus</strong></span> <span class='ocrx_word' id='word_1_424' title='bbox 1039 2854 1146 2907; x_wconf 87' lang='lat' dir='ltr'><strong>ridetur</strong></span> <span class='ocrx_word' id='word_1_425' title='bbox 1159 2852 1257 2908; x_wconf 87' lang='lat' dir='ltr'><strong>coelom</strong></span> <span class='ocrx_word' id='word_1_426' title='bbox 1271 2853 1343 2908; x_wconf 88' lang='lat' dir='ltr'><strong>circa</strong></span> <span class='ocrx_word' id='word_1_427' title='bbox 1357 2854 1442 2909; x_wconf 90' lang='lat' dir='ltr'><strong>solem</strong></span> <span class='ocrx_word' id='word_1_428' title='bbox 1456 2855 1569 2910; x_wconf 83' lang='lat' dir='ltr'><strong>fortasse</strong></span> <span class='ocrx_word' id='word_1_429' title='bbox 1583 2854 1687 2910; x_wconf 91' lang='lat' dir='ltr'><strong>stelles·</strong></span> 
     </span>
     <span class='ocr_line' id='line_1_33' title="bbox 54 2932 1686 3007; baseline 0.003 -20"><span class='ocrx_word' id='word_1_430' title='bbox 54 2942 156 3005; x_wconf 87' lang='lat' dir='ltr'><strong>petuns</strong></span> <span class='ocrx_word' id='word_1_431' title='bbox 170 2934 229 2989; x_wconf 85' lang='lat' dir='ltr'><strong>sive</strong></span> <span class='ocrx_word' id='word_1_432' title='bbox 240 2937 382 2991; x_wconf 89' lang='lat' dir='ltr'><strong>continuos</strong></span> <span class='ocrx_word' id='word_1_433' title='bbox 396 2935 516 3000; x_wconf 85' lang='lat' dir='ltr'><strong>fluor,au</strong></span> <span class='ocrx_word' id='word_1_434' title='bbox 530 2953 593 2990; x_wconf 84' lang='lat' dir='ltr'><strong>vero</strong></span> <span class='ocrx_word' id='word_1_435' title='bbox 606 2944 711 2990; x_wconf 89' lang='lat' dir='ltr'><strong>constet</strong></span> <span class='ocrx_word' id='word_1_436' title='bbox 723 2953 760 2991; x_wconf 84' lang='lat' dir='ltr'><strong>ex</strong></span> <span class='ocrx_word' id='word_1_437' title='bbox 773 2934 855 3007; x_wconf 90' lang='lat' dir='ltr'><strong>pluri-</strong></span> <span class='ocrx_word' id='word_1_438' title='bbox 892 2950 954 2988; x_wconf 87' lang='lat' dir='ltr'><strong>cere</strong></span> <span class='ocrx_word' id='word_1_439' title='bbox 974 2943 1002 2989; x_wconf 89' lang='lat' dir='ltr'><strong>st</strong></span> <span class='ocrx_word' id='word_1_440' title='bbox 1023 2934 1137 2988; x_wconf 90' lang='lat' dir='ltr'><strong>transire</strong></span> <span class='ocrx_word' id='word_1_441' title='bbox 1157 2932 1277 3004; x_wconf 89' lang='lat' dir='ltr'><strong>incipere</strong></span> <span class='ocrx_word' id='word_1_442' title='bbox 1297 2933 1326 2988; x_wconf 94' lang='lat' dir='ltr'><strong>iu</strong></span> <span class='ocrx_word' id='word_1_443' title='bbox 1347 2943 1471 2990; x_wconf 89' lang='lat' dir='ltr'><strong>naturam</strong></span> <span class='ocrx_word' id='word_1_444' title='bbox 1490 2934 1552 2989; x_wconf 83' lang='lat' dir='ltr'><strong>cmli</strong></span> <span class='ocrx_word' id='word_1_445' title='bbox 1574 2934 1686 2992; x_wconf 84' lang='lat' dir='ltr'><strong>stellati.</strong></span> 
     </span>
     <span class='ocr_line' id='line_1_34' title="bbox 54 3012 1687 3092; baseline 0.002 -24"><span class='ocrx_word' id='word_1_446' title='bbox 54 3014 107 3068; x_wconf 91' lang='lat' dir='ltr'><strong>bus</strong></span> <span class='ocrx_word' id='word_1_447' title='bbox 131 3014 287 3086; x_wconf 76' lang='lat' dir='ltr'><strong>contiguis?</strong></span> <span class='ocrx_word' id='word_1_448' title='bbox 307 3016 406 3087; x_wconf 85' lang='lat' dir='ltr'><strong>Neque</strong></span> <span class='ocrx_word' id='word_1_449' title='bbox 426 3032 491 3070; x_wconf 83' lang='lat' dir='ltr'><strong>vero</strong></span> <span class='ocrx_word' id='word_1_450' title='bbox 509 3023 630 3070; x_wconf 83' lang='lat' dir='ltr'><strong>nostmm</strong></span> <span class='ocrx_word' id='word_1_451' title='bbox 651 3023 693 3069; x_wconf 90' lang='lat' dir='ltr'><strong>est</strong></span> <span class='ocrx_word' id='word_1_452' title='bbox 712 3015 746 3070; x_wconf 90' lang='lat' dir='ltr'><strong>dc</strong></span> <span class='ocrx_word' id='word_1_453' title='bbox 765 3016 854 3092; x_wconf 83' lang='lat' dir='ltr'><strong>verbis</strong></span> <span class='ocrx_word' id='word_1_454' title='bbox 893 3014 967 3068; x_wconf 88' lang='lat' dir='ltr'><strong>Nam</strong></span> <span class='ocrx_word' id='word_1_455' title='bbox 981 3014 1087 3084; x_wconf 89' lang='lat' dir='ltr'><strong>possint</strong></span> <span class='ocrx_word' id='word_1_456' title='bbox 1099 3012 1154 3069; x_wconf 77' lang='lat' dir='ltr'><strong>illas</strong></span> <span class='ocrx_word' id='word_1_457' title='bbox 1167 3012 1289 3077; x_wconf 75' lang='lat' dir='ltr'><strong>macula,</strong></span> <span class='ocrx_word' id='word_1_458' title='bbox 1303 3032 1364 3085; x_wconf 84' lang='lat' dir='ltr'><strong>quse</strong></span> <span class='ocrx_word' id='word_1_459' title='bbox 1377 3015 1407 3068; x_wconf 91' lang='lat' dir='ltr'><strong>in</strong></span> <span class='ocrx_word' id='word_1_460' title='bbox 1420 3014 1478 3069; x_wconf 90' lang='lat' dir='ltr'><strong>sole</strong></span> <span class='ocrx_word' id='word_1_461' title='bbox 1498 3014 1687 3071; x_wconf 82' lang='lat' dir='ltr'><strong>observatione</strong></span> 
     </span>
     <span class='ocr_line' id='line_1_35' title="bbox 54 3092 1687 3166; baseline 0.001 -19"><span class='ocrx_word' id='word_1_462' title='bbox 54 3094 194 3164; x_wconf 83' lang='lat' dir='ltr'><strong>argutari,</strong></span> <span class='ocrx_word' id='word_1_463' title='bbox 218 3094 266 3148; x_wconf 85' lang='lat' dir='ltr'><strong>sed</strong></span> <span class='ocrx_word' id='word_1_464' title='bbox 283 3094 463 3166; x_wconf 90' lang='lat' dir='ltr'><strong>intelligimus</strong></span> <span class='ocrx_word' id='word_1_465' title='bbox 489 3111 539 3165; x_wconf 91' lang='lat' dir='ltr'><strong>per</strong></span> <span class='ocrx_word' id='word_1_466' title='bbox 566 3095 733 3166; x_wconf 88' lang='lat' dir='ltr'><strong>contiguum,</strong></span> <span class='ocrx_word' id='word_1_467' title='bbox 757 3111 856 3166; x_wconf 89' lang='lat' dir='ltr'><strong>corpus</strong></span> <span class='ocrx_word' id='word_1_468' title='bbox 893 3100 966 3146; x_wconf 89' lang='lat' dir='ltr'><strong>certe</strong></span> <span class='ocrx_word' id='word_1_469' title='bbox 985 3094 1040 3147; x_wconf 87' lang='lat' dir='ltr'><strong>fida</strong></span> <span class='ocrx_word' id='word_1_470' title='bbox 1057 3100 1086 3147; x_wconf 90' lang='lat' dir='ltr'><strong>et</strong></span> <span class='ocrx_word' id='word_1_471' title='bbox 1102 3092 1227 3163; x_wconf 88' lang='lat' dir='ltr'><strong>diligenti</strong></span> <span class='ocrx_word' id='word_1_472' title='bbox 1248 3093 1425 3163; x_wconf 78' lang='lat' dir='ltr'><strong>deprehensas</strong></span> <span class='ocrx_word' id='word_1_473' title='bbox 1444 3103 1514 3158; x_wconf 82' lang='lat' dir='ltr'><strong>sunt,</strong></span> <span class='ocrx_word' id='word_1_474' title='bbox 1535 3110 1595 3149; x_wconf 90' lang='lat' dir='ltr'><strong>esse</strong></span> <span class='ocrx_word' id='word_1_475' title='bbox 1616 3094 1687 3149; x_wconf 88' lang='lat' dir='ltr'><strong>rudi-</strong></span> 
     </span>
     <span class='ocr_line' id='line_1_36' title="bbox 54 3172 1687 3246; baseline 0.001 -18"><span class='ocrx_word' id='word_1_476' title='bbox 54 3172 130 3244; x_wconf 89' lang='lat' dir='ltr'><strong>quod</strong></span> <span class='ocrx_word' id='word_1_477' title='bbox 143 3173 297 3243; x_wconf 82' lang='lat' dir='ltr'><strong>supery&#39;acet</strong></span> <span class='ocrx_word' id='word_1_478' title='bbox 305 3190 355 3228; x_wconf 91' lang='lat' dir='ltr'><strong>nec</strong></span> <span class='ocrx_word' id='word_1_479' title='bbox 367 3174 508 3229; x_wconf 88' lang='lat' dir='ltr'><strong>miscetur:</strong></span> <span class='ocrx_word' id='word_1_480' title='bbox 519 3191 608 3246; x_wconf 90' lang='lat' dir='ltr'><strong>neque</strong></span> <span class='ocrx_word' id='word_1_481' title='bbox 616 3191 710 3229; x_wconf 89' lang='lat' dir='ltr'><strong>rursus</strong></span> <span class='ocrx_word' id='word_1_482' title='bbox 724 3174 855 3246; x_wconf 87' lang='lat' dir='ltr'><strong>iutelligi-</strong></span> <span class='ocrx_word' id='word_1_483' title='bbox 894 3180 985 3226; x_wconf 89' lang='lat' dir='ltr'><strong>menta</strong></span> <span class='ocrx_word' id='word_1_484' title='bbox 998 3173 1122 3244; x_wconf 78' lang='lat' dir='ltr'><strong>quasdam</strong></span> <span class='ocrx_word' id='word_1_485' title='bbox 1136 3173 1258 3228; x_wconf 71' lang='lat' dir='ltr'><strong>materies</strong></span> <span class='ocrx_word' id='word_1_486' title='bbox 1277 3172 1410 3228; x_wconf 85' lang='lat' dir='ltr'><strong>stellaris:</strong></span> <span class='ocrx_word' id='word_1_487' title='bbox 1431 3181 1460 3228; x_wconf 91' lang='lat' dir='ltr'><strong>at</strong></span> <span class='ocrx_word' id='word_1_488' title='bbox 1478 3173 1591 3228; x_wconf 72' lang='lat' dir='ltr'><strong>incaelo</strong></span> <span class='ocrx_word' id='word_1_489' title='bbox 1608 3172 1687 3230; x_wconf 78' lang='lat' dir='ltr'><strong>lovis</strong></span> 
     </span>
     <span class='ocr_line' id='line_1_37' title="bbox 54 3251 1686 3325; baseline 0.001 -18"><span class='ocrx_word' id='word_1_490' title='bbox 54 3269 117 3307; x_wconf 88' lang='lat' dir='ltr'><strong>mus</strong></span> <span class='ocrx_word' id='word_1_491' title='bbox 133 3253 367 3324; x_wconf 82' lang='lat' dir='ltr'><strong>contignationem</strong></span> <span class='ocrx_word' id='word_1_492' title='bbox 380 3253 483 3319; x_wconf 91' lang='lat' dir='ltr'><strong>duram,</strong></span> <span class='ocrx_word' id='word_1_493' title='bbox 498 3252 606 3324; x_wconf 87' lang='lat' dir='ltr'><strong>qualem</strong></span> <span class='ocrx_word' id='word_1_494' title='bbox 619 3253 716 3325; x_wconf 83' lang='lat' dir='ltr'><strong>vulgus</strong></span> <span class='ocrx_word' id='word_1_495' title='bbox 732 3262 855 3309; x_wconf 89' lang='lat' dir='ltr'><strong>astrono·</strong></span> <span class='ocrx_word' id='word_1_496' title='bbox 893 3253 976 3306; x_wconf 89' lang='lat' dir='ltr'><strong>etiam</strong></span> <span class='ocrx_word' id='word_1_497' title='bbox 1003 3251 1091 3307; x_wconf 79' lang='lat' dir='ltr'><strong>stella</strong></span> <span class='ocrx_word' id='word_1_498' title='bbox 1117 3251 1248 3308; x_wconf 78' lang='lat' dir='ltr'><strong>absoluta</strong></span> <span class='ocrx_word' id='word_1_499' title='bbox 1275 3259 1303 3307; x_wconf 91' lang='lat' dir='ltr'><strong>et</strong></span> <span class='ocrx_word' id='word_1_500' title='bbox 1326 3254 1453 3323; x_wconf 81' lang='lat' dir='ltr'><strong>periectas</strong></span> <span class='ocrx_word' id='word_1_501' title='bbox 1477 3254 1686 3324; x_wconf 85' lang='lat' dir='ltr'><strong>conspiciuntur,</strong></span> 
     </span>
     <span class='ocr_line' id='line_1_38' title="bbox 53 3330 1687 3405; baseline 0.002 -20"><span class='ocrx_word' id='word_1_502' title='bbox 53 3348 165 3386; x_wconf 92' lang='lat' dir='ltr'><strong>morum</strong></span> <span class='ocrx_word' id='word_1_503' title='bbox 178 3332 399 3398; x_wconf 88' lang='lat' dir='ltr'><strong>comminiscitur,</strong></span> <span class='ocrx_word' id='word_1_504' title='bbox 418 3332 467 3388; x_wconf 88' lang='lat' dir='ltr'><strong>sed</strong></span> <span class='ocrx_word' id='word_1_505' title='bbox 484 3333 592 3405; x_wconf 88' lang='lat' dir='ltr'><strong>qualem</strong></span> <span class='ocrx_word' id='word_1_506' title='bbox 612 3334 717 3404; x_wconf 88' lang='lat' dir='ltr'><strong>possint</strong></span> <span class='ocrx_word' id='word_1_507' title='bbox 733 3333 855 3405; x_wconf 88' lang='lat' dir='ltr'><strong>recipere</strong></span> <span class='ocrx_word' id='word_1_508' title='bbox 893 3330 964 3395; x_wconf 91' lang='lat' dir='ltr'><strong>licet,</strong></span> <span class='ocrx_word' id='word_1_509' title='bbox 978 3341 1089 3402; x_wconf 90' lang='lat' dir='ltr'><strong>propter</strong></span> <span class='ocrx_word' id='word_1_510' title='bbox 1107 3332 1276 3403; x_wconf 79' lang='lat' dir='ltr'><strong>parvitatem,</strong></span> <span class='ocrx_word' id='word_1_511' title='bbox 1297 3331 1399 3404; x_wconf 91' lang='lat' dir='ltr'><strong>absque</strong></span> <span class='ocrx_word' id='word_1_512' title='bbox 1419 3333 1609 3388; x_wconf 86' lang='lat' dir='ltr'><strong>commoditate</strong></span> <span class='ocrx_word' id='word_1_513' title='bbox 1625 3349 1687 3403; x_wconf 92' lang='lat' dir='ltr'><strong>per·</strong></span> 
     </span>
     <span class='ocr_line' id='line_1_39' title="bbox 53 3410 1688 3486; baseline 0.002 -22"><span class='ocrx_word' id='word_1_514' title='bbox 53 3411 166 3476; x_wconf 82' lang='lat' dir='ltr'><strong>fluores,</strong></span> <span class='ocrx_word' id='word_1_515' title='bbox 180 3427 213 3465; x_wconf 89' lang='lat' dir='ltr'><strong>ac</strong></span> <span class='ocrx_word' id='word_1_516' title='bbox 234 3411 259 3466; x_wconf 89' lang='lat' dir='ltr'><strong>si</strong></span> <span class='ocrx_word' id='word_1_517' title='bbox 280 3419 396 3484; x_wconf 89' lang='lat' dir='ltr'><strong>argento</strong></span> <span class='ocrx_word' id='word_1_518' title='bbox 408 3413 470 3468; x_wconf 80' lang='lat' dir='ltr'><strong>viro</strong></span> <span class='ocrx_word' id='word_1_519' title='bbox 484 3419 672 3483; x_wconf 80' lang='lat' dir='ltr'><strong>supernataret</strong></span> <span class='ocrx_word' id='word_1_520' title='bbox 685 3430 763 3483; x_wconf 84' lang='lat' dir='ltr'><strong>aqua,</strong></span> <span class='ocrx_word' id='word_1_521' title='bbox 777 3430 856 3486; x_wconf 72' lang='lat' dir='ltr'><strong>squas</strong></span> <span class='ocrx_word' id='word_1_522' title='bbox 894 3411 1063 3482; x_wconf 89' lang='lat' dir='ltr'><strong>spicillorum</strong></span> <span class='ocrx_word' id='word_1_523' title='bbox 1085 3410 1246 3477; x_wconf 84' lang='lat' dir='ltr'><strong>invisibiles,</strong></span> <span class='ocrx_word' id='word_1_524' title='bbox 1269 3419 1299 3466; x_wconf 90' lang='lat' dir='ltr'><strong>et</strong></span> <span class='ocrx_word' id='word_1_525' title='bbox 1322 3429 1414 3468; x_wconf 89' lang='lat' dir='ltr'><strong>rursus</strong></span> <span class='ocrx_word' id='word_1_526' title='bbox 1436 3413 1465 3467; x_wconf 91' lang='lat' dir='ltr'><strong>in</strong></span> <span class='ocrx_word' id='word_1_527' title='bbox 1487 3414 1688 3468; x_wconf 86' lang='lat' dir='ltr'><strong>summitatibus</strong></span> 
     </span>
     <span class='ocr_line' id='line_1_40' title="bbox 53 3489 1689 3563; baseline 0.002 -19"><span class='ocrx_word' id='word_1_528' title='bbox 53 3489 157 3554; x_wconf 88' lang='lat' dir='ltr'><strong>oleum,</strong></span> <span class='ocrx_word' id='word_1_529' title='bbox 171 3489 302 3547; x_wconf 72' lang='lat' dir='ltr'><strong>oleoair.</strong></span> <span class='ocrx_word' id='word_1_530' title='bbox 342 3492 457 3547; x_wconf 90' lang='lat' dir='ltr'><strong>Nemini</strong></span> <span class='ocrx_word' id='word_1_531' title='bbox 470 3492 668 3547; x_wconf 90' lang='lat' dir='ltr'><strong>enimdubium</strong></span> <span class='ocrx_word' id='word_1_532' title='bbox 681 3508 742 3547; x_wconf 89' lang='lat' dir='ltr'><strong>esse</strong></span> <span class='ocrx_word' id='word_1_533' title='bbox 755 3500 855 3563; x_wconf 88' lang='lat' dir='ltr'><strong>potest,</strong></span> <span class='ocrx_word' id='word_1_534' title='bbox 893 3489 956 3544; x_wconf 86' lang='lat' dir='ltr'><strong>coeli</strong></span> <span class='ocrx_word' id='word_1_535' title='bbox 969 3490 1070 3545; x_wconf 86' lang='lat' dir='ltr'><strong>stellati</strong></span> <span class='ocrx_word' id='word_1_536' title='bbox 1084 3508 1120 3545; x_wconf 84' lang='lat' dir='ltr'><strong>ex</strong></span> <span class='ocrx_word' id='word_1_537' title='bbox 1133 3490 1283 3547; x_wconf 88' lang='lat' dir='ltr'><strong>innumeris</strong></span> <span class='ocrx_word' id='word_1_538' title='bbox 1293 3492 1485 3548; x_wconf 89' lang='lat' dir='ltr'><strong>micatiooibus</strong></span> <span class='ocrx_word' id='word_1_539' title='bbox 1494 3492 1604 3547; x_wconf 81' lang='lat' dir='ltr'><strong>retheris</strong></span> <span class='ocrx_word' id='word_1_540' title='bbox 1618 3491 1689 3548; x_wconf 85' lang='lat' dir='ltr'><strong>inter</strong></span> 
     </span>
     <span class='ocr_line' id='line_1_41' title="bbox 53 3568 1688 3642; baseline 0.002 -19"><span class='ocrx_word' id='word_1_541' title='bbox 53 3570 169 3641; x_wconf 88' lang='lat' dir='ltr'><strong>quinio</strong></span> <span class='ocrx_word' id='word_1_542' title='bbox 182 3570 372 3625; x_wconf 89' lang='lat' dir='ltr'><strong>immensoillo</strong></span> <span class='ocrx_word' id='word_1_543' title='bbox 385 3578 474 3627; x_wconf 85' lang='lat' dir='ltr'><strong>tractu</strong></span> <span class='ocrx_word' id='word_1_544' title='bbox 487 3571 598 3627; x_wconf 66' lang='lat' dir='ltr'><strong>etheris</strong></span> <span class='ocrx_word' id='word_1_545' title='bbox 611 3570 856 3642; x_wconf 82' lang='lat' dir='ltr'><strong>parisiuteximire</strong></span> <span class='ocrx_word' id='word_1_546' title='bbox 893 3568 986 3625; x_wconf 84' lang='lat' dir='ltr'><strong>stellas</strong></span> <span class='ocrx_word' id='word_1_547' title='bbox 1006 3578 1163 3625; x_wconf 89' lang='lat' dir='ltr'><strong>numeratas</strong></span> <span class='ocrx_word' id='word_1_548' title='bbox 1187 3571 1276 3640; x_wconf 89' lang='lat' dir='ltr'><strong>(cujus</strong></span> <span class='ocrx_word' id='word_1_549' title='bbox 1299 3571 1361 3626; x_wconf 82' lang='lat' dir='ltr'><strong>alite</strong></span> <span class='ocrx_word' id='word_1_550' title='bbox 1384 3588 1473 3627; x_wconf 77' lang='lat' dir='ltr'><strong>causae</strong></span> <span class='ocrx_word' id='word_1_551' title='bbox 1494 3572 1560 3625; x_wconf 86' lang='lat' dir='ltr'><strong>satis</strong></span> <span class='ocrx_word' id='word_1_552' title='bbox 1580 3571 1688 3642; x_wconf 78' lang='lat' dir='ltr'><strong>frigidm</strong></span> 
     </span>
     <span class='ocr_line' id='line_1_42' title="bbox 53 3648 1689 3722; baseline 0.003 -20"><span class='ocrx_word' id='word_1_553' title='bbox 53 3648 219 3704; x_wconf 75' lang='lat' dir='ltr'><strong>differentia</strong></span> <span class='ocrx_word' id='word_1_554' title='bbox 225 3650 315 3721; x_wconf 90' lang='lat' dir='ltr'><strong>quoad</strong></span> <span class='ocrx_word' id='word_1_555' title='bbox 325 3651 463 3705; x_wconf 89' lang='lat' dir='ltr'><strong>raritatem</strong></span> <span class='ocrx_word' id='word_1_556' title='bbox 476 3658 505 3705; x_wconf 91' lang='lat' dir='ltr'><strong>et</strong></span> <span class='ocrx_word' id='word_1_557' title='bbox 518 3651 688 3716; x_wconf 88' lang='lat' dir='ltr'><strong>densitatem,</strong></span> <span class='ocrx_word' id='word_1_558' title='bbox 697 3658 725 3705; x_wconf 90' lang='lat' dir='ltr'><strong>et</strong></span> <span class='ocrx_word' id='word_1_559' title='bbox 739 3651 856 3706; x_wconf 83' lang='lat' dir='ltr'><strong>slisrmn</strong></span> <span class='ocrx_word' id='word_1_560' title='bbox 894 3649 969 3703; x_wconf 86' lang='lat' dir='ltr'><strong>reddi</strong></span> <span class='ocrx_word' id='word_1_561' title='bbox 983 3649 1083 3721; x_wconf 88' lang='lat' dir='ltr'><strong>solent)</strong></span> <span class='ocrx_word' id='word_1_562' title='bbox 1097 3649 1203 3704; x_wconf 84' lang='lat' dir='ltr'><strong>ridetur</strong></span> <span class='ocrx_word' id='word_1_563' title='bbox 1213 3658 1312 3706; x_wconf 90' lang='lat' dir='ltr'><strong>natura</strong></span> <span class='ocrx_word' id='word_1_564' title='bbox 1329 3650 1446 3706; x_wconf 73' lang='lat' dir='ltr'><strong>scenam</strong></span> <span class='ocrx_word' id='word_1_565' title='bbox 1460 3652 1549 3722; x_wconf 88' lang='lat' dir='ltr'><strong>magis</strong></span> <span class='ocrx_word' id='word_1_566' title='bbox 1562 3651 1639 3706; x_wconf 83' lang='lat' dir='ltr'><strong>fundi</strong></span> <span class='ocrx_word' id='word_1_567' title='bbox 1659 3659 1689 3707; x_wconf 92' lang='lat' dir='ltr'><strong>et</strong></span> 
     </span>
     <span class='ocr_line' id='line_1_43' title="bbox 54 3728 1688 3802; baseline 0.002 -20"><span class='ocrx_word' id='word_1_568' title='bbox 54 3744 162 3798; x_wconf 78' lang='lat' dir='ltr'><strong>pauca3</strong></span> <span class='ocrx_word' id='word_1_569' title='bbox 177 3729 226 3784; x_wconf 89' lang='lat' dir='ltr'><strong>sed</strong></span> <span class='ocrx_word' id='word_1_570' title='bbox 240 3728 445 3784; x_wconf 86' lang='lat' dir='ltr'><strong>utrolibetdato</strong></span> <span class='ocrx_word' id='word_1_571' title='bbox 460 3729 564 3799; x_wconf 90' lang='lat' dir='ltr'><strong>(idest,</strong></span> <span class='ocrx_word' id='word_1_572' title='bbox 578 3730 777 3785; x_wconf 85' lang='lat' dir='ltr'><strong>continuosive</strong></span> <span class='ocrx_word' id='word_1_573' title='bbox 791 3747 856 3786; x_wconf 89' lang='lat' dir='ltr'><strong>con·</strong></span> <span class='ocrx_word' id='word_1_574' title='bbox 894 3729 1053 3783; x_wconf 84' lang='lat' dir='ltr'><strong>continuari.</strong></span> <span class='ocrx_word' id='word_1_575' title='bbox 1094 3729 1196 3784; x_wconf 89' lang='lat' dir='ltr'><strong>Verum</strong></span> <span class='ocrx_word' id='word_1_576' title='bbox 1217 3730 1252 3783; x_wconf 91' lang='lat' dir='ltr'><strong>de</strong></span> <span class='ocrx_word' id='word_1_577' title='bbox 1274 3729 1319 3785; x_wconf 92' lang='lat' dir='ltr'><strong>his</strong></span> <span class='ocrx_word' id='word_1_578' title='bbox 1340 3731 1370 3785; x_wconf 92' lang='lat' dir='ltr'><strong>in</strong></span> <span class='ocrx_word' id='word_1_579' title='bbox 1398 3731 1597 3802; x_wconf 70' lang='lat' dir='ltr'><strong>questionibus,</strong></span> <span class='ocrx_word' id='word_1_580' title='bbox 1620 3747 1688 3802; x_wconf 87' lang='lat' dir='ltr'><strong>quas</strong></span> 
     </span>
     <span class='ocr_line' id='line_1_44' title="bbox 54 3807 1689 3879; baseline 0.004 -19"><span class='ocrx_word' id='word_1_581' title='bbox 54 3807 148 3878; x_wconf 89' lang='lat' dir='ltr'><strong>tiguo)</strong></span> <span class='ocrx_word' id='word_1_582' title='bbox 169 3807 222 3862; x_wconf 89' lang='lat' dir='ltr'><strong>hoc</strong></span> <span class='ocrx_word' id='word_1_583' title='bbox 243 3808 303 3863; x_wconf 83' lang='lat' dir='ltr'><strong>fieri</strong></span> <span class='ocrx_word' id='word_1_584' title='bbox 322 3816 420 3879; x_wconf 88' lang='lat' dir='ltr'><strong>potest.</strong></span> <span class='ocrx_word' id='word_1_585' title='bbox 460 3810 536 3864; x_wconf 91' lang='lat' dir='ltr'><strong>Nam</strong></span> <span class='ocrx_word' id='word_1_586' title='bbox 549 3810 616 3864; x_wconf 90' lang='lat' dir='ltr'><strong>satis</strong></span> <span class='ocrx_word' id='word_1_587' title='bbox 629 3817 742 3875; x_wconf 88' lang='lat' dir='ltr'><strong>constat,</strong></span> <span class='ocrx_word' id='word_1_588' title='bbox 756 3826 807 3865; x_wconf 90' lang='lat' dir='ltr'><strong>uec</strong></span> <span class='ocrx_word' id='word_1_589' title='bbox 826 3811 857 3865; x_wconf 91' lang='lat' dir='ltr'><strong>in</strong></span> <span class='ocrx_word' id='word_1_590' title='bbox 893 3824 959 3862; x_wconf 83' lang='lat' dir='ltr'><strong>mox</strong></span> <span class='ocrx_word' id='word_1_591' title='bbox 973 3824 1154 3878; x_wconf 87' lang='lat' dir='ltr'><strong>proponemus</strong></span> <span class='ocrx_word' id='word_1_592' title='bbox 1167 3810 1201 3862; x_wconf 93' lang='lat' dir='ltr'><strong>de</strong></span> <span class='ocrx_word' id='word_1_593' title='bbox 1214 3809 1365 3864; x_wconf 91' lang='lat' dir='ltr'><strong>substantia</strong></span> <span class='ocrx_word' id='word_1_594' title='bbox 1379 3817 1406 3864; x_wconf 92' lang='lat' dir='ltr'><strong>et</strong></span> <span class='ocrx_word' id='word_1_595' title='bbox 1425 3819 1558 3865; x_wconf 88' lang='lat' dir='ltr'><strong>astrorum</strong></span> <span class='ocrx_word' id='word_1_596' title='bbox 1577 3817 1606 3865; x_wconf 90' lang='lat' dir='ltr'><strong>et</strong></span> <span class='ocrx_word' id='word_1_597' title='bbox 1625 3810 1689 3867; x_wconf 80' lang='lat' dir='ltr'><strong>cmii</strong></span> 
     </span>
     <span class='ocr_line' id='line_1_45' title="bbox 54 3886 1688 3961; baseline 0.003 -20"><span class='ocrx_word' id='word_1_598' title='bbox 54 3887 127 3941; x_wconf 86' lang='lat' dir='ltr'><strong>mari</strong></span> <span class='ocrx_word' id='word_1_599' title='bbox 139 3886 204 3957; x_wconf 89' lang='lat' dir='ltr'><strong>ipso</strong></span> <span class='ocrx_word' id='word_1_600' title='bbox 216 3905 315 3960; x_wconf 86' lang='lat' dir='ltr'><strong>squam</strong></span> <span class='ocrx_word' id='word_1_601' title='bbox 325 3888 355 3942; x_wconf 93' lang='lat' dir='ltr'><strong>in</strong></span> <span class='ocrx_word' id='word_1_602' title='bbox 364 3904 472 3944; x_wconf 89' lang='lat' dir='ltr'><strong>summo</strong></span> <span class='ocrx_word' id='word_1_603' title='bbox 481 3896 509 3943; x_wconf 90' lang='lat' dir='ltr'><strong>et</strong></span> <span class='ocrx_word' id='word_1_604' title='bbox 521 3906 621 3961; x_wconf 91' lang='lat' dir='ltr'><strong>squam</strong></span> <span class='ocrx_word' id='word_1_605' title='bbox 631 3889 725 3944; x_wconf 90' lang='lat' dir='ltr'><strong>inimo</strong></span> <span class='ocrx_word' id='word_1_606' title='bbox 734 3889 856 3959; x_wconf 82' lang='lat' dir='ltr'><strong>ejusdem</strong></span> <span class='ocrx_word' id='word_1_607' title='bbox 893 3887 1092 3952; x_wconf 88' lang='lat' dir='ltr'><strong>interstellaris,</strong></span> <span class='ocrx_word' id='word_1_608' title='bbox 1103 3886 1181 3959; x_wconf 89' lang='lat' dir='ltr'><strong>plura</strong></span> <span class='ocrx_word' id='word_1_609' title='bbox 1194 3888 1324 3944; x_wconf 87' lang='lat' dir='ltr'><strong>dicemus.</strong></span> <span class='ocrx_word' id='word_1_610' title='bbox 1365 3890 1434 3945; x_wconf 69' lang='lat' dir='ltr'><strong>Haec</strong></span> <span class='ocrx_word' id='word_1_611' title='bbox 1447 3889 1521 3944; x_wconf 84' lang='lat' dir='ltr'><strong>enim</strong></span> <span class='ocrx_word' id='word_1_612' title='bbox 1541 3906 1603 3961; x_wconf 76' lang='lat' dir='ltr'><strong>qua</strong></span> <span class='ocrx_word' id='word_1_613' title='bbox 1615 3890 1688 3946; x_wconf 85' lang='lat' dir='ltr'><strong>dlxi-</strong></span> 
     </span>
     <span class='ocr_line' id='line_1_46' title="bbox 54 3966 1689 4040; baseline 0.004 -20"><span class='ocrx_word' id='word_1_614' title='bbox 54 3981 116 4021; x_wconf 87' lang='lat' dir='ltr'><strong>csse</strong></span> <span class='ocrx_word' id='word_1_615' title='bbox 144 3968 328 4022; x_wconf 76' lang='lat' dir='ltr'><strong>consistentia</strong></span> <span class='ocrx_word' id='word_1_616' title='bbox 356 3974 384 4023; x_wconf 91' lang='lat' dir='ltr'><strong>et</strong></span> <span class='ocrx_word' id='word_1_617' title='bbox 410 3968 532 4039; x_wconf 72' lang='lat' dir='ltr'><strong>saporisr</strong></span> <span class='ocrx_word' id='word_1_618' title='bbox 554 3969 584 4024; x_wconf 90' lang='lat' dir='ltr'><strong>in</strong></span> <span class='ocrx_word' id='word_1_619' title='bbox 607 3968 672 4024; x_wconf 69' lang='lat' dir='ltr'><strong>aera</strong></span> <span class='ocrx_word' id='word_1_620' title='bbox 691 3986 764 4034; x_wconf 83' lang='lat' dir='ltr'><strong>vero,</strong></span> <span class='ocrx_word' id='word_1_621' title='bbox 784 3970 856 4024; x_wconf 90' lang='lat' dir='ltr'><strong>iuter</strong></span> <span class='ocrx_word' id='word_1_622' title='bbox 893 3983 962 4030; x_wconf 83' lang='lat' dir='ltr'><strong>mus,</strong></span> <span class='ocrx_word' id='word_1_623' title='bbox 976 3966 1227 4037; x_wconf 88' lang='lat' dir='ltr'><strong>pertinenttantum</strong></span> <span class='ocrx_word' id='word_1_624' title='bbox 1241 3968 1276 4023; x_wconf 90' lang='lat' dir='ltr'><strong>ad</strong></span> <span class='ocrx_word' id='word_1_625' title='bbox 1292 3969 1456 4039; x_wconf 75' lang='lat' dir='ltr'><strong>questiones</strong></span> <span class='ocrx_word' id='word_1_626' title='bbox 1469 3969 1503 4024; x_wconf 89' lang='lat' dir='ltr'><strong>dc</strong></span> <span class='ocrx_word' id='word_1_627' title='bbox 1516 3986 1589 4024; x_wconf 85' lang='lat' dir='ltr'><strong>nexu</strong></span> <span class='ocrx_word' id='word_1_628' title='bbox 1603 3978 1689 4040; x_wconf 87' lang='lat' dir='ltr'><strong>syste-</strong></span> 
     </span>
     <span class='ocr_line' id='line_1_47' title="bbox 54 4043 1688 4120; baseline 0.002 -19"><span class='ocrx_word' id='word_1_629' title='bbox 54 4044 151 4101; x_wconf 68' lang='lat' dir='ltr'><strong>serem</strong></span> <span class='ocrx_word' id='word_1_630' title='bbox 165 4052 244 4100; x_wconf 74' lang='lat' dir='ltr'><strong>terras</strong></span> <span class='ocrx_word' id='word_1_631' title='bbox 257 4046 463 4112; x_wconf 88' lang='lat' dir='ltr'><strong>conterminum,</strong></span> <span class='ocrx_word' id='word_1_632' title='bbox 478 4055 506 4103; x_wconf 92' lang='lat' dir='ltr'><strong>et</strong></span> <span class='ocrx_word' id='word_1_633' title='bbox 514 4048 605 4104; x_wconf 78' lang='lat' dir='ltr'><strong>siirem</strong></span> <span class='ocrx_word' id='word_1_634' title='bbox 616 4050 784 4119; x_wconf 89' lang='lat' dir='ltr'><strong>superiorem</strong></span> <span class='ocrx_word' id='word_1_635' title='bbox 798 4049 857 4120; x_wconf 91' lang='lat' dir='ltr'><strong>plu·</strong></span> <span class='ocrx_word' id='word_1_636' title='bbox 894 4047 984 4102; x_wconf 87' lang='lat' dir='ltr'><strong>matis.</strong></span> <span class='ocrx_word' id='word_1_637' title='bbox 1035 4043 1164 4118; x_wconf 83' lang='lat' dir='ltr'><strong>Superest</strong></span> <span class='ocrx_word' id='word_1_638' title='bbox 1190 4047 1286 4119; x_wconf 90' lang='lat' dir='ltr'><strong>quinta</strong></span> <span class='ocrx_word' id='word_1_639' title='bbox 1309 4049 1424 4119; x_wconf 52' lang='lat' dir='ltr'><strong>quatio</strong></span> <span class='ocrx_word' id='word_1_640' title='bbox 1446 4048 1481 4102; x_wconf 94' lang='lat' dir='ltr'><strong>de</strong></span> <span class='ocrx_word' id='word_1_641' title='bbox 1507 4047 1688 4105; x_wconf 88' lang='lat' dir='ltr'><strong>collocatione</strong></span> 
     </span>
     <span class='ocr_line' id='line_1_48' title="bbox 55 4125 1688 4202; baseline 0.004 -24"><span class='ocrx_word' id='word_1_642' title='bbox 55 4125 158 4180; x_wconf 92' lang='lat' dir='ltr'><strong>rimnm</strong></span> <span class='ocrx_word' id='word_1_643' title='bbox 171 4125 294 4191; x_wconf 90' lang='lat' dir='ltr'><strong>interest,</strong></span> <span class='ocrx_word' id='word_1_644' title='bbox 308 4134 336 4180; x_wconf 92' lang='lat' dir='ltr'><strong>et</strong></span> <span class='ocrx_word' id='word_1_645' title='bbox 349 4133 441 4182; x_wconf 89' lang='lat' dir='ltr'><strong>tamen</strong></span> <span class='ocrx_word' id='word_1_646' title='bbox 453 4144 524 4182; x_wconf 90' lang='lat' dir='ltr'><strong>nnus</strong></span> <span class='ocrx_word' id='word_1_647' title='bbox 536 4134 565 4181; x_wconf 91' lang='lat' dir='ltr'><strong>et</strong></span> <span class='ocrx_word' id='word_1_648' title='bbox 577 4128 685 4199; x_wconf 90' lang='lat' dir='ltr'><strong>integer</strong></span> <span class='ocrx_word' id='word_1_649' title='bbox 698 4137 742 4183; x_wconf 90' lang='lat' dir='ltr'><strong>est</strong></span> <span class='ocrx_word' id='word_1_650' title='bbox 754 4135 784 4183; x_wconf 93' lang='lat' dir='ltr'><strong>et</strong></span> <span class='ocrx_word' id='word_1_651' title='bbox 798 4145 857 4199; x_wconf 92' lang='lat' dir='ltr'><strong>per·</strong></span> <span class='ocrx_word' id='word_1_652' title='bbox 895 4125 1014 4196; x_wconf 90' lang='lat' dir='ltr'><strong>partium</strong></span> <span class='ocrx_word' id='word_1_653' title='bbox 1027 4126 1189 4196; x_wconf 89' lang='lat' dir='ltr'><strong>systematis,</strong></span> <span class='ocrx_word' id='word_1_654' title='bbox 1204 4127 1261 4181; x_wconf 86' lang='lat' dir='ltr'><strong>sire</strong></span> <span class='ocrx_word' id='word_1_655' title='bbox 1275 4127 1308 4181; x_wconf 92' lang='lat' dir='ltr'><strong>de</strong></span> <span class='ocrx_word' id='word_1_656' title='bbox 1323 4127 1416 4182; x_wconf 90' lang='lat' dir='ltr'><strong>ordine</strong></span> <span class='ocrx_word' id='word_1_657' title='bbox 1430 4127 1569 4182; x_wconf 86' lang='lat' dir='ltr'><strong>coelomm.</strong></span> <span class='ocrx_word' id='word_1_658' title='bbox 1599 4129 1688 4202; x_wconf 79' lang='lat' dir='ltr'><strong>Atque</strong></span> 
     </span>
     <span class='ocr_line' id='line_1_49' title="bbox 55 4205 1690 4279; baseline 0.003 -21"><span class='ocrx_word' id='word_1_659' title='bbox 55 4211 156 4274; x_wconf 88' lang='lat' dir='ltr'><strong>petuus</strong></span> <span class='ocrx_word' id='word_1_660' title='bbox 183 4205 261 4260; x_wconf 85' lang='lat' dir='ltr'><strong>fluor.</strong></span> <span class='ocrx_word' id='word_1_661' title='bbox 303 4205 399 4278; x_wconf 90' lang='lat' dir='ltr'><strong>ltaque</strong></span> <span class='ocrx_word' id='word_1_662' title='bbox 427 4206 567 4262; x_wconf 90' lang='lat' dir='ltr'><strong>deducitur</strong></span> <span class='ocrx_word' id='word_1_663' title='bbox 593 4208 707 4279; x_wconf 76' lang='lat' dir='ltr'><strong>quaestio</strong></span> <span class='ocrx_word' id='word_1_664' title='bbox 734 4207 770 4262; x_wconf 89' lang='lat' dir='ltr'><strong>sd</strong></span> <span class='ocrx_word' id='word_1_665' title='bbox 794 4208 855 4272; x_wconf 90' lang='lat' dir='ltr'><strong>hoc,</strong></span> <span class='ocrx_word' id='word_1_666' title='bbox 894 4207 959 4260; x_wconf 88' lang='lat' dir='ltr'><strong>dato</strong></span> <span class='ocrx_word' id='word_1_667' title='bbox 972 4206 1044 4277; x_wconf 92' lang='lat' dir='ltr'><strong>quod</strong></span> <span class='ocrx_word' id='word_1_668' title='bbox 1054 4221 1109 4259; x_wconf 89' lang='lat' dir='ltr'><strong>non</strong></span> <span class='ocrx_word' id='word_1_669' title='bbox 1123 4205 1160 4260; x_wconf 91' lang='lat' dir='ltr'><strong>sit</strong></span> <span class='ocrx_word' id='word_1_670' title='bbox 1172 4213 1300 4274; x_wconf 90' lang='lat' dir='ltr'><strong>systema,</strong></span> <span class='ocrx_word' id='word_1_671' title='bbox 1314 4206 1535 4278; x_wconf 85' lang='lat' dir='ltr'><strong>sedsparguntur</strong></span> <span class='ocrx_word' id='word_1_672' title='bbox 1548 4207 1632 4279; x_wconf 90' lang='lat' dir='ltr'><strong>globi,</strong></span> <span class='ocrx_word' id='word_1_673' title='bbox 1642 4217 1690 4264; x_wconf 90' lang='lat' dir='ltr'><strong>sut</strong></span> 
     </span>
     <span class='ocr_line' id='line_1_50' title="bbox 56 4284 1689 4357; baseline 0.003 -19"><span class='ocrx_word' id='word_1_674' title='bbox 56 4293 150 4338; x_wconf 90' lang='lat' dir='ltr'><strong>utrum</strong></span> <span class='ocrx_word' id='word_1_675' title='bbox 163 4284 324 4340; x_wconf 78' lang='lat' dir='ltr'><strong>differentiae</strong></span> <span class='ocrx_word' id='word_1_676' title='bbox 337 4285 367 4340; x_wconf 91' lang='lat' dir='ltr'><strong>iu</strong></span> <span class='ocrx_word' id='word_1_677' title='bbox 381 4292 467 4341; x_wconf 89' lang='lat' dir='ltr'><strong>tractu</strong></span> <span class='ocrx_word' id='word_1_678' title='bbox 478 4286 590 4341; x_wconf 74' lang='lat' dir='ltr'><strong>aetheris</strong></span> <span class='ocrx_word' id='word_1_679' title='bbox 604 4286 664 4357; x_wconf 90' lang='lat' dir='ltr'><strong>puri</strong></span> <span class='ocrx_word' id='word_1_680' title='bbox 678 4302 708 4341; x_wconf 89' lang='lat' dir='ltr'><strong>se</strong></span> <span class='ocrx_word' id='word_1_681' title='bbox 718 4285 857 4344; x_wconf 86' lang='lat' dir='ltr'><strong>insinuent</strong></span> <span class='ocrx_word' id='word_1_682' title='bbox 894 4286 959 4339; x_wconf 92' lang='lat' dir='ltr'><strong>dato</strong></span> <span class='ocrx_word' id='word_1_683' title='bbox 979 4285 1053 4357; x_wconf 91' lang='lat' dir='ltr'><strong>quod</strong></span> <span class='ocrx_word' id='word_1_684' title='bbox 1071 4286 1108 4340; x_wconf 91' lang='lat' dir='ltr'><strong>sit</strong></span> <span class='ocrx_word' id='word_1_685' title='bbox 1127 4293 1253 4354; x_wconf 87' lang='lat' dir='ltr'><strong>systema,</strong></span> <span class='ocrx_word' id='word_1_686' title='bbox 1267 4286 1344 4354; x_wconf 91' lang='lat' dir='ltr'><strong>cujus</strong></span> <span class='ocrx_word' id='word_1_687' title='bbox 1360 4286 1397 4340; x_wconf 91' lang='lat' dir='ltr'><strong>sit</strong></span> <span class='ocrx_word' id='word_1_688' title='bbox 1415 4294 1539 4341; x_wconf 89' lang='lat' dir='ltr'><strong>centrum</strong></span> <span class='ocrx_word' id='word_1_689' title='bbox 1561 4287 1620 4353; x_wconf 87' lang='lat' dir='ltr'><strong>sol;</strong></span> <span class='ocrx_word' id='word_1_690' title='bbox 1642 4296 1689 4345; x_wconf 91' lang='lat' dir='ltr'><strong>aut</strong></span> 
     </span>
     <span class='ocr_line' id='line_1_51' title="bbox 55 4363 1687 4437; baseline 0.003 -20"><span class='ocrx_word' id='word_1_691' title='bbox 55 4363 196 4434; x_wconf 77' lang='lat' dir='ltr'><strong>gradatim</strong></span> <span class='ocrx_word' id='word_1_692' title='bbox 209 4372 238 4418; x_wconf 88' lang='lat' dir='ltr'><strong>et</strong></span> <span class='ocrx_word' id='word_1_693' title='bbox 249 4364 325 4419; x_wconf 84' lang='lat' dir='ltr'><strong>fluxu</strong></span> <span class='ocrx_word' id='word_1_694' title='bbox 338 4365 455 4437; x_wconf 87' lang='lat' dir='ltr'><strong>quodam</strong></span> <span class='ocrx_word' id='word_1_695' title='bbox 468 4366 611 4431; x_wconf 62' lang='lat' dir='ltr'><strong>conanum</strong></span> <span class='ocrx_word' id='word_1_696' title='bbox 636 4381 672 4419; x_wconf 91' lang='lat' dir='ltr'><strong>sn</strong></span> <span class='ocrx_word' id='word_1_697' title='bbox 690 4367 856 4422; x_wconf 89' lang='lat' dir='ltr'><strong>constituan-</strong></span> <span class='ocrx_word' id='word_1_698' title='bbox 894 4365 1002 4419; x_wconf 89' lang='lat' dir='ltr'><strong>etiamsi</strong></span> <span class='ocrx_word' id='word_1_699' title='bbox 1014 4365 1125 4419; x_wconf 84' lang='lat' dir='ltr'><strong>rideant</strong></span> <span class='ocrx_word' id='word_1_700' title='bbox 1137 4365 1283 4419; x_wconf 88' lang='lat' dir='ltr'><strong>astronomi</strong></span> <span class='ocrx_word' id='word_1_701' title='bbox 1298 4365 1332 4419; x_wconf 93' lang='lat' dir='ltr'><strong>de</strong></span> <span class='ocrx_word' id='word_1_702' title='bbox 1342 4365 1434 4437; x_wconf 90' lang='lat' dir='ltr'><strong>aliquo</strong></span> <span class='ocrx_word' id='word_1_703' title='bbox 1446 4382 1518 4421; x_wconf 87' lang='lat' dir='ltr'><strong>noro</strong></span> <span class='ocrx_word' id='word_1_704' title='bbox 1531 4375 1687 4437; x_wconf 88' lang='lat' dir='ltr'><strong>systemate,</strong></span> 
     </span>
     <span class='ocr_line' id='line_1_52' title="bbox 55 4442 1689 4517; baseline 0.006 -23"><span class='ocrx_word' id='word_1_705' title='bbox 55 4451 100 4495; x_wconf 90' lang='lat' dir='ltr'><strong>tur</strong></span> <span class='ocrx_word' id='word_1_706' title='bbox 120 4450 149 4496; x_wconf 83' lang='lat' dir='ltr'><strong>ct</strong></span> <span class='ocrx_word' id='word_1_707' title='bbox 170 4442 367 4498; x_wconf 87' lang='lat' dir='ltr'><strong>distribuantur</strong></span> <span class='ocrx_word' id='word_1_708' title='bbox 386 4444 421 4499; x_wconf 92' lang='lat' dir='ltr'><strong>sd</strong></span> <span class='ocrx_word' id='word_1_709' title='bbox 441 4452 530 4499; x_wconf 86' lang='lat' dir='ltr'><strong>certos</strong></span> <span class='ocrx_word' id='word_1_710' title='bbox 543 4452 573 4498; x_wconf 90' lang='lat' dir='ltr'><strong>et</strong></span> <span class='ocrx_word' id='word_1_711' title='bbox 591 4444 726 4500; x_wconf 88' lang='lat' dir='ltr'><strong>notabiles</strong></span> <span class='ocrx_word' id='word_1_712' title='bbox 746 4444 856 4513; x_wconf 89' lang='lat' dir='ltr'><strong>limites,</strong></span> <span class='ocrx_word' id='word_1_713' title='bbox 894 4450 985 4499; x_wconf 90' lang='lat' dir='ltr'><strong>tamen</strong></span> <span class='ocrx_word' id='word_1_714' title='bbox 995 4453 1087 4498; x_wconf 86' lang='lat' dir='ltr'><strong>manet</strong></span> <span class='ocrx_word' id='word_1_715' title='bbox 1097 4444 1190 4514; x_wconf 88' lang='lat' dir='ltr'><strong>utique</strong></span> <span class='ocrx_word' id='word_1_716' title='bbox 1202 4444 1352 4515; x_wconf 88' lang='lat' dir='ltr'><strong>inquisitio,</strong></span> <span class='ocrx_word' id='word_1_717' title='bbox 1368 4445 1415 4517; x_wconf 91' lang='lat' dir='ltr'><strong>qui</strong></span> <span class='ocrx_word' id='word_1_718' title='bbox 1434 4445 1543 4517; x_wconf 85' lang='lat' dir='ltr'><strong>planeta</strong></span> <span class='ocrx_word' id='word_1_719' title='bbox 1556 4447 1592 4501; x_wconf 88' lang='lat' dir='ltr'><strong>ad</strong></span> <span class='ocrx_word' id='word_1_720' title='bbox 1605 4447 1689 4503; x_wconf 89' lang='lat' dir='ltr'><strong>alium</strong></span> 
     </span>
     <span class='ocr_line' id='line_1_53' title="bbox 54 4520 1690 4596; baseline 0.004 -19"><span class='ocrx_word' id='word_1_721' title='bbox 54 4520 856 4596; x_wconf 78' lang='lat' dir='ltr'><strong>ubicorporaconJuuguntur,quaenonsiutcommiscibilia,</strong></span> <span class='ocrx_word' id='word_1_722' title='bbox 894 4523 1032 4594; x_wconf 87' lang='lat' dir='ltr'><strong>planetam</strong></span> <span class='ocrx_word' id='word_1_723' title='bbox 1057 4524 1094 4578; x_wconf 92' lang='lat' dir='ltr'><strong>sit</strong></span> <span class='ocrx_word' id='word_1_724' title='bbox 1119 4524 1208 4594; x_wconf 90' lang='lat' dir='ltr'><strong>magis</strong></span> <span class='ocrx_word' id='word_1_725' title='bbox 1234 4524 1402 4596; x_wconf 86' lang='lat' dir='ltr'><strong>propinquus</strong></span> <span class='ocrx_word' id='word_1_726' title='bbox 1428 4532 1476 4580; x_wconf 87' lang='lat' dir='ltr'><strong>sut</strong></span> <span class='ocrx_word' id='word_1_727' title='bbox 1502 4534 1635 4592; x_wconf 70' lang='lat' dir='ltr'><strong>remotusr</strong></span> <span class='ocrx_word' id='word_1_728' title='bbox 1661 4534 1690 4583; x_wconf 91' lang='lat' dir='ltr'><strong>et</strong></span> 
     </span>
     <span class='ocr_line' id='line_1_54' title="bbox 56 4601 1689 4677; baseline 0.004 -21"><span class='ocrx_word' id='word_1_729' title='bbox 56 4602 287 4672; x_wconf 86' lang='lat' dir='ltr'><strong>quemadmodum</strong></span> <span class='ocrx_word' id='word_1_730' title='bbox 301 4603 373 4674; x_wconf 86' lang='lat' dir='ltr'><strong>apud</strong></span> <span class='ocrx_word' id='word_1_731' title='bbox 385 4619 435 4658; x_wconf 88' lang='lat' dir='ltr'><strong>uos</strong></span> <span class='ocrx_word' id='word_1_732' title='bbox 448 4603 731 4675; x_wconf 73' lang='lat' dir='ltr'><strong>serincombitaqura.</strong></span> <span class='ocrx_word' id='word_1_733' title='bbox 761 4603 856 4660; x_wconf 81' lang='lat' dir='ltr'><strong>Enim·</strong></span> <span class='ocrx_word' id='word_1_734' title='bbox 895 4602 1020 4658; x_wconf 88' lang='lat' dir='ltr'><strong>similiter</strong></span> <span class='ocrx_word' id='word_1_735' title='bbox 1032 4603 1079 4676; x_wconf 93' lang='lat' dir='ltr'><strong>qui</strong></span> <span class='ocrx_word' id='word_1_736' title='bbox 1101 4601 1212 4675; x_wconf 88' lang='lat' dir='ltr'><strong>planeta</strong></span> <span class='ocrx_word' id='word_1_737' title='bbox 1232 4604 1320 4674; x_wconf 87' lang='lat' dir='ltr'><strong>magis</strong></span> <span class='ocrx_word' id='word_1_738' title='bbox 1340 4611 1389 4659; x_wconf 91' lang='lat' dir='ltr'><strong>aut</strong></span> <span class='ocrx_word' id='word_1_739' title='bbox 1408 4605 1498 4660; x_wconf 90' lang='lat' dir='ltr'><strong>miuus</strong></span> <span class='ocrx_word' id='word_1_740' title='bbox 1516 4605 1689 4677; x_wconf 85' lang='lat' dir='ltr'><strong>elongeturo</strong></span> 
     </span>
     <span class='ocr_line' id='line_1_55' title="bbox 55 4681 1690 4756; baseline 0.005 -23"><span class='ocrx_word' id='word_1_741' title='bbox 55 4697 122 4734; x_wconf 82' lang='lat' dir='ltr'><strong>sero</strong></span> <span class='ocrx_word' id='word_1_742' title='bbox 148 4681 302 4752; x_wconf 85' lang='lat' dir='ltr'><strong>simplicius</strong></span> <span class='ocrx_word' id='word_1_743' title='bbox 327 4683 522 4754; x_wconf 86' lang='lat' dir='ltr'><strong>contemplanti</strong></span> <span class='ocrx_word' id='word_1_744' title='bbox 545 4683 652 4739; x_wconf 86' lang='lat' dir='ltr'><strong>videtur</strong></span> <span class='ocrx_word' id='word_1_745' title='bbox 675 4690 761 4738; x_wconf 87' lang='lat' dir='ltr'><strong>totum</strong></span> <span class='ocrx_word' id='word_1_746' title='bbox 784 4682 857 4739; x_wconf 90' lang='lat' dir='ltr'><strong>istud</strong></span> <span class='ocrx_word' id='word_1_747' title='bbox 895 4691 1029 4739; x_wconf 79' lang='lat' dir='ltr'><strong>temasot</strong></span> <span class='ocrx_word' id='word_1_748' title='bbox 1042 4683 1126 4737; x_wconf 89' lang='lat' dir='ltr'><strong>etiam</strong></span> <span class='ocrx_word' id='word_1_749' title='bbox 1140 4682 1234 4738; x_wconf 84' lang='lat' dir='ltr'><strong>ssole.</strong></span> <span class='ocrx_word' id='word_1_750' title='bbox 1274 4683 1393 4744; x_wconf 90' lang='lat' dir='ltr'><strong>Quodsi</strong></span> <span class='ocrx_word' id='word_1_751' title='bbox 1410 4685 1557 4756; x_wconf 89' lang='lat' dir='ltr'><strong>recipiatur</strong></span> <span class='ocrx_word' id='word_1_752' title='bbox 1570 4694 1690 4755; x_wconf 88' lang='lat' dir='ltr'><strong>systema</strong></span> 
     </span>
     <span class='ocr_line' id='line_1_56' title="bbox 55 4760 1689 4835; baseline 0.004 -21"><span class='ocrx_word' id='word_1_753' title='bbox 55 4775 157 4830; x_wconf 86' lang='lat' dir='ltr'><strong>purum</strong></span> <span class='ocrx_word' id='word_1_754' title='bbox 179 4769 207 4815; x_wconf 91' lang='lat' dir='ltr'><strong>et</strong></span> <span class='ocrx_word' id='word_1_755' title='bbox 228 4761 362 4833; x_wconf 89' lang='lat' dir='ltr'><strong>liquidum</strong></span> <span class='ocrx_word' id='word_1_756' title='bbox 382 4778 489 4833; x_wconf 90' lang='lat' dir='ltr'><strong>corpus,</strong></span> <span class='ocrx_word' id='word_1_757' title='bbox 506 4763 536 4817; x_wconf 88' lang='lat' dir='ltr'><strong>in</strong></span> <span class='ocrx_word' id='word_1_758' title='bbox 561 4779 615 4834; x_wconf 91' lang='lat' dir='ltr'><strong>quo</strong></span> <span class='ocrx_word' id='word_1_759' title='bbox 634 4760 709 4835; x_wconf 91' lang='lat' dir='ltr'><strong>globi</strong></span> <span class='ocrx_word' id='word_1_760' title='bbox 730 4770 810 4819; x_wconf 76' lang='lat' dir='ltr'><strong>terrm</strong></span> <span class='ocrx_word' id='word_1_761' title='bbox 829 4771 857 4818; x_wconf 91' lang='lat' dir='ltr'><strong>et</strong></span> <span class='ocrx_word' id='word_1_762' title='bbox 895 4772 1088 4827; x_wconf 79' lang='lat' dir='ltr'><strong>veterum‚noo</strong></span> <span class='ocrx_word' id='word_1_763' title='bbox 1096 4760 1202 4816; x_wconf 87' lang='lat' dir='ltr'><strong>ridetur</strong></span> <span class='ocrx_word' id='word_1_764' title='bbox 1214 4778 1354 4818; x_wconf 89' lang='lat' dir='ltr'><strong>causacur</strong></span> <span class='ocrx_word' id='word_1_765' title='bbox 1367 4780 1533 4835; x_wconf 88' lang='lat' dir='ltr'><strong>magnopere</strong></span> <span class='ocrx_word' id='word_1_766' title='bbox 1546 4765 1689 4820; x_wconf 91' lang='lat' dir='ltr'><strong>insistatur</strong></span> 
     </span>
     <span class='ocr_line' id='line_1_57' title="bbox 55 4841 1687 4915; baseline 0.004 -23"><span class='ocrx_word' id='word_1_767' title='bbox 55 4848 203 4903; x_wconf 80' lang='lat' dir='ltr'><strong>astrorum,</strong></span> <span class='ocrx_word' id='word_1_768' title='bbox 222 4849 352 4912; x_wconf 85' lang='lat' dir='ltr'><strong>tanquam</strong></span> <span class='ocrx_word' id='word_1_769' title='bbox 365 4842 395 4895; x_wconf 92' lang='lat' dir='ltr'><strong>in</strong></span> <span class='ocrx_word' id='word_1_770' title='bbox 407 4841 564 4896; x_wconf 73' lang='lat' dir='ltr'><strong>easdssimo</strong></span> <span class='ocrx_word' id='word_1_771' title='bbox 576 4842 683 4913; x_wconf 80' lang='lat' dir='ltr'><strong>pelago,</strong></span> <span class='ocrx_word' id='word_1_772' title='bbox 695 4842 815 4912; x_wconf 88' lang='lat' dir='ltr'><strong>pendent</strong></span> <span class='ocrx_word' id='word_1_773' title='bbox 827 4850 857 4897; x_wconf 94' lang='lat' dir='ltr'><strong>et</strong></span> <span class='ocrx_word' id='word_1_774' title='bbox 894 4842 1064 4913; x_wconf 89' lang='lat' dir='ltr'><strong>inquisitioni</strong></span> <span class='ocrx_word' id='word_1_775' title='bbox 1090 4858 1168 4897; x_wconf 83' lang='lat' dir='ltr'><strong>noras</strong></span> <span class='ocrx_word' id='word_1_776' title='bbox 1194 4842 1228 4897; x_wconf 92' lang='lat' dir='ltr'><strong>de</strong></span> <span class='ocrx_word' id='word_1_777' title='bbox 1256 4851 1371 4913; x_wconf 89' lang='lat' dir='ltr'><strong>quatuor</strong></span> <span class='ocrx_word' id='word_1_778' title='bbox 1396 4843 1473 4899; x_wconf 84' lang='lat' dir='ltr'><strong>coelis</strong></span> <span class='ocrx_word' id='word_1_779' title='bbox 1496 4844 1687 4915; x_wconf 86' lang='lat' dir='ltr'><strong>superioribus,</strong></span> 
     </span>
     <span class='ocr_line' id='line_1_58' title="bbox 54 4920 1686 4993; baseline 0.003 -19"><span class='ocrx_word' id='word_1_780' title='bbox 54 4925 161 4984; x_wconf 75' lang='lat' dir='ltr'><strong>munt,</strong></span> <span class='ocrx_word' id='word_1_781' title='bbox 170 4920 296 4992; x_wconf 89' lang='lat' dir='ltr'><strong>quodque</strong></span> <span class='ocrx_word' id='word_1_782' title='bbox 309 4920 502 4990; x_wconf 77' lang='lat' dir='ltr'><strong>interiunctum</strong></span> <span class='ocrx_word' id='word_1_783' title='bbox 515 4921 572 4976; x_wconf 92' lang='lat' dir='ltr'><strong>illis</strong></span> <span class='ocrx_word' id='word_1_784' title='bbox 581 4920 671 4993; x_wconf 89' lang='lat' dir='ltr'><strong>globis</strong></span> <span class='ocrx_word' id='word_1_785' title='bbox 681 4930 782 4992; x_wconf 87' lang='lat' dir='ltr'><strong>quanto</strong></span> <span class='ocrx_word' id='word_1_786' title='bbox 794 4923 857 4993; x_wconf 92' lang='lat' dir='ltr'><strong>ipso</strong></span> <span class='ocrx_word' id='word_1_787' title='bbox 895 4921 1035 4977; x_wconf 90' lang='lat' dir='ltr'><strong>stellarum</strong></span> <span class='ocrx_word' id='word_1_788' title='bbox 1052 4922 1169 4977; x_wconf 83' lang='lat' dir='ltr'><strong>fixarum</strong></span> <span class='ocrx_word' id='word_1_789' title='bbox 1181 4920 1293 4987; x_wconf 86' lang='lat' dir='ltr'><strong>scilicet,</strong></span> <span class='ocrx_word' id='word_1_790' title='bbox 1308 4922 1425 4988; x_wconf 84' lang='lat' dir='ltr'><strong>Saturni,</strong></span> <span class='ocrx_word' id='word_1_791' title='bbox 1439 4921 1524 4988; x_wconf 80' lang='lat' dir='ltr'><strong>loris,</strong></span> <span class='ocrx_word' id='word_1_792' title='bbox 1536 4930 1564 4978; x_wconf 88' lang='lat' dir='ltr'><strong>et</strong></span> <span class='ocrx_word' id='word_1_793' title='bbox 1576 4923 1686 4979; x_wconf 87' lang='lat' dir='ltr'><strong>Martis.</strong></span> 
     </span>
     <span class='ocr_line' id='line_1_59' title="bbox 54 4999 1687 5075; baseline 0.004 -23"><span class='ocrx_word' id='word_1_794' title='bbox 54 5006 83 5052; x_wconf 88' lang='lat' dir='ltr'><strong>et</strong></span> <span class='ocrx_word' id='word_1_795' title='bbox 103 5000 204 5068; x_wconf 87' lang='lat' dir='ltr'><strong>spatio,</strong></span> <span class='ocrx_word' id='word_1_796' title='bbox 220 4999 295 5071; x_wconf 90' lang='lat' dir='ltr'><strong>quod</strong></span> <span class='ocrx_word' id='word_1_797' title='bbox 315 5007 437 5071; x_wconf 82' lang='lat' dir='ltr'><strong>occupat,</strong></span> <span class='ocrx_word' id='word_1_798' title='bbox 451 4999 594 5072; x_wconf 91' lang='lat' dir='ltr'><strong>globorum</strong></span> <span class='ocrx_word' id='word_1_799' title='bbox 614 5017 756 5057; x_wconf 90' lang='lat' dir='ltr'><strong>mensuras</strong></span> <span class='ocrx_word' id='word_1_800' title='bbox 778 5001 857 5073; x_wconf 85' lang='lat' dir='ltr'><strong>qussi</strong></span> <span class='ocrx_word' id='word_1_801' title='bbox 896 5002 969 5055; x_wconf 90' lang='lat' dir='ltr'><strong>Nam</strong></span> <span class='ocrx_word' id='word_1_802' title='bbox 983 5002 1017 5055; x_wconf 92' lang='lat' dir='ltr'><strong>de</strong></span> <span class='ocrx_word' id='word_1_803' title='bbox 1030 5017 1124 5057; x_wconf 91' lang='lat' dir='ltr'><strong>eorum</strong></span> <span class='ocrx_word' id='word_1_804' title='bbox 1145 5000 1267 5071; x_wconf 90' lang='lat' dir='ltr'><strong>positura</strong></span> <span class='ocrx_word' id='word_1_805' title='bbox 1279 5011 1361 5075; x_wconf 84' lang='lat' dir='ltr'><strong>atque</strong></span> <span class='ocrx_word' id='word_1_806' title='bbox 1378 5003 1472 5058; x_wconf 91' lang='lat' dir='ltr'><strong>ordine</strong></span> <span class='ocrx_word' id='word_1_807' title='bbox 1490 5011 1517 5057; x_wconf 90' lang='lat' dir='ltr'><strong>et</strong></span> <span class='ocrx_word' id='word_1_808' title='bbox 1536 5001 1687 5058; x_wconf 88' lang='lat' dir='ltr'><strong>seculorum</strong></span> 
     </span>
     <span class='ocr_line' id='line_1_60' title="bbox 54 5076 1688 5154; baseline 0.003 -23"><span class='ocrx_word' id='word_1_809' title='bbox 54 5076 210 5133; x_wconf 78' lang='lat' dir='ltr'><strong>innumeris</strong></span> <span class='ocrx_word' id='word_1_810' title='bbox 232 5079 356 5150; x_wconf 88' lang='lat' dir='ltr'><strong>partibus</strong></span> <span class='ocrx_word' id='word_1_811' title='bbox 379 5087 495 5150; x_wconf 86' lang='lat' dir='ltr'><strong>superat,</strong></span> <span class='ocrx_word' id='word_1_812' title='bbox 518 5096 577 5135; x_wconf 87' lang='lat' dir='ltr'><strong>esse</strong></span> <span class='ocrx_word' id='word_1_813' title='bbox 597 5080 715 5135; x_wconf 82' lang='lat' dir='ltr'><strong>indivisa</strong></span> <span class='ocrx_word' id='word_1_814' title='bbox 733 5081 857 5153; x_wconf 76' lang='lat' dir='ltr'><strong>qondam</strong></span> <span class='ocrx_word' id='word_1_815' title='bbox 895 5096 1042 5136; x_wconf 88' lang='lat' dir='ltr'><strong>consensus</strong></span> <span class='ocrx_word' id='word_1_816' title='bbox 1054 5080 1233 5152; x_wconf 68' lang='lat' dir='ltr'><strong>suffragatum</strong></span> <span class='ocrx_word' id='word_1_817' title='bbox 1254 5097 1306 5136; x_wconf 88' lang='lat' dir='ltr'><strong>uec</strong></span> <span class='ocrx_word' id='word_1_818' title='bbox 1326 5082 1523 5154; x_wconf 75' lang='lat' dir='ltr'><strong>pbmnomeuon</strong></span> <span class='ocrx_word' id='word_1_819' title='bbox 1539 5080 1626 5136; x_wconf 89' lang='lat' dir='ltr'><strong>ullum</strong></span> <span class='ocrx_word' id='word_1_820' title='bbox 1640 5082 1688 5136; x_wconf 92' lang='lat' dir='ltr'><strong>ad·</strong></span> 
     </span>
     <span class='ocr_line' id='line_1_61' title="bbox 53 5159 1689 5234; baseline 0.002 -22"><span class='ocrx_word' id='word_1_821' title='bbox 53 5173 100 5212; x_wconf 86' lang='lat' dir='ltr'><strong>res</strong></span> <span class='ocrx_word' id='word_1_822' title='bbox 127 5164 157 5212; x_wconf 92' lang='lat' dir='ltr'><strong>et</strong></span> <span class='ocrx_word' id='word_1_823' title='bbox 180 5175 286 5213; x_wconf 89' lang='lat' dir='ltr'><strong>somme</strong></span> <span class='ocrx_word' id='word_1_824' title='bbox 305 5160 389 5213; x_wconf 80' lang='lat' dir='ltr'><strong>unita</strong></span> <span class='ocrx_word' id='word_1_825' title='bbox 430 5159 533 5214; x_wconf 90' lang='lat' dir='ltr'><strong>Vemm</strong></span> <span class='ocrx_word' id='word_1_826' title='bbox 552 5166 678 5215; x_wconf 89' lang='lat' dir='ltr'><strong>naturam</strong></span> <span class='ocrx_word' id='word_1_827' title='bbox 699 5159 857 5232; x_wconf 88' lang='lat' dir='ltr'><strong>diligentius</strong></span> <span class='ocrx_word' id='word_1_828' title='bbox 895 5167 1032 5224; x_wconf 63' lang='lat' dir='ltr'><strong>versatum</strong></span> <span class='ocrx_word' id='word_1_829' title='bbox 1054 5170 1136 5231; x_wconf 88' lang='lat' dir='ltr'><strong>atque</strong></span> <span class='ocrx_word' id='word_1_830' title='bbox 1157 5160 1275 5216; x_wconf 88' lang='lat' dir='ltr'><strong>rationes</strong></span> <span class='ocrx_word' id='word_1_831' title='bbox 1294 5169 1416 5216; x_wconf 89' lang='lat' dir='ltr'><strong>motuum</strong></span> <span class='ocrx_word' id='word_1_832' title='bbox 1430 5162 1513 5234; x_wconf 88' lang='lat' dir='ltr'><strong>(uode</strong></span> <span class='ocrx_word' id='word_1_833' title='bbox 1526 5162 1642 5216; x_wconf 91' lang='lat' dir='ltr'><strong>sumitur</strong></span> <span class='ocrx_word' id='word_1_834' title='bbox 1653 5161 1689 5217; x_wconf 89' lang='lat' dir='ltr'><strong>de</strong></span> 
     </span>
     <span class='ocr_line' id='line_1_62' title="bbox 53 5235 1689 5312; baseline 0.004 -21"><span class='ocrx_word' id='word_1_835' title='bbox 53 5235 173 5292; x_wconf 83' lang='lat' dir='ltr'><strong>intuenti</strong></span> <span class='ocrx_word' id='word_1_836' title='bbox 187 5235 255 5292; x_wconf 88' lang='lat' dir='ltr'><strong>illud</strong></span> <span class='ocrx_word' id='word_1_837' title='bbox 272 5237 353 5307; x_wconf 81' lang='lat' dir='ltr'><strong>plane</strong></span> <span class='ocrx_word' id='word_1_838' title='bbox 366 5239 508 5303; x_wconf 87' lang='lat' dir='ltr'><strong>constabit,</strong></span> <span class='ocrx_word' id='word_1_839' title='bbox 521 5255 667 5295; x_wconf 90' lang='lat' dir='ltr'><strong>consuesse</strong></span> <span class='ocrx_word' id='word_1_840' title='bbox 685 5247 808 5295; x_wconf 89' lang='lat' dir='ltr'><strong>usturam</strong></span> <span class='ocrx_word' id='word_1_841' title='bbox 822 5239 857 5294; x_wconf 91' lang='lat' dir='ltr'><strong>ad</strong></span> <span class='ocrx_word' id='word_1_842' title='bbox 896 5238 1082 5294; x_wconf 86' lang='lat' dir='ltr'><strong>altitudinibus</strong></span> <span class='ocrx_word' id='word_1_843' title='bbox 1109 5239 1238 5294; x_wconf 75' lang='lat' dir='ltr'><strong>culorum</strong></span> <span class='ocrx_word' id='word_1_844' title='bbox 1264 5241 1404 5311; x_wconf 80' lang='lat' dir='ltr'><strong>praecipua</strong></span> <span class='ocrx_word' id='word_1_845' title='bbox 1425 5240 1562 5312; x_wconf 85' lang='lat' dir='ltr'><strong>probatio)</strong></span> <span class='ocrx_word' id='word_1_846' title='bbox 1584 5258 1689 5297; x_wconf 87' lang='lat' dir='ltr'><strong>accom-</strong></span> 
     </span>
     <span class='ocr_line' id='line_1_63' title="bbox 54 5316 1687 5392; baseline 0.003 -22"><span class='ocrx_word' id='word_1_847' title='bbox 54 5316 150 5387; x_wconf 78' lang='lat' dir='ltr'><strong>spstis</strong></span> <span class='ocrx_word' id='word_1_848' title='bbox 162 5316 295 5371; x_wconf 84' lang='lat' dir='ltr'><strong>nonnulla</strong></span> <span class='ocrx_word' id='word_1_849' title='bbox 308 5333 357 5386; x_wconf 90' lang='lat' dir='ltr'><strong>per</strong></span> <span class='ocrx_word' id='word_1_850' title='bbox 370 5318 478 5389; x_wconf 91' lang='lat' dir='ltr'><strong>gradus,</strong></span> <span class='ocrx_word' id='word_1_851' title='bbox 492 5317 590 5373; x_wconf 88' lang='lat' dir='ltr'><strong>deinde</strong></span> <span class='ocrx_word' id='word_1_852' title='bbox 604 5319 695 5374; x_wconf 80' lang='lat' dir='ltr'><strong>sabim</strong></span> <span class='ocrx_word' id='word_1_853' title='bbox 708 5335 758 5389; x_wconf 91' lang='lat' dir='ltr'><strong>per</strong></span> <span class='ocrx_word' id='word_1_854' title='bbox 771 5319 857 5374; x_wconf 90' lang='lat' dir='ltr'><strong>saltus</strong></span> <span class='ocrx_word' id='word_1_855' title='bbox 896 5320 1013 5373; x_wconf 81' lang='lat' dir='ltr'><strong>modatae</strong></span> <span class='ocrx_word' id='word_1_856' title='bbox 1026 5327 1095 5381; x_wconf 88' lang='lat' dir='ltr'><strong>sunt,</strong></span> <span class='ocrx_word' id='word_1_857' title='bbox 1105 5326 1133 5373; x_wconf 91' lang='lat' dir='ltr'><strong>et</strong></span> <span class='ocrx_word' id='word_1_858' title='bbox 1145 5335 1279 5392; x_wconf 89' lang='lat' dir='ltr'><strong>nusquam</strong></span> <span class='ocrx_word' id='word_1_859' title='bbox 1293 5320 1411 5374; x_wconf 82' lang='lat' dir='ltr'><strong>turbant.</strong></span> <span class='ocrx_word' id='word_1_860' title='bbox 1452 5320 1554 5375; x_wconf 80' lang='lat' dir='ltr'><strong>Verum</strong></span> <span class='ocrx_word' id='word_1_861' title='bbox 1568 5320 1602 5376; x_wconf 90' lang='lat' dir='ltr'><strong>de</strong></span> <span class='ocrx_word' id='word_1_862' title='bbox 1616 5320 1687 5388; x_wconf 85' lang='lat' dir='ltr'><strong>Sole,</strong></span> 
     </span>
     <span class='ocr_line' id='line_1_64' title="bbox 54 5396 1689 5470; baseline 0.004 -21"><span class='ocrx_word' id='word_1_863' title='bbox 54 5396 215 5466; x_wconf 86' lang='lat' dir='ltr'><strong>procedere,</strong></span> <span class='ocrx_word' id='word_1_864' title='bbox 230 5404 314 5469; x_wconf 87' lang='lat' dir='ltr'><strong>atque</strong></span> <span class='ocrx_word' id='word_1_865' title='bbox 328 5396 401 5452; x_wconf 91' lang='lat' dir='ltr'><strong>huuc</strong></span> <span class='ocrx_word' id='word_1_866' title='bbox 415 5413 572 5468; x_wconf 88' lang='lat' dir='ltr'><strong>processum</strong></span> <span class='ocrx_word' id='word_1_867' title='bbox 588 5398 732 5453; x_wconf 89' lang='lat' dir='ltr'><strong>alternare.</strong></span> <span class='ocrx_word' id='word_1_868' title='bbox 766 5397 858 5454; x_wconf 79' lang='lat' dir='ltr'><strong>Aliter</strong></span> <span class='ocrx_word' id='word_1_869' title='bbox 896 5398 1011 5462; x_wconf 85' lang='lat' dir='ltr'><strong>Venere,</strong></span> <span class='ocrx_word' id='word_1_870' title='bbox 1026 5406 1054 5452; x_wconf 88' lang='lat' dir='ltr'><strong>st</strong></span> <span class='ocrx_word' id='word_1_871' title='bbox 1067 5398 1213 5465; x_wconf 85' lang='lat' dir='ltr'><strong>Mercurio,</strong></span> <span class='ocrx_word' id='word_1_872' title='bbox 1226 5406 1255 5453; x_wconf 92' lang='lat' dir='ltr'><strong>et</strong></span> <span class='ocrx_word' id='word_1_873' title='bbox 1274 5398 1353 5454; x_wconf 89' lang='lat' dir='ltr'><strong>Luna</strong></span> <span class='ocrx_word' id='word_1_874' title='bbox 1366 5399 1457 5464; x_wconf 74' lang='lat' dir='ltr'><strong>enam,</strong></span> <span class='ocrx_word' id='word_1_875' title='bbox 1471 5399 1618 5455; x_wconf 88' lang='lat' dir='ltr'><strong>secundum</strong></span> <span class='ocrx_word' id='word_1_876' title='bbox 1631 5417 1689 5470; x_wconf 90' lang='lat' dir='ltr'><strong>sys-</strong></span> 
     </span>
     <span class='ocr_line' id='line_1_65' title="bbox 54 5474 1689 5553; baseline 0.006 -25"><span class='ocrx_word' id='word_1_877' title='bbox 54 5475 79 5528; x_wconf 88' lang='lat' dir='ltr'><strong>si</strong></span> <span class='ocrx_word' id='word_1_878' title='bbox 91 5474 158 5549; x_wconf 89' lang='lat' dir='ltr'><strong>quis</strong></span> <span class='ocrx_word' id='word_1_879' title='bbox 166 5491 232 5532; x_wconf 87' lang='lat' dir='ltr'><strong>rere</strong></span> <span class='ocrx_word' id='word_1_880' title='bbox 240 5476 420 5548; x_wconf 89' lang='lat' dir='ltr'><strong>introspiciat,</strong></span> <span class='ocrx_word' id='word_1_881' title='bbox 426 5476 502 5532; x_wconf 87' lang='lat' dir='ltr'><strong>nulla</strong></span> <span class='ocrx_word' id='word_1_882' title='bbox 513 5478 600 5550; x_wconf 89' lang='lat' dir='ltr'><strong>possit</strong></span> <span class='ocrx_word' id='word_1_883' title='bbox 611 5477 740 5534; x_wconf 87' lang='lat' dir='ltr'><strong>constitui</strong></span> <span class='ocrx_word' id='word_1_884' title='bbox 754 5477 859 5552; x_wconf 75' lang='lat' dir='ltr'><strong>lubrica</strong></span> <span class='ocrx_word' id='word_1_885' title='bbox 895 5484 970 5534; x_wconf 80' lang='lat' dir='ltr'><strong>teum</strong></span> <span class='ocrx_word' id='word_1_886' title='bbox 982 5486 1103 5534; x_wconf 84' lang='lat' dir='ltr'><strong>veterum</strong></span> <span class='ocrx_word' id='word_1_887' title='bbox 1111 5477 1265 5534; x_wconf 89' lang='lat' dir='ltr'><strong>dubitatum</strong></span> <span class='ocrx_word' id='word_1_888' title='bbox 1277 5484 1321 5548; x_wconf 88' lang='lat' dir='ltr'><strong>est</strong></span> <span class='ocrx_word' id='word_1_889' title='bbox 1334 5478 1370 5532; x_wconf 87' lang='lat' dir='ltr'><strong>ab</strong></span> <span class='ocrx_word' id='word_1_890' title='bbox 1380 5477 1511 5551; x_wconf 86' lang='lat' dir='ltr'><strong>antiquis;</strong></span> <span class='ocrx_word' id='word_1_891' title='bbox 1526 5487 1607 5553; x_wconf 91' lang='lat' dir='ltr'><strong>atque</strong></span> <span class='ocrx_word' id='word_1_892' title='bbox 1616 5480 1689 5553; x_wconf 85' lang='lat' dir='ltr'><strong>apud</strong></span> 
     </span>
    </p>
   </div>
   <div class='ocr_carea' id='block_1_3' title="bbox 0 0 1908 5875">
    <p class='ocr_par' dir='ltr' id='par_1_4' title="bbox 0 0 1908 5875">
     <span class='ocr_line' id='line_1_66' title="bbox 0 0 1908 5875; baseline 0 0"><span class='ocrx_word' id='word_1_893' title='bbox 0 0 1908 5875; x_wconf 95' lang='lat' dir='ltr'><strong> </strong></span> 
     </span>
    </p>
   </div>
  </div>
 </body>
</html>
