3800 5875
216 318 274 375 300
742 315 793 371 DE
814 314 1039 371 AUGMENTIS
1061 312 1337 371 saturitatibus.
1743 311 1807 367 Lm.
1825 311 1851 366 1.

215 474 471 532 demonstrationem
485 481 575 529 autem
586 473 687 529 iactam
701 474 798 544 arripit
810 490 857 529 eas
872 489 948 528 mens
963 491 1012 544 per
1048 472 1263 528 mathematicas.
1306 472 1377 525 latas
1397 470 1470 525 enim
1491 476 1563 524 artes
1576 469 1702 524 solebant
1723 469 1765 523 illi
1787 477 1854 523 tan-

214 555 404 611 retractionem
429 554 563 624 quandam
585 557 629 623 (ut
648 553 794 624 loquuntur
811 553 1010 623 jurisconsulti)
1048 570 1130 624 quam
1145 552 1243 606 filiolos
1263 568 1327 606 suos
1346 550 1542 620 primogenitos
1562 549 1689 603 suaviari.
1734 550 1770 603 At
1783 549 1854 603 che·

214 644 343 706 tanquam
357 642 418 687 ante
432 641 589 703 perspectas
603 641 632 688 et
645 633 780 703 cognitas.
1048 632 1113 686 mici
1127 649 1142 685 e
1157 632 1252 702 paucis
1265 630 1462 700 experimentis
1472 629 1507 683 ad
1518 627 1643 690 loculum,
1653 636 1681 680 et
1696 629 1853 693 fornacem,

255 715 335 768 Alius
351 730 432 777 error,
447 713 578 783 superiori
600 713 697 776 affinis,
711 721 755 766 est
775 712 935 782 eorum,qui
956 729 1012 766 om-
1047 728 1147 765 novam
1179 709 1381 782 philosophiam
1414 708 1586 762 excuderunt
1641 707 1678 761 Et
1706 707 1853 762 Gilbertus

212 795 290 849 nium
311 800 452 857 sectarum,
466 800 547 862 atque
562 791 709 846 haeresium
723 801 851 855 vetemm,
866 801 1011 862 postquam
1047 791 1187 861 popularis
1209 797 1302 843 noster
1326 786 1531 859 philosophiam
1554 788 1637 841 aliam
1658 804 1695 841 ex
1715 797 1852 858 magnete

213 890 336 928 excussoe
351 872 473 935 fuissent,
487 880 516 925 et
529 871 676 935 ventilata,
692 872 822 941 optimam
844 887 952 940 semper
966 872 1011 925 ob
1048 871 1149 924 elicuit
1185 870 1229 924 Sic
1244 868 1349 932 Cicero,
1363 885 1424 921 cunr
1439 869 1528 921 varias
1542 868 1684 937 opiniones
1699 866 1733 920 de
1748 875 1854 921 natura

212 953 335 1014 tinuisse,
348 950 512 1020 posthabitis
525 952 595 1015 aliis,
607 951 777 1004 existimant.
799 950 896 1020 ltaque
908 959 1010 1019 putant,
1048 951 1147 1003 animae
1157 965 1308 1011 recensens,
1323 948 1432 1001 taudem
1443 947 1472 999 iu
1488 947 1620 1000 muscum
1636 946 1789 1009 incidisset,
1803 948 1852 1016 qui

212 1033 235 1086 si
245 1032 306 1116 quis
315 1031 349 1084 de
359 1032 465 1100 integro
475 1031 627 1085 institueret
637 1030 839 1100 inquisitionem
850 1038 877 1082 ct
886 1046 1009 1096 examen,
1048 1031 1167 1083 animam
1195 1045 1255 1082 esse
1282 1027 1451 1081 harmoniam
1480 1026 1621 1088 statuebat,
1648 1025 1740 1079 facete
1768 1026 1852 1090 dixit,

211 1127 265 1165 non
277 1117 369 1182 posset
378 1126 432 1163 non
442 1109 561 1163 incidere
575 1110 604 1163 iu
619 1107 725 1179 aliquas
736 1126 773 1163 ex
786 1109 893 1176 rejectis
907 1110 1010 1178 opinio
1048 1114 1064 1140 ⁴⁸
1078 1109 1124 1162 hic
1139 1108 1173 1161 ab
1189 1117 1246 1161 arte
1260 1123 1377 1161 suanou
1392 1107 1527 1159 recessit.”
1569 1104 1624 1159 Sed
1637 1104 1672 1158 de
1688 1104 1743 1158 hoc
1758 1123 1853 1176 genus

211 1191 299 1253 nibus,
323 1196 352 1242 et
375 1197 437 1259 post
461 1189 634 1257 rejectionem
654 1189 769 1252 amissis,
793 1196 821 1242 et
844 1188 1008 1244 obliteratis:
1048 1188 1182 1242 erroribus
1196 1187 1320 1257 apposite
1334 1192 1362 1239 et
1372 1185 1519 1254 prudenter
1528 1185 1567 1238 ait
1581 1183 1751 1250 Aristoteles,
1767 1192 1785 1216 ‘⁶
1797 1186 1851 1246 Qui

212 1270 290 1340 quasi
311 1285 376 1322 vero
395 1268 545 1332 multitudo,
559 1276 606 1322 aut
625 1268 707 1322 etiam
729 1268 873 1337 sapientes,
888 1268 1009 1322 multitu·
1047 1268 1195 1338 respiciunt
1207 1266 1242 1319 ad
1256 1282 1350 1336 pauca,
1366 1264 1399 1319 de
1414 1264 1489 1318 facili
1503 1264 1713 1335 pronunciant.”

211 1349 283 1402 dinis
302 1347 466 1402 delinienda.
488 1348 585 1419 gratia,
600 1364 655 1401 non
674 1346 743 1401 illud
763 1364 836 1418 soepe
858 1347 1008 1417 probarint,
1086 1346 1164 1401 Alius
1178 1363 1253 1401 error
1266 1353 1308 1399 est
1320 1345 1489 1414 impatientia
1497 1344 1647 1407 dubitandi,
1661 1355 1691 1396 et
1703 1361 1782 1398 caeca
1797 1344 1852 1398 ies-

212 1428 283 1499 qnod
296 1427 428 1498 populare
442 1429 531 1498 magis
545 1435 625 1498 atque
638 1427 698 1480 lere
713 1427 756 1489 sit,
769 1444 851 1497 quam
861 1426 932 1497 quod
946 1427 1010 1480 soli·
1047 1427 1142 1480 tiaatio
1155 1425 1325 1488 decernendi,
1339 1425 1441 1494 absque
1462 1424 1554 1477 dehita
1570 1431 1598 1476 et
1618 1422 1715 1477 adulta
1733 1441 1853 1494 suspen-

211 1508 283 1571 dam,
298 1515 380 1577 atque
401 1507 455 1560 alte
476 1507 581 1561 radices
597 1523 692 1577 agens.
734 1506 855 1576 Tempus
875 1506 1009 1576 siquidem
1047 1507 1123 1560 sione
1135 1505 1240 1574 judicii.
1283 1506 1358 1559 Nam
1368 1503 1470 1557 bivium
1482 1503 1722 1574 contemplationis
1736 1519 1796 1557 non
1808 1513 1852 1558 est

211 1586 301 1642 simile
315 1598 355 1641 est
368 1586 458 1652 fluvio,
473 1587 520 1658 qui
534 1586 607 1641 levia
619 1594 700 1657 atque
713 1585 810 1640 inflata
822 1586 857 1640 ad
870 1603 919 1640 uos
930 1586 1009 1641 deve·
1047 1584 1179 1640 dissimile
1199 1584 1273 1639 bivio
1291 1583 1413 1647 actionis,
1432 1600 1449 1636 a
1469 1582 1606 1637 veteribus
1625 1583 1728 1651 saepius
1745 1599 1852 1637 memo-

211 1665 261 1732 hit,
275 1666 363 1720 solida
372 1674 470 1730 autern,
485 1675 512 1721 et
526 1665 630 1735 pondus
643 1665 774 1719 habentia
787 1666 947 1736 submergit.
1046 1672 1120 1719 rato:
1141 1665 1218 1733 caJus
1229 1662 1314 1717 altera
1323 1663 1368 1717 via
1381 1662 1460 1716 initio
1470 1660 1554 1732 plana
1563 1669 1591 1716 et
1605 1660 1696 1717 iacilis
1710 1672 1781 1726 erat,
1793 1664 1849 1717 fine

251 1745 330 1800 Alius
352 1762 433 1809 error,
453 1762 470 1798 s
490 1745 602 1816 reliquis
623 1745 754 1808 diversus,
775 1752 816 1798 est
836 1752 1007 1815 praematura,
1046 1752 1138 1798 autem
1160 1743 1306 1815 impervia,
1329 1742 1414 1796 altera
1432 1741 1596 1813 ingredienti
1617 1751 1803 1812 asperserat
1823 1753 1852 1797 et

211 1832 295 1896 atque
308 1832 436 1896 proterva
451 1825 574 1879 reductio
586 1823 765 1879 doctrinarum
783 1825 813 1878 in
827 1832 898 1878 artes
912 1832 939 1879 et
954 1842 1009 1878 me·
1046 1824 1214 1897 confragosa,
1228 1822 1275 1877 ubi
1289 1823 1372 1893 paulo
1384 1822 1557 1892 processeris,
1568 1821 1700 1892 expedita
1710 1829 1740 1875 et
1754 1840 1852 1893 equa·

211 1904 325 1968 thodos;
348 1902 420 1975 quod
433 1922 496 1958 cum
507 1905 544 1966 fit,
555 1904 706 1974 plerunque
717 1903 833 1957 scientia
843 1910 890 1958 aut
901 1921 1007 1974 parurn,
1045 1903 1116 1958 bilis.
1160 1902 1242 1958 Haud
1255 1918 1333 1956 secus
1354 1902 1383 1956 in
1401 1899 1686 1970 contemplationibus,
1704 1901 1730 1954 ai
1745 1903 1814 1972 quis
1834 1921 1852 1956 a

211 1991 260 2038 ant
280 1982 352 2038 nihil
371 1984 484 2054 proficit.
531 1983 669 2037 Nimirum
688 1991 718 2037 ut
738 1982 846 2052 ephebi,
862 1992 1007 2054 postquam
1045 1984 1127 2038 certis
1141 1984 1267 2045 ordiatur,
1283 1982 1311 2035 in
1330 1980 1413 2035 dubia
1426 1980 1551 2035 desinet:
1572 1981 1616 2035 sin
1633 1981 1759 2035 aduhiis
1780 1982 1853 2036 inci·

211 2064 334 2117 membra
358 2070 386 2117 ct
408 2062 573 2117 lineamenta
595 2062 716 2133 corporis
738 2062 860 2133 ipsorum
884 2064 1006 2134 periecte
1045 2063 1111 2132 piat,
1135 2080 1222 2135 eaque
1242 2061 1400 2131 aliquandiu
1425 2061 1563 2131 patienter
1582 2059 1687 2125 toleret,
1706 2060 1739 2115 in
1762 2063 1854 2117 certis

212 2143 354 2196 efformata
377 2151 446 2205 sunt,
461 2143 509 2197 vix
523 2140 641 2212 amplius
661 2149 802 2207 crescuut3
824 2143 863 2196 sic
885 2142 1007 2209 scientis,
1046 2143 1148 2197 exitum
1162 2143 1289 2213 reperiet.

213 2221 340 2292 quamdiu
354 2222 383 2274 in
398 2222 576 2291 aphorismos,
590 2229 619 2276 et
640 2221 841 2276 observationes
861 2223 1006 2294 spargitur,
1085 2222 1189 2277 Similis
1209 2239 1284 2275 error
1303 2236 1332 2275 se
1353 2219 1471 2274 ostendit
1488 2221 1518 2274 in
1536 2220 1616 2274 modo
1633 2219 1761 2274 tradendi
1785 2221 1853 2276 doc-

212 2318 332 2356 crescere
354 2308 449 2370 potest,
469 2309 497 2355 et
520 2317 668 2372 exurgere;
695 2301 743 2355 sed
763 2301 899 2355 methodis
922 2302 1007 2356 semel
1046 2301 1153 2366 trinam,
1168 2302 1222 2373 qui,
1237 2300 1437 2371 utplurimum,
1451 2306 1492 2353 est
1513 2298 1677 2370 imperiosus
1696 2307 1726 2353 et
1744 2302 1853 2373 magis-

212 2380 414 2450 circumscripta
424 2389 452 2435 ct
461 2382 595 2443 conclusa,
605 2380 720 2451 expoliri
730 2381 819 2435 forsan
831 2389 859 2435 et
868 2381 1006 2446 illustrari,
1045 2380 1129 2442 tralis,
1140 2398 1194 2435 noa
1208 2381 1342 2451 ingenuus
1356 2385 1385 2433 et
1397 2378 1534 2443 liberalis;
1556 2379 1595 2433 ita
1609 2378 1721 2433 demum
1736 2397 1852 2451 compo-
1895 2383 1896 2394 ¹

211 2469 259 2514 aut
273 2459 307 2513 ad
320 2477 385 2513 usus
395 2460 528 2515 humanos
539 2459 640 2514 edolari
650 2467 747 2532 potest,
758 2477 813 2515 non
825 2468 916 2514 autem
927 2479 1008 2532 porro
1044 2461 1120 2526 sitos,
1135 2468 1165 2515 ut
1187 2462 1276 2531 potius
1296 2460 1377 2514 tidem
1397 2459 1520 2530 imperet,
1533 2476 1616 2529 quam
1637 2460 1763 2513 examini
1788 2463 1852 2515 sub

212 2539 282 2593 mole
298 2539 399 2609 augeri.
1042 2540 1160 2608 jiciatur.
1206 2541 1271 2595 Non
1285 2538 1443 2610 negaverim
1459 2539 1487 2592 in
1506 2539 1661 2593 summariis
1682 2538 1800 2603 libellis,
1815 2542 1852 2596 ad

253 2619 331 2672 Alius
345 2635 419 2673 error
432 2620 577 2674 succedens
599 2619 662 2689 ipsi,
677 2636 757 2689 quem
777 2627 913 2689 postremo
932 2627 1007 2674 nota·
1045 2621 1142 2689 prauis
1157 2620 1304 2684 destinatis,
1319 2617 1390 2672 hanc
1406 2617 1550 2672 formulam
1571 2618 1708 2672 scribendi
1732 2620 1852 2675 renneri

211 2697 307 2761 vimus,
322 2706 362 2752 est
377 2699 448 2769 quod
462 2707 523 2769 post
535 2699 656 2769 singulas
670 2699 798 2753 scientias
813 2707 839 2752 et
853 2707 924 2754 artes
943 2717 1007 2755 suas
1045 2715 1141 2768 posse;
1162 2717 1255 2753 verum
1266 2699 1293 2752 in
1302 2698 1382 2766 justis
1393 2698 1550 2752 tractatibus
1561 2698 1594 2751 dc
1605 2698 1730 2752 scientiis
1742 2706 1852 2754 utrum-

212 2778 241 2831 in
261 2777 361 2832 classes
385 2778 549 2842 distributas,
572 2795 636 2833 mox
659 2796 676 2831 a
699 2778 836 2848 plerisque
860 2778 1006 2834 universali
1045 2796 1097 2849 que
1112 2788 1263 2833 extremum
1277 2777 1416 2831 vitandum
1434 2794 1539 2841 censeo,
1554 2786 1610 2831 tam
1624 2777 1730 2832 Velleii
1745 2778 1852 2849 Epicu·
1895 2791 1896 2794 ’

211 2875 300 2911 rerum
314 2858 460 2927 cognitioni
472 2866 499 2911 et
511 2857 693 2928 philosophia
706 2857 801 2928 primae
816 2859 1005 2924 renunciaturc
1045 2859 1091 2922 rei,
1104 2858 1144 2912 nil
1155 2867 1210 2913 tam
1222 2858 1375 2922 metuentis,
1387 2874 1469 2927 quam
1481 2874 1516 2911 ne
1528 2857 1650 2911 dubitare
1661 2857 1696 2910 de
1707 2875 1739 2911 re
1750 2858 1851 2930 aliqua

212 2938 286 3009 quod
300 2938 409 3009 quidem
429 2939 562 3008 profectui
587 2938 1007 2997 doctrinarumsinimicissimum
1044 2939 1193 3002 videreturc
1216 2955 1295 3009 quam
1319 2937 1445 3001 Socratis,
1461 2945 1489 2991 et
1509 2937 1675 3004 Academia,
1696 2940 1797 2993 omnia
1820 2943 1851 2995 in

212 3026 264 3072 est.
301 3018 534 3088 Prospectationes
549 3019 617 3072 fiunt
631 3035 645 3071 e
660 3017 924 3077 turribua,autlocis
939 3036 1007 3089 prm·
1044 3017 1352 3089 dubioreliuquentium.
1375 3016 1492 3071 Candori
1503 3017 1595 3088 potius
1603 3016 1782 3084 studendum,
1793 3038 1850 3074 res-

212 3096 291 3161 altis;
314 3105 340 3151 et
354 3098 521 3168 impossibile
535 3105 584 3161 est,
595 3105 625 3151 nt
639 3097 701 3167 quis
714 3096 838 3167 exploret
848 3099 1007 3153 remotiores
1045 3115 1097 3167 que
1111 3099 1212 3167 majore
1226 3105 1272 3151 aut
1291 3097 1393 3151 minore
1415 3097 1584 3151 contentione
1599 3098 1750 3162 tradendae,
1766 3108 1851 3169 prout

211 3176 405 3246 interioresque
424 3177 544 3231 scientiae
564 3177 679 3253 alicujus
695 3185 793 3245 partes,
808 3177 832 3231 si
852 3184 904 3230 stet
925 3194 1007 3247 super
1044 3178 1181 3231 rationum
1192 3178 1334 3231 momentis
1345 3176 1453 3247 parcius
1464 3183 1511 3230 aut
1521 3174 1630 3247 plenius
1641 3177 1697 3230 sint
1711 3180 1849 3247 probatae.

212 3254 294 3326 plano
308 3256 427 3323 eiusdem
439 3256 566 3320 scientia,
576 3272 663 3326 neque
674 3254 779 3310 altioris
790 3255 910 3310 scientiae
920 3257 1006 3312 veluti
1085 3256 1140 3310 Alii
1163 3274 1266 3311 errores
1284 3263 1347 3310 snut
1365 3255 1394 3308 in
1416 3256 1513 3324 scopis,
1536 3272 1603 3326 quos
1624 3256 1758 3312 homines
1780 3277 1850 3330 prae·
1895 3280 1896 3327 ᾗ

212 3336 351 3405 speculam
366 3336 534 3389 conscendat
1044 3337 1131 3406 figunt
1144 3336 1204 3399 sibi,
1220 3344 1248 3389 et
1261 3335 1290 3388 in
1305 3350 1373 3405 quos
1392 3344 1504 3389 conatus
1525 3351 1588 3389 suos
1601 3342 1630 3389 et
1650 3336 1765 3392 labores
1783 3340 1849 3393 diri-
1895 3338 1896 3353 ¹

252 3415 330 3468 Alius
344 3433 419 3469 error
433 3416 494 3469 fluit
507 3432 542 3469 ex
555 3414 640 3468 nimia
651 3413 801 3469 reverentia
812 3421 841 3468 et
851 3415 929 3485 quasi
944 3415 1006 3470 ado
1044 3424 1120 3486 gunt.
1163 3415 1233 3470 Cum
1248 3415 1321 3469 euim
1335 3414 1522 3485 diligentiores
1542 3414 1684 3469 literarum
1698 3419 1848 3490 coryphaei
1895 3438 1896 3503 ,

212 3494 316 3548 ratione
326 3494 480 3549 intellectus
493 3494 621 3559 homani;
643 3494 713 3548 unde
727 3492 854 3547 homines
868 3495 1006 3550 abduxere
1044 3495 1078 3548 ad
1093 3496 1120 3548 id
1134 3494 1273 3549 collimare
1283 3494 1399 3547 debeant
1409 3495 1552 3564 praecipue,
1563 3503 1593 3548 ut
1607 3496 1669 3559 arti,
1681 3513 1770 3567 quarn
1786 3515 1848 3569 pro
1895 3510 1896 3515 ’

212 3591 242 3628 se
258 3591 274 3628 a
293 3573 519 3645 contemplatione
537 3583 649 3637 naturae,
669 3580 750 3644 atque
771 3573 806 3626 ab
826 3575 1005 3643 experientia,
1044 3575 1161 3637 fitentur,
1176 3574 1279 3645 aliquid
1301 3572 1462 3643 praclarum
1483 3573 1628 3641 adjiciant:
1649 3575 1681 3628 hi
1699 3587 1800 3632 contra
1819 3579 1850 3632 in

211 3653 241 3707 in
263 3654 380 3724 propriis
401 3654 630 3717 meditationibus,
653 3660 681 3706 et
708 3652 812 3722 ingenii
836 3654 1004 3719 commentis,
1044 3654 1168 3708 secundis
1194 3652 1380 3707 tantummodo
1403 3649 1549 3707 consistere
1574 3661 1616 3707 sat
1639 3653 1770 3723 habeut3
1802 3659 1848 3711 vel

212 3750 312 3803 susque
327 3733 413 3803 deque
427 3732 587 3786 volutantes.
630 3733 765 3787 Caeterum
788 3731 932 3802 preclaros
954 3732 1005 3788 hos
1044 3733 1151 3788 subtilis
1170 3733 1333 3802 interpretis,
1354 3732 1397 3786 vel
1417 3734 1598 3803 antagonistae
1621 3733 1800 3790 vehementis
1820 3746 1849 3791 et

211 3813 375 3882 opinatores,
399 3820 428 3866 et
448 3813 485 3880 (si
506 3813 545 3865 ita
568 3811 643 3881 loqui
663 3810 742 3877 licet)
763 3809 1004 3879 intellectualistas,
1043 3814 1158 3875 nervosi,
1173 3812 1215 3866 vel
1229 3812 1378 3866 methodici
1395 3812 1590 3867 abbreviatoris
1604 3831 1708 3868 nomen
1723 3817 1849 3871 ambien-

212 3890 258 3960 qui
275 3898 365 3945 tamen
379 3910 428 3962 pro
442 3892 561 3946 maxime
575 3891 742 3954 sublimibus,
758 3898 785 3945 et
799 3890 897 3945 divinis
912 3892 1004 3961 philo·
1043 3900 1099 3953 tesc
1122 3892 1193 3945 unde
1215 3891 1324 3955 reditus,
1339 3899 1367 3945 et
1379 3890 1524 3962 vectigalia
1546 3893 1726 3949 scientiarum
1747 3897 1848 3967 augeri
1895 3906 1896 3957 1

212 3969 308 4038 sophis
327 3970 423 4025 haberi
443 3972 538 4035 solent,
555 3980 629 4025 recte
651 3969 806 4025 Heraclitus
826 3972 1004 4040 perstrinxit:
1043 3980 1162 4041 possunt,
1178 3971 1369 4042 patrimonium
1383 3979 1413 4025 et
1425 3970 1524 4025 fundus
1537 3972 1658 4026 minime.
1895 3978 1896 3983 ’

213 4053 229 4079 “
245 4049 405 4116 Homines,”
425 4050 522 4121 inquit,
544 4056 560 4082 “
571 4057 694 4121 quaerunt
707 4049 848 4104 veritatem
866 4050 895 4103 in
909 4052 1005 4106 micro-
1083 4052 1209 4106 Omnium
1220 4058 1310 4104 autern
1321 4051 1496 4121 gravissimus
1507 4068 1581 4107 error
1593 4051 1622 4105 in
1636 4053 1798 4109 deviatione
1810 4056 1848 4108 ab

212 4128 311 4181 cosmis
325 4130 389 4192 suis,
403 4146 457 4183 nou
470 4130 611 4184 inmundo
623 4130 746 4197 majori.”
778 4128 921 4200 Respuunt
931 4132 1004 4185 enim
1044 4129 1138 4185 ultimo
1156 4131 1337 4184 doctrinarum
1358 4130 1411 4184 fine
1432 4131 1561 4184 consistit.
1603 4130 1748 4200 appetunt
1768 4135 1849 4189 enirn

211 4207 291 4276 quasi
304 4208 492 4264 abecedarium
512 4218 623 4273 naturis,
637 4209 808 4279 primumque
831 4209 859 4263 iu
877 4210 1005 4279 operibus
1043 4210 1168 4264 homines
1182 4211 1329 4273 scientiam,
1345 4209 1392 4263 alii
1407 4226 1443 4263 ex
1461 4209 1545 4263 insita
1558 4210 1719 4265 curiositate
1734 4221 1764 4266 et
1777 4214 1848 4268 irre-

212 4285 310 4339 divinis
325 4288 498 4343 tirocinium:
520 4289 591 4358 quod
605 4289 628 4342 si
642 4305 697 4343 nou
711 4287 837 4351 facerent,
852 4291 1005 4358 potuissent
1043 4290 1150 4361 quietat
1172 4288 1219 4343 alii
1234 4290 1317 4343 animi
1333 4306 1414 4343 causa
1434 4296 1461 4342 et
1479 4288 1684 4355 delectationis;
1706 4291 1757 4345 alii
1772 4295 1848 4348 exis·

212 4364 325 4418 fortasse
339 4367 472 4436 gradatim
492 4374 520 4421 et
540 4368 649 4431 sensim,
664 4375 726 4438 post
746 4367 838 4421 literas
856 4368 1003 4438 simplices,
1043 4369 1192 4423 timatiouis
1203 4370 1305 4440 gratias
1327 4367 1373 4422 alii
1385 4368 1563 4422 contentionis
1576 4385 1650 4439 ergo,
1665 4378 1754 4441 atque
1768 4378 1801 4426 ut
1815 4374 1846 4427 in

212 4450 240 4497 et
260 4443 388 4515 deinceps
408 4445 535 4515 syllabas,
548 4446 585 4500 ad
604 4455 708 4501 textum
727 4454 754 4500 et
767 4444 893 4501 volumen
912 4448 1003 4518 ipsum
1042 4448 1198 4503 disserendo
1211 4450 1363 4519 superiores
1377 4448 1448 4511 siut;
1470 4446 1592 4518 plerique
1606 4457 1719 4518 propter
1732 4451 1847 4507 lucrum

212 4532 393 4578 creaturarum
409 4525 535 4595 expedite
548 4525 694 4596 legendum
711 4526 865 4581 ascendere.
906 4527 943 4580 At
962 4527 1003 4582 illi
1043 4535 1070 4581 et
1083 4528 1202 4593 victum3
1224 4528 1389 4598 paucissimi,
1404 4534 1434 4581 ut
1456 4526 1554 4580 donum
1571 4528 1687 4582 rationis
1709 4530 1847 4586 divinitus

211 4609 313 4664 contra,
333 4604 394 4674 jugi
412 4604 510 4657 mentis
531 4606 685 4675 agitatione,
699 4614 807 4676 urgent,
827 4613 855 4660 et
873 4612 1003 4678 tanquam
1042 4607 1132 4661 datrun
1148 4608 1177 4661 in
1199 4625 1263 4662 usus
1277 4608 1390 4662 humani
1408 4608 1515 4678 generis
1532 4607 1700 4677 impendant.
1746 4610 1846 4677 Plane,

211 4681 339 4736 invocant
360 4700 423 4737 suos
443 4683 546 4753 genios,
559 4691 590 4737 nt
609 4686 791 4739 vaticinentur
804 4685 852 4749 eis,
867 4685 1002 4757 edantque
1042 4687 1118 4758 quasi
1133 4687 1162 4740 in
1176 4688 1297 4741 doctrina
1310 4696 1474 4757 quareretur
1486 4685 1608 4750 lectulus,
1621 4687 1651 4741 iu
1666 4705 1724 4758 quo
1738 4691 1844 4745 tumul-

211 4760 328 4825 oracula,
344 4763 442 4832 quibus
456 4764 559 4825 merito,
574 4770 601 4816 et
613 4765 733 4818 suaviter
746 4764 923 4834 decipiuntur.
1042 4774 1122 4820 tuans
1134 4768 1276 4837 ingenium
1287 4774 1314 4820 et
1327 4775 1446 4821 aestuans
1460 4767 1656 4836 requiesceret;
1679 4777 1730 4823 aut
1742 4779 1846 4839 xystus

251 4840 330 4896 Alius
352 4859 426 4896 error
448 4840 512 4895 huic
536 4844 679 4912 posteriori
702 4845 833 4898 finitimus
858 4853 906 4907 est,
931 4846 1003 4916 quod
1042 4846 1099 4898 sive
1121 4848 1247 4916 porticus,
1261 4846 1291 4899 in
1311 4863 1364 4916 quo
1386 4848 1492 4899 animus
1510 4846 1698 4901 deambularet
1720 4850 1793 4903 liber
1816 4860 1846 4905 et

211 4920 335 4976 homines
350 4921 451 4991 saepius
461 4921 591 4986 imbuant,
604 4932 631 4976 et
644 4924 769 4977 inficiant
780 4924 966 4978 meditationes
977 4933 1004 4979 et
1041 4942 1143 4995 vagus;
1165 4933 1212 4980 aut
1224 4926 1304 4979 turris
1319 4925 1374 4978 alta
1392 4933 1419 4980 et
1440 4925 1519 4988 edita,
1534 4925 1567 4978 de
1582 4943 1636 4996 qua
1655 4944 1738 4982 mens
1750 4930 1844 4983 ambi-

210 5000 346 5055 doctrinas
360 5018 423 5055 suas
436 5001 609 5070 opinionibus
620 5003 779 5071 quibusdam
791 5013 819 5057 et
829 5006 1003 5073 conceptibus
1041 5006 1110 5058 tiosa
1124 5012 1151 5058 et
1165 5006 1282 5074 superba
1295 5005 1479 5074 despectaret3
1500 5012 1547 5058 aut
1566 5021 1617 5059 arx
1631 5014 1659 5060 et
1680 5024 1843 5079 propugna-

211 5082 336 5152 propriis,
347 5097 414 5151 quos
423 5080 592 5150 potissimum
602 5081 632 5133 in
641 5082 817 5137 admiratione
829 5083 942 5149 habent3
958 5096 1004 5138 aut
1041 5084 1130 5138 culum
1150 5085 1184 5138 ad
1207 5085 1392 5138 contentiones
1417 5094 1444 5138 et
1465 5083 1580 5154 proelis;
1602 5092 1649 5139 aut
1671 5088 1784 5142 officina
1807 5089 1844 5143 ad

210 5161 322 5224 artibus,
339 5160 436 5232 quihus
450 5160 567 5214 maxime
589 5161 687 5214 addicti
709 5171 736 5214 et
752 5163 900 5217 consecrati
921 5171 1002 5228 sunt;
1042 5173 1173 5233 quaestum
1184 5173 1212 5218 et
1222 5172 1387 5218 mercatum:
1409 5172 1434 5217 et
1447 5179 1501 5217 non
1513 5162 1601 5233 potius
1612 5163 1739 5236 locuples
1749 5185 1842 5222 arma-

210 5248 308 5294 cretera
322 5241 414 5294 omnia
427 5239 483 5293 illis
497 5238 602 5293 deliciis
618 5241 777 5305 inficientes,
793 5249 820 5295 et
834 5244 910 5312 quasi
924 5243 1003 5297 intin-
1041 5243 1119 5306 rium,
1133 5252 1161 5296 et
1181 5243 1416 5314 gazophylacium,
1431 5244 1466 5297 ad
1480 5243 1593 5313 Opificis
1608 5262 1701 5300 rerum
1715 5249 1843 5302 omnium

211 5328 314 5389 gentes,
328 5319 392 5373 licet
406 5320 468 5373 suco
482 5318 625 5373 admodum
640 5318 739 5374 fallaci.
769 5321 814 5374 Sic
826 5338 874 5376 sua
885 5322 1004 5391 philoso
1041 5320 1164 5391 gloriam,
1189 5333 1216 5377 et
1236 5323 1299 5376 vitae
1323 5322 1450 5377 humanae
1474 5322 1634 5378 subsidium.
1677 5325 1741 5379 Hoc
1764 5327 1842 5381 enirn

210 5398 433 5467 phisimmiscuit
442 5399 522 5452 Plato
531 5398 704 5470 theologiam,
714 5399 1002 5470 Aristoteleslogicam,
1040 5400 1114 5465 illud,
1130 5411 1172 5455 est
1185 5403 1256 5473 quod
1270 5419 1364 5456 revera
1377 5403 1526 5457 doctrinam
1545 5410 1628 5472 atquc
1646 5412 1721 5459 artes
1737 5407 1841 5459 coude-

210 5478 328 5532 sccuuda
341 5478 436 5533 schola
449 5477 571 5535 Platonis
586 5478 713 5555 (Procius
726 5479 830 5535 scilicet
849 5489 878 5537 et
890 5480 1002 5552 reliqui)
1040 5489 1151 5547 coraret,
1162 5489 1191 5536 et
1203 5481 1344 5549 attolleret,
1356 5483 1379 5537 si
1391 5481 1585 5555 contemplatio
1598 5490 1626 5538 et
1636 5485 1711 5539 actio
1721 5486 1841 5540 arctiore
1895 5526 1896 5567 q
