3800 5875
209 328 265 393 706
777 316 833 373 DE
850 310 1054 371 sartensis
1075 305 1271 364 uastauit.

367 534 404 572 ιν.
426 528 589 578 rauciacus,
605 525 670 565 sinu
684 520 847 565 rurcsurra,
1041 466 1188 602 {gwnil
1208 463 1320 556 ''llum‘’
1334 477 1431 531 1¹¹¹rum
1449 457 1528 513 ΓΜ
1546 453 1717 522 Wtfflw
1735 458 1769 509 ¹¹¹
1786 451 1840 508 Μ

1098 552 1329 602 exesumattouam
1347 538 1490 612 qnondam,
1503 545 1533 593 et
1550 537 1663 599 samm,
1675 541 1705 588 ot
1722 547 1840 589 ossono-

249 639 411 693 Nsucrssus
425 633 510 688 inisse
529 629 643 685 traditur
656 626 743 680 forma
756 629 784 677 et
798 625 940 676 venustate
955 615 1006 669 mi·
1043 628 1118 681 „jam
1131 624 1228 694 magio,
1243 639 1324 694 quim
1338 620 1372 673 nt
1385 619 1475 683 fidem,
1485 624 1514 671 ot
1526 616 1711 679 mmmm,
1725 620 1755 667 st
1766 611 1841 665 sitso

210 717 313 780 rabilis,
334 715 383 770 sed
409 713 520 768 suberat
542 705 670 780 superbia
693 704 800 775 iugens,
820 708 850 755 et
869 696 1007 753 heddium
1043 714 1101 760 tum
1114 704 1302 760 adhinniunt,
1342 697 1450 760 Qninsi
1468 695 1633 753 noosssorint
1649 693 1739 749 otim
1757 689 1839 744 offini-

210 794 417 853 intolerandum.
459 793 556 862 ltaque
575 803 637 841 cum
657 783 711 839 sibi
729 782 858 854 placeret,
872 776 942 831 alios
963 775 1007 828 de·
1044 786 1107 840 tntis
1130 782 1247 846 vinoilo,
1269 777 1354 837 voluti
1374 782 1543 833 „eminenti
1560 782 1676 837 nsttnn,
1699 772 1725 827 si
1747 769 1840 825 nonin

211 877 336 948 spiceret,
349 875 433 928 ritum
446 870 505 942 egit
517 867 667 924 solitariam
676 863 706 918 in
720 860 805 931 sylvis
817 865 845 913 et
857 854 1007 912 venationi·
1044 872 1147 930 motus,
1160 870 1252 917 tomen
1264 858 1357 914 omnis
1368 856 1442 913 infin
1454 854 1639 915 ombitionein,
1650 860 1679 907 st
1688 849 1841 913 utilitatem,

210 958 270 1020 bus,
283 971 346 1009 cum
359 952 454 1023 paucis
468 948 620 1010 comitibus,
635 943 733 1015 quibus
746 941 806 1011 ipss
828 937 921 992 omnis
938 942 1006 990 erat
1045 952 1073 998 ot
1084 940 1278 999 dominationis
1291 936 1430 993 licontinsn
1444 951 1511 998 esso,
1522 934 1595 1005 npnd
1607 931 1757 1003 plot-osqns
1770 945 1842 999 ispo.

212 1031 500 1090 desectahaturetiam
514 1045 577 1083 eum
590 1024 691 1094 ubique
707 1014 931 1089 nymphallcho.
975 1013 1007 1067 Iu
1044 1024 1159 1079 fiuntur,
1198 1020 1286 1074 Tanto
1303 1015 1401 1087 mgis,
1420 1015 1491 1085 qnod
1509 1012 1682 1084 principibus
1702 1008 1784 1064 insite
1801 1008 1841 1073 sit,

212 1115 266 1169 hoc
279 1112 342 1168 vitre
355 1110 479 1167 instituto
498 1106 579 1162 fatale
594 1105 620 1159 ei
634 1108 694 1157 erat
706 1100 741 1155 ad
754 1098 858 1152 iontem
873 1092 1008 1167 quendam
1045 1118 1094 1172 por
1112 1109 1261 1174 prostatus
1278 1097 1369 1153 wios
1385 1102 1413 1150 st
1431 1093 1577 1163 speciosos,
1596 1090 1766 1161 cupiditates
1784 1103 1841 1143 snos

212 1193 356 1264 limpidum
378 1190 477 1254 venire,
498 1194 526 1242 et
541 1187 621 1255 iuxta
640 1197 703 1236 eum
723 1178 775 1234 sub
794 1182 891 1233 aestum
910 1173 1008 1227 medias
1046 1189 1074 1237 ot
1086 1182 1167 1236 fidem
1180 1180 1270 1235 minus
1283 1178 1418 1232 ninom
1431 1172 1553 1244 (nomino
1566 1188 1660 1227 nomm
1674 1169 1788 1232 sinino,
1800 1167 1841 1220 oni

214 1274 268 1328 diei
293 1271 462 1326 decumbere.
503 1267 573 1322 Cum
597 1270 689 1318 autem
710 1259 741 1313 iu
763 1272 836 1328 aqua
858 1253 1008 1325 imaginem
1045 1261 1116 1316 intio
1140 1261 1177 1315 nit
1195 1254 1344 1324 moenio)
1364 1253 1433 1309 tun-i
1452 1259 1482 1307 st
1499 1250 1599 1309 vohis,
1644 1251 1745 1320 itnqno
1763 1263 1841 1301 nm

213 1352 354 1424 propriam
379 1347 542 1418 aspexisset,
565 1344 595 1397 iu
621 1335 874 1407 contemplationem
902 1332 952 1397 sui,
975 1348 1007 1385 ac
1046 1340 1194 1395 assumitur
1218 1354 1311 1392 nomm
1335 1341 1362 1389 st
1384 1331 1523 1404 propriso.
1546 1330 1612 1385 fidoi
1635 1329 1839 1389 mettun,

213 1432 311 1486 deinde
324 1431 353 1484 in
367 1426 573 1483 admirationem
583 1421 683 1478 effusus
691 1426 719 1473 et
728 1423 831 1486 raptus,
841 1411 917 1468 nullo
928 1410 1010 1466 modo
1046 1436 1134 1490 nsque
1147 1416 1216 1473 iliud
1228 1415 1355 1471 divinitis
1368 1411 1461 1483 niiqnn
1472 1409 1606 1467 «ἡμᾶς,
1627 1425 1663 1463 os
1676 1415 1722 1463 ost
1733 1406 1841 1460 nonnosi.

214 1511 250 1566 ab
264 1508 418 1580 hujusmodi
432 1511 539 1577 spectro
552 1509 582 1558 et
596 1498 742 1555 simulacro
754 1492 869 1550 distrslu
887 1497 1007 1562 poterati
1047 1507 1090 1553 ω
1104 1502 1246 1569 (magnum
1258 1492 1413 1566 potentibus
1422 1490 1536 1557 onnon)
1547 1496 1574 1543 ot
1584 1486 1742 1558 porionlnsn
1755 1492 1840 1547 nstin,

214 1591 262 1644 sed
276 1595 408 1661 perpetuo
421 1578 691 1651 definuobtorpuitr
711 1572 902 1630 totondemln
914 1571 1009 1625 fl⁰¹tm
1047 1590 1074 1632 et
1099 1574 1308 1632 communicatio
1327 1569 1462 1626 utilitatis.
1502 1568 1664 1623 Necessitas
1685 1572 1780 1621 sutem
1797 1580 1841 1634 per

215 1669 334 1724 nominis
348 1666 391 1722 aui
405 1667 620 1726 converrusestt
642 1657 688 1728 qui
709 1655 759 1709 flos
777 1654 887 1708 ineunte
900 1667 965 1706 rere
979 1666 1009 1703 se
1048 1657 1162 1726 stygem
1185 1655 1324 1726 elegantes
1345 1655 1559 1721 ispsnsontsnsn
1583 1647 1690 1703 flnsosn
1715 1642 1797 1699 fossis
1815 1652 1840 1696 st

215 1748 340 1813 wendile
368 1752 396 1801 0⁸
421 1744 475 1798 (Ῑὶίῠ
501 1740 604 1805 inferit,
630 1734 748 1797 Plutoni·
775 1729 955 1801 Protefpinoe,
983 1736 1011 1783 el
1047 1734 1227 1791 irremeabile.
1267 1732 1356 1803 Atque
1369 1722 1842 1785 hoouumenadvocsritadioedsra

215 1826 414 1883 Eumenidibns
427 1839 503 1878 sacer
516 1826 566 1875 est.
1049 1815 1201 1885 Iphicrates
1228 1809 1412 1872 Atheniensis,
1433 1807 1480 1878 qui
1499 1805 1630 1877 quoniam
1649 1805 1780 1859 iuventus
1797 1810 1841 1867 sn,

256 1906 362 1961 Fabula
380 1903 489 1958 illorum
507 1908 537 1955 et
552 1894 663 1969 ingenia
678 1899 705 1949 et
723 1892 844 1946 fortunas
861 1903 1011 1958 reprmsen·
1049 1895 1095 1965 qni
1110 1911 1144 1949 on
1156 1900 1250 1965 spons
1263 1891 1426 1962 loqueretur,
1438 1904 1501 1957 qnos
1514 1884 1639 1956 plenique
1655 1882 1741 1938 insito
1754 1880 1843 1937 nnino

216 1992 273 2041 tere
294 1986 406 2049 ridetur,
419 1982 474 2053 qui,
495 1980 552 2034 sire
573 1976 608 2031 ob
628 1975 750 2035 turmam,
771 1970 829 2024 sire
849 1968 885 2022 ob
904 1966 1011 2037 aliquas
1049 1974 1168 2037 volvont,
1188 1989 1244 2027 non
1265 1971 1315 2025 ntis
1334 1986 1363 2023 io
1385 1968 1428 2031 sit,
1452 1966 1539 2036 ipsios
1558 1963 1645 2019 nino
1666 1963 1780 2019 infosso,
1818 1961 1843 2016 is

216 2065 286 2120 alias
312 2064 396 2127 dotes,
423 2060 521 2132 quibus
548 2056 584 2112 ab
609 2054 672 2124 ipsa
697 2060 802 2112 ustura,
836 2045 911 2101 nulla
938 2062 1012 2100 acce·
1049 2071 1111 2108 oum
1129 2049 1350 2107 Lnoodaentonios
1363 2045 1453 2101 nnsiss
1473 2044 1623 2108 motiones,
1638 2051 1667 2098 et
1683 2041 1842 2105 motiones,

216 2144 298 2198 dente
326 2141 458 2196 industria
484 2135 602 2209 proprio,
623 2131 712 2187 omitti
736 2137 765 2185 et
790 2127 912 2197 insigniti
939 2132 1010 2190 ml,
1049 2141 1078 2188 et
1090 2133 1220 2187 ioederum
1234 2131 1405 2184 firmamenta
1417 2132 1446 2180 et
1455 2123 1565 2179 nucula
1574 2123 1737 2195 excogitare
1749 2128 1844 2191 etpro

217 2223 303 2277 effinse
317 2222 423 2292 seipsos
437 2225 538 2279 amant,
551 2223 580 2270 et
592 2211 670 2284 qussi
680 2211 837 2280 depereunt
878 2204 948 2260 Cum
958 2204 1012 2258 hoc
1050 2229 1151 2282 ponens
1159 2210 1391 2270 animadverteret,
1402 2204 1564 2259 intsifstnss
1579 2198 1841 2272 “Unum’'(inqnit)

218 2302 291 2355 enirn
305 2299 390 2355 animi
402 2306 473 2353 statu
486 2296 658 2365 conjunctum
679 2289 737 2344 iere
753 2294 804 2350 est,
819 2292 851 2341 ut
869 2301 923 2339 uon
944 2283 1013 2338 mul·
1051 2298 1067 2324 «ι
1080 2288 1288 2353 Lnontinnionii,
1300 2286 1380 2342 nobis
1392 2284 1533 2340 vobiscum
1546 2280 1694 2345 vinculum,
1709 2289 1738 2334 st
1750 2277 1844 2334 sensti.

218 2389 276 2436 tum
298 2380 328 2434 in
351 2378 471 2449 publico,
493 2383 540 2429 aut
559 2374 589 2428 in
608 2370 690 2426 rebus
709 2366 834 2422 civilibus
853 2372 1011 2427 venentius
1050 2371 1116 2426 tntis
1129 2370 1199 2426 ostio
1212 2385 1273 2423 esso
1286 2366 1380 2437 possit,
1394 2365 1418 2419 si
1436 2362 1518 2434 plane
1538 2360 1741 2423 demonstretis,
1752 2375 1802 2413 ros
1813 2374 1844 2410 ea

218 2478 281 2515 cum
294 2459 323 2513 in
341 2475 375 2512 eo
387 2457 450 2511 vitre
470 2470 569 2526 genere
582 2466 693 2506 necesse
706 2447 743 2503 ait
756 2459 896 2501 occurrere
912 2442 1013 2498 multos
1050 2450 1129 2506 nobis
1142 2448 1315 2511 concessisse,
1330 2451 1359 2499 st
1376 2445 1446 2498 intes
1465 2459 1564 2496 monus
1581 2440 1714 2512 posuisse,
1728 2445 1760 2493 nt
1770 2437 1844 2491 vobis

219 2539 358 2610 neglectus
371 2545 399 2592 et
412 2534 567 2606 vilipendis,
583 2548 643 2602 qum
657 2529 762 2582 animos
782 2541 875 2580 eorum
895 2521 1013 2590 dejicere
1051 2529 1164 2584 innuitis
1190 2526 1304 2584 indsndi
1331 2540 1390 2587 nos,
1410 2523 1435 2577 si
1457 2522 1578 2577 maxima
1598 2518 1716 2584 relictis,
1736 2518 1844 2572 minime

219 2626 248 2672 et
261 2618 369 2673 turbare
382 2616 497 2687 possint.
539 2609 728 2683 ltaqueritam
741 2605 899 2677 plerumque
912 2601 1014 2673 degunt
1051 2617 1196 2679 suppetiis
1210 2605 1323 2678 possiet
1366 2604 1462 2674 itsqns
1477 2601 1503 2656 si
1516 2598 1633 2655 inonlns
1651 2597 1769 2653 intendi
1783 2596 1843 2650 soh

220 2697 377 2759 solitarium,
386 2703 414 2749 et
424 2694 565 2764 privatam,
573 2699 601 2745 et
614 2685 793 2748 umbratilem,
803 2700 865 2738 cum
878 2697 1014 2752 perpauco
1051 2688 1107 2743 ists
1125 2688 1168 2753 sit,
1182 2695 1229 2741 snt
1247 2685 1271 2739 si
1291 2702 1328 2738 ox
1347 2683 1448 2737 ioedsro
1467 2688 1548 2750 rupto
1566 2677 1721 2749 perieulum
1739 2676 1846 2746 ingruit

150 2826 152 2829 ,
219 2777 350 2832 comitum
363 2774 477 2837 delectu,
492 2786 578 2841 eoque
592 2786 629 2824 ex
643 2768 686 2829 iis,
701 2764 749 2837 qui
768 2762 831 2817 illos
849 2775 1014 2831 magnopere
1052 2767 1217 2838 perditionis,
1235 2772 1283 2819 snt
1298 2760 1486 2817 diminutionis
1499 2766 1593 2823 status,
1605 2765 1653 2812 sut
1665 2754 1844 2826 recdgslium,

220 2856 310 2910 colere
323 2862 351 2910 et
368 2852 496 2908 admirari
509 2851 640 2912 videntur,
655 2845 755 2917 quique
774 2841 831 2897 illis
843 2839 929 2895 veluti
944 2838 1015 2894 echo
1053 2855 1109 2901 tum
1123 2845 1233 2900 demum
1247 2843 1349 2898 foedsra
1361 2848 1418 2896 rate
1431 2849 1460 2893 et
1472 2847 1573 2902 sancte,
1587 2845 1617 2891 et
1630 2845 1761 2908 tanquam
1778 2834 1846 2902 jnra-

221 2937 250 2991 iu
263 2935 389 2990 omnibus
403 2933 482 2987 dietih
496 2930 552 2986 dlii!
572 2932 751 2988 adsentantur,
765 2929 793 2977 el
806 2920 949 2976 Verborum
966 2919 1015 2973 ob·
1053 2933 1146 2982 mento
1156 2922 1414 2997 Stygiseonfirmattt
1423 2918 1529 2974 censeri
1540 2917 1665 2989 possint:
1685 2932 1751 2970 cum
1760 2922 1845 2969 metu

221 3015 317 3087 saquis
331 3019 469 3085 praestem.
508 3011 554 3065 Ex
571 3009 624 3063 hac
642 3002 834 3061 cousuetudine
854 3000 1016 3069 depravatos
1053 3006 1140 3061 subsit
1162 3004 1296 3059 interdicti
1319 3001 1393 3056 illins
1416 3007 1444 3053 ot
1467 2997 1654 3068 suspensionis
1677 3014 1695 3050 s
1718 2993 1845 3049 oonsisiis

221 3103 250 3149 et
263 3096 380 3158 indotos,
395 3098 423 3147 et
436 3091 545 3145 tandem
560 3084 737 3141 admiratione
756 3081 798 3137 sui
815 3080 902 3150 ipsius
915 3079 1016 3132 attoni·
1053 3086 1182 3150 deorums
1203 3084 1254 3138 sub
1267 3099 1321 3152 quo
1334 3080 1443 3134 nomine
1457 3077 1566 3149 imperii
1584 3078 1650 3144 jura
1668 3085 1698 3129 et
1717 3089 1845 3145 preroga

223 3182 273 3238 tos,
287 3173 357 3227 mira
370 3177 486 3240 occupat
498 3168 604 3224 desidia
623 3173 651 3219 et
666 3163 771 3224 inertis,
785 3167 816 3214 ut
833 3175 943 3229 prorsus
962 3164 1016 3212 tor·
1055 3165 1125 3230 tion,
1139 3172 1169 3219 ot
1181 3161 1320 3217 nfflnsntin
1332 3166 1361 3213 st
1374 3157 1490 3214 inlicitas
1500 3156 1619 3226 antiquis
1633 3155 1827 3227 significantur.

222 3259 312 3324 pensu,
323 3258 351 3306 et
359 3251 432 3305 omni
442 3249 536 3320 rigore
546 3255 575 3303 et
585 3245 723 3299 alacritate
731 3240 920 3295 destituantur.
955 3237 1017 3291 Ele·

222 3339 319 3403 gauter
343 3338 435 3385 sutem
462 3328 575 3383 sumitur
600 3326 651 3379 flos
678 3336 776 3376 vernus
802 3318 836 3372 ad
862 3315 1017 3387 hujusmodi

223 3411 397 3479 ingeniorum
423 3406 635 3467 similitudinem,
661 3419 725 3455 cum
754 3397 804 3453 illa
829 3396 941 3467 ingenia
967 3397 1018 3450 sub
1095 3396 1240 3460 Aurium*
1255 3397 1410 3452 universam
1422 3399 1547 3448 usturam
1566 3390 1618 3446 sub
1633 3406 1750 3461 persona
1767 3386 1845 3443 Panis

223 3490 303 3546 initia
319 3505 369 3543 sua
387 3490 501 3543 floreant
518 3495 546 3539 et
564 3483 739 3543 celebrentur,
758 3478 805 3532 sed
824 3486 903 3532 aetate
923 3477 1018 3529 coufir—
1056 3478 1266 3549 diligentissime
1286 3477 1504 3544 descripseruntt
1538 3470 1620 3539 hujus
1647 3468 1846 3541 generationem

223 3576 299 3624 mata
312 3566 545 3638 exspectationem
558 3564 592 3617 de
606 3562 641 3616 iis
654 3565 812 3629 conceptam
829 3555 978 3610 destituant
991 3561 1018 3608 et
1057 3558 1085 3610 in
1112 3558 1195 3612 dnbio
1220 3557 1382 3627 relinquunt.
1424 3551 1479 3606 dlii
1506 3551 1579 3606 euim
1603 3559 1731 3604 asserunt
1749 3562 1846 3602 eume

224 3648 394 3703 frustrentur.
435 3644 539 3699 Eodem
560 3643 684 3713 pertinet,
698 3638 770 3709 quod
790 3637 841 3689 ilos
854 3634 900 3689 ille
914 3634 968 3688 diis
980 3634 1019 3687 in·
1057 3636 1195 3693 Mercurio
1205 3638 1341 3708 genitumt
1362 3632 1502 3702 aliilonge
1512 3629 1594 3684 aliam
1603 3628 1789 3701 generationis
1801 3625 1847 3679 ior-

224 3727 291 3783 ieris
305 3742 383 3781 sacer
396 3725 448 3789 sits
470 3723 535 3793 quia
548 3722 673 3776 homiues
686 3717 749 3772 talis
762 3714 861 3770 indolis
875 3715 910 3769 sd
927 3713 1020 3767 omnia
1057 3733 1130 3771 mam
1143 3717 1170 3771 ei
1182 3717 1317 3777 tribuuntt
1338 3713 1415 3766 aiunt
1428 3711 1502 3765 enim
1516 3725 1614 3780 procos
1632 3708 1774 3762 universos
1791 3721 1847 3758 enm

225 3805 336 3861 inutiles
343 3820 453 3877 prorsus
464 3802 589 3858 eandm.
624 3796 756 3867 Quicquid
770 3792 1020 3849 autemnullumex
1058 3795 1194 3866 Penelope
1206 3813 1263 3850 rem
1275 3792 1411 3857 habuisse,
1422 3808 1458 3846 ex
1472 3805 1527 3859 quo
1540 3788 1698 3860 prorumcno
1711 3785 1847 3840 ooncubitn

225 3885 382 3941 seiructum
396 3883 460 3948 edit,
475 3882 523 3936 sed
537 3878 687 3950 (relativis
699 3875 776 3930 uaris
790 3873 819 3927 in
832 3874 914 3941 mari)
924 3874 1020 3926 nsunt
1058 3875 1135 3930 Pnnn
1148 3890 1317 3930 sonnonem
1330 3870 1415 3926 filium
1428 3876 1518 3923 ortnnt
1531 3884 1602 3923 esse.
1644 3866 1736 3938 Atque
1754 3867 1783 3919 in
1800 3861 1847 3916 has

226 3972 255 4020 et
274 3963 386 4028 labitur,
398 3964 428 4017 id
448 3960 521 4032 apud
540 3960 666 4031 antiquos
686 3954 788 4011 umbris
808 3961 838 4009 et
856 3953 909 4007 diis
925 3951 1020 4007 inieris
1059 3956 1206 4024 posteriore
1220 3952 1384 4015 narratione,
1402 3946 1587 4020 proculdubio.
1602 3945 1691 4017 aliqui
1710 3963 1747 4000 er
1764 3958 1849 3997 roseo·

227 4043 379 4100 consecrari
393 4040 508 4098 solebat.
1060 4035 1172 4088 tioribus
1185 4033 1268 4088 reteri
1282 4029 1381 4085 isbulae
1398 4044 1499 4083 nomen
1516 4026 1673 4096 Penelopes
1695 4026 1847 4094 imposuere.

1061 4114 1132 4185 quod
1145 4121 1173 4168 et
1186 4113 1339 4184 frequenter
1349 4108 1458 4172 iaciunt,
1472 4124 1535 4161 curn
1547 4106 1724 4160 uenationes
1736 4099 1846 4173 antiqui·

1060 4210 1121 4248 ores
1134 4192 1170 4247 ad
1182 4207 1312 4262 personas
1324 4199 1353 4243 et
1365 4187 1477 4242 nomina
1486 4185 1597 4254 juniora
1607 4185 1761 4246 mosomi,
1774 4182 1847 4252 idqse

268 4274 463 4331 Psssswmffl
476 4282 518 4330 t⁸l
530 4273 696 4336 numlibet
708 4270 738 4325 51¹
750 4268 934 4340 compluribffl
948 4267 1023 4321 fibu-
1061 4272 1222 4344 quaudoque
1236 4269 1350 4324 absurde
1363 4275 1392 4322 et
1410 4265 1511 4321 insulse
1522 4288 1530 4331 ;
1560 4272 1591 4319 nt
1611 4263 1660 4318 hic
1673 4279 1783 4319 cernere
1796 4269 1848 4317 osta

1284 3299 1322 3338 rr.
1343 3298 1406 3346 ean,
1420 3296 1483 3335 srva
1495 3294 1620 3335 narnus.

451 4182 477 4221 r.
499 4182 579 4230 surr,
594 4178 659 4218 ειη
673 4150 800 4217 innisa

144 4368 148 4374 ’
229 4355 265 4410 lis
285 4355 473 4424 interponitur,
494 4355 528 4409 de
548 4354 630 4409 unico
652 4351 701 4406 illo
724 4351 962 4419 juramentoque
985 4346 1022 4401 dii
1061 4369 1123 4406 cum
1136 4351 1196 4406 Pan
1209 4368 1245 4405 ex
1255 4344 1520 4420 antiquissimisdiis‚
1530 4351 1557 4398 et
1566 4343 1648 4413 longe
1660 4351 1726 4397 ante
1737 4350 1851 4410 tenpore

230 4434 320 4505 superi
335 4450 364 4487 se
383 4433 549 4504 obstringere
568 4432 702 4493 solebant,
716 4446 778 4483 cum
796 4427 965 4500 pmnitentiae
982 4424 1023 4479 lo·
1063 4431 1168 4501 Ulyssis
1179 4429 1267 4493 fuerit,
1277 4438 1359 4500 atque
1369 4428 1479 4495 iusuper
1488 4423 1626 4493 Penelope
1637 4419 1850 4477 obmatroualear

230 4531 292 4569 cum
306 4511 447 4568 sibinullo
460 4513 542 4568 modo
557 4510 674 4581 relinqui
688 4508 821 4563 volebant.
863 4505 934 4561 Illud
951 4506 1025 4574 jura·
1063 4511 1214 4565 omtitstsm
1228 4507 1380 4578 antiquitati
1390 4503 1552 4560 venerabilis
1562 4502 1721 4558 haberetur.
1760 4501 1851 4569 Neque

230 4601 353 4648 mentum
367 4591 471 4646 nullam
484 4593 654 4660 majestatem
668 4587 816 4651 coelestem,
830 4585 936 4641 nullum
952 4586 1025 4640 sttri·
1063 4588 1291 4661 pintamittenda
1300 4595 1341 4641 est
1354 4585 1432 4640 tertis
1442 4582 1491 4637 illa
1500 4582 1688 4654 generationis
1697 4580 1851 4651 explicatio:

230 4673 326 4728 butum
339 4671 460 4726 divinum
470 4672 618 4726 advocabat
627 4678 656 4724 et
665 4668 827 4732 testabatun
848 4665 1025 4736 sedStygem,
1064 4669 1177 4740 quidam·
1186 4668 1258 4721 enim
1271 4666 1446 4737 prodiderunt
1458 4680 1522 4718 eum
1534 4661 1551 4716 J
1554 4661 1613 4716 oris
1626 4669 1657 4716 et
1676 4661 1811 4731 Hybreos
1829 4656 1853 4710 id

231 4752 343 4807 flurium
358 4751 494 4822 quendam
508 4751 579 4821 apud
593 4748 763 4819 interosqui
777 4746 846 4800 atria
858 4745 941 4812 Ditis,
956 4744 1025 4799 urul-
1064 4756 1113 4813 est,
1123 4747 1302 4811 contumelia,
1312 4745 1397 4799 tilium
1406 4742 1498 4798 inisse.
1526 4741 1674 4811 Utcunque
1687 4748 1757 4806 orto,
1767 4740 1853 4794 essee

231 4832 267 4888 tis
287 4832 368 4901 spiris
381 4830 537 4895 intertirsus,
549 4830 686 4900 cingebat.
730 4827 798 4881 Haec
819 4825 892 4880 enim
909 4823 1027 4879 formula
1064 4827 1105 4881 illi
1125 4844 1229 4882 sorores
1245 4826 1329 4881 fuisse
1350 4823 1535 4895 perhibentur.
1575 4821 1693 4891 Effigies
1706 4829 1798 4876 antem
1812 4817 1854 4872 ea

232 4910 394 4966 sacramenti
418 4909 482 4974 sola,
504 4926 592 4981 neque
615 4915 792 4978 praeteream
813 4903 869 4959 alia
892 4903 1026 4975 quaepiam
1064 4907 1107 4960 nis
1122 4906 1183 4962 talis
1196 4906 1232 4960 ab
1244 4905 1403 4976 antiquitate
1416 4901 1592 4957 describitur:
1624 4908 1763 4962 cornutus,
1776 4897 1855 4952 corni·

231 4992 310 5044 firme
322 4990 419 5043 habita
432 4999 474 5045 est
488 4998 515 5042 et
532 4986 713 5042 inviolabilis:
733 4985 838 5039 scilicet
854 4983 1028 5037 incumbebat
1064 4987 1116 5041 bns
1129 5003 1215 5057 nsque
1225 4985 1261 5037 ad
1270 4983 1368 5038 coslum
1379 4982 1533 5053 fastigiatis,
1544 4996 1659 5050 corpore
1672 4987 1729 5033 toto
1739 4977 1854 5048 hispido

231 5086 313 5140 poeua
325 5069 445 5139 perjurii,
460 5069 513 5122 diis
526 5066 661 5137 imprimis
674 5064 826 5128 metuenda,
840 5069 870 5117 ut
883 5062 931 5133 qui
952 5061 1027 5116 ieiel-
1066 5065 1225 5128 otvillosus,
1236 5064 1320 5118 barba
1330 5061 1465 5132 imprimis
1476 5060 1620 5131 promissa.
1661 5058 1769 5129 Figura
1780 5056 1855 5110 biior·

231 5148 316 5212 lisset,
330 5149 365 5201 ad
378 5149 490 5203 deorum
504 5145 629 5201 convivia
641 5161 691 5214 per
703 5151 778 5198 certa
791 5158 923 5197 annorum
939 5142 1028 5212 spatie
1065 5145 1126 5211 mis,
1139 5145 1261 5199 humana
1281 5142 1371 5214 quoad
1394 5141 1542 5212 superiora,
1557 5138 1607 5192 sed
1630 5138 1770 5201 semifero,
1784 5143 1813 5190 et
1833 5134 1854 5186 is

231 5245 285 5282 nou
300 5227 450 5283 accederet.
1067 5243 1156 5296 caprae
1179 5224 1262 5294 pedes
1282 5221 1416 5276 desinens.
1469 5218 1603 5273 Gestabat
1625 5225 1719 5272 autern
1741 5212 1857 5286 insignit

271 5307 378 5361 Fabula
395 5306 428 5360 de
443 5304 589 5360 foederibua
602 5306 631 5358 et
642 5300 729 5370 pactis
743 5300 896 5371 principum
915 5300 1030 5354 conficte
1067 5304 1215 5376 potestatis,
1229 5302 1340 5358 sinistra
1353 5299 1477 5364 fistulam,
1492 5316 1527 5353 ex
1541 5303 1648 5369 septem
1662 5297 1776 5351 calamis
1788 5309 1858 5348 coro·

232 5385 355 5439 'idam
376 5385 406 5437 in
420 5384 518 5455 (ΨΜ
531 5381 600 5436 illud
613 5380 699 5434 nimi⁰
707 5379 777 5448 plu*
784 5396 874 5471 ,quam
885 5387 1029 5471 ⁰9⁰3&ss
1096 5416 1111 5442 ⁶
1127 5413 1219 5461 Fabula
1228 5412 1279 5459 brec
1290 5410 1416 5467 iuvenitur,
1428 5409 1453 5457 in
1462 5409 1523 5455 libro
1533 5405 1637 5456 secundo
1649 5409 1665 5432 “
1674 5405 1713 5454 De
1723 5402 1859 5466 Augmentis

232 5479 326 5517 rerum
336 5469 385 5528 eat,
398 5462 508 5531 foedera,
516 5474 678 5532 quacunque
687 5458 847 5514 solennitate
859 5464 886 5514 et
898 5460 1030 5530 religione
1068 5473 1250 5529 scientiarum‘·
1262 5475 1332 5517 nuces
1341 5476 1364 5516 et
1374 5466 1521 5528 locupletata„
