3800 5875
183 282 240 336 280
837 279 1024 336 lucrosis
1045 278 1143 335 vtae.

183 440 293 492 suntab
307 439 413 494 illamm
428 441 566 494 nationum
583 439 725 508 indigenis
770 439 829 493 Viri
849 439 971 508 primarii
1006 437 1176 508 pascebatur,
1190 436 1255 491 lieet
1270 437 1439 505 mensaeJ'us
1452 434 1561 491 ferculis
1574 434 1637 490 aliis
1650 433 1798 489 ncudesti·

183 519 294 588 aliquot,
308 519 371 573 dum
392 519 480 573 adhuc
501 520 529 572 in
544 519 612 572 vivis
632 519 690 581 fuit,
708 517 812 571 nullam
832 517 915 572 aliam
936 518 972 572 ob
1006 523 1134 571 tueretur.
1176 515 1338 571 Persuasum
1352 512 1800 583 habeaailiudnullatenusipsum

183 615 293 651 causam
307 598 535 668 hucinhnglism
545 597 758 661 transfretarunt,
769 614 850 667 quam
865 605 895 651 ιιι
908 613 971 651 eum
1006 595 1160 667 neglexisse
1182 595 1254 665 quod
1276 595 1306 648 in
1326 594 1437 665 scriptis
1457 594 1515 650 sais
1533 594 1614 648 toties
1626 593 1801 648 decantatum

183 678 377 746 conspicerent,
392 684 421 730 et
440 694 501 731 cum
515 694 548 731 eo
560 693 651 730 coram
668 676 794 746 loquendi
816 676 971 746 opportuni·
1006 674 1132 743 reperies,
1146 689 1224 729 usum
1234 674 1364 728 nimirum
1374 670 1498 728 cr'ebrum
1507 674 1585 738 nitri;
1598 673 1677 741 eujus
1688 671 1799 743 quidem

183 762 264 809 tatem
279 763 424 827 captarent,
440 772 552 826 quorum
565 772 647 809 unum
665 755 770 825 pictura
782 771 839 819 sua,
852 772 869 808 a
882 756 971 825 capite
1006 753 1269 825 granscircitertria
1279 752 1399 824 quotidie
1409 754 1439 806 in
1449 751 1639 820 iusculotenui
1653 759 1683 805 et
1697 751 1799 821 tepido,

183 835 218 889 ad
229 835 310 903 pedes
320 852 405 906 usque
417 834 560 896 delineata,
570 834 599 887 in
611 833 727 889 Galliam
739 851 830 888 secum
839 835 972 904 portanda
1006 850 1056 903 per
1068 832 1180 902 triginta
1193 834 1228 886 sd
1241 833 1330 887 minus
1345 848 1430 887 annos
1443 831 1598 886 immediate
1611 837 1728 886 mortem
1742 830 1802 898 εἱιιι

183 913 309 969 donavit:
325 931 405 985 quam
416 913 517 983 hospes
526 913 573 968 ille
582 920 710 984 tanquam
719 930 777 968 rem
787 914 971 983 gratissimam
1006 912 1203 975 antecedentes,
1217 928 1297 967 mane
1318 911 1442 981 sumpsit.
1482 910 1620 971 Quantum
1633 909 1670 964 ad
1689 910 1801 965 medici·

182 993 365 1047 conterraneis
380 993 438 1048 suis
452 993 567 1047 futuram
581 993 669 1047 fassus
683 1001 739 1058 est,
757 999 787 1047 ut
800 992 838 1046 ita
851 992 971 1063 imagine
1006 1008 1086 1055 nam;
1102 1008 1195 1045 verum
1204 999 1254 1055 est,
1263 990 1367 1045 medice
1376 1006 1439 1044 eum
1447 989 1556 1056 vixisse,
1565 990 1615 1045 sed
1627 1004 1684 1043 non
1693 989 1801 1044 misere.

182 1088 304 1143 persona
324 1088 378 1126 nou
400 1088 486 1136 secus,
506 1089 538 1126 ac
559 1072 724 1144 imaginibus
750 1072 853 1126 cerebri
881 1070 971 1141 (libris
1007 1069 1149 1141 Siquidem
1167 1068 1606 1140 rbabsrbsrisesquidrschmam,
1619 1074 1648 1124 et
1667 1084 1726 1122 non
1745 1085 1802 1123 am-

181 1152 323 1218 nimirum)
338 1151 496 1220 potirentur.
532 1151 606 1206 Inter
613 1159 723 1206 caeteros
733 1149 855 1204 marchio
867 1150 969 1215 Fiatus,
1006 1148 1122 1219 plius,in
1135 1149 1236 1204 haustu
1245 1150 1382 1203 cerevisia
1395 1148 1493 1204 etvini
1503 1147 1559 1201 albi
1572 1147 1656 1202 simul
1670 1148 1803 1203 wmmix-

182 1230 281 1284 nobilis
295 1229 397 1294 Gallus,
412 1229 458 1301 qui
472 1230 579 1301 legatus
592 1230 620 1284 in
634 1229 761 1301 Angliam
775 1238 886 1283 venerat
898 1246 971 1285 anno
1006 1234 1093 1283 torum
1107 1228 1142 1282 sd
1154 1228 1274 1300 spatium
1287 1227 1442 1283 semi-horre
1454 1226 1537 1282 infusi
1547 1234 1575 1282 et
1586 1227 1722 1281 macerati
1737 1228 1802 1300 (sex

182 1310 271 1380 primo
294 1308 391 1362 Marisa
411 1310 521 1380 regina,
541 1309 632 1364 Caroli
654 1310 727 1380 regis
747 1317 845 1379 nuptm,
864 1309 970 1379 ingenti
1006 1315 1054 1362 aut
1070 1317 1175 1378 septem
1192 1307 1289 1362 diebus
1309 1307 1470 1376 interiectis)
1488 1306 1616 1361 continuo
1634 1306 1801 1376 sumpserit:

183 1388 266 1442 animi
280 1388 375 1442 ardore
394 1404 457 1443 eum
475 1388 608 1443 invisendi
629 1399 723 1459 captus
736 1397 786 1442 est.
828 1387 871 1442 Ad
889 1404 971 1459 quam
1006 1387 1087 1457 idque
1101 1386 1185 1457 paulo
1198 1395 1260 1441 ante
1271 1387 1361 1442 cibum
1370 1386 1440 1456 (sive
1454 1385 1604 1457 prandium,
1613 1385 1803 1453 sivecoensm)

182 1484 240 1522 rem
254 1467 481 1538 opportunitatem
495 1475 599 1533 nactus,
613 1476 641 1521 et
659 1466 812 1522 cubiculum
831 1467 971 1538 ingressus
1006 1482 1061 1535 quo
1075 1467 1165 1522 minus
1179 1482 1279 1536 corpus
1293 1466 1456 1520 desiccaret:
1470 1464 1543 1535 quod
1556 1460 1715 1535 (sicutipse
1729 1481 1803 1519 ame-
1876 1459 1877 1466 '

182 1562 239 1617 pra
259 1546 416 1600 infirmitate
436 1546 466 1600 in
490 1544 590 1601 lectulo
613 1546 805 1610 decumbentis,
829 1545 900 1616 stylo
922 1545 971 1600 ali·
1006 1544 1073 1614 ruit)
1087 1546 1216 1602 humores
1229 1544 1580 1614 excrementitioscorporis
1593 1542 1698 1614 saepius
1710 1559 1803 1614 aspor-

183 1633 310 1696 qusntum
320 1626 462 1698 grandiore
473 1643 534 1680 enm
546 1626 655 1680 adortus
664 1635 712 1690 est,
728 1631 744 1657 ⁸⁴
752 1625 970 1680 Dominationem
1007 1631 1092 1691 taret3
1123 1624 1235 1695 spiritus
1261 1632 1353 1679 autem
1380 1624 1509 1679 exhalare
1538 1639 1595 1678 non
1621 1629 1802 1693 provocaret,

183 1722 260 1760 susm
273 1705 325 1758 sibi
343 1722 451 1775 semper
463 1704 569 1777 angelis
582 1705 700 1760 similem
714 1706 810 1769 fuisse;
825 1704 858 1759 de
873 1704 970 1776 quibus
1007 1704 1076 1759 sieut
1088 1704 1200 1760 sudores
1213 1703 1323 1773 repetiti
1341 1703 1453 1758 faciunt.
1487 1702 1550 1756 Jam
1565 1700 1705 1757 tantillum
1718 1702 1804 1757 medi·

182 1783 268 1838 mults
281 1784 315 1836 sd
329 1783 403 1838 illius
417 1800 495 1838 sures
508 1792 732 1855 perveneruntet
745 1783 971 1838 inlibrissimili-
1006 1782 1075 1837 cinae
1089 1799 1203 1847 sumere,
1214 1783 1343 1837 miserum
1355 1799 1410 1837 uon
1424 1782 1485 1838 fuit.
1526 1780 1595 1836 altis
1609 1788 1703 1836 autem
1717 1781 1803 1837 medi-

182 1871 223 1917 ter
245 1863 378 1926 lectitarit,
401 1863 449 1918 sed
472 1879 520 1916 eos
542 1879 678 1933 nunqnam
699 1880 790 1917 coram
814 1864 970 1935 conspicere
1006 1863 1137 1917 camentis
1151 1861 1387 1935 (quicquidvnlgo
1397 1862 1531 1930 jactatum
1544 1860 1608 1928 fuit)
1622 1861 1804 1916 nonomnino

182 1959 340 1996 concessum
355 1941 434 1997 fuit.”
476 1940 726 2013 Aquocongressu
745 1949 822 1997 tanta
839 1944 909 1997 inter
922 1958 970 1997 eos
1006 1943 1134 1997 manavit.
1175 1941 1336 1996 Remedium
1345 1940 1472 1996 adversus
1486 1941 1643 2012 podagram,
1651 1940 1733 2008 cujus
1741 1941 1803 2012 ipsa

183 2021 304 2076 amicitis
317 2021 385 2074 inita
399 2020 459 2085 fnit,
473 2027 501 2075 et
514 2021 635 2075 marchio
648 2038 709 2076 eum
730 2029 805 2075 tanta
819 2022 971 2076 reverentia
1006 2028 1101 2075 auctor
1114 2020 1175 2086 fuit,
1186 2020 1310 2091 quodque
1320 2020 1395 2074 intra
1404 2020 1523 2091 spatium
1535 2019 1666 2075 horarum
1677 2020 1803 2086 duarum,

183 2106 341 2170 prosecutus
354 2107 404 2164 est,
419 2107 448 2153 ut
461 2107 559 2170 prater
571 2100 738 2155 visitationes
752 2101 869 2163 crebras,
882 2101 970 2156 litere
1006 2101 1105 2171 saepius
1119 2108 1241 2171 experto,
1255 2099 1375 2156 dolorem
1388 2099 1491 2166 lenivit,
1501 2105 1578 2155 extat
1589 2098 1620 2153 iu
1633 2098 1689 2154 linc
1704 2105 1722 2131 ‘⁴
1737 2100 1803 2154 His-

182 2180 299 2233 invicem
313 2178 363 2234 sub
376 2179 528 2234 nominibus
543 2187 570 2232 et
589 2179 673 2233 titulis
686 2180 771 2250 patris
785 2188 813 2233 et
826 2179 875 2234 filii
889 2182 971 2236 inter·
1006 2180 1083 2233 toriae
1096 2179 1252 2234 naturalis.”

183 2258 323 2312 cesserint.
376 2257 452 2319 Quod
479 2259 515 2313 sd
540 2257 715 2314 salutationes
740 2259 895 2314 innumeras
921 2277 971 2330 per
1046 2258 1203 2314 Verisimile
1222 2265 1272 2325 est,
1291 2258 1387 2321 lunam
1405 2259 1434 2313 in
1454 2258 1573 2313 themate
1593 2257 1654 2327 dus
1675 2258 1805 2314 natalitio

183 2338 320 2407 epistolas,
346 2336 381 2391 ab
402 2345 555 2393 exterarum
578 2338 717 2393 nationum
738 2339 802 2392 viris
826 2339 970 2409 primariis,
1006 2339 1172 2409 precipuum
1185 2338 1304 2410 aliquem
1317 2338 1407 2394 locum
1424 2336 1521 2409 (veluti
1534 2337 1563 2392 iu
1576 2337 1740 2409 horoscopo,
1753 2345 1805 2393 ant

183 2417 324 2486 sapientia
335 2424 381 2470 aut
393 2417 525 2472 bonarum
538 2418 634 2472 artium
648 2419 736 2473 studio
745 2417 853 2485 deditis,
864 2420 970 2485 missas,
1007 2417 1095 2471 medio
1106 2417 1180 2488 coeli)
1190 2419 1318 2473 tenuisse.
1359 2419 1470 2480 Quoties
1478 2417 1550 2472 enim
1564 2416 1805 2482 lunadefecitaut

182 2495 253 2550 nihil
271 2495 317 2550 hic
334 2496 420 2562 add03
440 2505 532 2568 utpote
551 2515 610 2551 rem
631 2498 692 2553 aliis
705 2497 825 2553 melioris
838 2507 909 2553 nota
921 2498 971 2554 ho·
1006 2496 1130 2568 eclipsim
1141 2498 1430 2569 passaestrepentino
1440 2495 1805 2568 animideliquiocorreptua

183 2575 302 2631 minibus
317 2592 377 2629 cum
392 2593 425 2630 eo
438 2593 616 2632 communem.
1006 2575 1076 2631 fnit:
1096 2577 1177 2647 idque
1191 2577 1274 2631 etism
1287 2576 1425 2632 sinullam
1439 2575 1600 2631 defectionis
1612 2575 1720 2632 lunaris
1733 2576 1806 2631 noti·

222 2653 286 2708 Jam
312 2671 376 2711 vero
397 2672 460 2709 cum
483 2656 517 2710 de
540 2655 613 2710 fama
635 2657 693 2726 ejus
716 2658 827 2722 dissero,
852 2656 971 2728 intelligi
1006 2655 1072 2710 tiam
1085 2656 1216 2726 praeviam
1234 2656 1383 2711 habuisset.
1409 2655 1614 2725 Quamprimum
1629 2663 1724 2710 sutem
1737 2654 1806 2711 luna

182 2733 273 2799 velim,
287 2751 318 2788 ac
333 2735 398 2788 siin
412 2734 481 2805 stylo
495 2751 548 2789 non
562 2736 708 2801 exclusivo,
721 2738 770 2792 sed
787 2738 970 2807 comparativo
1006 2734 1102 2790 lumini
1122 2736 1206 2807 priori
1223 2736 1347 2792 restituta
1359 2735 1464 2802 fuisset,
1477 2734 1622 2790 confestim
1634 2734 1806 2792 refocillabis

182 2821 287 2867 tantum
312 2813 473 2869 scriberem:
504 2815 578 2869 farne
604 2816 677 2870 enim
705 2817 766 2885 ejus
790 2817 872 2871 eham
898 2816 971 2887 apud
1006 2823 1056 2879 est,
1071 2822 1100 2869 et
1113 2814 1258 2871 convaluit.

183 2891 288 2964 Anglos
308 2910 370 2949 suos
384 2910 437 2949 non
450 2895 563 2950 flaccida
581 2905 627 2950 aut
647 2896 761 2960 enervis,
777 2896 824 2951 sed
839 2896 930 2950 vivida
943 2903 971 2951 et
1046 2892 1123 2950 Obiit
1138 2896 1180 2951 ιι0
1194 2896 1238 2951 dis
1249 2894 1360 2967 Aprilis,
1369 2909 1590 2960 amoancxxvr,
1600 2910 1711 2951 summo
1721 2911 1803 2952 mane

182 2982 279 3044 vegeta
291 2982 346 3038 est;
361 2975 495 3044 praecipue
515 2975 588 3046 apud
601 2993 655 3040 eos,
670 2976 717 3046 qui
730 2976 840 3047 ingenio
853 2976 971 3030 acutiore
1007 2973 1081 3029 illius
1099 2976 1153 3029 diei
1175 2976 1221 3046 qui
1235 2976 1264 3030 in
1279 2976 1377 3030 festum
1391 2973 1595 3030 resurrectionis
1607 2974 1724 3029 Domini
1738 2984 1805 3030 tunc

169 3050 211 3106 'et
224 3052 388 3118 sublimiore,
401 3055 544 3109 emineant
585 3055 671 3131 Cujus
691 3057 732 3109 rei
746 3056 901 3109 testimonis
914 3063 972 3110 tan·
1006 3053 1105 3118 illuxit,
1119 3056 1206 3109 aetads
1227 3054 1400 3125 sexagesimo
1419 3061 1505 3119 sexto,
1519 3054 1593 3125 apud
1606 3054 1682 3109 redes
1694 3055 1806 3110 comitia

182 3140 241 3186 tum
262 3133 316 3186 duo
336 3133 454 3187 inserere
474 3133 547 3196 libet,
567 3142 595 3188 et
616 3150 671 3188 non
694 3134 780 3205 plura
820 3135 901 3190 Prius
921 3141 970 3200 est,
1008 3132 1163 3188 Arundelioe
1176 3135 1205 3188 in
1219 3134 1285 3188 villa
1299 3134 1333 3187 de
1351 3132 1503 3204 High·gate
1523 3149 1609 3205 prope
1627 3133 1804 3199 Londinum;

182 3229 244 3265 cum
265 3212 420 3267 “Historia
436 3214 514 3284 regni
535 3213 647 3267 Henricl
662 3215 770 3284 septimi
781 3215 797 3242 ’⁹
815 3215 873 3283 jam
887 3213 972 3284 praelo
1007 3213 1042 3268 ad
1062 3229 1143 3283 quem
1163 3212 1260 3278 locum,
1275 3212 1360 3268 animi
1380 3211 1527 3278 reficiendi,
1541 3228 1595 3267 non
1615 3214 1804 3268 commorandi

182 3298 288 3346 matura
301 3290 389 3357 fuerit,
404 3291 516 3346 Falconi
530 3292 625 3347 baroni
638 3292 746 3347 Broolro
759 3310 776 3346 a
788 3292 805 3346 J
808 3293 892 3348 acobo
906 3310 971 3365 rege
1007 3292 1104 3363 gratis,
1112 3302 1174 3348 ante
1186 3293 1245 3347 dies
1255 3299 1315 3347 octo
1323 3308 1388 3347 casu
1401 3291 1516 3356 devenit,
1525 3291 1586 3346 Deo
1596 3292 1636 3345 sic
1647 3293 1804 3359 ordinante,

182 3370 346 3440 perlegenda
366 3370 466 3425 tradita
487 3378 543 3425 est:
564 3373 596 3435 is,
615 3388 676 3424 cum
697 3379 781 3426 totam
801 3372 969 3439 absolvisset,
1006 3378 1038 3425 ut
1063 3370 1119 3425 illic
1147 3373 1266 3426 animam
1293 3372 1405 3435 efflaret,
1427 3389 1443 3425 e
1467 3370 1537 3425 febri
1559 3370 1641 3437 lenta,
1660 3389 1718 3426 uns
1739 3389 1803 3427 cnm

182 3449 235 3503 hoc
250 3450 380 3520 elogioad
394 3458 528 3504 auctorem
537 3452 649 3515 remisit,
665 3451 914 3506 “commendatum
926 3468 970 3507 me
1006 3451 1133 3506 catarrho
1145 3451 1321 3516 vehemente;
1341 3450 1412 3505 unde
1432 3450 1530 3504 humor
1547 3451 1616 3504 adeo
1633 3452 1746 3521 copiose
1767 3452 1804 3506 ad

181 3528 284 3583 habeas
295 3528 471 3584 dominationi
485 3547 556 3593 suam
571 3537 598 3584 et
609 3547 691 3584 exora
701 3548 771 3595 eum,
780 3539 810 3584 nt
820 3531 853 3584 de
867 3548 972 3602 papyro
1007 3536 1100 3599 pectus
1114 3529 1173 3605 ejus
1187 3531 1308 3596 defluxit,
1323 3538 1354 3584 ut
1373 3547 1422 3600 per
1439 3529 1643 3584 suffocationem
1664 3531 1804 3587 extinctus

182 3616 211 3661 et
234 3616 382 3662 atramento
405 3608 475 3663 bono
497 3611 677 3679 comparando
703 3627 795 3664 curam
824 3610 970 3681 suscipiat;
1007 3608 1051 3663 sit.
1074 3608 1202 3678 Sepultus
1212 3616 1303 3664 summ
1314 3617 1356 3664 est
1368 3610 1397 3663 in
1406 3607 1522 3663 ecclesia
1535 3609 1626 3663 Sancti
1641 3609 1803 3676 Michaelis,

183 3703 250 3757 opus
269 3689 341 3742 enirn
355 3689 444 3758 ipsum
458 3689 671 3758 supereminet.”
713 3688 837 3743 Altemm
852 3690 970 3744 doctoris
1008 3688 1071 3741 fano
1096 3688 1189 3743 Sancti
1212 3687 1312 3743 Albani
1332 3688 1431 3753 vicina,
1454 3688 1515 3742 loco
1540 3689 1676 3758 supremis
1701 3690 1804 3745 tabulis

183 3765 317 3835 Samuelis
331 3766 474 3832 Collini,in
488 3766 589 3837 inclyta
602 3767 742 3822 academia
751 3767 970 3839 cantabrigiensi
1006 3766 1151 3837 sepultura
1160 3785 1216 3822 sure
1229 3768 1373 3822 destinato:
1388 3775 1445 3822 tum
1456 3768 1519 3838 quia
1529 3769 1692 3837 matrisejus
1701 3787 1804 3841 eorpus

182 3862 268 3917 nuper
293 3853 321 3900 et
347 3845 491 3917 theologias
518 3847 676 3918 professoris
704 3848 782 3918 regii,
807 3856 835 3902 et
859 3848 969 3919 collegii
1006 3845 1140 3900 ineadem
1154 3846 1421 3902 ecclesiahumstum
1434 3846 1589 3914 recumbat3
1604 3856 1661 3903 tum
1680 3850 1803 3920 quisce·

182 3925 283 3994 regalis
298 3926 442 3995 prepositi,
456 3926 507 3980 viri
522 3927 632 3982 minime
647 3926 766 3997 vulgaris
780 3927 901 3997 ingenii;
924 3927 971 3998 qui
1007 3924 1090 3978 clesia
1099 3925 1191 3980 illaex
1203 3927 1395 3981 urbisvetustm
1404 3924 1553 3982 Verulamii
1567 3927 1711 3982 ruderibus
1719 3928 1801 3984 hodie

182 4004 252 4058 mihi
266 4004 319 4074 ipsi
335 4005 404 4072 (sive
417 4005 519 4069 festive,
534 4007 590 4061 sive
605 4005 691 4073 serio)
705 4007 854 4070 affirmavit,
866 4012 882 4037 ‘⁴
893 4006 971 4066 Quod
1007 4004 1066 4058 sols
1079 4013 1215 4075 superstes
1228 4005 1271 4060 sit.
1312 4005 1367 4058 Ubi
1386 4010 1588 4061 monumentum
1608 4005 1770 4077 praclarum
1784 4025 1802 4063 e

181 4091 324 4154 postquam
331 4082 430 4138 librum
438 4082 483 4137 Ds
488 4089 614 4159 prosecta
621 4087 795 4140 scientiarum
803 4084 970 4155 perlegisset,
1008 4100 1140 4138 marmore
1153 4085 1268 4139 candido
1280 4084 1309 4138 in
1322 4087 1478 4138 memoriam
1493 4084 1566 4139 illius
1579 4093 1747 4142 exstructum
1760 4096 1802 4142 est

183 4179 217 4216 eo
233 4179 263 4216 se
285 4162 409 4216 adactum
430 4166 571 4233 putaverit,
587 4171 618 4219 ut
638 4164 727 4219 studia
742 4181 793 4218 sua
812 4164 845 4218 de
863 4164 971 4236 integro
1008 4162 1085 4235 (cura
1097 4172 1125 4217 et
1138 4164 1300 4233 gratitudine
1312 4163 1424 4219 Thomae
1432 4164 1569 4229 Meutesii,
1584 4166 1688 4235 equitis
1702 4167 1801 4231 aurati,

182 4257 311 4296 renovare
325 4257 434 4295 necesse
449 4243 544 4307 fuerim
568 4250 596 4297 et
616 4243 687 4314 quod
707 4242 797 4298 oleum
816 4249 843 4298 et
860 4260 971 4314 operam
1008 4249 1036 4297 et
1048 4242 1272 4298 administratoria
1286 4241 1375 4297 ultimi
1388 4244 1473 4313 ipsius
1487 4245 1646 4308 testamenti,
1662 4245 1801 4315 quondam

183 4329 263 4375 antea
277 4321 428 4390 impensam
444 4321 618 4391 perdiderit.”
1007 4321 1183 4375 dominationi
1207 4339 1263 4377 sura
1288 4339 1304 4374 s
1327 4322 1446 4386 secretis,
1468 4330 1563 4392 postea
1588 4323 1698 4379 concilii
1726 4326 1800 4396 regis

221 4399 408 4470 Effingitatum
422 4416 439 4451 s
451 4401 587 4456 nonnullis
601 4408 643 4457 est
660 4407 689 4456 ut
709 4402 743 4456 de
762 4400 843 4456 diaeta
862 4402 927 4470 ejus,
943 4407 972 4455 et
1008 4401 1149 4454 sanctioris
1162 4401 1212 4455 sub
1229 4401 1340 4472 regibus
1352 4401 1455 4455 duobus
1469 4402 1574 4472 clerici)
1593 4402 1731 4458 exhibens
1744 4404 1801 4459 effi·

182 4478 315 4547 regimine
324 4477 493 4544 valetudinis,
502 4479 625 4550 quisdam
635 4482 829 4542 insererenturr
842 4498 883 4545 eo,
892 4481 970 4551 quod,
1007 4479 1080 4550 giem
1101 4496 1178 4533 susm
1199 4481 1228 4534 in
1248 4480 1376 4534 cathedra
1395 4480 1520 4545 sedentis,
1539 4488 1568 4536 et
1588 4482 1678 4537 studio
1698 4483 1801 4539 incum-

182 4566 292 4627 propter
301 4557 480 4612 universalem
493 4559 552 4626 ejus
565 4560 593 4614 in
606 4560 687 4615 rebus
699 4559 867 4615 naturalibus
880 4561 972 4632 cogni-
1007 4558 1114 4624 bentis;
1136 4575 1189 4613 uns
1202 4577 1263 4613 cum
1278 4559 1428 4630 epitaphio,
1442 4561 1514 4630 quod
1526 4559 1691 4616 lectissimus
1704 4562 1760 4630 ille,
1771 4571 1801 4617 et

182 4637 291 4701 donem,
320 4637 420 4706 poterit
446 4636 559 4693 fortasse
586 4639 747 4710 quibusdam
770 4638 898 4710 exemplo
921 4656 972 4695 suo
1007 4637 1143 4692 nitidioris
1162 4638 1274 4710 ingenii,
1293 4656 1344 4692 nec
1363 4655 1417 4693 non
1435 4640 1568 4711 equestris
1585 4640 1735 4711 dignitatis,
1749 4643 1800 4707 vir,

182 4716 287 4786 proeire.
328 4715 405 4776 Quod
419 4715 454 4769 ad
473 4715 594 4783 dietam
614 4718 696 4789 plens
713 4719 804 4789 potius
822 4725 850 4772 et
864 4717 972 4773 liberali
1009 4716 1143 4772 Henricus
1165 4717 1316 4783 Wottonus,
1341 4718 1441 4774 amoris
1467 4728 1494 4773 et
1515 4719 1702 4775 admirationis
1724 4739 1800 4794 ergo,

182 4812 247 4850 usus
268 4802 315 4860 est,
336 4802 415 4865 prout
432 4795 587 4850 stomachus
603 4797 713 4862 ferebat,
728 4814 810 4868 quam
829 4799 904 4851 tenui
924 4804 972 4853 aut
1008 4796 1168 4867 composuit.

182 4891 284 4945 parca:
306 4891 387 4945 quam
407 4875 490 4928 etiam
512 4874 541 4928 in
563 4876 715 4930 “Historia
727 4877 790 4930 vitas
807 4884 835 4930 et
851 4878 942 4932 mortis
953 4879 970 4905 '’
1047 4876 1175 4937 Quamvis
1195 4882 1286 4931 autem
1306 4892 1410 4947 corpus,
1432 4877 1504 4949 quod
1530 4876 1660 4946 deposuit,
1683 4880 1800 4935 mortale

182 4953 282 5009 alicubi
297 4953 468 5008 collaudavit.
507 4954 596 5007 AEtate
607 4956 716 5022 iuniori,
730 4955 798 5010 cibis
811 4954 973 5012 delicatiori·
1009 4955 1098 5019 fuerit,
1118 4954 1181 5008 libri
1206 4963 1296 5010 tamen
1321 4956 1387 5024 ejus,
1409 4963 1436 5009 et
1459 4957 1597 5021 memoria,
1618 4958 1694 5013 hand
1718 4960 1799 5015 dubie

182 5033 234 5087 bus
245 5042 272 5088 et
285 5033 430 5088 levioribus
441 5031 536 5100 (veluti
544 5034 670 5089 carnibus
679 5034 831 5089 volatilium
840 5042 867 5091 et
880 5035 973 5105 hujus-
1008 5049 1139 5105 perennes
1166 5041 1261 5099 erunt;
1288 5052 1376 5105 neque
1403 5035 1479 5105 prius
1501 5036 1564 5090 fatis
1584 5039 1695 5103 cessuri,
1718 5022 1819 5109 quam'

182 5113 413 5184 modilpraecipue
423 5112 595 5177 vescentium
609 5113 657 5168 sed
670 5114 841 5184 experientia
853 5115 971 5179 edoctus,
1009 5114 1080 5168 orbis
1093 5120 1224 5167 terrarum
1238 5115 1364 5169 maehina
1373 5113 1542 5169 dissolvatur.
1582 5114 1642 5176 Quo
1652 5127 1799 5185 permotus,

183 5208 279 5246 carnes
300 5193 431 5254 fortiores,
446 5192 541 5262 quales
561 5193 591 5245 in
609 5193 724 5247 macello
744 5201 868 5258 veneunt,
883 5195 973 5264 potius
1008 5192 1240 5264 quantulacunque
1260 5193 1328 5257 haec,
1353 5209 1403 5263 pro
1424 5194 1555 5249 tenuitate
1576 5210 1646 5260 mea,
1667 5196 1799 5268 colligere

183 5272 325 5341 probavit:
347 5278 447 5342 utpote,
465 5288 524 5341 quie
538 5287 631 5326 succos
644 5272 764 5341 corporis
776 5273 865 5345 magia
880 5274 972 5328 firmos
1008 5272 1095 5326 msam
1110 5278 1158 5335 est,
1173 5281 1204 5325 at
1216 5272 1320 5326 nomini
1340 5270 1401 5347 ejus
1415 5273 1443 5327 in
1463 5281 1602 5344 posterum
1622 5277 1800 5349 propagando

183 5359 211 5402 et
227 5351 333 5414 solidos,
348 5359 376 5405 et
391 5353 432 5419 (ut
452 5350 539 5422 ipsius
552 5352 642 5406 verbis
661 5353 734 5419 utar)
753 5351 844 5406 minus
858 5352 971 5422 dissipa·
1008 5367 1117 5421 quoquo
1129 5351 1210 5404 modo
1223 5350 1393 5407 inservirem.

182 5427 253 5482 biles
271 5439 498 5500 progenerarentr
520 5447 556 5485 es
580 5432 678 5502 quibus
701 5430 768 5486 solis
788 5447 973 5501 sepenumero
1048 5446 1072 5483 s.
1085 5445 1112 5484 n.
1128 5444 1267 5485 uncnvrn.
1485 5430 1571 5487 GUL.
1586 5430 1761 5490 nannai.
