3800 5875
231 306 290 359 sss
781 254 964 353 ursroala
984 297 1099 353 usust
1120 298 1168 353 ur
1190 298 1291 353 aaut.

269 463 296 517 4.
319 462 351 515 ln
363 458 586 515 distillationibus
600 456 700 527 optime
720 455 863 526 inquiritur
880 464 907 508 et
927 455 1017 509 decer·
1052 457 1132 526 plane
1145 455 1247 510 fuerint
1259 453 1437 508 inflammatio
1446 451 1640 522 etfumouquo
1651 449 1735 504 miuus
1746 465 1816 518 pneu

229 542 301 595 nitur
315 541 348 594 de
362 540 490 611 gradibus
503 543 530 591 et
543 534 743 590 diversitatibus
759 533 893 597 calorum
915 543 945 588 ut
958 551 1016 588 car·
1052 535 1180 589 arcticum
1190 542 1218 588 et
1225 533 1366 588 humidum
1379 533 1449 603 ligni
1457 528 1542 586 emitti
1557 527 1817 599 potreriutisltetum

229 621 337 682 bonum,
348 618 419 674 funii
426 616 557 681 calefacti,
566 615 664 678 balnei,
674 614 803 676 cinerum,
814 630 904 666 arenas
912 612 1015 677 calide,
1053 630 1089 668 ex
1104 614 1149 667 his
1165 621 1343 675 eventurumr
1363 610 1407 666 vel
1427 619 1459 665 ut
1477 625 1575 679 corpus
1590 608 1657 679 ligni
1669 614 1778 661 rernm
1793 609 1818 661 in

230 700 295 759 fimi,
309 698 382 762 solis,
400 697 473 768 iguis
495 694 665 767 quiescentis,
683 692 755 763 ignis
768 691 876 746 follibus
897 692 1016 756 excitati,
1053 693 1187 764 quoddam
1201 691 1369 762 amalgama3
1389 689 1432 745 vel
1452 698 1483 744 ut
1500 688 1617 743 solvatur
1634 687 1663 739 in
1675 686 1818 739 a‘e‘remsire

230 777 427 848 ignisooaclusi
435 782 462 830 et
470 773 640 836 reverberati,
649 771 747 825 caloris
758 771 935 833 ascendentis,
945 772 1017 825 calo·
1053 772 1252 843 pneumaticum
1279 787 1386 841 purum,
1414 769 1495 823 simul
1515 784 1577 822 cum
1603 765 1711 820 fascibus
1732 766 1818 835 (magis

231 857 268 909 ris
282 854 475 917 descendentis,
489 861 518 907 et
530 851 700 920 hujusmodi:
721 850 882 920 quaomnia
895 849 1017 919 adaper·
1053 851 1150 905 crassis
1167 867 1247 921 quam
1261 857 1324 904 aaut
1335 850 1452 914 cineus)
1466 849 1494 902 iu
1508 845 1598 911 fundo,
1609 851 1637 899 et
1648 843 1817 898 immutatione

231 942 305 988 tnras
318 950 467 1003 corporum,
478 940 506 985 et
519 931 653 1001 praecipue
664 931 698 983 ad
711 928 883 999 complicatas
896 929 1017 983 senones
1053 930 1182 984 nonnulla
1194 930 1223 983 iu
1237 929 1366 983 lateribus
1377 928 1460 981 rasis.

230 1013 358 1067 dilatandi
373 1020 400 1066 ct
413 1010 587 1065 contrahendi
603 1008 649 1076 (de
663 1008 759 1080 quibus
774 1016 869 1078 postea
881 1007 1015 1076 dicemus)
1092 1008 1120 1062 3.
1142 1009 1174 1063 ln
1199 1007 1282 1062 simili
1303 1023 1366 1061 vase
1389 1007 1477 1060 ferreo
1498 1005 1547 1058 fiat
1569 1001 1775 1073 experimentum
1791 1001 1818 1055 de

230 1092 374 1162 insigniter
387 1091 495 1145 faciunt
523 1090 622 1158 Neque
636 1085 882 1143 tamenullornodo
895 1085 1017 1140 videntur
1054 1103 1223 1158 aquapurs3
1237 1085 1488 1159 quareplesturad
1507 1098 1651 1138 summum.
1691 1078 1741 1134 Sed
1757 1078 1819 1132 adhi-

230 1170 333 1225 calores
354 1169 395 1223 iili
418 1169 564 1223 imitatores
586 1166 688 1221 calores
709 1164 773 1219 solis
800 1172 829 1218 et
850 1163 1015 1229 coelestiurn3
1054 1165 1150 1220 beatur
1169 1166 1243 1238 iguis
1263 1165 1366 1219 lenior:
1386 1179 1540 1218 moravero
1553 1162 1590 1216 sit
1607 1157 1727 1230 amplior.
1761 1158 1817 1220 Quin

230 1267 292 1303 cum
305 1266 355 1303 uec
369 1249 434 1302 satis
447 1247 523 1302 leues
536 1247 592 1300 sint
605 1254 631 1299 et
645 1245 796 1315 temperati,
806 1261 857 1298 nec
871 1244 936 1299 satis
949 1243 1017 1298 lenti
1054 1245 1137 1299 etiarn
1150 1254 1306 1300 amoveatur
1319 1244 1354 1298 ab
1363 1244 1428 1315 igne
1440 1242 1520 1297 certis
1533 1240 1617 1304 horis,
1629 1248 1658 1292 et
1670 1239 1817 1308 refrigescat;

230 1336 257 1382 et
268 1329 423 1392 continuati,
436 1343 487 1381 nec
497 1325 563 1380 satis
577 1324 683 1380 refracti
697 1332 724 1379 et
736 1323 884 1377 modificati
897 1338 946 1392 per
958 1339 1017 1377 cor·
1054 1323 1116 1378 dein
1129 1324 1369 1394 itereturoperatio
1378 1321 1530 1393 aliquoties.
1558 1316 1818 1387 Hoeexperimeutnm

230 1423 296 1476 pora
307 1408 404 1471 medis,
418 1423 467 1460 uec
481 1406 547 1459 satis
565 1403 735 1473 inequaliter
755 1402 911 1456 accedentes
930 1409 958 1455 et
978 1419 1018 1455 re·
1054 1402 1087 1457 de
1109 1420 1180 1474 aqua
1206 1419 1273 1473 pura
1298 1402 1447 1472 delegimus
1469 1400 1542 1454 hauc
1565 1398 1602 1452 ob
1623 1412 1743 1460 caussam
1762 1396 1818 1466 quod

230 1486 363 1540 cedentes.
402 1485 445 1539 Dc
465 1484 562 1555 quibus
580 1483 711 1546 omnibus,
725 1481 776 1536 sub
792 1480 870 1535 titurio
889 1480 970 1534 calidi
991 1487 1019 1535 et
1054 1498 1229 1551 aquacorpus
1237 1481 1464 1550 simplicissimum
1472 1479 1623 1547 ntexpers
1632 1474 1817 1536 colorisodorir,

231 1565 330 1634 frigidi,
345 1572 372 1618 et
387 1565 472 1619 titulis
486 1563 547 1617 aliis
561 1562 596 1616 ad
609 1562 661 1616 hoc
675 1560 799 1631 propriis,
813 1560 958 1630 diligenter
974 1560 1016 1613 iu·
1055 1562 1166 1629 saporis,
1180 1558 1335 1614 etalianrm
1348 1559 1516 1630 qualitatum.
1555 1554 1764 1616 Quamobremri
1780 1570 1817 1623 prr

232 1645 378 1713 quiremus.
1055 1638 1172 1694 calooem
1184 1647 1360 1710 temperatum
1371 1646 1399 1693 et
1410 1638 1506 1699 leuem,
1517 1643 1544 1691 et
1553 1634 1753 1689 alternationem
1763 1633 1817 1685 cale

270 1723 299 1776 5.
321 1722 528 1784 Distillatioues,
543 1727 571 1773 et
587 1717 758 1772 dilatationes
771 1733 821 1787 per
834 1732 889 1778 eas,
903 1717 971 1769 fiunt
989 1715 1018 1769 iu
1055 1719 1180 1773 factionis
1201 1725 1228 1772 et
1244 1717 1464 1788 refrigerationis,
1477 1723 1506 1770 et
1526 1713 1732 1785 prohibitionem
1747 1711 1818 1766 omnia

230 1801 329 1864 clauso,
344 1801 390 1857 ubi
404 1799 597 1854 concluduntur
610 1797 691 1852 simul
710 1812 806 1867 corpus
826 1794 1017 1858 distillandum,
1056 1798 1262 1867 evaporatiouis,
1279 1798 1388 1865 spiritus
1401 1812 1479 1867 aquae
1491 1811 1546 1848 ntur
1565 1793 1689 1854 emissus,
1703 1799 1730 1845 ct
1739 1789 1818 1844 nihilo

231 1889 259 1933 et
273 1897 386 1950 vapores
400 1880 446 1951 qui
465 1896 501 1932 ex
518 1895 552 1932 eo
568 1877 755 1937 immittuntur,
774 1882 803 1929 et
821 1878 877 1928 adr.
919 1874 1018 1943 Neque
1056 1877 1143 1930 minus
1157 1892 1206 1947 per
1218 1876 1373 1944 hujusmodi
1386 1875 1504 1929 calorem
1517 1872 1669 1926 solicitatur
1682 1877 1817 1924 etsneuua·

231 1967 320 2013 tamen
334 1958 515 2013 instillatoriis
525 1962 553 2011 et
565 1954 704 2009 alembicis
714 1951 1019 2022 communibusdiligeu·
1056 1963 1107 2019 tus,
1121 1972 1150 2010 se
1164 1956 1274 2010 verterit
1286 1955 1316 2008 in
1329 1962 1421 2025 partes
1434 1971 1512 2024 aquea
1525 1951 1678 2012 crassiores,
1692 1965 1778 2019 easque
1788 1948 1818 2002 its

231 2046 272 2092 ter
285 2047 391 2093 arcetur
400 2036 589 2098 adrexterion
605 2033 670 2103 quin
685 2050 733 2102 per
746 2041 862 2086 rostrum
875 2031 1018 2096 stillatorii,
1056 2033 1185 2105 digerere,
1199 2042 1228 2088 et
1241 2035 1270 2088 in
1288 2050 1386 2088 novum
1399 2031 1622 2087 schematismum
1636 2037 1735 2084 mutare
1752 2026 1818 2096 possit

231 2134 281 2187 per
304 2116 375 2187 quod
395 2115 484 2185 liquor
501 2114 594 2176 effluit,
610 2112 657 2166 ille
679 2111 830 2166 subintrare
848 2109 1019 2181 aliquatenus
1056 2113 1157 2183 (miuus
1171 2112 1276 2167 scilicet
1293 2111 1445 2183 simplicem
1465 2118 1494 2165 et
1512 2109 1602 2182 magis
1624 2106 1781 2179 inequalem)
1793 2122 1818 2159 eo

232 2195 326 2264 possit.
356 2194 393 2247 At
406 2195 434 2247 in
445 2193 559 2254 retortis,
568 2192 615 2246 ubi
627 2191 729 2258 majore
737 2189 909 2244 vehementia
921 2187 1019 2243 caloris
1056 2208 1148 2263 usque,
1157 2192 1238 2246 utvel
1248 2191 1365 2246 colorem
1379 2190 1464 2245 alium
1476 2189 1658 2251 muneratur,
1671 2186 1712 2241 vel
1724 2185 1817 2246 οᾱοιιιι,

232 2290 300 2344 opus
320 2280 438 2336 estnon
452 2273 530 2326 datar
544 2272 600 2325 seri
615 2270 742 2324 exteriori
761 2270 907 2339 ingressus,
921 2269 970 2322 sed
989 2285 1020 2322 os
1056 2270 1099 2325 vel
1120 2288 1253 2342 saporem,
1275 2270 1319 2324 vel
1339 2270 1507 2325 oleositatem
1532 2267 1677 2339 quandam,
1696 2264 1736 2319 rel
1754 2263 1818 2317 alan

232 2351 392 2421 receptaculi
420 2351 461 2405 ori
486 2351 558 2405 vasis
586 2350 644 2418 (ubi
667 2365 764 2419 corpus
788 2348 948 2418 hrponitur)
971 2365 1020 2417 per
1056 2350 1243 2405 alterationem
1254 2350 1411 2413 notabilem,
1422 2348 1524 2418 (qualis
1538 2347 1677 2402 invenitur
1689 2345 1716 2399 in
1725 2343 1818 2412 corpori

231 2430 374 2485 lutationes
401 2431 440 2485 ita
461 2431 638 2492 continuatur,
662 2435 692 2480 ut
712 2427 851 2481 universus
878 2443 1019 2496 processus
1056 2429 1106 2483 bus
1132 2429 1308 2499 compositis)
1332 2427 1509 2499 proculdubio
1531 2444 1576 2481 res
1601 2440 1700 2497 magna
1720 2423 1819 2477 curiata

232 2509 417 2564 rarefactionis
430 2516 457 2563 et
470 2507 646 2564 restitutionis
655 2507 728 2561 intus
736 2507 906 2576 nansigatur.
943 2505 1020 2566 Quod
1057 2508 1134 2571 foret,
1148 2517 1177 2562 et
1190 2509 1224 2562 ad
1237 2508 1354 2578 plurima
1367 2508 1468 2562 aditum
1481 2506 1660 2577 patefaciens

232 2589 256 2643 si
271 2604 366 2658 corpus
379 2589 414 2642 sit
427 2588 536 2658 plenum
550 2588 645 2658 spiritu
655 2587 788 2657 rigoroso,
805 2589 847 2653 (ut
861 2582 1018 2652 ritriolum,)
1095 2588 1124 2641 4.
1147 2588 1228 2643 Circa
1250 2587 1455 2643 distillationem
1478 2586 1602 2640 cuasam
1621 2584 1673 2655 (ita
1691 2582 1756 2637 euim
1772 2595 1818 2633 erm

232 2684 300 2738 opus
327 2675 369 2722 est
394 2667 562 2738 receptaculo
589 2672 665 2720 vasto
686 2674 712 2719 et
733 2664 833 2736 amplo,
854 2672 884 2718 ut
905 2680 1020 2734 vapores
1057 2666 1194 2738 appellare
1213 2666 1285 2731 licet,
1304 2666 1350 2721 ubi
1368 2682 1423 2720 nou
1436 2665 1514 2720 datur
1531 2661 1699 2735 spatinmsd
1716 2673 1819 2731 crepon·

232 2746 344 2803 liberius
358 2746 457 2812 ludant,
471 2763 521 2800 nec
536 2762 583 2800 vas
597 2745 761 2815 infrangaut.
1057 2745 1171 2816 tionem)
1186 2746 1274 2818 quivis
1287 2744 1374 2800 multa
1385 2744 1440 2799 alia
1459 2744 1558 2814 poterit
1574 2740 1745 2797 comminisci.
1778 2738 1819 2792 Pro
1867 2751 1868 2760 ¹

471 2826 496 2880 1.
513 2826 653 2895 Utcunque
663 2831 752 2878 tamen
765 2821 955 2877 distillationes
964 2830 1020 2877 tau·
1057 2832 1131 2880 certo
1144 2825 1217 2880 euim
1230 2823 1370 2888 habemns,
1384 2823 1503 2878 calorem
1519 2821 1675 2893 analogum,
1688 2824 1817 2890 operantem

429 2922 510 2977 quam
520 2905 590 2959 intra
604 2904 700 2959 cellam
714 2902 886 2974 undiquaque
900 2902 1021 2957 clausam
1057 2904 1085 2958 in
1099 2921 1196 2975 corpus
1210 2904 1312 2976 absque
1326 2903 1493 2975 separatione
1508 2910 1555 2957 aut
1567 2899 1763 2972 consumptione
1774 2912 1819 2968 pst·

232 2985 428 3057 haungantun
446 2986 526 3040 datur
540 2992 631 3039 tamen
644 2984 770 3053 spatium,
785 2990 814 3036 ut
825 2982 944 3050 corporis
959 2982 1020 3036 aliar
1058 2974 1133 3049 tium,
1148 2983 1286 3039 mirabiles
1298 2983 1577 3039 metaschematismos
1592 2982 1717 3053 effingere
1734 2985 1758 3033 et
1772 2988 1819 3047 pre

231 3071 322 3135 partes
345 3081 374 3118 se
397 3064 550 3134 expandere
567 3065 596 3117 in
617 3079 738 3132 vapores,
753 3062 815 3116 alise
833 3061 973 3115 subsidere
991 3061 1020 3114 iu
1057 3062 1154 3118 ducere
1169 3080 1257 3134 posse.

180 3132 182 3141 .
232 3143 351 3205 fracibus,
365 3159 478 3212 vapores
499 3159 590 3197 rursus
609 3158 638 3195 se
659 3140 809 3212 glomerare
823 3147 851 3194 et
871 3140 1020 3204 restituere,
1096 3143 1124 3198 5.
1145 3143 1270 3197 Attamen
1290 3141 1358 3197 iliud
1378 3142 1440 3196 addi
1461 3140 1555 3211 possit,
1576 3148 1609 3196 nt
1627 3136 1741 3195 mandati
1757 3134 1819 3201 huin!

232 3229 313 3293 atque
324 3223 360 3291 (si
373 3221 550 3293 heterogeuei
564 3221 674 3287 fuerint)
684 3220 731 3274 alii
740 3221 775 3275 ab
784 3218 846 3273 aliis
855 3236 884 3273 se
894 3235 1021 3288 separare
1057 3222 1194 3292 appendix
1204 3245 1210 3285 ς
1225 3229 1256 3276 ιιι
1268 3221 1438 3292 excogitatur
1447 3222 1529 3276 etiam
1540 3219 1642 3291 aliquis
1654 3218 1743 3273 modia
1754 3210 1819 3285 (qud

232 3302 346 3369 possint.
387 3300 464 3361 Quod
477 3301 598 3373 sequitur
612 3300 694 3370 igitur
708 3317 758 3370 pro
777 3299 903 3353 mandato
921 3314 1022 3367 magno
1058 3307 1131 3355 certe
1141 3300 1250 3355 difficile
1262 3317 1318 3355 nou
1330 3303 1384 3367 cst)
1400 3316 1449 3370 per
1462 3317 1542 3370 quem
1555 3297 1634 3354 calor
1655 3303 1819 3369 opereturnw

232 3378 393 3444 habendum,
407 3397 469 3434 curn
490 3380 525 3433 ad
545 3386 668 3434 naturam
689 3379 717 3432 in
731 3380 794 3433 imis
807 3378 1019 3441 concutiendam,
1058 3379 1145 3434 solum
1158 3381 1187 3433 iu
1201 3380 1301 3442 clauso,
1316 3379 1364 3435 sed
1377 3380 1406 3433 iu
1419 3379 1528 3433 tensilir
1549 3378 1578 3432 id
1597 3377 1668 3450 quod
1684 3377 1712 3431 fit
1727 3369 1819 3427 inomni

232 3466 259 3513 et
272 3458 307 3512 ad
320 3476 403 3514 novas
416 3458 652 3513 tranformationes
666 3458 768 3511 aditum
786 3457 907 3528 prabere
925 3456 1019 3527 possit.
1058 3459 1170 3513 matrice
1182 3458 1307 3523 naturali,
1322 3458 1379 3512 sive
1393 3456 1586 3530 vegetabilium
1605 3458 1662 3512 sive
1681 3449 1818 3509 mindun

232 3538 370 3593 Vulcanus
398 3538 471 3593 enirn
498 3538 681 3592 chemicorunr
708 3544 735 3590 et
755 3536 919 3591 medicorum
942 3534 1022 3607 (licet
1059 3538 1121 3592 Hoc
1132 3538 1212 3597 ‚enim
1226 3538 1412 3608 operationem
1425 3538 1460 3592 ad
1479 3536 1565 3592 multa
1581 3536 1709 3597 extendit,
1722 3543 1820 3603 quaper

231 3616 316 3672 multa
328 3617 409 3673 utilia
418 3616 548 3687 genuerit,
560 3617 663 3683 tamen)
675 3615 785 3670 virtutes
794 3615 911 3669 veriores
922 3614 1022 3669 caloris
1058 3616 1210 3672 clausuram
1223 3616 1374 3687 simplicem
1389 3617 1459 3671 effici
1470 3633 1524 3671 nou
1538 3623 1659 3687 possunt.
1686 3614 1772 3682 seqre
1780 3607 1820 3662 ιω

232 3697 354 3751 fortassis
367 3696 457 3750 minus
470 3694 628 3767 complexus
643 3703 691 3757 est,
699 3694 734 3748 ob
744 3694 859 3748 divortia
871 3702 900 3748 et
912 3711 1021 3764 separa·
1058 3696 1388 3766 pertiuetadpygmoeum
1402 3695 1608 3759 Pamcelsiaut
1621 3687 1820 3762 hujusmodique
1866 3716 1867 3727 ι

232 3774 321 3830 tiones
335 3775 461 3845 partium,
476 3792 538 3845 quar
551 3775 579 3829 iu
593 3774 794 3843 operationibus
813 3774 933 3843 ipsorum
954 3789 1022 3827 sem·
1058 3776 1178 3848 digiosas
1196 3775 1331 3846 ineptiasr
1352 3775 1400 3830 sed
1414 3775 1448 3829 ad
1462 3774 1592 3829 solidaet
1605 3790 1679 3828 saus.
1714 3763 1820 3834 Exempli

232 3870 282 3924 per
297 3854 488 3909 interveniunt.
529 3854 624 3923 ltaque
638 3870 743 3907 summa
756 3854 796 3907 rei
812 3868 893 3923 quarn
913 3852 1022 3906 manda·
1058 3856 1163 3926 grstia;
1180 3870 1236 3909 uon
1262 3853 1361 3909 efficiet
1386 3871 1505 3926 uuquam
1531 3851 1675 3907 distillatio
1694 3847 1821 3909 manat

232 3950 293 3987 mus
314 3932 367 3987 huc
388 3938 507 4003 spectat3
528 3940 557 3988 ut
577 3933 626 3986 illa
643 3933 780 4003 separatio
799 3939 827 3985 et
844 3930 1022 4001 reciprocatio
1059 3950 1131 4005 aqua
1143 3941 1199 3988 tota
1214 3940 1332 3988 vertatur
1345 3935 1374 3988 iu
1389 3932 1493 3997 oleum;
1514 3932 1580 4003 quis
1593 3923 1821 3998 demeruerat·

232 4012 416 4066 rarefactionis
432 4020 460 4066 et
477 4012 693 4066 condensationis
705 4012 815 4066 omnino
836 4010 1018 4081 prohibeatur,
1058 4014 1146 4081 majus
1159 4021 1291 4083 occupant
1303 4013 1455 4067 dimensum
1464 4029 1547 4083 quam
1559 4027 1641 4082 aqua.
1670 4008 1705 4064 At
1716 4007 1738 4061 si
1749 4016 1821 4074 oper·-

232 4096 313 4160 atque
334 4107 402 4160 opus
420 4091 518 4145 caloris
537 4092 608 4145 iutra
628 4107 725 4160 corpas
745 4091 835 4161 ipsum
857 4095 937 4159 atque
962 4090 1021 4158 ejus
1059 4092 1098 4146 tio
1110 4093 1196 4146 tiatiu
1209 4092 1307 4157 unsili,
1318 4091 1371 4145 hoc
1386 4091 1500 4146 fortasse
1514 4089 1572 4145 fieri
1584 4089 1683 4161 possin
1702 4086 1821 4169 quaesti

232 4168 350 4223 claustra
363 4177 495 4224 vertatur:
516 4170 568 4224 hoc
583 4170 655 4224 euim
670 4170 781 4224 fortasse
796 4169 924 4223 Proteum
937 4176 1022 4223 mate·
1059 4188 1103 4226 res
1136 4172 1276 4227 immensas
1307 4171 1441 4236 utilitatis,
1468 4186 1530 4224 cum
1561 4168 1652 4223 omnis
1682 4165 1821 4221 alicuem⁰

233 4247 281 4301 rias
294 4264 343 4318 per
355 4250 476 4302 manicas
490 4256 673 4303 constructum
688 4249 796 4313 tenebit,
807 4257 872 4302 etse
883 4249 1022 4302 versiones
1059 4250 1178 4305 maxime
1192 4251 1321 4305 consistat
1335 4250 1363 4304 in
1378 4250 1482 4320 pingui.

232 4342 296 4380 suas
309 4328 427 4396 experiri
441 4336 468 4380 et
481 4329 609 4397 expedire
620 4328 773 4398 compellet.
813 4327 855 4380 De
874 4326 927 4381 hoc
947 4344 1020 4381 com·
1099 4328 1126 4383 6.
1146 4329 1252 4383 Bonum
1266 4336 1349 4390 esset,
1362 4336 1390 4382 et
1408 4329 1442 4382 ad
1454 4326 1542 4382 multa
1554 4325 1630 4391 utile,
1648 4316 1821 4381 utindistills

232 4404 311 4473 plura
338 4406 417 4460 nobis
443 4406 472 4459 iu
500 4415 619 4462 mentem
639 4407 758 4470 veniunt,
780 4412 806 4459 et
830 4406 885 4459 alia
906 4405 1021 4475 reperiri
1060 4407 1177 4462 tionibus
1198 4416 1295 4463 natura
1317 4408 1352 4461 ad
1376 4408 1493 4461 rationes
1517 4405 1666 4461 reddendas
1687 4398 1820 4474 quandoque

233 4490 355 4553 possunt.
381 4484 566 4555 Proponamus
580 4485 735 4555 exemplum
748 4501 832 4539 unum
845 4492 891 4540 aut
904 4483 1020 4539 alterum
1059 4486 1283 4557 compelleretur3
1304 4495 1384 4558 atque
1398 4494 1429 4541 ut
1436 4492 1580 4556 poneretur
1592 4485 1620 4537 in
1634 4489 1705 4538 certo
1716 4484 1820 4551 quantum

233 4579 269 4616 ex
283 4562 427 4627 facillimis,
441 4563 542 4618 adhoc
562 4573 673 4629 tautum,
688 4572 718 4619 ut
732 4563 836 4635 percipi
855 4563 944 4634 possit
957 4563 1022 4635 quid
1060 4581 1108 4635 per
1122 4565 1323 4621 distillationem
1336 4574 1524 4635 consumptum
1538 4564 1626 4628 fucrit,
1640 4562 1668 4616 id
1681 4568 1725 4623 eat,
1735 4566 1820 4610 mm

233 4639 357 4695 velimus.
1060 4645 1089 4699 in
1106 4644 1314 4715 pneumaticum,
1329 4652 1357 4699 et
1378 4644 1442 4714 qnid
1463 4650 1594 4707 maneret,
1612 4642 1669 4696 sire
1683 4640 1821 4721 fixumrssff
1865 4670 1866 4697 r

273 4720 300 4775 2.
322 4720 422 4791 Accipe
445 4738 493 4774 vas
516 4722 673 4791 quadratum
698 4720 771 4787 ferri,
791 4721 820 4775 iu
844 4723 931 4792 figura
951 4721 1022 4784 cubi,
1061 4724 1213 4778 restitutum
1230 4722 1259 4778 iu
1277 4740 1397 4794 corpore.
1440 4723 1471 4776 ld
1492 4722 1552 4777 fieri
1573 4728 1668 4792 potest,
1682 4717 1704 4772 si
1717 4724 1771 4770 aute
1782 4711 1821 4762 tlte
1865 4716 1866 4727 ¹

231 4798 384 4870 habeatque
412 4799 497 4854 latera
521 4800 589 4854 bene
614 4800 696 4854 fortia
717 4807 745 4854 et
771 4817 869 4855 crassa.
911 4801 1022 4870 Impone
1061 4802 1220 4857 tillationem
1244 4819 1341 4872 corpus
1367 4801 1552 4856 distillandum
1573 4799 1710 4871 ponderes,
1728 4802 1754 4848 et
1770 4801 1821 4842 Μ

232 4878 330 4933 cubum
343 4878 412 4949 ligni
426 4878 461 4932 ad
474 4895 628 4933 mensuram
637 4879 709 4933 vasis
722 4878 757 4931 ad
771 4880 899 4934 amussim
913 4879 1022 4943 factum,
1060 4882 1128 4952 ipss,
1142 4881 1213 4935 intra
1227 4898 1287 4953 quae
1300 4881 1442 4936 distillatio
1455 4879 1600 4950 perficitur.
1641 4877 1677 4931 At
1690 4863 1821 4945 postlitfil·

232 4958 333 5028 quique
349 4957 416 5012 iliud
437 4975 547 5028 prorsus
563 4957 685 5028 impleat.
726 4958 928 5029 superponatur
947 4975 1023 5028 oper·
1060 4960 1188 5013 lationem
1222 4960 1382 5030 ponderabis
1414 4959 1566 5030 liquorem
1596 4952 1749 5028 ponderabis
1771 4949 1821 5034 ittft

232 5036 323 5090 οιιΙιιιιι
343 5037 408 5091 ferri
428 5053 481 5090 uon
496 5037 585 5090 minus
599 5037 667 5090 forte
684 5053 764 5106 quam
785 5037 870 5092 latera
886 5038 975 5100 vasis;
997 5045 1025 5092 et
1062 5039 1155 5102 faces3
1177 5040 1293 5110 denique
1314 5038 1477 5109 ponderabis
1497 5038 1595 5096 iterum
1614 5050 1685 5090 rasa
1722 5030 1760 5085 Ex
1776 5026 1821 5079 Μ’

232 5113 332 5168 lutetur
345 5117 454 5184 optime,
463 5132 537 5168 more
547 5115 738 5177 chemicorum,
748 5115 786 5170 ita
799 5124 830 5171 ut
842 5117 877 5171 sit
889 5116 1025 5171 clausisai·
1061 5117 1133 5172 euim
1161 5119 1246 5172 tribus
1274 5117 1513 5188 ponderationibus
1546 5129 1690 5187 cognosces
1714 5114 1820 5180 quantun

232 5209 314 5256 mum,
329 5200 356 5246 et
367 5196 459 5265 ignem
470 5193 584 5249 tolerare
599 5194 692 5262 possit.
733 5193 838 5249 Deinde
852 5205 968 5265 ponatur
976 5212 1024 5250 ras
1062 5196 1142 5252 luerit
1152 5197 1310 5261 restitutum,
1321 5206 1452 5267 quantum
1460 5196 1589 5250 manserit
1601 5195 1628 5247 in
1638 5190 1748 5249 facibus
1756 5196 1821 5269 (ΡΨ
1864 5250 1865 5257 ,

232 5270 421 5339 intraprunas,
434 5281 517 5342 atque
532 5273 569 5324 ita
583 5272 798 5340 permittatursd
811 5272 893 5328 horas
909 5274 1023 5344 aliquas.
1062 5284 1119 5330 tum
1133 5275 1278 5331 adheserit
1291 5276 1416 5339 vasibus,
1431 5284 1513 5346 atque
1528 5291 1544 5328 a
1557 5272 1707 5329 decessione
1720 5261 1820 5335 pandens
1864 5260 1865 5313 Ῐ

233 5347 298 5402 Post
312 5358 468 5403 amoveatur
482 5349 652 5420 operculum
674 5357 701 5404 et
715 5350 776 5404 vide
791 5352 856 5420 quid
875 5354 976 5406 factum
990 5354 1025 5407 sit
1061 5354 1156 5409 inillis
1174 5356 1267 5419 tribus,
1282 5355 1432 5425 comparati
1445 5354 1481 5408 ad
1494 5354 1599 5423 pondus
1611 5347 1722 5420 corpori·
1732 5336 1819 5408 ifllflfl·
1864 5322 1865 5387 l

234 5423 266 5477 de
290 5425 374 5494 liguo.
415 5427 504 5481 Nobis
528 5428 635 5498 quidem
661 5427 765 5481 videtur
789 5434 863 5497 (curn
888 5432 1026 5500 prohibita
1061 5450 1207 5505 cognosces
1219 5441 1468 5504 quantumversum
1483 5433 1566 5487 fuerit
1578 5433 1606 5487 in
1615 5423 1797 5501 pneumaticum·
1864 5472 1865 5475 ,

274 2873 388 2917 Mandata
