3800 5875
598 298 776 355 HISTORIA
797 299 912 354 DENSI
933 298 982 354 ET
1002 298 1104 354 BARI.
1602 293 1660 355 5⁵7

76 456 105 511 5.
127 455 300 527 Quaecunque
322 454 450 510 alimenta
473 464 612 512 vertuntur
632 457 662 510 in
675 474 772 527 corpus
787 456 833 511 ali-
871 457 983 511 ulterius
997 465 1095 511 vexata
1108 463 1136 508 et
1148 469 1302 525 compressa
1315 468 1370 508 uon
1383 451 1523 516 tolerabat,
1537 452 1586 506 sed
1599 451 1658 507 exi·

35 545 191 590 mentatum
200 533 407 606 magisdensum
419 552 501 606 quarn
510 553 607 606 corpus
615 536 701 605 ipsius
711 536 832 590 alimenti
871 536 918 589 bat
927 551 999 606 aqua
1011 553 1046 589 ex
1058 534 1151 589 multis
1161 534 1282 604 partibus
1292 532 1371 589 solidi
1381 530 1492 596 metalli,
1507 531 1541 585 ad
1550 530 1659 586 modum

35 617 122 684 (sicut
135 615 213 668 cibus
227 620 254 667 ct
267 621 348 684 potus
358 614 387 668 in
401 614 562 669 animalibus
574 623 710 670 vertuntur
720 617 750 668 in
763 632 832 678 osas,
871 615 948 683 parvi
962 614 1066 668 imbris.

34 694 195 758 calvariam,
209 701 237 747 et
246 692 359 765 cornua)
372 693 403 747 in
415 692 591 748 assimilando
605 696 648 768 (ut
661 693 833 748 manifestum
910 694 937 747 5.
959 693 997 746 Aa
1010 692 1098 747 omnis
1110 698 1205 755 motus,
1216 707 1296 762 quens
1309 695 1414 753 vocant,
1424 689 1566 753 violentus,
1575 687 1659 743 veluti

35 773 92 843 est)
107 772 314 827 condensantur.
871 770 987 841 pilarum
1001 788 1017 825 e
1031 773 1181 834 tormentis,
1191 770 1357 841 sagittarum,
1371 767 1543 838 spiculomm,
1558 767 1660 822 machi·

275 850 382 905 Actioni
409 850 573 906 dilatationis
600 869 650 923 per
677 850 833 905 violentiam
871 867 975 915 narum,
989 857 1016 904 et
1035 850 1152 904 aliorum
1172 849 1345 911 infinitorum,
1359 847 1501 917 expeditur
1516 865 1564 919 per
1585 864 1659 901 com·

235 937 381 993 externam,
395 930 452 984 sive
468 948 504 985 ex
516 931 637 1001 appetitu
660 929 718 985 sive
741 938 833 984 contra
871 930 1038 998 pressionem
1051 926 1299 999 prsetematuralem
1313 943 1462 996 corporum,
1473 935 1501 981 et
1512 927 1606 981 nixum
1619 926 1659 995 ip

35 1008 190 1077 appetitum
215 1010 335 1077 corporis
353 1008 467 1074 dilatati,
488 1011 633 1079 opponitur
655 1008 750 1079 [actio]
771 1025 832 1063 con·
870 1025 962 1063 sorum
980 1008 1014 1061 ad
1033 1025 1062 1062 se
1081 1007 1288 1070 restituendum,
1309 1005 1455 1077 quodcum
1472 1006 1610 1060 commode
1625 1004 1660 1059 ad

36 1087 181 1140 tractionis
200 1103 251 1156 per
272 1087 429 1142 violentiam
451 1089 575 1143 similiter
592 1097 749 1152 externam3
770 1104 832 1142 cum
871 1094 978 1157 tempus
1000 1087 1089 1141 facere
1111 1102 1165 1140 non
1188 1084 1300 1156 possint,
1320 1085 1380 1139 loco
1397 1092 1546 1139 moventur.
1585 1084 1659 1138 Nam

35 1181 153 1235 corpora
162 1166 730 1238 ponunturinnecessitate,abilliequaain
743 1166 833 1236 ipsum
871 1165 965 1231 solida,
985 1165 1136 1236 praesertim
1157 1165 1230 1230 dure,
1254 1164 1408 1219 ulteriorem
1431 1163 1659 1233 compressionem

35 1253 131 1315 agunt,
146 1245 270 1308 cedendi,
284 1253 311 1299 et
325 1263 354 1300 se
368 1246 571 1316 comprimendi.
871 1262 942 1314 segre
956 1243 1098 1298 admodum
1113 1243 1236 1298 tolerant.
1277 1242 1379 1297 Verum
1391 1243 1504 1311 hujusce
1518 1243 1557 1296 rei
1571 1242 1659 1313 inqui-

870 1324 997 1378 sitionem
1021 1323 1055 1377 ad
1078 1323 1186 1377 titulum
1207 1322 1241 1376 de
1263 1330 1339 1376 motu
1359 1322 1490 1376 libertatis
1511 1320 1657 1390 rejicimus.

699 1382 752 1421 ¹²⁸¹
774 1382 834 1422 '¹⁰'
869 1401 987 1468 Etenim,
996 1409 1027 1457 ut
1040 1402 1140 1473 saepius
1153 1401 1282 1469 diximus,
1292 1399 1385 1455 titulus
1395 1417 1514 1471 presens
1527 1401 1561 1455 de
1573 1400 1659 1455 denso

871 1488 897 1535 et
910 1499 972 1535 raro
985 1482 1074 1551 spicas
1088 1489 1191 1536 tantum
1204 1480 1271 1552 legit
1285 1496 1339 1534 non
1353 1478 1471 1534 demetit.

80 1557 106 1609 l.
130 1555 195 1610 Aea
216 1574 266 1627 per
284 1558 449 1624 violentiam,
462 1560 519 1614 sive
539 1559 766 1629 compressionem
783 1575 832 1614 ex·
910 1559 936 1615 6.
958 1561 1017 1622 Quo
1030 1577 1143 1630 corpora
1156 1567 1217 1615 sunt
1231 1559 1341 1623 rariora,
1356 1574 1389 1613 eo
1402 1558 1437 1612 ab
1449 1558 1528 1612 initio
1545 1574 1575 1613 se
1594 1575 1659 1614 con·

35 1643 155 1698 ternam,
166 1635 287 1707 aliquam
301 1638 537 1693 condennationem
551 1638 631 1693 facile
645 1639 763 1710 patitur,
778 1655 833 1692 ma·
870 1639 981 1696 trahunt
995 1639 1117 1704 faciliuss
1139 1639 1210 1710 quod
1231 1639 1254 1692 si
1274 1637 1345 1692 ultra
1362 1638 1491 1692 terminos
1510 1653 1574 1692 suos
1587 1653 1659 1692 com-

32 1715 126 1782 jorem
141 1733 207 1768 vero
220 1733 274 1769 non
288 1716 397 1771 tolerat:
418 1724 447 1772 ut
464 1718 493 1772 in
513 1717 631 1773 violento
649 1719 755 1789 impetu
771 1733 833 1772 ven·
870 1735 964 1789 pressa
974 1718 1080 1784 fuerint,
1091 1735 1124 1773 eo
1138 1735 1167 1773 se
1177 1717 1316 1771 vindicant
1328 1718 1480 1787 potentium
1500 1716 1568 1771 utin
1580 1718 1659 1772 dam·

35 1802 129 1848 torum
147 1803 176 1848 et
192 1797 399 1851 tenerioribus
413 1795 508 1868 liquet.
735 1795 737 1798 ’
870 1815 915 1853 ma
928 1807 956 1852 et
968 1796 1031 1853 aere
1045 1798 1137 1852 clauso
1147 1797 1341 1852 manifestatur.

77 1873 106 1927 2.
129 1873 232 1944 Accipe
255 1876 374 1930 catinum
401 1874 528 1946 ligneum,
555 1876 659 1930 inverte
684 1891 832 1929 concavum
911 1876 937 1938 7.
958 1877 1082 1932 flamma
1094 1876 1253 1947 simpliciter
1261 1890 1417 1945 compressa
1426 1873 1503 1941 (licet
1512 1874 1571 1929 sine
1585 1874 1658 1940 flatu,

36 1953 106 2021 ejus,
122 1961 151 2006 ct
161 1953 267 2007 dimitte
280 1954 310 2007 in
323 1971 422 2026 aquam
436 1955 698 2024 perpendiculariter,
710 1962 738 2008 et
751 1954 833 2009 facito
869 1959 941 2010 utin
955 1957 1065 2027 pulvere
1079 1958 1169 2026 pyrio)
1184 1965 1274 2010 tamen
1292 1954 1381 2025 magis
1395 1953 1473 2016 furit;
1496 1961 1526 2007 ut
1539 1954 1659 2025 conspici

35 2032 116 2085 illum
131 2031 303 2097 descendere,
317 2033 461 2103 impellens
474 2050 564 2088 mann.
605 2033 728 2088 Portabit
740 2050 832 2088 secum
870 2035 985 2090 daturin
999 2035 1152 2090 fornacibus
1162 2034 1389 2098 reverberatoriis,
1400 2032 1660 2104 ubiflammaimpe·

36 2115 131 2164 aerem
150 2112 284 2181 usquein
305 2112 416 2166 fundum
437 2113 518 2178 vasis,
535 2130 584 2168 nec
603 2113 718 2184 recipiet
732 2129 832 2184 aquam
870 2114 949 2179 ditur,
964 2122 1089 2179 arctatur,
1103 2115 1289 2184 repercutitur,
1303 2113 1400 2166 sinuat.

37 2191 162 2252 interius,
176 2191 229 2244 nisi
244 2206 339 2260 parum
353 2193 426 2246 infra
446 2209 551 2247 summa
570 2192 664 2247 labra:
685 2192 713 2245 id
733 2208 768 2245 ex
785 2209 831 2246 co-
947 2193 1106 2248 Dilatationi
1115 2211 1163 2263 per
1171 2192 1402 2247 deacervationem
1409 2206 1464 2245 non

36 2268 93 2322 lore
108 2268 181 2340 ligni
195 2269 339 2324 madefacti
353 2271 502 2342 apparebit
542 2271 733 2326 Tantaautem
746 2270 833 2325 fuerat
909 2274 1054 2344 opponitur
1067 2273 1138 2328 actio
1151 2272 1305 2342 reciproca:
1327 2272 1463 2342 quiacor·

36 2348 217 2402 condensatio
231 2358 277 2402 aut
290 2351 454 2421 compressio
463 2349 542 2415 adria,
552 2367 607 2405 non
621 2350 743 2421 amplior.
771 2350 831 2404 Hoc
909 2368 975 2422 pora
988 2352 1147 2406 deacersata
1160 2368 1215 2406 non
1228 2358 1419 2404 coacervantur
1432 2347 1530 2412 rursus,
1544 2349 1597 2403 nisi
1611 2366 1661 2419 per

36 2427 130 2497 ipsum
144 2427 288 2498 insigniter
301 2429 456 2500 apparebat,
470 2429 580 2484 invento
600 2429 777 2485 instrumento
797 2430 832 2484 ad
908 2431 1113 2487 conflationem:
1134 2430 1215 2485 utin
1237 2428 1403 2484 restitutione
1426 2428 1603 2492 metallorum,
1627 2428 1661 2484 de

36 2524 117 2560 nsum
131 2507 317 2576 operariorum
330 2508 381 2562 sub
395 2525 475 2579 aqua.
517 2509 587 2563 illud
607 2509 662 2562 tale
684 2515 754 2562 erat:
774 2507 831 2562 De·
909 2527 964 2580 qua
977 2526 1068 2580 supra.

36 2585 207 2655 primebatur
219 2585 322 2641 dolium
343 2604 473 2658 magnum
491 2594 519 2642 et
539 2604 685 2642 concavum
704 2586 767 2641 adse
780 2588 832 2641 im·
908 2589 959 2644 Est
972 2598 1000 2644 et
1013 2588 1087 2643 aliud
1100 2603 1186 2660 genus
1207 2587 1320 2641 fortasse
1341 2592 1464 2641 contrac-

37 2664 152 2734 pleturm
195 2664 267 2719 illud
287 2666 376 2720 stabat
397 2683 479 2737 supra
499 2675 553 2721 tres
570 2669 654 2738 pedes
673 2665 831 2732 metallicos,
870 2669 1110 2739 tioniscorporum,
1124 2683 1177 2721 non
1197 2684 1232 2721 ex
1251 2666 1404 2735 reciprocis,
1419 2664 1468 2718 sed

37 2760 153 2808 crassos,
168 2751 200 2798 ut
213 2745 299 2816 mergi
312 2755 422 2815 posset:
443 2746 526 2817 pedes
540 2755 618 2801 erant
630 2747 766 2802 breviores
780 2755 832 2802 sta·
869 2749 1022 2818 positivum,
1036 2754 1064 2802 et
1078 2764 1129 2818 per
1149 2762 1187 2800 se.
1228 2745 1397 2799 Arbitramur
1409 2743 1490 2808 enim,
1503 2743 1532 2797 in
1549 2742 1662 2798 dissolu·

38 2830 100 2876 tura
127 2822 257 2879 hominis
312 2824 476 2889 Urinatores,
502 2842 565 2880 cunt
592 2826 770 2897 respiratione
797 2827 832 2881 iis
869 2829 941 2882 tione
955 2844 1097 2897 corporum
1111 2842 1171 2897 qua
1188 2825 1219 2878 fit
1236 2825 1266 2879 in
1278 2823 1435 2895 liquoribus,
1449 2823 1528 2877 utin
1550 2822 1663 2877 dissolu·

39 2917 110 2973 opus
116 2912 199 2967 esset,
211 2902 356 2959 flectebant
366 2921 404 2969 se,
415 2912 442 2960 et
449 2905 604 2961 inserebant
613 2906 703 2978 capita
712 2906 832 2977 ipsorum
869 2907 941 2962 tione
952 2905 1128 2971 metallorum,
1137 2906 1221 2960 etiarn
1229 2901 1512 2976 gummi,sacchari,et
1522 2901 1660 2967 similium,

37 2982 67 3036 in
87 2981 202 3047 dolium,
227 2990 255 3038 et
278 2983 462 3055 respirabant:
490 2993 517 3040 et
538 2985 590 3040 hoc
615 2985 784 3058 repetebant,
806 2994 834 3040 et
870 2988 955 3058 recipi
978 3003 1076 3057 corpus
1102 2985 1271 3057 aliquatenus
1295 2983 1366 3038 intra
1388 2981 1537 3054 liquorem,
1572 2999 1661 3053 nequa

38 3078 107 3131 opus
120 3062 319 3117 continuabant
336 3063 372 3117 ad
394 3081 497 3119 moram
518 3066 691 3131 nonnullam5
713 3082 832 3137 quosque
870 3072 960 3120 tamen
972 3065 1106 3137 liquorem
1125 3080 1175 3135 pro
1195 3072 1255 3118 rata
1274 3070 1352 3134 parte
1368 3061 1487 3131 corporis
1504 3061 1605 3132 recepti
1624 3062 1663 3115 di·

38 3140 144 3194 scilicet
167 3140 226 3208 adr,
242 3142 288 3214 qui
309 3160 359 3213 per
379 3143 555 3198 insertionem
574 3146 670 3216 capitis
684 3161 791 3215 semper
804 3144 832 3198 iu
870 3144 957 3210 lateri,
979 3155 1026 3199 aut
1049 3143 1198 3216 exporrigi.
1237 3143 1356 3204 Quodsi
1377 3141 1555 3212 sanquine
1576 3148 1607 3195 ut
1627 3142 1663 3196 sit

39 3222 189 3288 quantitate
205 3222 363 3277 nonnullae
377 3222 449 3277 dolio
463 3223 562 3289 exibat,
577 3224 611 3278 ad
631 3224 774 3280 minimum
791 3223 832 3277 di·
870 3223 1059 3289 condensatior
1080 3240 1142 3278 cum
1155 3223 1229 3278 idem
1242 3222 1361 3293 spatium
1374 3221 1512 3275 contineat
1525 3220 1587 3292 plus
1600 3236 1660 3275 cor·

40 3299 161 3353 minutus
175 3309 256 3354 esset
870 3305 952 3375 poris.
1000 3302 1080 3358 Certe
1101 3304 1130 3358 in
1150 3302 1325 3357 dissolutione
1346 3299 1524 3365 metallorum,
1548 3300 1572 3355 si
1590 3316 1663 3370 aqua

78 3378 105 3432 3.
128 3377 169 3432 At
183 3387 312 3450 qnantum
324 3381 414 3450 ipsum
428 3380 651 3447 condensationis,
663 3381 735 3454 quod
748 3380 833 3436 liben-
870 3382 955 3438 semel
976 3382 1113 3453 exceperit
1133 3398 1201 3437 onus
1222 3398 1310 3445 suum,
1324 3396 1378 3434 uon
1396 3379 1521 3435 dissolvit
1537 3378 1661 3449 amplius,

41 3466 80 3510 ter
92 3457 260 3513 toleraturus
273 3460 308 3513 sit
321 3460 376 3524 adr,
390 3477 552 3531 cognoscere
571 3469 599 3515 et
612 3470 756 3531 supputare
770 3477 833 3533 pos·
869 3478 920 3517 nec
933 3470 1066 3533 operatur.
1108 3462 1290 3517 Hancantem
1300 3459 1537 3515 condennationem
1550 3455 1662 3533 (sitalis

41 3538 76 3590 sis
89 3537 146 3591 hoc
157 3538 254 3593 modo:
275 3537 375 3609 Accipe
392 3539 498 3609 pelvem
512 3556 590 3612 aqna
608 3538 734 3610 plenam:
755 3540 832 3595 mitte
872 3543 1007 3613 quaepiam
1020 3538 1072 3615 sit)
1086 3541 1297 3596 contractionem
1310 3555 1454 3610 corporum
1467 3555 1517 3609 per
1531 3538 1663 3593 oneratio-

41 3616 68 3669 in
80 3634 145 3670 earn
159 3615 299 3687 globulum
312 3635 348 3672 ex
361 3618 479 3685 metallo,
493 3627 540 3674 aut
558 3620 686 3690 lapidem,
701 3618 748 3691 qui
765 3620 833 3674 resi·
870 3637 934 3675 nem
947 3620 1085 3691 appellare
1099 3636 1251 3691 mutnus.

42 3695 101 3749 dest
115 3696 250 3752 infundo.
291 3696 487 3769 Superimpone
498 3700 626 3764 catinum,
637 3698 680 3753 vel
691 3698 833 3769 impellens
912 3700 1030 3754 Immitte
1044 3717 1143 3772 aquam
1156 3701 1185 3754 in
1198 3700 1302 3754 cineres
1322 3714 1430 3769 pressos
1500 3741 1631 3785 mmmm

41 3789 131 3839 mansi,
157 3774 202 3828 vel
224 3792 260 3831 ex
280 3775 392 3830 metallo
412 3778 450 3831 ita
472 3778 642 3842 fabricatum,
668 3786 698 3833 nt
722 3777 833 3833 fundum
871 3779 906 3834 ad
918 3796 1071 3844 summum
1093 3787 1120 3833 et
1137 3786 1202 3833 nota
1221 3778 1371 3850 diligenter,
1386 3793 1469 3848 quan·
1632 3771 1638 3781 “

43 3862 137 3923 sponte
152 3861 235 3922 petat.
275 3854 305 3909 si
319 3854 446 3927 globulus
456 3857 538 3912 fuerit
551 3856 613 3912 talis
632 3857 833 3929 magnitudinis,
871 3868 928 3913 tum
947 3860 1086 3914 decrescat
1100 3858 1133 3912 de
1153 3858 1356 3929 exporrectionc
1377 3858 1506 3920 cinerum,
1520 3862 1663 3926 postquam

43 3939 71 3984 nt
80 3930 130 3985 aet
144 3933 381 3989 condennationem
393 3931 497 4009 (qualis
507 3936 541 3990 ad
554 3936 693 4008 globulum
706 3937 776 3991 intra
788 3953 834 3990 ca·
872 3937 1023 4008 receperint
1037 3954 1143 4009 aquam,
1157 3937 1193 3991 ab
1213 3953 1254 4002 ea,
1268 3953 1349 4008 quam
1362 3935 1516 3991 habuerunt
1530 3935 1607 4006 prius
1624 3934 1664 3989 in·

44 4011 129 4065 tinum
143 4011 329 4082 recipiendum
340 4012 471 4088 sufficiat)
481 4014 594 4070 libenter
603 4016 659 4085 pati
670 4017 762 4086 possit,
773 4032 834 4070 con·
872 4018 994 4072 termiato
1007 4016 1080 4072 aire.

44 4087 166 4143 densabit
179 4107 209 4144 se
224 4094 271 4144 air
285 4091 398 4165 placide,
413 4101 441 4147 et
460 4095 548 4149 nullus
568 4096 620 4149 erit
639 4094 709 4150 alius
728 4101 833 4161 motum
910 4096 1066 4151 Efficientia
1108 4092 1276 4150 dilatationis
1316 4110 1466 4165 corporum,

44 4167 211 4237 ainmaJoris
225 4170 307 4225 fuerit
320 4173 520 4243 magnitudinis,
530 4191 611 4245 quam
624 4178 672 4228 air
685 4174 753 4229 bene
765 4174 833 4231 ferre
873 4194 933 4248 quae
957 4193 993 4230 ex
1015 4174 1187 4245 inquisitione
1213 4174 1303 4246 priore
1327 4174 1357 4227 in
1379 4171 1468 4227 lucem

45 4247 137 4316 possit,
157 4249 264 4304 resistet
283 4248 339 4315 adr,
359 4259 387 4305 et
405 4251 508 4307 levabit
527 4252 598 4308 latus
622 4253 730 4324 aliquod
749 4253 835 4324 ipsius
872 4256 1013 4326 prodeunt,
1023 4263 1084 4310 sunt
1098 4271 1204 4309 novem.
1249 4254 1273 4308 l.
1293 4251 1467 4322 lntroceptio,

45 4326 136 4391 “finis
152 4334 178 4381 et
192 4328 279 4383 exibit
291 4329 321 4383 in
333 4329 425 4385 bullis.
873 4336 930 4389 sire
951 4334 1080 4390 admissio
1099 4333 1220 4405 corporis
1243 4332 1335 4387 alieni.
1375 4330 1403 4386 2.
1423 4330 1565 4401 Erpansio
1585 4336 1665 4386 natu·

84 4407 111 4459 d
131 4404 222 4460 Etiam
236 4424 272 4463 ex
288 4410 485 4478 compressione
504 4410 601 4466 vesicae
617 4411 721 4466 videbis
735 4428 833 4482 quous-
872 4413 945 4479 ralis,
956 4414 1013 4467 sire
1026 4412 1263 4484 praeternaturalia,
1274 4411 1387 4482 spiritus
1396 4410 1492 4464 innoti.
1531 4411 1561 4465 3.
1578 4411 1664 4481 Ignis,

46 4500 99 4554 qne
112 4486 254 4557 comprimi
268 4488 354 4559 possit
368 4488 426 4543 sine
440 4495 564 4559 ruptura;
580 4498 627 4545 aut
641 4491 725 4545 etiam
738 4507 773 4548 ex
788 4492 836 4546 fol·
873 4494 930 4548 sive
949 4491 1024 4548 calor
1037 4501 1164 4548 externus
1178 4491 1306 4558 actualis,
1327 4498 1374 4546 sut
1388 4489 1469 4545 etiam
1483 4490 1607 4545 remissio
1620 4490 1666 4544 fri-

45 4562 118 4619 libns
137 4563 240 4632 levatis,
255 4575 284 4621 et
302 4567 391 4622 denuo
408 4569 548 4636 obturatis,
562 4569 637 4639 prius
658 4569 835 4625 foraminibus
873 4573 956 4644 goris.
996 4574 1024 4625 4.
1046 4572 1129 4627 Calor
1148 4578 1275 4626 externus
1295 4569 1457 4640 potentialis,
1478 4570 1535 4624 sire
1555 4569 1666 4640 spiritus

46 4645 215 4713 compressis.
255 4644 298 4700 De
321 4647 527 4703 condensatione
550 4665 627 4720 aquae
649 4647 703 4703 tale
724 4649 836 4704 anobis
873 4651 1030 4706 auxiliares.
1070 4652 1098 4706 5.
1118 4649 1259 4705 Liberatio
1273 4650 1417 4721 spirituum
1437 4666 1455 4702 a
1474 4648 1590 4703 vinculis
1604 4665 1666 4718 par·

46 4720 148 4775 meum
176 4732 218 4778 est
241 4726 472 4795 experimentum:
501 4727 619 4783 Globum
641 4728 700 4783 fieri
722 4728 836 4784 fecimus
874 4730 948 4785 tium.
990 4730 1018 4785 6.
1038 4728 1207 4786 Assimilatio
1226 4747 1261 4784 ex
1280 4729 1396 4800 imperio
1415 4728 1536 4798 corporis
1556 4727 1666 4782 rarioris

44 4799 209 4870 plumbeum,
223 4821 285 4858 cnm
299 4803 428 4861 lateribus
450 4806 519 4861 bene
540 4807 646 4872 crassis,
660 4815 687 4861 et
705 4807 835 4862 foramine
873 4809 961 4880 magis
975 4808 1064 4863 activi.
1106 4806 1133 4869 7.
1155 4807 1313 4877 Amplexus,
1324 4808 1380 4862 sive
1396 4808 1459 4880 [itio
1472 4808 1501 4861 in
1516 4822 1666 4869 occursum,

45 4880 79 4931 in
94 4896 194 4935 summo
210 4900 266 4937 non
289 4900 399 4956 magno.
440 4885 555 4941 Globum
573 4903 645 4957 aqua
664 4886 835 4956 replevimus,
873 4887 994 4958 corporis
1012 4888 1102 4944 amici.
1143 4887 1170 4942 8.
1191 4887 1340 4943 Distractio
1359 4904 1376 4941 a
1392 4887 1522 4941 violentia
1544 4893 1665 4940 externa.

45 4965 79 5011 ct
93 4957 208 5015 foramen
222 4962 332 5016 metallo
346 4961 391 5039 (nt
411 4962 600 5038 meminimus)
615 4966 716 5036 optime
737 4965 836 5020 solida·
875 4965 902 5022 9.
922 4967 1108 5033 Deacervatio,
1122 4967 1191 5034 eise]
1206 4967 1362 5039 applanatio
1374 4966 1500 5037 partium.

45 5036 144 5092 morus.
181 5040 252 5095 Tum
264 5041 376 5113 globum
391 5043 474 5107 illum,
488 5050 615 5115 tanquam
628 5045 664 5098 ad
677 5045 744 5100 duos
759 5043 837 5116 polos
912 5046 1066 5100 Efficientia
1079 5063 1144 5101 vero
1157 5046 1348 5102 contractionis
1361 5062 1504 5116 corporum
1517 5049 1579 5098 sunt
1596 5048 1666 5100 octo.

46 5118 201 5182 contrarios,
213 5121 303 5190 primo
316 5121 429 5187 malleis,
443 5123 539 5178 deinde
554 5140 602 5192 per
615 5125 779 5194 pressorium
793 5140 836 5179 ro·
878 5126 901 5179 l.
922 5124 1053 5180 Exclusio
1073 5134 1120 5181 aut
1140 5125 1274 5196 depositio
1295 5125 1416 5196 corporis
1439 5123 1592 5194 lntrocepti.
1638 5122 1666 5178 2.

47 5194 162 5259 hatum,
177 5199 282 5255 fortiter
296 5203 512 5271 compressimus.
554 5202 624 5257 Cum
637 5211 728 5258 autem
741 5220 775 5259 ea
788 5221 836 5274 ap·
875 5204 1037 5274 Angustatio
1059 5206 1116 5260 sire
1140 5205 1289 5260 contractio
1312 5204 1433 5276 partium
1454 5209 1517 5272 post
1540 5201 1666 5274 spiritum

33 5253 169 5330 ³·lanatio
191 5279 306 5334 multum
337 5281 489 5336 sustulisset
513 5299 549 5336 ex
575 5284 725 5352 capacitate
753 5282 836 5354 globi,
874 5284 1012 5338 emissum.
1053 5285 1081 5339 3.
1101 5284 1200 5356 Frigus
1213 5290 1354 5339 externum
1372 5280 1497 5346 actuale,
1519 5281 1668 5337 autetiam

79 5342 159 5409 bont
172 5358 206 5409 ad
223 5366 346 5413 octavam
365 5361 441 5430 quasi
462 5361 595 5415 diminuta
618 5362 719 5427 fuisset,
735 5362 837 5416 tamdiu
875 5363 999 5417 remissio
1018 5363 1123 5418 caloris.
1169 5365 1198 5418 4.
1224 5363 1324 5434 Frigus
1346 5369 1486 5417 externum
1510 5360 1667 5430 potentiale.

75 894 201 938 leo

35 1379 277 1420 castanentum
306 1382 470 1435 ΟΟΙΡΟΙῸΜ,
491 1384 555 1429 QUAE
583 1382 672 1423 stunt·

282 1462 410 1502 taurian
431 1463 597 1503 amum.

1510 2234 1629 2279 llonttum

1490 2630 1660 2674 commentatio

1498 4156 1639 4200 Observatio-

1541 4216 1589 4249 nes.

14 5442 141 5537 dimaon
161 5435 277 5506 amplius
290 5438 464 5495 sustinuisse
486 5456 557 5510 aqua
576 5442 743 5498 condensari.
784 5442 838 5497 Sed
875 5442 902 5496 5.
923 5442 1002 5514 Fuga
1016 5451 1045 5498 et
1058 5442 1263 5515 antiperistssia.
1306 5441 1332 5496 6.
1354 5438 1524 5496 Assimilatio
1538 5441 1669 5510 eximpe-
