3800 5875
516 335 747 393 DESCRIPTIO
768 335 882 393 GLOBl
905 335 1246 393 INTELLECTUALIS.
1635 336 1693 392 atu

57 493 321 560 inersdesiderium,
334 510 391 549 non
405 500 437 550 nt
450 502 601 552 eotantum
614 496 733 552 enitatur
747 497 819 568 quod
832 497 861 551 in
897 496 1038 565 adjiceres,
1060 498 1103 552 vir
1129 496 1211 567 longe
1239 494 1351 550 alterins
1372 494 1494 552 scholae!
1516 495 1694 551 nihilominus

56 574 230 645 pervulgatis
244 574 326 630 hodic
336 575 459 630 scientiis
469 592 604 632 summum
615 584 663 640 eet,
674 576 722 631 sed
737 585 767 631 ut
780 576 862 631 altius
897 585 1033 650 utcunque
1053 577 1114 632 haec
1133 594 1163 631 se
1184 575 1310 640 babeant,
1326 593 1389 630 cum
1404 575 1434 629 id
1453 571 1504 629 tibi
1519 577 1625 629 firmum
1640 577 1692 631 fix-

56 655 141 725 quasi
156 655 259 711 feratur
271 656 301 709 in
315 656 377 726 ipsa
389 655 501 710 latentis
515 657 743 719 naturoeviscers,
757 672 862 711 omnes
896 674 997 727 umque
1018 657 1120 721 sedeat,
1141 663 1169 710 et
1191 656 1286 726 patriae
1310 656 1390 710 fidem
1413 662 1488 710 tuam
1511 654 1616 725 probes,
1635 662 1693 711 toto

55 751 114 804 que
138 735 245 805 ingenii
267 743 296 788 et
319 735 415 803 judicii
437 752 535 791 nervos
558 737 686 801 intendat,
710 737 798 791 donec
824 735 859 790 D,
896 738 994 791 affectu
1009 734 1194 807 precor,quod
1208 736 1359 806 saepissime
1369 736 1484 800 facio,ut
1497 733 1574 804 paria
1588 735 1692 791 meritis

56 813 140 869 Pauli
166 814 236 869 illud
258 815 404 885 perfecerit
428 818 607 871 “consectari
630 818 744 872 meliora
762 816 859 870 dona.”
896 817 952 870 tuis
966 816 1115 887 obtingant.
1137 815 1222 880 Quod,
1237 832 1325 885 spero,
1335 815 1428 871 affluet
1441 815 1588 886 aliquando
1601 815 1694 886 plenis

56 894 175 949 Utinam
186 895 258 949 banc
272 896 413 966 ingressas
423 911 497 951 esses
507 897 580 950 mam
589 899 694 967 (votum
708 897 736 951 id
750 896 860 950 auribus
895 896 1029 951 honorum
1043 904 1072 950 et
1082 895 1222 950 felicitatis
1232 896 1306 949 rivis.

54 975 113 1030 tais
133 974 257 1047 depono)
278 992 341 1031 cum
362 977 480 1049 primum
499 976 535 1030 ad
555 976 615 1032 bac
636 977 726 1033 studia
738 976 859 1031 animum
936 975 1072 1041 Faltoni,
1082 974 1149 1031 Feb.
1162 974 1205 1040 19,
1218 973 1301 1037 1607.

395 1505 699 1580 DESCRIPTIO
727 1504 883 1579 GLOBl
911 1501 1367 1579 INTELLECTUALIS.

892 1761 954 1831 ipsa
967 1778 1057 1817 rerum
1071 1762 1215 1826 evidentia,
1230 1769 1259 1817 et
1272 1769 1352 1832 prout
1360 1778 1422 1816 vere
1437 1762 1465 1815 in
1478 1767 1575 1815 natura
1585 1778 1615 1815 se
1628 1778 1689 1832 pro-

373 1840 499 1897 CAPUT
520 1842 543 1898 l.
892 1842 966 1905 dunt,
994 1851 1041 1897 aut
1067 1842 1163 1897 saltem
1186 1860 1237 1914 pro
1258 1849 1339 1912 captu
1365 1842 1498 1913 cujusque
1519 1858 1549 1895 se
1572 1842 1688 1911 prodere

892 1929 1026 1985 notantur,
1048 1938 1088 1976 ees
1108 1929 1200 1994 partes
1223 1922 1336 1976 rationis
1360 1929 1439 1976 sunt:
1460 1929 1541 1992 atquc
1562 1922 1689 1976 universa

54 1996 183 2052 Partitis
196 2002 362 2055 universalis
376 2002 501 2058 tamna
515 2002 647 2059 doctrines
664 2004 695 2057 in
707 2002 856 2067 historiast,
892 2000 1049 2070 hujusmodi
1070 2003 1239 2073 dispensatio
1252 2002 1352 2056 rationi
1370 2001 1535 2056 attribuitur.
1575 2000 1621 2054 Ex
1634 2017 1689 2071 quo

89 2081 200 2150 paisr'n,
212 2081 418 2154 philosophicas,
432 2083 578 2138 secundun
591 2084 726 2155 triplicans
733 2084 858 2157 scanda-
892 2079 998 2152 liquido
1017 2089 1133 2147 constat,
1149 2099 1185 2137 ex
1205 2082 1290 2136 tribus
1309 2081 1385 2136 hisce
1409 2080 1530 2135 fontibus
1548 2097 1610 2134 esse
1632 2090 1688 2136 tres

94 2169 148 2212 ιω
175 2162 294 2220 mentis,-
321 2163 478 2228 nemoriani,
502 2162 685 2234 phantasiam,
708 2165 856 2223 rationem:
892 2160 956 2215 illas
976 2162 1160 2216 emanationes
1181 2161 1311 2226 historiae,
1325 2161 1425 2232 poisis,
1439 2169 1467 2215 et
1486 2160 1687 2231 philosophicas

92 2241 220 2311 quaeqae
234 2242 325 2294 codena
341 2243 460 2313 partitio
473 2251 603 2315 conpetat
625 2246 706 2296 etiam
720 2245 750 2296 in
764 2243 858 2296 theole-
892 2240 1297 2311 nequealias,autpluresessc
1309 2258 1397 2311 posse.
1426 2241 1500 2295 Nam
1510 2239 1690 2310 subphiloso-

90 2320 190 2391 gim'ss
212 2339 273 2375 cass
283 2322 353 2374 iden
365 2324 403 2376 sit
418 2340 467 2376 aas
482 2326 591 2395 (nempe
605 2324 759 2378 intellectas
768 2324 858 2377 heno-
892 2320 968 2390 phiec
980 2323 1091 2376 nomine
1105 2321 1311 2392 complectimur
1321 2338 1416 2376 omnes
1426 2328 1498 2375 artes
1508 2328 1537 2375 et
1549 2320 1688 2386 scientias,

91 2404 167 2466 nus)
182 2402 249 2454 lieet
261 2403 375 2456 meria
388 2412 415 2456 st
429 2404 581 2456 insinuatio
593 2405 650 2457 sint
664 2404 782 2459 diuersa.
893 2408 921 2454 et
931 2401 1061 2472 quicquid
1072 2402 1190 2473 denique
1199 2418 1217 2455 a
1230 2399 1400 2472 singularum
1414 2417 1504 2456 rerum
1513 2417 1626 2456 occursu
1640 2418 1689 2471 per

892 2489 1011 2535 mentem
1020 2482 1047 2535 in
1062 2481 1205 2553 generales
1217 2482 1342 2536 notiones
1355 2480 1498 2535 collectum
1513 2490 1541 2535 ct
1553 2481 1689 2553 digestum

91 2558 305 2616 Psaramounis
324 2561 455 2617 doctrinae
473 2562 600 2620 humanm
620 2580 682 2617 eam
702 2560 856 2635 deligimus,
892 2568 944 2614 cat.
985 2563 1084 2633 Neque
1097 2561 1153 2615 alis
1167 2577 1308 2616 censemus
1321 2561 1521 2616 addoetrinam
1533 2561 1688 2631 partitione,

50 2656 116 2711 qum
136 2640 243 2710 triplici
264 2641 385 2696 facultati
399 2641 553 2698 intellectus
574 2643 746 2714 respondeat.
788 2643 857 2697 Tres
893 2640 1350 2712 quamillasuperiore,opusesse.
1392 2641 1601 2695 Informationes
1615 2641 1689 2696 enim

50 2720 148 2792 itaque
171 2721 234 2788 ejus
254 2729 376 2791 partera
394 2722 474 2777 nobis
494 2724 711 2778 constituuntur:
733 2722 856 2786 historia,
892 2719 1003 2785 oraculi,
1020 2730 1047 2775 et
1066 2739 1169 2786 sensus,
1188 2730 1217 2775 et
1234 2738 1263 2775 re
1283 2719 1468 2791 proculdubio,
1483 2728 1510 2773 et
1530 2720 1611 2774 modo
1624 2720 1690 2775 insi·

50 2799 155 2870 poesis,
171 2800 368 2871 philosophia:
382 2802 496 2857 historia
510 2803 713 2858 admemoriam
727 2801 856 2858 refertur:
892 2801 993 2855 nuandi
1008 2801 1152 2866 differam
1174 2802 1222 2855 sed
1241 2809 1331 2854 tamen
1346 2801 1457 2870 spiritus
1471 2799 1607 2853 humanus
1619 2817 1690 2855 unus

50 2881 148 2950 po'e'sis
177 2880 212 2933 ad
239 2880 430 2952 phantasiam
456 2882 633 2955 philosophia
653 2883 688 2937 ad
715 2883 856 2938 rationem.
892 2888 973 2952 atque
988 2881 1060 2938 idem
1074 2891 1131 2938 eat:
1147 2880 1260 2952 perinde
1273 2881 1339 2934 acsi
1353 2879 1454 2935 diversi
1469 2879 1690 2951 liquores,atque

50 2959 107 3015 Per
121 2961 222 3031 poesin
237 2971 329 3017 autem
344 2961 415 3016 nihil
429 2963 503 3018 aliud
523 2964 702 3037 intelligimus
716 2963 768 3017 hoc
788 2962 856 3028 loco,
892 2962 1044 3031 perdivisa
1061 2961 1241 3025 infundibula,
1256 2970 1347 3016 tamen
1367 2962 1395 3014 in
1409 2977 1493 3016 uuum
1513 2969 1596 3031 atque
1616 2961 1691 3017 idem

49 3058 136 3111 qnam
163 3040 306 3096 historiam
332 3042 431 3097 fictam.
474 3044 599 3099 Historia
626 3044 737 3115 proprie
760 3043 858 3097 indivi-
892 3057 939 3095 vas
954 3042 1126 3113 recipiantur.
1168 3043 1256 3104 Quare
1271 3050 1299 3095 et
1313 3040 1482 3112 theologiam
1496 3041 1584 3112 ipsam
1599 3049 1691 3098 autex

49 3121 172 3175 duonum
194 3128 251 3185 est;
274 3139 387 3193 quorum
407 3124 601 3193 impressiones
615 3132 677 3179 sunt
695 3124 794 3178 mentis
808 3121 858 3177 hu·
892 3120 1009 3175 historia
1024 3139 1102 3177 sacra
1116 3131 1238 3178 constare
1258 3121 1413 3185 asserimus,
1430 3129 1477 3175 aut
1497 3138 1532 3176 ex
1547 3125 1691 3192 preceptis

48 3217 143 3256 meum
158 3201 241 3271 primi
255 3209 283 3255 et
295 3203 477 3274 antiquissimi
491 3203 627 3276 hospitem
642 3212 758 3274 suntque
772 3204 858 3258 instar
892 3209 920 3254 ct
946 3202 1120 3273 dogmatibus
1142 3203 1251 3266 divinis,
1275 3211 1403 3272 tanquam
1431 3203 1544 3273 perenni
1573 3203 1691 3274 quadam

48 3281 152 3351 primae
181 3281 303 3337 materiae
330 3283 512 3338 scientiamm.
569 3284 601 3338 ln
628 3284 674 3339 his
701 3283 857 3350 individuis,
892 3281 1077 3354 philosophia.
1119 3283 1162 3337 Ea
1181 3298 1247 3336 vero
1271 3298 1342 3352 pars,
1357 3298 1419 3352 quaa
1438 3291 1515 3338 extra
1533 3282 1605 3336 hanc
1625 3284 1691 3338 divi-

48 3370 136 3434 atquc
152 3360 182 3414 iu
196 3360 250 3415 hac
264 3363 385 3427 materia,
400 3379 478 3417 mens
497 3363 618 3418 humana
635 3363 744 3419 assiduo
764 3380 794 3418 se
809 3381 857 3419 ex·
892 3363 999 3417 sionem
1013 3363 1110 3420 cadere
1124 3363 1237 3427 videtur,
1253 3365 1329 3433 (qum
1342 3371 1384 3416 est
1398 3362 1565 3433 prophetia)
1583 3371 1611 3416 et
1630 3365 1692 3434 ipss

47 3449 137 3503 ercet,
153 3440 292 3496 interdum
306 3440 382 3497 ludit
424 3444 498 3497 Nam
512 3444 738 3508 scientiaomnis,
758 3444 857 3499 mentis
892 3441 1014 3498 historiae
1028 3445 1135 3515 species
1149 3454 1191 3499 est
1209 3460 1273 3498 eum
1289 3444 1473 3513 proerogativa
1490 3443 1646 3507 divinitatis,
1662 3444 1691 3498 in

48 3531 75 3576 et
90 3519 261 3576 exercitatio
284 3530 312 3575 et
333 3523 488 3591 opificinm3
516 3523 610 3594 poisis
632 3524 755 3593 ejusdem
779 3523 856 3579 lusus
892 3539 946 3593 qua
960 3533 1083 3595 tempora
1096 3526 1306 3595 conjunguntur,
1321 3530 1351 3577 ut
1370 3523 1491 3577 narratio
1505 3522 1606 3576 factum
1624 3540 1692 3592 pra*-

47 3602 162 3656 censeri
185 3602 280 3671 possit
323 3601 355 3655 ln
382 3602 560 3674 philosophia
585 3621 663 3659 mens
686 3605 858 3675 mancipatur
892 3603 988 3658 cedere
1009 3606 1113 3674 possit;
1134 3604 1245 3660 modum
1266 3610 1358 3657 autem
1373 3601 1532 3657 enuntiandi
1554 3602 1691 3656 etvatici·

47 3682 152 3743 rebus;
168 3680 198 3734 in
212 3680 288 3749 poesi
304 3681 416 3736 solvitur
429 3699 446 3735 a
459 3700 533 3738 nexu
544 3700 643 3747 rerum,
654 3691 683 3737 et
694 3684 855 3756 expatiatur,
892 3684 998 3737 nioram
1019 3700 1068 3754 per
1091 3686 1219 3749 visiones,
1238 3690 1266 3739 et
1285 3684 1445 3754 dogmatum
1467 3681 1621 3738 coelcstinm
1644 3694 1694 3750 per

47 3769 75 3816 et
89 3760 178 3832 lingit
196 3777 257 3831 quae
271 3760 337 3815 vult.
381 3762 449 3817 Haec
467 3780 531 3817 vero
548 3781 578 3817 se
598 3765 636 3818 ita
656 3764 758 3819 habere
777 3764 857 3820 facile
891 3762 1046 3834 parabolas,
1059 3766 1250 3836 participales
1263 3763 1349 3835 puisi.

48 3843 115 3912 quis
138 3848 243 3904 cernat,
259 3842 304 3912 qui
323 3841 485 3913 simpliciter
502 3845 698 3910 tantummodo,
713 3853 740 3900 et
760 3844 856 3916 pingui

48 3921 175 3993 quadam
211 3920 441 3993 contemplatione
475 3923 700 3979 intellectualium
737 3926 857 3996 origines

47 4009 139 4071 petat.
182 3999 293 4055 Etenim
312 4002 514 4058 individuorum
532 4004 667 4075 imagines
682 4004 856 4076 excipiuntur
1197 4002 1323 4060 CAPUT
1343 4002 1384 4062 ll.

47 4099 65 4134 a
78 4098 177 4145 sensu,
193 4087 221 4134 et
238 4081 267 4134 in
281 4083 413 4137 memoria
427 4084 556 4155 figuntur.
598 4084 706 4139 Abeunt
721 4091 812 4138 autem
827 4084 856 4139 in

47 4161 217 4216 memoriam
239 4169 368 4233 tanquam
390 4163 512 4234 integrm,
527 4164 621 4218 eodem
640 4181 694 4237 quo
713 4172 857 4219 occurrant
891 4161 1016 4217 Partitis
1029 4165 1152 4219 historic
1166 4166 1195 4218 in
1210 4166 1360 4218 naturalem
1373 4172 1400 4217 et
1413 4163 1537 4222 ciuilem:
1553 4163 1692 4217 eeclesias-

47 4242 145 4296 modo.
191 4242 251 4295 Has
266 4258 358 4297 rursus
372 4241 486 4298 retrahit
500 4251 528 4298 et
548 4244 642 4298 recolit
656 4261 751 4308 mens;
773 4250 856 4315 atque
931 4246 988 4297 tica
1004 4253 1029 4296 et
1040 4245 1165 4298 literaria
1178 4244 1229 4297 sab
1241 4245 1320 4299 ciuili
1333 4244 1528 4315 conprehensa.
1569 4240 1694 4296 Partv'ts'o

49 4321 142 4394 (qnod
166 4322 286 4375 officium
301 4322 360 4390 ejus
378 4323 518 4392 proprium
533 4323 588 4391 est)
609 4325 747 4394 portiones
762 4340 856 4378 earum
930 4324 1055 4380 ltr'storioe
1083 4325 1220 4379 naturalis
1253 4326 1282 4377 in
1311 4324 1452 4378 historiens
1477 4326 1690 4394 generationum,

47 4401 195 4472 componit
205 4410 234 4455 et
248 4401 352 4457 dividit.
384 4403 497 4457 Habent
509 4404 581 4458 enim
596 4404 735 4458 individua
748 4402 857 4474 singula
926 4406 1243 4476 praetergcnerotionunr,
1264 4412 1289 4457 et
1313 4405 1422 4468 arts‘tsnn,
1443 4412 1470 4456 et
1489 4404 1598 4475 triplici
1617 4412 1692 4457 stota

47 4481 160 4554 aliquid
175 4481 290 4536 interae
304 4499 454 4547 commune,
474 4491 556 4554 atque
571 4482 645 4538 aliud
666 4500 757 4538 rursus
770 4484 857 4537 diver·
931 4493 1048 4549 naturae,
1064 4484 1159 4540 liberae
1173 4484 1308 4550 videlieet,
1320 4484 1518 4550 abrenuntiant
1528 4484 1692 4539 ansericus.

47 4580 113 4616 sum
125 4568 153 4616 et
168 4561 321 4631 multiplex.
356 4562 399 4616 Ea
408 4580 474 4617 vero
487 4563 648 4633 compositio
663 4571 744 4635 atque
758 4562 857 4617 divisio

47 4642 92 4696 vel
120 4659 175 4713 pro
196 4641 311 4695 arbitrio
331 4643 431 4696 menda
452 4644 491 4706 fit,
511 4644 555 4698 eei
575 4653 655 4714 prout
673 4644 810 4698 invenitur
827 4643 857 4697 in
932 4642 1497 4708 Hrsromsautnatumlisestautcivilis.
1530 4642 1692 4698 lanatumli

47 4722 144 4777 rebus.
177 4721 255 4782 Quod
269 4721 292 4775 si
307 4722 355 4775 fiat
368 4738 419 4793 pro
432 4723 545 4777 arbitrio
554 4724 661 4789 mentis,
676 4732 758 4794 atque
773 4732 857 4777 trans·
891 4731 995 4777 naturae
1009 4740 1053 4778 res
1073 4732 1157 4794 gestae
1171 4733 1199 4779 et
1213 4725 1334 4779 facinora
1348 4732 1544 4786 memorantur;
1564 4724 1594 4778 in
1608 4722 1691 4787 civili,

48 4802 180 4855 feruntur
190 4801 329 4871 portiones
339 4801 395 4857 illm
409 4801 443 4855 sd
457 4802 596 4873 placitum,
605 4803 633 4858 in
649 4803 856 4858 similitudinem
891 4801 1042 4859 hominum.
1084 4803 1200 4859 illucent
1219 4803 1397 4877 proculdubio
1411 4804 1503 4857 divina
1517 4803 1545 4856 in
1560 4803 1691 4873 utrisque,

48 4882 193 4953 quandam
214 4879 356 4946 individui,
377 4881 534 4952 phantasia
548 4900 617 4955 opus
631 4890 681 4948 est,
696 4902 764 4955 qum,
779 4882 857 4938 nulla
891 4883 940 4938 sed
955 4885 1044 4956 magis
1054 4885 1083 4939 in
1094 4884 1230 4950 hamanis,
1241 4894 1270 4940 ut
1281 4885 1365 4939 ctiam
1380 4884 1519 4956 propriam
1533 4883 1560 4936 in
1575 4882 1692 4936 historia

48 4970 160 5016 naturae
174 4968 223 5015 aut
245 4962 367 5015 materiae
382 4961 444 5034 lege
463 4970 492 5017 et
504 4965 665 5018 necessitate
680 4964 800 5028 astricta,
815 4980 856 5028 ea,
892 4964 1012 5034 speciem
1023 4967 1197 5028 constituant,
1208 4982 1290 5036 quam
1304 4973 1466 5018 sacrament
1479 4961 1692 5017 ecelesiasticam

49 5060 114 5113 quar
134 5043 166 5095 in
188 5058 278 5096 rerum
298 5049 396 5096 natura
417 5042 530 5097 minime
552 5044 723 5107 conveniunt,
748 5044 857 5113 coujun·
892 5044 1031 5113 appellare
1046 5045 1243 5100 consuevimus.
1287 5045 1383 5116 ltaque
1398 5061 1458 5098 eam
1472 5041 1545 5095 civili
1566 5041 1691 5096 attribui-

47 5138 133 5193 gere:
165 5138 227 5191 quae
255 5138 320 5175 vero
346 5138 486 5192 nunquam
512 5133 679 5195 separantur,
702 5124 856 5193 discerpere
892 5124 1268 5194 mus3atprimodenaturali
1280 5125 1408 5179 dicemus,
1429 5120 1692 5177 Namralishistoria

48 5209 144 5271 potest
157 5223 165 5265 ς
187 5200 228 5254 ita
242 5208 334 5255 tamen
344 5209 374 5256 ut
387 5202 461 5257 intra
470 5203 575 5273 primas
589 5203 653 5260 illas
667 5204 743 5275 ipsas
757 5203 856 5258 indivi-
891 5220 983 5258 rerum
991 5204 1168 5275 singularium
1176 5222 1229 5259 non
1236 5210 1354 5269 est3non
1361 5202 1433 5275 quod
1443 5200 1692 5272 perperamanobis

48 5281 170 5336 duorum
194 5281 333 5350 portiones
361 5281 525 5340 eoiivceatur.
566 5285 642 5340 Nam
668 5301 771 5347 eorum,
796 5300 857 5353 quar
892 5283 1012 5353 positum
1029 5285 1066 5338 sit
1079 5283 1221 5340 historiam
1236 5284 1338 5339 uersari
1346 5284 1375 5337 in
1391 5282 1546 5347 individuis,
1558 5298 1619 5352 quaa
1628 5280 1692 5335 loco

48 5360 129 5415 nulla
143 5378 181 5415 ex
202 5369 280 5430 parte
295 5378 324 5415 se
344 5362 437 5417 sensui
457 5362 619 5430 obtulerunt,
634 5382 689 5419 non
707 5371 750 5419 est
771 5362 857 5435 phan—
892 5371 920 5414 et
934 5370 1058 5434 tempore
1073 5364 1339 5420 circumscribuntur.
1380 5362 1455 5417 Nam
1475 5362 1585 5433 proprie
1606 5361 1646 5414 ita
1659 5377 1689 5415 se

50 5443 133 5504 tasia,
149 5456 186 5494 ne
201 5441 336 5496 somnium
351 5441 483 5512 profecto.
513 5444 591 5505 Quod
605 5444 627 5500 si
640 5444 742 5500 eaedem
757 5443 856 5498 indivi-
892 5459 935 5497 res
959 5443 1050 5499 habet.
1092 5444 1222 5499 Sericum
1243 5443 1397 5516 promiscua
1418 5443 1454 5495 sit
1474 5459 1563 5496 rerum
1584 5452 1692 5495 natura·

49 5520 171 5577 duonum
192 5521 334 5592 portiones
354 5529 553 5596 componantur
574 5531 602 5580 et
622 5524 783 5592 dividantur,
807 5541 857 5596 pro
892 5522 960 5580 lium
971 5523 1129 5592 similitudo,
1140 5526 1210 5580 adeo
1222 5532 1252 5580 ut
1266 5524 1290 5579 si
1305 5538 1389 5577 unum
1402 5522 1485 5589 norb,
1500 5522 1693 5588 omnianoris3
