3800 5875
231 349 288 411 tta
665 349 706 403 IN
729 347 901 404 FELICEM
923 347 1140 402 MaMonlant
1163 346 1423 402 sarzanam.

228 511 347 565 nobiset
360 515 433 565 certo
447 516 511 564 nota
529 516 556 563 et
572 508 719 580 diligenter
739 514 833 563 notata
853 513 926 562 sunt.
965 505 1029 561 Cer·
1068 506 1250 577 pertinebant,
1272 506 1416 562 manifeste
1437 522 1467 561 se
1487 506 1702 571 immiscuerunt3
1731 517 1764 574 et,
1784 513 1841 581 quot

228 591 364 645 tissimum
377 597 427 654 est,
442 589 515 644 hunc
529 587 614 643 luisse
628 588 708 644 istius
722 588 856 658 principis
870 586 955 641 animi
970 602 1029 640 sen·
1067 587 1187 641 maxime
1199 587 1290 651 movit,
1304 602 1355 656 per
1367 586 1462 641 literas
1481 603 1517 641 ex
1533 586 1627 642 multis
1645 589 1759 657 partibus
1774 590 1841 645 inter·

228 688 296 736 sum,
315 677 346 724 ut
359 669 416 724 vim
435 668 611 724 conscientiis
629 667 759 722 adhibere
779 666 881 732 nollet3
902 666 951 721 sed
970 683 1028 720 rur·
1066 673 1160 736 neptas
1173 664 1282 721 consilii
1302 665 1386 734 hujus
1405 674 1434 720 et
1451 667 1554 736 negotii
1573 669 1839 738 adamationem

227 767 281 815 sus,
296 757 397 805 statum
410 749 489 819 regni
503 747 546 803 sui
559 753 694 818 praetextu
707 746 881 802 conscientiae
896 754 923 800 et
936 746 1028 817 religi·
1065 745 1095 800 in
1117 746 1217 817 quibus
1239 745 1370 816 scriptum
1394 754 1462 809 erat,
1485 746 1691 817 “Vigilantiam
1710 751 1801 819 regum
1818 761 1840 804 et

227 830 288 884 onis
305 831 335 885 iu
354 828 501 883 discrimen
514 826 608 882 venire
628 844 683 882 uon
701 827 876 898 permitteret
916 825 1027 880 Euhoe
1064 826 1175 879 concilii
1189 826 1232 880 sui
1245 826 1318 880 circe
1331 825 1481 880 catholicos
1498 825 1603 881 elusum
1625 826 1765 892 iri3ills1n
1782 830 1839 886 enim

226 910 308 975 tonte,
318 910 435 980 primum
446 909 559 963 duarum
573 906 739 978 religionum
752 907 906 962 libertatem
920 914 948 960 et
961 905 1027 960 tole-
1065 905 1099 959 ad
1112 904 1166 960 hoc
1179 913 1284 960 tantum
1297 906 1431 960 intentam
1444 922 1514 971 esse,
1527 923 1563 961 nc
1583 907 1655 978 quod
1666 917 1743 977 caput
1754 910 1779 962 in
1790 926 1839 979 per·

226 989 360 1043 rationem
382 988 542 1042 auctoritate
561 988 670 1058 publica
687 987 717 1040 in
735 986 838 1057 populo
857 985 980 1040 animoso
999 993 1027 1040 et
1065 1001 1132 1040 sona
1146 984 1262 1056 alicujus
1275 986 1376 1041 nobilis
1391 993 1438 1040 sut
1454 986 1505 1039 riri
1528 987 1652 1057 primarii
1672 986 1838 1044 catholicorum

226 1068 324 1134 feroce,
349 1075 378 1123 et
400 1069 436 1122 ab
459 1068 611 1122 animorum
632 1067 804 1121 contentione
824 1066 859 1120 sd
879 1082 976 1120 manus
997 1074 1027 1120 et
1065 1065 1219 1120 sandoniae
1233 1065 1383 1121 attolleret:
1397 1073 1428 1119 at
1440 1064 1586 1120 eonnlium
1597 1067 1655 1135 jam
1666 1067 1837 1132 taleadhiberi,

225 1165 304 1202 arma
322 1149 403 1203 iacile
417 1149 550 1211 veniente,
569 1147 718 1209 admittere,
733 1146 913 1202 cerussimam
934 1145 1026 1216 perni-
1064 1152 1095 1199 ut
1107 1162 1157 1216 per
1168 1145 1296 1200 homines
1308 1145 1430 1216 privatos
1443 1154 1528 1215 atque
1542 1162 1579 1202 ex
1592 1147 1837 1210 interimimus

226 1228 297 1283 ciem
316 1228 457 1297 iudicarit.
499 1228 593 1281 Etiam
612 1226 641 1281 in
657 1226 779 1281 novitate
793 1226 879 1297 regni,
894 1242 956 1280 cum
969 1243 1025 1279 om·
1064 1242 1117 1296 que
1131 1242 1179 1280 eos
1192 1225 1263 1279 inter
1276 1241 1306 1279 se
1319 1226 1510 1296 conspirantes
1520 1237 1549 1279 et
1559 1227 1689 1290 conamus,
1700 1237 1836 1298 peruenu

224 1308 273 1362 nia
285 1316 410 1379 suspecta
424 1315 522 1371 essent,
533 1324 569 1362 ex
582 1307 744 1378 praesulibus
758 1305 880 1361 ecclesias
893 1305 1025 1376 quosdam
1063 1305 1262 1360 confessionum
1272 1304 1364 1360 omnia
1369 1307 1581 1375 disponerentur
1589 1311 1834 1376 etpraepmrenuffi

225 1389 315 1459 magis
337 1389 437 1444 turbidi
463 1395 491 1443 et
510 1387 618 1443 factiosi
640 1387 753 1458 ingenii,
774 1387 933 1441 auctoritate
954 1383 1025 1457 legis
1063 1383 1153 1456 Atque
1166 1385 1212 1440 hee
1225 1393 1282 1440 tum
1297 1393 1370 1439 artes
1383 1385 1594 1450 adhibebantur,
1610 1386 1754 1456 hujumodi
1768 1387 1833 1441 homi

225 1469 378 1534 accedente,
390 1468 570 1524 subcustodis
580 1466 667 1521 libera
678 1466 789 1522 habuit:
804 1465 917 1537 reliquis
927 1466 1025 1521 utrius·
1062 1465 1143 1519 uibus
1157 1465 1243 1537 (quod
1257 1465 1340 1519 etiam
1353 1482 1442 1536 nuper
1453 1465 1482 1520 in
1493 1481 1559 1520 casu
1573 1483 1629 1520 non
1640 1466 1755 1520 dissimili
1764 1469 1833 1521 ridere

225 1566 279 1620 qne
303 1549 414 1613 ordinis,
435 1564 489 1602 non
516 1547 572 1601 scri
593 1547 687 1617 aliqua
706 1546 880 1617 inquisitione
900 1545 1024 1611 molesta,
1061 1543 1152 1614 licuit)
1165 1545 1272 1599 usitatas
1285 1552 1313 1601 et
1322 1545 1483 1601 familiares.
1526 1546 1676 1600 Hactanta
1686 1547 1832 1615 periculum

225 1629 274 1683 sed
287 1629 408 1700 benigna
421 1628 601 1690 conniventia,
616 1626 814 1697 praesidioiuit.
855 1626 1024 1695 Hicprimus
1062 1630 1221 1694 tempestate
1243 1623 1291 1679 lex
1317 1626 1442 1696 quasdam
1468 1626 1643 1680 necessitatis
1668 1627 1782 1697 imposita
1800 1638 1832 1680 est

224 1725 313 1763 rerum
328 1715 425 1763 status.
466 1709 567 1779 Neque
587 1706 621 1761 de
644 1707 697 1761 hac
718 1705 869 1770 clementia,
890 1704 957 1759 licet
977 1722 1024 1760 ex·
1062 1703 1238 1770 Elisabethae,
1258 1712 1290 1759 ut
1309 1721 1370 1759 eam
1392 1713 1498 1775 partem
1520 1705 1697 1771 subditorum,
1711 1724 1764 1776 que
1783 1723 1832 1758 sse

224 1789 468 1844 communicatione
479 1787 523 1841 Pii
537 1784 624 1859 quinti
639 1793 794 1858 provocata,
807 1788 882 1858 (quse
895 1792 923 1840 et
936 1785 1024 1856 indig-
1061 1784 1187 1849 alienata,
1202 1793 1231 1840 et
1248 1801 1298 1855 per
1311 1784 1467 1853 hujusmodi
1481 1802 1588 1840 venena
1613 1785 1684 1838 iacta
1703 1794 1754 1839 erat
1773 1786 1831 1857 qnasi

224 1868 363 1924 audonem
377 1869 484 1934 addere,
499 1875 528 1921 et
541 1867 711 1922 occasionem
726 1867 846 1937 praebere
861 1865 926 1919 novi
946 1865 1023 1920 insti·
1060 1864 1230 1930 insanabilis,
1244 1873 1325 1936 atque
1338 1865 1449 1919 interim
1471 1866 1507 1919 ob
1520 1866 1608 1920 vitam
1621 1865 1832 1935 privatamapnb

224 1948 276 2002 tuti
290 1947 402 2019 potuit)
418 1948 564 2020 quicquam
581 1947 638 2001 iere
651 1946 780 2010 mutavit,
802 1946 960 2000 sednatura
973 1962 1024 1999 sua
1061 1943 1122 1998 licis
1146 1944 1302 1999 muneribus
1326 1952 1353 1998 et
1375 1945 1506 2015 expensis
1533 1945 1686 2000 immunem
1709 1944 1832 2006 ditarent,

223 2028 264 2081 uti
285 2029 478 2099 perseveravit.
524 2028 607 2091 Nam,
630 2025 842 2097 prudentissima
861 2024 975 2079 immina
995 2032 1024 2079 et
1060 2023 1231 2094 gravioribus
1254 2022 1346 2096 legum
1368 2023 1484 2079 maculis
1508 2026 1716 2095 constringeret
1763 2028 1832 2094 Atque

224 2106 570 2179 magnanima,thusmodi
578 2113 711 2160 terrorum
722 2104 811 2159 sonitu
823 2103 864 2158 nil
878 2104 1022 2159 admodum
1060 2103 1265 2174 ingravescente
1288 2104 1373 2170 malo,
1398 2122 1460 2159 cnm
1484 2105 1565 2175 origo
1594 2106 1655 2173 ejus
1679 2103 1833 2158 maximin

224 2195 362 2241 commota
374 2196 432 2252 est;
454 2185 592 2241 secursde
606 2184 701 2257 populi
716 2185 759 2239 sni
774 2184 826 2239 tide
841 2191 868 2239 et
882 2200 982 2248 amore,
994 2194 1022 2239 et
1060 2184 1266 2238 seminariorum
1290 2184 1472 2254 deputaretur,
1492 2184 1541 2255 qui
1563 2185 1596 2238 in
1620 2185 1717 2238 exteris
1735 2182 1833 2255 panibus

225 2266 258 2320 de
278 2266 404 2321 factionis
422 2265 570 2338 pontificia
588 2265 660 2319 intra
678 2281 792 2336 regnum
815 2263 850 2318 ad
869 2264 1022 2320 nocendum
1059 2264 1161 2328 nutriti,
1175 2271 1203 2318 et
1216 2272 1371 2318 exterorum
1386 2264 1548 2334 principum,
1563 2263 1651 2333 hujus
1664 2263 1734 2334 regni
1747 2280 1777 2317 er
1788 2279 1833 2332 pro

224 2345 324 2400 virium
342 2346 482 2411 tenuitate,
501 2362 556 2399 non
570 2344 715 2400 accedente
729 2343 807 2399 hoste
822 2350 943 2399 extento.
986 2344 1023 2399 At
1059 2344 1132 2398 tesso
1145 2342 1274 2408 hosfium,
1293 2343 1391 2415 opibus
1408 2352 1436 2397 et
1454 2343 1641 2413 eleemosynis
1659 2343 1785 2397 sustentati
1800 2357 1832 2394 es·

224 2425 275 2480 sub
287 2425 571 2494 vicesimumtertinm
581 2425 659 2496 regni
672 2424 715 2480 sui
729 2440 837 2488 annum,
847 2441 936 2479 rerum
950 2441 1022 2479 com·
1059 2432 1138 2489 sent;
1160 2433 1187 2477 et
1208 2424 1237 2477 iu
1256 2421 1326 2478 locis
1347 2422 1454 2488 versati,
1469 2423 1516 2478 nbi
1530 2440 1566 2476 ne
1583 2440 1682 2477 nomen
1695 2423 1789 2494 quidem
1799 2421 1831 2490 ip

224 2506 340 2560 mutatio
357 2506 430 2560 lacta
449 2514 498 2561 est.
539 2505 629 2577 Atque
646 2504 706 2559 haec
724 2504 854 2573 temporis
875 2504 1020 2570 distinctio,
1058 2519 1119 2557 sum
1139 2502 1315 2568 Elisabethre,
1329 2503 1383 2557 nisi
1405 2512 1436 2557 nt
1455 2503 1603 2567 haeretice,
1618 2502 1831 2560 excommunicate,

222 2600 278 2639 nou
292 2587 433 2640 commode
447 2587 519 2650 ficta,
535 2585 584 2640 sed
603 2585 633 2639 in
653 2584 771 2655 puhlicis
791 2585 860 2639 sctis
881 2600 1020 2654 expressa,
1059 2590 1085 2636 et
1108 2582 1174 2637 diris
1196 2583 1308 2648 devote,
1327 2583 1506 2647 audiebatur,
1534 2583 1640 2654 quique
1662 2582 1711 2637 etsi
1730 2597 1777 2636 unu
1790 2579 1831 2649 ipsi

224 2682 257 2719 ac
284 2665 368 2720 veluti
393 2666 423 2720 in
450 2682 504 2720 are
528 2664 615 2720 incisa
638 2671 688 2719 est
728 2665 828 2735 Neque
855 2664 930 2718 enim
958 2672 1020 2719 aute
1058 2663 1215 2717 criminibus
1233 2663 1386 2730 majestatis
1405 2662 1511 2724 imbuti,
1532 2672 1560 2716 at
1582 2680 1685 2726 eorum,
1698 2662 1741 2733 qui
1757 2660 1830 2727 hnjru

223 2761 324 2800 aunum
345 2762 408 2800 eum
433 2745 542 2817 gravior
562 2744 654 2816 aliqua
674 2760 757 2815 poena
779 2760 829 2814 per
847 2743 924 2815 leges
944 2743 1020 2814 prius
1057 2742 1130 2796 modi
1153 2742 1301 2797 sceleribus
1321 2758 1433 2812 operam
1453 2743 1604 2806 dedissent,
1623 2742 1708 2796 intimi
1726 2754 1830 2810 agnuam

223 2826 341 2879 sancitas
354 2826 468 2881 subditis
482 2824 627 2895 pontificiae
641 2824 784 2896 religionis
798 2823 929 2878 incubuit
968 2823 1020 2879 Ve-
1058 2830 1163 2888 rentum
1199 2822 1299 2894 quique
1324 2822 1381 2876 suis
1403 2822 1507 2876 artibus
1527 2830 1555 2876 et
1576 2823 1691 2876 venenis
1709 2822 1785 2891 ipsam
1800 2833 1831 2871 es

222 2922 284 2960 rum
298 2905 349 2961 sub
361 2905 414 2961 hoc
429 2912 543 2977 tempus,
557 2904 733 2960 ambitiosum
750 2912 778 2958 et
792 2909 898 2959 vastum
919 2902 1020 2974 Hispa·
1058 2901 1223 2958 tholicornm
1235 2918 1363 2967 massam,
1377 2909 1458 2957 autea
1479 2903 1580 2974 magis,
1593 2901 1699 2957 dulcem
1714 2897 1832 2955 etinuox's

223 2985 278 3041 nise
299 2986 442 3041 consilium
462 2986 495 3040 de
516 2985 569 3040 hoc
590 3002 677 3057 regno
697 2984 868 3055 subjugando
888 2983 1020 3055 paulatim
1058 2999 1111 3049 am,
1125 2983 1327 3055 depravassent,
1342 2990 1369 3036 et
1381 2999 1453 3036 noro
1467 2983 1551 3037 veluti
1565 2983 1700 3037 termento
1712 2978 1832 3051 etperuic'e

224 3064 316 3136 detegi
336 3066 435 3136 coepit:
457 3066 539 3136 hujus
561 3082 624 3136 pars
644 3081 746 3135 magna
766 3064 825 3131 tuit,
846 3071 877 3118 ut
895 3063 1020 3119 omnibns
1058 3078 1107 3117 osa
1130 3062 1302 3134 malignitate
1327 3061 1508 3128 interissent,
1542 3079 1600 3117 non
1626 3062 1698 3117 aliud
1719 3062 1832 3115 inventum

223 3146 311 3200 modis
331 3146 404 3201 intra
424 3146 502 3217 regni
515 3146 620 3200 viscera
640 3145 724 3199 iacun
743 3159 761 3197 a
781 3152 855 3198 statu
878 3142 976 3207 aliena,
993 3153 1020 3198 et
1058 3150 1100 3198 est
1114 3143 1270 3207 remedium,
1282 3158 1364 3214 quam
1377 3150 1408 3196 ut
1422 3141 1579 3211 hujusmodi
1595 3140 1760 3197 hominessb
1776 3137 1832 3192 omni

224 3241 314 3279 rernm
327 3242 460 3280 novarum
480 3226 586 3296 cupida,
601 3225 772 3288 excitaretur,
788 3241 848 3294 quen
861 3222 933 3277 hosti
947 3223 1020 3277 inva-
1057 3223 1086 3275 in
1099 3222 1153 3277 hoc
1167 3240 1281 3292 reguum
1296 3222 1370 3276 aditu
1390 3222 1442 3276 snb
1462 3238 1545 3293 poena
1565 3223 1667 3293 eapitis
1682 3219 1832 3291 prohiberen-

224 3303 298 3358 denti
311 3304 473 3360 adhereret.
516 3305 607 3359 Eaex
624 3303 791 3359 dissentione
806 3302 946 3375 religionis
960 3320 1021 3374 spe·
1058 3310 1117 3357 tur:
1138 3302 1211 3373 quod
1225 3302 1334 3357 tandem
1346 3302 1478 3357 vicesimo
1492 3302 1612 3373 septimo
1632 3300 1708 3372 regni
1728 3299 1832 3352 smenon

223 3383 348 3450 rabntur;
370 3385 462 3456 itaque
476 3384 541 3440 huic
555 3384 629 3439 omni
649 3400 733 3456 opera
746 3383 955 3437 incumbendum
969 3391 1021 3437 sta·
1059 3382 1225 3437 factumest
1260 3383 1360 3454 Neque
1369 3381 1410 3435 ita
1421 3381 1507 3436 multo
1515 3390 1579 3451 post
1595 3391 1707 3435 eventus
1718 3380 1832 3449 ipsarum

223 3464 342 3529 tuebant,
358 3472 393 3528 et,
407 3463 603 3535 pullulantibus
616 3471 680 3518 tnnc
691 3463 852 3527 seminariis,
866 3463 1021 3517 sacerdotes
1058 3467 1136 3516 tanta
1157 3469 1304 3532 tempestas
1328 3460 1381 3515 hoe
1403 3477 1519 3531 regnum
1543 3462 1641 3515 adorta
1660 3467 1730 3514 esset
1746 3464 1770 3511 et
1785 3453 1833 3508 totis

224 3542 253 3597 in
267 3561 383 3615 regnum
397 3544 522 3610 immissi,
538 3545 585 3615 qui
599 3542 717 3599 studium
733 3541 873 3614 religionis
888 3542 1021 3598 Romame
1059 3541 1162 3596 viribus
1182 3542 1356 3606 incubuisset,
1380 3541 1480 3596 horum
1507 3540 1653 3595 hominum
1675 3537 1791 3592 invidiam
1811 3542 1833 3586 et

224 3624 378 3679 excitarent
404 3632 433 3679 et
456 3632 623 3695 spargerent,
650 3623 705 3677 vim
734 3623 1021 3677 excommunicationis
1059 3620 1150 3677 odium
1175 3622 1321 3694 quicquam
1342 3619 1470 3685 leniebat,
1492 3621 1541 3674 sed
1561 3621 1655 3690 potius
1673 3618 1758 3682 anxit3
1775 3614 1832 3669 suti

224 3702 358 3759 Romame
378 3704 408 3757 in
430 3704 482 3758 fide
506 3702 673 3758 subditorum
693 3701 822 3757 solvenda
845 3702 973 3756 docerent
993 3710 1023 3756 et
1059 3715 1166 3756 omnem
1177 3701 1338 3755 charitatem
1347 3700 1444 3772 patrias
1455 3700 1604 3754 exuissent.
1633 3699 1832 3769 dopmnum

223 3783 401 3850 inculcarent,
426 3792 453 3837 et
481 3784 586 3838 animos
612 3781 754 3837 hominum
776 3798 908 3837 novarum
930 3799 1021 3837 rerum
1058 3780 1226 3835 licetmetus
1240 3781 1275 3834 ab
1296 3780 1435 3851 Hispania
1457 3780 1518 3850 (qui
1538 3779 1622 3848 hujus
1643 3776 1781 3834 severitatis
1797 3772 1833 3826 tii·

223 3863 426 3933 exspectatione
442 3863 577 3934 erigerent
590 3869 824 3934 etpraepararent.
948 3870 953 3879 ’
1059 3860 1149 3916 mulus
1175 3863 1246 3929 erat)
1271 3860 1437 3915 consedisset
1459 3868 1505 3913 aut
1527 3861 1729 3920 remitteretur;
1759 3864 1832 3907 unet

264 3943 346 3997 Circa
365 3943 440 3998 idern
466 3950 582 4014 tempus,
606 3950 634 3997 et
658 3941 793 3996 Hibernia
814 3941 917 4010 apertis
936 3941 1021 3996 armis
1059 3957 1121 3995 curn
1135 3948 1162 3994 et
1172 3940 1304 3995 memoria
1316 3940 1447 4010 praeteriti
1461 3940 1594 4009 temporis
1608 3941 1638 3993 in
1649 3937 1743 3993 animis
1754 3942 1833 3989 nun

222 4025 396 4088 tentabatur;
418 4031 448 4078 et
465 4040 563 4077 nomen
578 4031 607 4077 et
619 4023 743 4093 regimen
756 4021 926 4076 Elisabethm
939 4022 1022 4075 variis
1060 4020 1134 4075 sibus
1147 4019 1290 4075 hominum
1311 4019 1366 4074 alte
1387 4019 1475 4074 infixa
1495 4029 1628 4084 maneret,
1643 4027 1672 4074 et
1684 4017 1755 4089 leges
1766 4009 1832 4067 semel

223 4109 253 4155 et
266 4103 405 4158 sceleratis
418 4103 519 4157 libellis
532 4102 771 4172 proscindebatur:
793 4101 910 4170 denique
924 4099 1021 4155 insoli-
1060 4100 1153 4164 iactas,
1168 4108 1217 4154 aut
1230 4099 1362 4171 abrogare
1379 4099 1546 4163 inconstans,
1562 4109 1610 4153 aut
1623 4098 1758 4169 negligere
1768 4093 1832 4146 dim

222 4187 268 4235 tus
288 4190 347 4236 erat
369 4200 459 4237 rerum
480 4191 578 4246 tumor,
599 4182 769 4252 praenuncius
791 4180 901 4250 majoris
922 4189 1021 4236 motus.
1059 4179 1147 4234 lutum
1157 4179 1310 4234 videretur:
1330 4180 1393 4250 ipsa
1406 4196 1497 4234 rerum
1510 4181 1551 4233 vis
1565 4178 1751 4233 Elisabethsm
1759 4171 1830 4233 uadi

223 4261 324 4330 Neque
338 4278 403 4317 sane
417 4262 534 4317 dixerim
548 4260 670 4332 singulos
690 4260 843 4314 sacerdotes
861 4260 889 4314 in
908 4261 1022 4331 partici-
1061 4268 1090 4315 ut
1103 4260 1138 4314 ad
1151 4256 1372 4330 priorem'rernm
1385 4267 1494 4324 statum,
1506 4259 1553 4330 qui
1564 4267 1628 4313 aute
1638 4257 1785 4313 vicesimum
1793 4260 1832 4303 ter·

224 4340 365 4411 petionem
378 4342 485 4396 consilii
504 4347 664 4412 assumptos,
679 4348 727 4394 aut
740 4340 803 4411 quid
818 4347 944 4410 ageretur
957 4357 1022 4394 con·
1061 4340 1129 4394 tium
1142 4339 1220 4411 regni
1235 4338 1277 4394 sui
1297 4355 1399 4393 annum
1418 4346 1483 4404 erat,
1497 4345 1632 4394 revertere
1654 4337 1704 4393 sibi
1723 4336 1831 4403 integrum

224 4419 305 4484 scios,
320 4420 368 4475 sed
382 4422 568 4476 tantummodo
582 4437 665 4491 prava
684 4420 783 4475 aliena
796 4419 908 4474 malitia
921 4419 1022 4474 iustru-
1059 4436 1114 4475 nun
1128 4427 1208 4475 esset.
1250 4418 1313 4473 Huc
1323 4419 1438 4473 accessit
1452 4418 1621 4491 quorundam
1631 4419 1660 4472 in
1673 4416 1832 4471 fircienmuo

224 4507 318 4554 menta
331 4499 423 4555 inisse.
465 4500 518 4555 Sed
532 4509 624 4555 tamen
642 4500 696 4555 hnc
711 4517 803 4555 renim
823 4506 871 4563 est,
886 4507 914 4553 et
931 4500 1023 4556 multis
1060 4500 1102 4554 dis
1115 4498 1249 4571 augendis
1262 4498 1410 4554 industria:
1431 4508 1459 4553 et
1476 4499 1663 4553 ministrorum
1677 4494 1786 4566 justitie.
1796 4488 1831 4560 qui

225 4579 442 4636 confessionibus
458 4588 592 4645 testatum,
614 4596 708 4635 omnes
725 4580 783 4634 iere
797 4579 960 4645 sacerdotes,
976 4581 1023 4652 qui
1060 4596 1115 4634 non
1128 4579 1212 4634 sliam
1223 4579 1321 4650 patria
1340 4578 1463 4643 salutem,
1477 4595 1559 4651 quam
1580 4595 1642 4649 qnae
1655 4577 1757 4647 legibue
1768 4568 1832 4626 conti

226 4661 261 4714 ab
283 4677 324 4725 eo,
348 4678 429 4731 quem
450 4660 577 4725 diximus,
600 4677 671 4714 anno
691 4676 777 4730 usque
801 4658 835 4711 ad
856 4659 1023 4715 tricesimum
1059 4667 1146 4726 netur,
1164 4659 1343 4730 introspicere
1363 4666 1411 4713 aut
1428 4658 1529 4713 intueri
1549 4650 1831 4715 consueveruntsciiu·

224 4739 395 4795 Elisabethae
408 4758 508 4794 annum
521 4743 588 4811 (qno
599 4738 742 4795 consilium
754 4739 906 4810 Hispania,
915 4747 945 4794 et
957 4758 1023 4811 pon·
1061 4738 1139 4801 tudo;
1161 4756 1222 4810 quac
1237 4740 1345 4810 quidem
1363 4739 1550 4794 executionem
1565 4738 1657 4810 legum
1672 4734 1802 4806 ponebam
1812 4732 1832 4778 (ἲ

225 4820 346 4884 tidcium,
361 4837 410 4891 per
423 4820 627 4875 memorabilem
642 4819 718 4875 iilum
732 4828 759 4873 et
772 4818 868 4874 classis
881 4828 910 4873 et
923 4828 1022 4874 terres-
1061 4820 1203 4891 urgebant
1245 4820 1311 4890 Ipsa
1334 4827 1425 4874 tamen
1448 4820 1490 4888 (in
1513 4829 1617 4872 naturae
1642 4833 1699 4872 sun
1719 4812 1832 4892 speciw

225 4900 308 4955 trium
336 4901 476 4971 copiarum
502 4907 663 4970 apparatum
687 4899 841 4954 executioni
866 4899 1023 4973 mandatnm
1061 4897 1247 4971 manifestum)
1261 4900 1299 4953 ita
1312 4897 1404 4970 legum
1418 4915 1574 4952 mucronem
1590 4896 1718 4957 contudit,
1731 4901 1830 4961 utputo

225 4981 297 5047 erat)
309 4980 338 5033 in
348 4978 402 5033 hoc
413 4997 527 5051 regnum
538 4980 652 5034 immissi
667 4986 753 5044 erant,
764 4979 894 5034 habuisse
908 4980 935 5034 in
950 4996 1025 5034 man·
1061 4995 1111 5048 pro
1118 4995 1231 5034 numero
1240 4978 1394 5033 sacerdotes
1405 4977 1516 5048 capitali
1528 4977 1662 5048 supplicio
1670 4975 1830 5046 plecterentur·

226 5059 299 5113 datis
312 5058 384 5114 inter
397 5059 545 5114 {unctionis
559 5059 649 5113 officia
662 5059 715 5113 hoc
734 5060 854 5129 insuper,
868 5066 907 5125 ut,
927 5065 943 5091 ‘¹
957 5060 1024 5114 Non
1061 5059 1161 5130 Neque
1174 5058 1235 5113 hac
1249 5057 1414 5113 detensionis
1426 5057 1488 5111 loco
1501 5057 1573 5111 dicta
1585 5065 1655 5119 sunt,
1667 5072 1718 5124 qna
1731 5067 1771 5105 res
1786 5048 1831 5099 itt!

226 5154 308 5209 posse
330 5138 390 5192 haec
411 5139 512 5193 diutius
532 5147 619 5193 stare:
649 5155 748 5193 novam
767 5155 857 5193 rerum
878 5138 976 5194 faciem
997 5146 1026 5194 et
1061 5154 1115 5193 non
1129 5147 1229 5210 egent:
1250 5154 1311 5193 cum
1326 5144 1354 5192 et
1374 5138 1449 5192 salus
1463 5138 1539 5207 regni
1553 5136 1581 5190 in
1596 5136 1647 5189 hoc
1661 5133 1831 5188 verteretur.ei

226 5218 432 5273 couversionem
444 5235 499 5272 non
514 5219 553 5272 itu
570 5218 657 5272 multo
676 5225 739 5289 post
756 5220 931 5288 conspicuam
950 5218 1024 5285 iore5
1062 5218 1195 5273 universae
1209 5218 1288 5274 istius
1298 5218 1451 5272 severitatis
1465 5217 1534 5271 ratio
1547 5227 1575 5269 et
1588 5216 1679 5270 modus
1691 5213 1766 5281 longe
1777 5203 1834 5259 inim

226 5315 299 5352 curte
312 5313 373 5351 esse
387 5305 414 5351 et
429 5298 549 5367 pontifici
569 5309 596 5351 et
615 5297 785 5368 principibus
806 5297 949 5353 catholicis
968 5315 1026 5354 rem
1062 5298 1246 5370 sanguinaria,
1261 5306 1289 5351 et
1302 5298 1374 5352 inter
1388 5297 1558 5351 Christianos
1572 5297 1618 5349 rix
1630 5288 1790 5349 nominanda
1800 5299 1826 5336 (ὃ

227 5375 476 5445 engilrammum
495 5376 548 5445 ipsi
568 5377 622 5431 sibi
640 5393 696 5430 non
715 5376 829 5442 desint,”
849 5378 1025 5433 insinuarent
1063 5394 1116 5449 que
1129 5379 1221 5448 potius
1235 5377 1270 5431 ab
1284 5378 1442 5449 arrogantia
1460 5386 1542 5448 atque
1562 5374 1666 5431 malitia
1683 5310 1845 5581 quamq¹

227 5454 319 5509 Etiam
339 5471 376 5508 ex
395 5455 578 5509 sacerdotibus
598 5455 719 5509 nonnulli
739 5457 821 5510 rebus
840 5464 868 5510 et
888 5458 1027 5512 machina-
1063 5457 1189 5512 cessitate
1213 5457 1344 5527 proiecta,
1372 5456 1570 5526 pontificiorum
1595 5452 1760 5523 exemplare
1832 5453 1842 5495 i

228 5532 355 5597 tionibus,
364 5550 424 5602 quae
432 5532 467 5587 ad
476 5541 562 5588 status
570 5534 778 5591 labefactionem
787 5543 816 5590 et
824 5536 1027 5593 subversionem
1064 5535 1118 5592 Sed
1131 5537 1198 5605 ejus,
1218 5537 1290 5607 quod
1304 5536 1479 5601 asseruimus,
1500 5553 1638 5600 memores.
1653 5548 1710 5588 eam
1728 5530 1754 5583 in
1767 5540 1801 5578 ω

1805 5684 1821 5830 i
