3800 5875
61 335 121 392 Ina
142 336 166 391 1.
584 338 636 395 DE
657 339 883 396 AUGMENTIS
905 339 1180 396 SClEN‘l'lARUM.
1634 336 1693 402 297

60 497 110 551 tuti
123 497 210 551 nostri
224 498 365 553 erroribus
377 497 446 569 ipsis
458 497 632 567 patrocinari,
643 500 691 555 sed
704 499 858 571 percorum
894 500 963 554 bus:
984 500 1069 568 cujus,
1084 500 1136 554 etsi
1150 515 1165 553 e
1179 497 1279 552 citimis
1294 504 1398 552 tantum
1413 496 1583 568 temporibus
1603 505 1693 567 protu-

57 593 199 631 censuram
219 583 249 631 et
267 579 448 632 secretionem
471 585 597 632 excutere
620 580 693 649 qnod
713 595 810 634 sanum
832 590 858 633 et
896 576 975 633 lerim
988 578 1122 649 exempla,
1138 585 1229 631 temen
1244 578 1391 632 secundum
1405 577 1494 644 majus
1507 585 1535 631 et
1553 579 1651 641 minus,
1665 586 1693 631 et

62 654 173 710 solidum
188 665 239 722 est,
255 665 368 728 atqnea
387 658 526 711 calumnia
539 657 685 714 vindicare.
726 659 858 713 Videmus
895 660 961 713 olim
981 659 1141 729 placuerunt
1159 658 1219 726 ejus
1239 658 1349 728 generis
1369 658 1487 727 ineptiae,
1512 653 1540 710 'et
1563 657 1691 726 deinceps

61 736 139 798 esim,
152 737 183 789 in
197 753 286 801 more,
302 738 452 807 pracsertim
466 737 538 806 apud
554 737 667 802 invidos,
691 755 758 804 esse,
778 756 858 809 prop
895 738 1048 809 placebunt.
1089 738 1151 790 Jam
1167 754 1232 791 vero
1245 738 1304 791 fieri
1317 753 1372 791 non
1386 743 1484 807 potest,
1499 736 1564 805 quin
1585 735 1637 790 hoc
1652 738 1692 806 ip

61 821 97 868 ter
110 831 151 878 ea,
165 832 230 886 quae
240 815 391 886 depravata
404 824 474 881 sunt
482 817 567 869 etiam
582 834 623 882 ea,
639 836 701 888 quse
712 817 857 889 impolluta
895 835 954 872 sum
966 819 1081 871 multum
1092 817 1175 871 iaciat
1184 816 1357 871 addoctrinae
1365 817 1594 870 existimationem
1605 815 1692 869 minu-

61 904 86 947 et
94 895 125 947 in
138 904 212 950 statu
227 912 281 949 suo
288 904 455 961 manserunt,
463 896 609 965 sugillare:
631 898 856 969 quemadmodum
895 898 991 952 endam
1006 906 1033 951 et
1046 896 1213 961 elevandam,
1228 897 1311 950 etiam
1329 896 1403 966 apnd
1415 894 1513 966 vulgus
1526 895 1690 965 imperitum,

61 973 157 1028 etlmici
168 975 199 1028 in
209 976 352 1046 primitiva
362 975 478 1029 ecclesia
487 975 656 1032 Christianos
666 978 856 1033 haereticorum
894 995 956 1030 cum
982 977 1090 1030 videant
1116 977 1255 1030 doctorum
1283 975 1392 1045 scripta,
1417 983 1545 1046 tanquam
1573 976 1690 1046 primam

60 1053 128 1107 ritiis
146 1071 298 1126 aspergere
316 1056 446 1109 solebant.
487 1057 586 1125 Neque
605 1067 695 1110 tamen
715 1057 856 1111 consilium
894 1057 1003 1110 literam
1014 1056 1179 1126 diplomatis,
1195 1072 1256 1126 qum
1270 1056 1393 1126 quamvis
1407 1056 1489 1109 variis
1509 1054 1607 1108 calami
1628 1055 1691 1108 duc·

61 1139 98 1186 est
115 1134 195 1198 mihi,
219 1152 339 1189 examen
363 1134 473 1205 aliquod
491 1136 644 1191 accuratius
663 1137 802 1190 instituere
822 1137 855 1190 de
895 1136 967 1190 tibus
981 1144 1007 1188 et
1021 1136 1141 1190 flosculis
1155 1136 1292 1206 variegata
1303 1134 1436 1200 ait,litera
1446 1142 1537 1188 tamen
1549 1141 1590 1188 est
1601 1135 1687 1188 unica.

60 1213 194 1267 erroribus
208 1225 237 1267 et
247 1211 607 1283 impedimentisliterarum,
619 1233 680 1286 qum
690 1216 819 1270 interiora
829 1223 857 1270 et
894 1215 933 1269 Ac
949 1215 1018 1269 mihi
1034 1232 1099 1269 sane
1113 1215 1218 1270 videtur
1237 1214 1411 1286 perapposita
1429 1214 1542 1282 hujusce
1559 1215 1688 1268 vanitatis

59 1301 166 1362 acaptu
182 1292 261 1365 vulgi
274 1295 435 1358 remotiora:
464 1294 512 1348 sed
529 1295 563 1348 de
581 1295 638 1348 illis
655 1304 759 1349 tantum
772 1295 856 1349 verba
894 1294 1069 1359 adumbratio,
1085 1303 1113 1348 et
1126 1294 1202 1365 quasi
1224 1294 1365 1358 emblema,
1380 1293 1567 1365 Pygmalionis
1585 1293 1636 1347 illa
1649 1294 1690 1348 in·

59 1370 152 1437 meere,
165 1390 230 1443 qum
245 1374 344 1427 cadunt
357 1374 407 1427 snb
417 1375 588 1428 communiet
599 1373 722 1444 populari
732 1375 855 1429 observa·
893 1377 986 1438 sanic:
1009 1375 1074 1445 quid
1095 1376 1166 1428 enim
1186 1373 1259 1429 aliud
1276 1384 1339 1428 sunt
1352 1374 1442 1437 verbs,
1457 1389 1539 1443 quam
1552 1373 1688 1444 imagines

59 1451 129 1505 tione
141 1462 169 1505 et
183 1459 258 1517 nota,
273 1461 320 1507 aut
333 1453 430 1507 saltem
444 1454 480 1506 ab
493 1471 527 1508 ea
540 1471 595 1508 non
607 1454 689 1525 longe
704 1456 840 1509 recedunt.
893 1471 990 1518 rerum,
1002 1466 1031 1508 ut
1044 1454 1096 1508 nisi
1112 1454 1245 1508 rationum
1256 1453 1349 1523 vigore
1359 1453 1549 1518 animatasint‚
1560 1453 1687 1508 adamare

94 1530 186 1591 Quare
206 1533 260 1585 tria
281 1535 418 1603 principue
438 1532 612 1603 deprehendo
625 1551 695 1587 vana
713 1542 742 1588 et
762 1534 855 1588 inania
893 1532 941 1588 illa
955 1535 1027 1588 idem
1042 1535 1085 1598 eit,
1099 1549 1130 1586 ac
1145 1541 1259 1587 statuam
1274 1533 1419 1603 deperire?

57 1609 84 1663 in
96 1608 194 1676 literis,
209 1627 272 1681 quae
285 1627 366 1666 ansas
375 1612 510 1682 praecipue
522 1614 697 1682 prebuerunt
707 1614 741 1667 ad
753 1614 855 1668 obtrec·
932 1614 1032 1685 Neque
1045 1622 1135 1667 tamen
1146 1622 1247 1667 temere
1260 1612 1442 1666 damnandnm
1456 1620 1504 1677 est,
1516 1612 1541 1667 si
1554 1612 1614 1682 quis
1626 1611 1687 1682 phi·

58 1689 177 1745 mudum.
219 1692 276 1746 Eas
291 1692 420 1746 enimres
435 1693 572 1762 proranis
586 1693 716 1757 ducimus,
731 1710 792 1764 quae
805 1702 856 1748 aut
892 1693 1025 1763 losophiae
1039 1693 1152 1747 obscura
1168 1702 1196 1747 et
1216 1708 1314 1762 aspera
1330 1692 1475 1746 verborum
1493 1691 1636 1762 splendore
1655 1692 1687 1745 il·

56 1768 132 1823 ialam
145 1779 217 1835 sunt,
232 1780 280 1825 ant
293 1771 415 1835 frivolae:
431 1772 569 1842 inquibus
583 1771 741 1827 scilicetaut
755 1774 854 1827 veritas
893 1774 997 1837 lustret,
1012 1781 1039 1826 et
1052 1771 1190 1842 expoliat:
1212 1772 1295 1840 hujus
1316 1772 1391 1826 enim
1409 1771 1449 1826 rei
1469 1787 1571 1842 magna
1590 1771 1687 1825 adsunt

56 1848 153 1914 deficit,
165 1858 215 1904 ant
229 1867 308 1905 nans:
330 1850 393 1906 illos
406 1851 489 1905 etiam
504 1850 630 1906 homines
643 1869 727 1906 vanos
740 1860 767 1907 et
779 1851 854 1908 leves
892 1852 1020 1923 exempla
1045 1853 1075 1905 in
1099 1851 1292 1922 Xenophonte,
1319 1850 1459 1916 Cicerone,
1487 1850 1599 1914 Seneca,
1623 1850 1686 1904 Plu·

57 1929 255 1993 existimamus,
271 1930 319 2000 qni
332 1938 380 1985 aut
394 1930 429 1984 ad
444 1930 511 1985 laisa
530 1931 641 1996 creduli,
656 1940 703 1986 aut
723 1932 753 1985 in
773 1933 854 1987 rebus
893 1932 995 1997 tarcho,
1009 1932 1125 2002 ipsoque
1139 1932 1221 1985 etiam
1234 1930 1365 1985 Platone:
1386 1947 1436 1985 nec
1458 1929 1547 1984 minor
1560 1937 1601 1983 est
1615 1930 1686 1984 utili·

58 2009 147 2078 exigui
162 2026 230 2062 usus
244 2010 355 2064 curiosi.
397 2009 547 2065 Curiositas
562 2012 758 2074 autem,antin
773 2012 854 2066 rebus
892 2020 943 2065 tas.
994 2011 1123 2072 Quamvis
1142 2010 1215 2066 enim
1236 2010 1395 2080 diligentem
1415 2010 1471 2064 veri
1496 2009 1685 2081 cognitionem,

57 2087 122 2156 ipsis
141 2097 339 2152 retenturam
358 2089 388 2142 in
401 2090 510 2155 verbis:
532 2090 639 2161 quando
658 2091 793 2156 nimirum,
808 2098 854 2145 aut
892 2099 974 2161 atque
988 2107 1050 2144 acre
1072 2091 1192 2145 studium
1209 2089 1392 2161 philosophiae
1414 2106 1458 2143 res
1480 2087 1539 2142 haec
1559 2089 1686 2143 nonnihil

57 2166 171 2221 inrebus
182 2168 312 2222 inanibus
323 2169 565 2238 operainsumitur‚
576 2178 623 2224 aut
633 2170 852 2224 circaserborum
891 2170 1030 2240 impediat,
1055 2172 1183 2241 qnoniam
1207 2186 1382 2241 praepropere
1410 2176 1530 2223 mentem
1554 2168 1685 2238 consopit,

58 2246 168 2301 delicias
175 2247 293 2301 nimium
300 2248 449 2303 insudatur.
471 2248 757 2313 Quocircanoncertm
765 2249 853 2320 magis
892 2258 974 2321 atque
985 2250 1119 2304 ulterioris
1128 2250 1323 2320 disquisitionis
1334 2249 1406 2303 sitim
1417 2257 1444 2303 et
1457 2248 1580 2303 ardorem
1590 2249 1687 2302 reatin-

57 2326 242 2397 experientiae,
251 2343 333 2397 qnam
340 2335 422 2381 rectae
428 2329 509 2382 etiarn
515 2328 620 2394 rationi,
628 2345 775 2384 consonum
782 2330 854 2383 vide·
892 2331 966 2401 guit;
988 2331 1011 2384 si
1028 2330 1089 2401 quis
1103 2338 1193 2384 tamen
1208 2329 1357 2383 doctrinam
1372 2328 1406 2382 ad
1419 2345 1484 2382 usus
1497 2327 1592 2382 civiles
1610 2327 1687 2381 adhi-

59 2413 105 2471 tur,
115 2413 148 2459 nt
161 2413 220 2460 tres
234 2414 373 2476 ponantur
382 2407 563 2462 doctrinarum
575 2408 761 2478 intemperies.
795 2409 853 2463 Pri·
891 2410 955 2463 beat
976 2409 1186 2479 (sermocinandi
1206 2408 1339 2473 videlicet,
1360 2407 1525 2471 consulendi,
1547 2407 1686 2471 suadendi,

57 2502 98 2538 ma
110 2493 151 2540 est
165 2485 292 2539 doctrina
305 2485 485 2556 phantastica,
501 2487 620 2554 secunda
633 2489 755 2542 doctrina
769 2489 854 2560 litigi·
892 2489 1107 2560 argumentandi,
1122 2496 1149 2542 et
1162 2487 1306 2555 similium)
1321 2488 1419 2551 omnia,
1434 2504 1495 2557 qum
1505 2487 1605 2557 cupiat,
1620 2503 1688 2557 pree·

57 2581 107 2629 om,
121 2567 207 2619 tertia
220 2566 345 2619 doctrina
358 2565 451 2621 inccta
470 2575 497 2621 et
511 2566 619 2622 mollis:
640 2566 684 2622 vel
698 2569 753 2632 sic:
776 2585 853 2622 vanae
892 2578 986 2638 parata
1000 2579 1027 2623 et
1040 2569 1170 2622 adornata
1184 2568 1213 2621 in
1227 2567 1383 2637 hujusmodi
1393 2567 1548 2620 auctoribus
1562 2567 1685 2636 reperiet

56 2645 274 2716 imaginationes,
283 2663 361 2700 vanae
371 2646 650 2711 altercationes,vama
659 2648 852 2703 affectationes.
892 2648 1076 2704 Veruntamen
1087 2647 1201 2716 hujusce
1210 2647 1251 2702 rei
1264 2663 1392 2701 excessus
1405 2646 1474 2700 adeo
1484 2647 1558 2714 juste
1568 2654 1687 2700 contem-

56 2722 94 2777 iic
108 2725 222 2794 quidem
236 2725 328 2779 ordiar
342 2726 377 2779 ab
391 2727 493 2780 ultima.
891 2729 971 2793 nitur,
992 2737 1021 2782 ut
1040 2727 1267 2799 quemadmodum
1286 2725 1429 2789 Hercules,
1454 2742 1515 2779 cum
1536 2726 1639 2780 videret
1658 2727 1687 2780 iu

95 2804 280 2874 intemperies
294 2806 355 2869 ista,
366 2805 396 2859 in
408 2805 516 2861 luxurie
532 2806 648 2876 quadam
662 2806 791 2861 orationis
802 2808 853 2862 sita
893 2807 995 2878 templo
1014 2817 1130 2862 statuam
1153 2806 1284 2861 Adonidis
1302 2803 1435 2877 (Veneris
1454 2804 1626 2872 deliciarum)
1648 2805 1688 2858 in-

57 2882 130 2949 (lieet
152 2883 223 2939 olim
244 2901 296 2955 per
315 2886 390 2940 vices
410 2886 439 2940 in
458 2886 547 2957 pretio
561 2886 657 2939 habits
670 2887 766 2955 fuerit)
782 2889 853 2942 circa
891 2887 1081 2959 dignabundus
1093 2888 1170 2951 dixit,
1186 2886 1266 2942 “Nil
1280 2887 1350 2942 sacri
1365 2886 1429 2949 cs;'’
1450 2885 1489 2939 ita
1508 2901 1603 2939 omnes
1617 2884 1687 2939 lier-

54 2961 169 3018 Lntheri
193 2970 321 3035 tempora
344 2966 420 3020 miris
443 2966 530 3020 modis
549 2965 673 3020 invaluit.
717 2968 749 3020 ln
772 2985 854 3022 cansa
891 2968 961 3022 culei
976 2967 1115 3022 literarum
1130 2967 1245 3038 pugiles,
1260 2967 1289 3020 id
1307 2972 1356 3030 est,
1371 2965 1500 3019 laboriosi
1520 2971 1602 3036 atque
1625 2980 1688 3019 con-

54 3045 192 3115 prmcipue
214 3044 276 3109 fuir,
299 3044 372 3115 quod
393 3045 481 3099 iervor
501 3053 528 3099 et
551 3047 672 3099 efficacia
693 3048 852 3102 concionum
891 3056 992 3101 stantes
1012 3048 1186 3118 indagatores
1207 3046 1335 3110 veritatis,
1350 3045 1508 3113 hujusmodi
1528 3044 1640 3098 delicias
1660 3051 1688 3098 et

55 3132 116 3176 tunc
128 3125 273 3194 temporis,
288 3125 323 3178 ad
338 3124 468 3195 populum
488 3125 695 3179 demulcendum
718 3135 746 3180 et
764 3125 853 3181 allici-
891 3127 1018 3191 lautitias,
1034 3134 1164 3197 tanquam
1185 3126 1225 3181 nil
1247 3126 1333 3180 divini
1353 3127 1496 3197 spirantes,
1511 3123 1592 3179 facile
1614 3140 1688 3194 spre-

54 3203 149 3257 endnm
164 3204 290 3258 maxime
304 3205 431 3275 vigebat:
451 3204 499 3258 illa
513 3213 602 3258 autern
623 3206 753 3276 populare
768 3223 853 3276 genus
891 3207 986 3261 verint.

55 3283 353 3353 omdnnispoacebant.
381 3284 852 3356 Accedebatodinmetcontemptus,
930 3285 1017 3341 Paulo
1036 3286 1129 3340 sanius
1150 3293 1192 3341 est
1214 3284 1289 3339 aliud
1308 3283 1372 3354 styli
1385 3300 1479 3356 genus,
1493 3300 1581 3355 neque
1596 3290 1689 3337 tamen

55 3361 105 3416 illis
123 3363 196 3433 ipsis
217 3363 395 3434 temporibus,
416 3371 491 3419 ortus
512 3381 578 3436 erga
597 3364 781 3430 scholasticos,
806 3366 852 3437 qui
890 3366 981 3435 ipsum
1004 3366 1114 3420 omnino
1136 3365 1263 3419 vanitatis
1283 3380 1389 3434 expers,
1404 3364 1475 3434 quod
1496 3364 1582 3434 copim
1595 3361 1645 3428 illi,
1660 3371 1689 3417 et

55 3441 121 3511 stylo
141 3454 170 3498 et
192 3443 331 3497 scribendi
354 3460 454 3514 genere
475 3443 620 3497 utebantur
639 3444 716 3498 valde
738 3445 852 3510 diverso,
890 3445 1007 3500 luxurias
1028 3445 1166 3510 orationis,
1181 3453 1302 3514 tempore
1317 3444 1376 3497 iere
1391 3443 1518 3498 succedit.
1563 3442 1635 3497 illud
1648 3451 1688 3497 to-

55 3522 133 3576 verba
146 3522 267 3577 licenter
287 3522 433 3578 admodum
446 3524 576 3577 cudentes
595 3541 665 3577 nora
686 3533 715 3577 et
734 3524 852 3587 horrida,
891 3534 947 3579 tum
963 3527 992 3579 in
1010 3543 1044 3579 eo
1057 3532 1105 3588 est,
1121 3532 1151 3578 ut
1163 3525 1246 3578 rerba
1259 3524 1314 3578 sint
1327 3523 1457 3587 aculeata,
1473 3523 1612 3577 sentcntiae
1626 3538 1688 3576 con-

56 3600 84 3655 de
97 3603 231 3657 orationis
243 3611 340 3657 ornatu
354 3610 382 3656 et
395 3603 531 3674 elegantia
545 3620 640 3673 parum
655 3603 766 3670 soliciti,
778 3604 853 3659 dum·
891 3607 963 3670 ciam,
978 3604 1065 3659 oratio
1085 3604 1203 3675 denique
1224 3605 1315 3675 potius
1335 3619 1421 3666 versa,
1436 3619 1517 3673 quam
1539 3602 1612 3666 iuss:
1634 3619 1689 3673 quo

56 3682 129 3735 modo
142 3682 339 3737 circuitionem
354 3682 496 3747 evitarent,
511 3690 538 3736 et
552 3699 647 3737 sensus
662 3700 692 3736 ac
707 3691 852 3754 conceptus
891 3687 927 3749 tit,
942 3694 973 3738 nt
993 3685 1084 3738 omnia
1103 3701 1153 3754 per
1174 3682 1329 3752 hujusmodi
1343 3683 1495 3746 artificium,
1509 3683 1598 3753 magia
1612 3682 1688 3752 inge·

57 3777 114 3815 snos
127 3771 211 3816 acute
227 3762 429 3833 exprimerent:
455 3771 536 3833 atque
550 3762 615 3816 hinc
630 3762 731 3816 iactum
752 3772 802 3827 est,
824 3772 853 3817 ut
890 3765 969 3818 niosa
987 3765 1136 3828 videantur,
1151 3780 1232 3836 quam
1252 3780 1347 3818 revera
1367 3763 1429 3816 sint
1470 3762 1537 3815 'lale
1551 3762 1689 3816 invenitur

57 3841 132 3909 paulo
145 3849 254 3912 postea,
270 3842 359 3910 major
379 3841 452 3911 apud
472 3842 603 3913 plurimos
624 3843 737 3913 coeperit
755 3842 852 3897 haberi
890 3845 918 3897 in
947 3844 1052 3898 Seneca
1076 3843 1196 3907 effusius,
1220 3844 1249 3896 in
1279 3843 1376 3896 Tacito
1400 3850 1428 3896 et
1455 3840 1547 3896 Plinio
1570 3841 1690 3896 secundo

57 3921 198 3975 verborum
226 3938 302 3986 cura,
331 3938 412 3992 quam
448 3939 560 3985 rerum:
595 3921 732 3993 plerisque
764 3923 852 3993 magia
891 3924 1071 3987 moderatius,
1103 3930 1184 3993 atque
1208 3924 1293 3976 nostri
1318 3922 1448 3991 temporis
1470 3921 1580 3976 auribus
1603 3921 1688 3991 coepit

57 4008 190 4070 conrptam
212 4000 346 4071 phrasim,
366 4008 479 4055 teretem
499 4001 648 4071 periodum,
670 4000 853 4056 clausularum
890 4019 1018 4058 essenon
1038 4003 1079 4056 ita
1099 4003 1205 4072 pridem
1226 4003 1470 4057 accommodatum.
1513 4002 1614 4055 Verum
1635 4001 1688 4055 hoc

57 4078 205 4148 rhythmos,
221 4090 363 4151 troporum
377 4080 512 4146 stellulas;
535 4099 617 4151 quam
632 4081 738 4151 pondus
752 4100 851 4146 rerum,
890 4083 980 4153 ipsum
994 4082 1176 4136 mediocribus
1190 4083 1309 4153 ingeniis
1327 4090 1435 4151 gratum
1450 4097 1509 4135 esse
1528 4080 1605 4145 solet,
1620 4081 1690 4135 adeo

58 4160 188 4213 rationum
205 4177 314 4225 nervos,
329 4160 493 4214 inventionis
512 4176 634 4225 acumen,
652 4169 698 4214 aut
710 4162 806 4228 judicii
821 4161 853 4216 li-
891 4172 919 4215 ut
933 4162 1244 4232 dignitatemtqnandam
1263 4162 1350 4216 literis
1370 4160 1510 4226 conciliet,
1532 4170 1651 4215 attamen
1671 4177 1689 4214 a

58 4253 124 4293 mam
137 4239 341 4294 affectantibus.
382 4240 453 4294 Tum
467 4240 576 4294 demum
591 4241 682 4294 floruit
696 4241 784 4295 Oson'i
799 4241 853 4295 Lu·
888 4242 998 4309 judiciis
1011 4241 1101 4312 magis
1115 4240 1216 4296 limatis
1229 4242 1327 4295 merito
1342 4241 1493 4304 fastiditur:
1508 4250 1537 4294 et
1550 4241 1614 4310 poni
1628 4258 1689 4311 pos-

59 4318 132 4371 sitani
158 4320 285 4390 episcopi
306 4318 448 4374 luxurians
472 4328 499 4374 et
523 4320 609 4374 diluta
633 4320 726 4373 oratio.
775 4320 852 4375 'l'unc
890 4321 925 4375 sit
940 4338 989 4390 pro
1000 4321 1161 4391 intemperie
1176 4323 1293 4391 quadam
1314 4321 1452 4382 doctrinm,
1470 4337 1532 4374 cum
1547 4322 1582 4374 sit
1595 4321 1689 4374 verbo-

59 4396 187 4452 Stnrmius
201 4399 231 4453 in
246 4399 379 4454 Cicerone
390 4407 496 4453 oratore
511 4407 540 4453 et
555 4400 730 4471 Hermogene
744 4399 851 4456 rhetore
890 4418 949 4454 rum
960 4401 1041 4455 etiam
1053 4409 1180 4455 eteorum
1188 4400 1377 4455 concinnitatis
1389 4400 1533 4469 aucupium
1544 4401 1688 4470 quoddam.

58 4476 187 4532 infinitam
198 4488 226 4533 et
236 4480 349 4534 anxiam
360 4495 471 4549 operam
479 4481 657 4549 consumpsit.
699 4479 852 4535 TuncOar·
891 4482 982 4551 Atque
1003 4480 1063 4535 haec
1086 4481 1120 4534 de
1148 4481 1236 4551 prima
1263 4481 1401 4536 literarum
1427 4480 1588 4550 intemperie
1616 4480 1689 4534 diets

58 4571 99 4610 rm
108 4566 136 4611 et
147 4558 302 4613 Aschamus
312 4559 385 4628 apud
399 4575 456 4623 noa,
470 4559 689 4629 praelectionibus
703 4568 729 4613 et
744 4560 852 4629 scriptis
891 4569 980 4613 sunto.

58 4636 109 4690 suis
130 4637 294 4694 Ciceronem
314 4647 342 4692 et
359 4638 572 4693 Demosthenem
595 4655 679 4709 usque
701 4639 735 4692 ad
755 4640 852 4694 coelum
930 4639 1057 4710 Sequitur
1070 4656 1103 4693 en
1116 4637 1291 4709 intemperies
1304 4638 1334 4693 in
1348 4640 1430 4694 rebus
1448 4639 1524 4709 ipsis,
1539 4656 1620 4709 quam
1642 4656 1689 4709 po-

58 4716 207 4781 cvehentes,
227 4719 343 4787 juvenes
361 4719 395 4771 ad
414 4719 528 4789 politum
550 4718 602 4772 hoc
621 4728 649 4771 et
670 4718 768 4772 florens
789 4718 852 4773 doc·
890 4720 994 4774 suimus
1009 4719 1133 4783 mediam,
1149 4727 1178 4773 et
1197 4718 1324 4789 litigiosae
1342 4720 1500 4774 subtilitatis
1514 4719 1623 4773 nomine
1640 4719 1688 4773 de-

57 4796 131 4849 trinae
144 4814 232 4867 genus
246 4798 406 4852 invitarunt.
447 4798 523 4851 'lunc
536 4798 666 4851 Erasmus
680 4799 793 4869 arripnit
804 4816 852 4852 an·
890 4800 1083 4870 signavimus:
1115 4807 1210 4869 estque
1234 4797 1292 4863 illa,
1316 4798 1350 4852 de
1377 4816 1429 4869 qua
1453 4799 1533 4851 modo
1559 4799 1687 4863 diximus,

59 4891 114 4929 sam
124 4876 313 4931 introducendi
327 4877 470 4931 ridiculam
484 4877 560 4932 illam
571 4877 647 4940 echo,
663 4878 791 4932 “Decem
806 4896 852 4931 an·
890 4878 1031 4949 aliquanto
1044 4878 1169 4933 deterior.
1210 4879 1249 4932 Ut
1263 4879 1336 4932 enim
1352 4896 1441 4932 rerum
1462 4878 1580 4947 dignitas
1593 4878 1688 4932 verbo·

58 4969 105 5008 noe
117 4958 273 5029 consumpsi
287 4958 317 5012 in
336 4956 453 5028 legendo
467 4956 598 5011 Cicerone
609 4958 640 5012 :”
662 4958 706 5011 cui
727 4957 797 5012 echo
811 4976 852 5013 re·
890 4976 948 5012 rum
957 4958 1040 5012 cultui
1049 4958 1189 5028 praecellit,
1198 4959 1246 5022 sic,
1257 4974 1272 5012 e
1282 4960 1425 5021 contrario,
1434 4957 1552 5011 odiosior
1562 4966 1604 5011 est
1615 4959 1688 5010 vani·

60 5034 174 5102 vendit,
187 5033 267 5101 Ὀνε,
282 5038 369 5091 asine.
411 5035 639 5091 Scholasticornm
653 5053 718 5091 vero
731 5038 851 5092 doctrina
890 5044 931 5091 tas
944 5038 974 5091 in
986 5039 1074 5101 rebus,
1090 5055 1172 5109 quam
1183 5039 1212 5091 in
1227 5037 1325 5091 verbis
1368 5037 1427 5097 Qua
1441 5038 1470 5090 in
1484 5054 1521 5099 re,
1537 5036 1688 5105 increpatio

59 5112 193 5182 despectui
207 5134 320 5186 prorsus
340 5114 436 5170 haberi
454 5117 544 5187 coepit,
559 5124 688 5186 tanquam
708 5134 804 5188 aspera
824 5127 852 5172 et
889 5117 937 5170 iila
958 5116 1083 5181 Pauline,
1107 5134 1162 5172 non
1182 5117 1272 5188 magis
1293 5117 1327 5170 ad
1349 5134 1425 5171 suam
1450 5126 1558 5170 :etatem
1583 5115 1686 5181 referri,

59 5190 187 5249 barbam
207 5196 335 5267 denique,
347 5203 375 5250 ut
383 5194 469 5249 semel
482 5197 579 5260 dicam,
590 5197 730 5266 praecipua
743 5196 851 5251 illorum
890 5197 1020 5267 quemad
1039 5198 1181 5267 sequentia
1200 5205 1324 5267 tempora
1344 5196 1449 5260 deduci,
1471 5202 1576 5264 potest:
1598 5211 1687 5265 neque

60 5278 208 5342 temporum
222 5275 375 5339 inclinatio,
390 5282 418 5329 et
439 5276 565 5340 sardium,
579 5275 669 5347 potius
687 5277 721 5331 ad
735 5278 850 5347 copiam,
890 5276 1058 5347 theologiam
1073 5284 1186 5339 tantum,
1199 5277 1340 5330 sedetiam
1354 5275 1584 5330 omnesscientias
1599 5275 1687 5344 respi-

61 5355 184 5419 quemad
198 5356 312 5425 modus,
327 5355 447 5410 deflexit
889 5373 950 5410 cere
964 5356 1079 5410 videtur.
1121 5362 1137 5387 ‘⁴
1151 5357 1251 5410 Devita
1264 5356 1419 5425 prophanas
1432 5370 1529 5406 vocum
1543 5353 1686 5418 novitates,

102 5430 154 5485 liic
166 5433 258 5505 itaque
272 5451 384 5488 cernere
405 5442 445 5488 est
460 5433 576 5505 primam
594 5433 731 5489 literarum
752 5435 852 5490 intern-
890 5443 917 5488 et
931 5436 1115 5506 oppositiones
1129 5435 1191 5490 t'alsi
1206 5436 1324 5489 nominis
1346 5433 1495 5487 scicntiae.’'
1538 5433 1592 5487 His
1613 5434 1687 5488 enim

61 5509 169 5579 petitur.
183 5531 274 5585 quum,
289 5522 318 5569 ut
338 5514 466 5580 diximus,
484 5513 574 5569 verbis
594 5516 723 5581 studetur,
737 5533 793 5571 non
812 5533 852 5570 re·
889 5517 980 5572 verbis
994 5517 1047 5570 dno
1060 5515 1141 5588 signa
1154 5516 1307 5585 indiciaque
1322 5513 1442 5568 seientia
1457 5521 1591 5583 suspectae
1605 5522 1687 5586 atque
