3800 5875
562 303 746 361 ARTlCULI
766 303 883 361 (ΗΒΕΑ
904 303 1135 364 minantum.
1602 303 1656 359 till

64 465 126 519 enim
143 463 207 528 nori,
220 460 285 534 quid
304 461 333 515 in
354 477 405 517 usu
425 466 543 533 prestet,
557 470 741 536 praeterquam
762 464 834 536 quod
908 462 1004 518 Obiter
1024 463 1106 518 etiam
1129 478 1280 534 queremus
1303 464 1337 518 de
1358 464 1447 534 primo
1469 462 1567 532 lapide,
1587 463 1661 518 rudi·

64 553 162 615 argento
173 541 283 597 obducta
296 541 415 613 squalori
428 559 461 597 ac
475 542 595 611 rubigini
613 546 702 615 magis
716 545 834 600 obnoxia
869 551 960 598 mento
983 542 1115 606 minerali,
1134 542 1245 597 metullo
1263 544 1415 608 immaturo,
1429 543 1487 597 sive
1509 545 1660 605 marcasits,

64 625 115 687 sint,
128 639 203 695 quam
214 622 356 677 deaurata:
372 622 444 693 quod
457 620 596 686 vitiumsi
610 623 762 693 pauxillum
775 625 833 678 auri
869 621 1039 692 singulorum
1059 622 1246 687 metallorum:
1267 623 1338 692 quod
1358 638 1443 692 genus
1462 638 1576 692 corpora
1598 623 1660 687 unt,

64 702 215 757 admiscendo
237 701 337 772 corrigi
365 703 458 770 possit,
479 700 509 755 id
534 699 610 755 lucro
636 704 696 757 erit
738 704 833 774 ltaque
870 709 897 756 et
909 700 1008 772 quibus
1022 702 1121 756 sanum
1135 701 1265 772 gradibus
1278 701 1417 756 ditescant.

63 781 169 836 nonnihil
187 781 278 836 mirari
299 780 378 844 subit,
397 797 447 851 per
465 778 568 851 aliquot
585 780 644 848 jam
657 789 751 837 aetates
764 783 833 836 anti-
910 780 1088 841 Quareuoum
1101 781 1184 836 etiam
1197 780 1231 834 de
1244 780 1325 836 modo
1335 781 1493 849 separandi:
1514 781 1660 851 numigns,

64 879 161 933 quorum
173 860 299 914 electrum
319 860 489 916 intercidisse
499 860 586 930 (quod
606 859 658 914 tuit
670 879 707 916 ex
720 879 786 916 auro
806 869 834 915 et
870 859 913 914 vel
936 860 1015 930 aquis
1037 861 1150 932 stygius
1171 859 1215 914 vel
1237 858 1323 914 aliter.
1364 859 1508 926 Praeterea,
1534 860 1607 931 qnod
1626 859 1662 913 ad

64 949 165 1011 argento,
175 939 369 1004 mixtiaconfla
428 939 691 1010 )cujus,opiuor,in
704 940 832 997 cudendis
870 939 979 994 modum
992 939 1164 1010 repurgandi,
1179 939 1375 1009 dispiciendum
1388 947 1437 1005 est,
1453 955 1506 1010 quo
1525 945 1606 1009 pacto
1619 956 1663 992 ca·

64 1020 171 1084 nummis,
184 1020 298 1074 invasis
312 1019 383 1090 preti
402 1019 440 1074 sis
457 1018 644 1085 extundeudis,
658 1029 686 1074 et
705 1021 735 1074 iu
749 1020 832 1075 dean·
870 1018 956 1074 lorem
969 1019 1108 1073 intendere
1121 1018 1166 1072 vel
1178 1017 1312 1078 fusionem
1324 1019 1475 1074 eccelerate
1488 1018 1593 1090 possis,
1608 1034 1662 1089 quo

64 1100 141 1163 raudo,
149 1099 278 1169 plurimus
291 1115 357 1154 usus
370 1114 429 1153 esse
443 1098 549 1169 poterit.
871 1100 975 1153 minore
989 1098 1078 1168 pretio
1092 1105 1144 1153 stet
1157 1098 1322 1168 repurgatio.

94 1179 245 1242 Notandum,
260 1178 290 1232 in
303 1179 477 1233 conversione
494 1177 664 1233 metallorum
681 1178 833 1249 impossibi-
910 1177 988 1232 Medi
1002 1177 1054 1231 hoc
1066 1177 1183 1232 faciendi
1196 1177 1226 1230 in
1236 1177 1320 1231 tribus
1330 1183 1405 1232 sunt:
1426 1192 1533 1247 nempe,
1543 1177 1573 1229 in
1586 1178 1661 1239 flatu,

63 1258 157 1321 litatem,
170 1258 212 1312 vel
225 1257 322 1312 saltem
332 1258 518 1312 difficultatem
531 1274 585 1312 nou
596 1258 692 1324 levem,
707 1258 832 1313 subesse:
871 1274 926 1327 quo
938 1257 1012 1329 ignis
1025 1257 1181 1311 accenditur
1188 1278 1196 1321 ς
1216 1257 1246 1310 iu
1259 1257 1368 1311 modulo
1380 1257 1505 1320 fornacis,
1520 1273 1575 1328 quo
1588 1255 1663 1309 calor

62 1338 132 1393 reluti
143 1338 171 1391 in
183 1336 324 1392 efficiendo
338 1354 411 1401 auro,
426 1345 546 1408 argento,
560 1354 651 1407 cupro.
692 1338 716 1392 E
731 1347 832 1402 contra,
870 1337 992 1391 unitione
1006 1345 1035 1390 et
1046 1336 1194 1391 reflexione
1214 1336 1385 1401 intendatur:
1407 1343 1434 1388 et
1454 1336 1482 1389 in
1502 1335 1662 1404 quibusdam

62 1417 86 1470 iu
105 1416 279 1471 adulterandis
299 1417 539 1489 confingendisque
563 1416 688 1482 metallis,
710 1418 833 1471 fraudem
871 1415 1010 1479 addititiis,
1032 1416 1089 1471 sive
1111 1416 1321 1481 medicamentis,
1341 1431 1455 1485 quorum
1474 1430 1525 1484 ope
1547 1430 1663 1484 corpora

63 1495 200 1551 euelibero
213 1496 322 1551 homine
336 1495 485 1568 indignam.
526 1496 641 1551 Videtur
658 1505 748 1551 autern
762 1498 834 1551 inter
871 1496 951 1550 citius
966 1496 1129 1566 aperiantur.

62 1576 111 1630 bac
122 1576 233 1630 mediam
243 1577 315 1631 viana
325 1592 400 1640 esse3
415 1574 526 1638 scilicet,
534 1592 584 1646 per
592 1592 662 1630 nova
676 1578 833 1647 composita,
910 1575 986 1629 Nota
999 1575 1109 1629 modum
1127 1574 1250 1638 faciendi,
1270 1579 1301 1629 ut
1318 1574 1399 1627 flatus
1420 1589 1501 1644 quarn
1520 1570 1663 1625 minimum

62 1655 81 1708 ri
93 1656 190 1726 quidem
203 1656 276 1710 modi
289 1654 478 1725 incorporandi
491 1654 571 1726 plene
585 1654 793 1711 innotescerent.
871 1653 1069 1718 intermittatur,
1084 1663 1112 1708 et
1124 1654 1280 1708 intendendi
1289 1652 1388 1707 caloris
1400 1652 1430 1706 in
1441 1651 1558 1714 fornace,
1569 1650 1598 1702 in
1607 1667 1663 1704 om·

95 1736 172 1797 Quanr
184 1735 436 1805 incorporationem,
450 1751 499 1789 seu
518 1734 608 1805 potius
627 1734 833 1801 imbibitionem,
871 1734 951 1787 nibus
965 1733 1082 1788 metallis
1096 1734 1211 1788 eundem
1225 1749 1285 1786 esse
1307 1748 1403 1803 posse:
1425 1730 1547 1783 addititia
1563 1735 1661 1793 autern,

62 1816 157 1869 metalla
174 1815 306 1885 recipient
326 1831 362 1868 ex
376 1813 583 1884 vegetabilibus,
598 1814 666 1869 citra
679 1814 833 1870 dissolutio·
871 1822 901 1867 ut
914 1813 993 1868 citior
1013 1813 1085 1867 fusio
1102 1812 1269 1877 concilietur,
1288 1812 1395 1866 diversa
1414 1811 1469 1865 sint
1487 1815 1599 1880 oportet,
1613 1825 1664 1880 pro

63 1910 126 1949 netu:
136 1903 227 1949 utcum
235 1895 437 1949 armamentarii
444 1893 553 1962 chalybi
561 1891 834 1949 lentorumductilita-
871 1892 978 1947 diversa
990 1891 1161 1946 metallorum
1175 1902 1281 1946 natura

63 1981 163 2045 temque,
175 1991 282 2045 aquam,
295 1981 343 2028 aut
361 1990 470 2028 succum
484 1973 630 2028 herbarum
643 1973 833 2045 inspergenda,
910 1973 1028 2027 Notetur
1047 1988 1136 2042 porro,
1151 1972 1222 2042 quod
1237 1972 1259 2026 si
1274 1977 1353 2041 putes
1366 1968 1545 2040 quantitatem
1563 1966 1665 2022 addita·
1723 1958 1732 1973 ⁸

63 2053 188 2108 conciliant
200 2071 316 2124 cumque
338 2070 441 2117 aurum,
455 2053 527 2124 quod
547 2061 647 2123 prater
665 2053 774 2108 modum
795 2055 835 2108 iu·
871 2059 1022 2107 meutomm
1034 2051 1193 2122 adaugendo
1205 2051 1240 2104 ad
1250 2050 1451 2120 proportionem
1462 2047 1556 2101 scoriae
1564 2047 1664 2101 nativae

63 2132 144 2198 dumit,
155 2133 324 2204 renitensqoe
334 2133 495 2197 estfactum,
508 2132 617 2201 injectis
629 2133 763 2189 coriorum
776 2151 834 2188 ma·
872 2131 994 2187 admistae
1014 2148 1072 2185 rem
1096 2131 1199 2196 confici,
1213 2129 1272 2185 salli
1294 2128 1412 2200 poteris:
1433 2127 1569 2197 quantitas
1591 2127 1664 2180 enim

63 2221 195 2267 centorum
208 2220 256 2266 aut
270 2212 330 2266 oleo
349 2212 522 2267 subactorum
541 2212 678 2278 ramentis,
692 2213 835 2285 pristinam
871 2211 974 2282 passivi
997 2211 1059 2282 plus
1083 2210 1177 2276 oberit,
1203 2226 1285 2282 quam
1304 2207 1400 2262 eadem
1425 2206 1561 2277 quantitas
1583 2206 1664 2260 activi

64 2290 218 2346 ductilitatem
233 2299 392 2362 recuperem
412 2292 601 2365 inquirendum
615 2300 665 2347 est.
871 2291 1000 2363 proderit.

93 2371 249 2440 Notandum,
262 2375 335 2446 quod
347 2374 377 2427 in
390 2372 444 2438 his,
454 2381 483 2427 et
496 2372 631 2427 similibus
640 2372 834 2443 apparentibus
911 2370 989 2431 Quod
1008 2371 1043 2425 ad
1063 2369 1265 2430 extructionem,
1281 2365 1453 2438 quaerendum
1475 2382 1536 2435 quae
1555 2363 1666 2417 metalla

63 2448 267 2519 inhibitionibus,
291 2455 425 2525 optimum
447 2460 518 2507 esset
542 2459 574 2505 ut
597 2451 667 2506 ratio
689 2451 836 2507 haberetur
872 2449 1097 2513 aliscoutineant,
1108 2458 1200 2519 etqua
1214 2463 1286 2501 non:
1308 2453 1337 2500 ut
1346 2445 1487 2516 plumbum
1495 2443 1614 2497 continet
1624 2459 1666 2497 ar·

62 2533 171 2601 ponderis
191 2535 272 2600 aucti,
294 2543 413 2587 autnon
434 2532 521 2586 aucti:
542 2530 565 2585 si
586 2532 659 2586 enim
677 2530 748 2587 nihil
768 2548 835 2601 pon·
872 2536 1000 2601 gentum:
1013 2544 1124 2598 cuprum
1135 2528 1200 2581 item
1211 2533 1358 2597 argentum.
1385 2524 1422 2578 Et
1431 2521 1665 2577 similiterinaliis.

63 2611 123 2666 deris
134 2615 282 2678 accesserit,
296 2612 427 2683 suspicari
441 2626 590 2682 mamus,
604 2610 707 2665 nullam
726 2627 835 2682 prorsus
911 2609 1005 2672 Nota:
1028 2607 1177 2678 quamlibet
1190 2606 1321 2674 impensae
1331 2605 1360 2658 in
1371 2601 1540 2657 extrahendo
1548 2602 1665 2671 pretium

64 2692 202 2748 substautias
223 2692 423 2748 imbibitioncm
442 2691 540 2745 iactam
560 2707 637 2745 esse:
663 2691 712 2744 sed
731 2699 834 2745 tantum
872 2688 989 2742 extracti
1003 2694 1136 2757 superent,
1149 2684 1315 2756 pergendum
1326 2693 1502 2737 mmenesse:
1516 2682 1581 2735 inde
1594 2680 1666 2734 enim

63 2770 158 2825 alterius
176 2772 298 2843 eorporis
318 2769 529 2842 applicationem
547 2770 690 2841 disponere
712 2786 744 2823 ac
768 2770 836 2823 invi-
871 2776 976 2831 natura,
990 2775 1018 2821 et
1031 2765 1195 2837 possibilitas
1216 2765 1255 2818 rei
1273 2762 1369 2817 saltem
1391 2763 1538 2832 detegetur.
1579 2759 1665 2814 Crate-

63 2858 110 2903 trre
128 2851 263 2909 metallum
282 2851 317 2906 ad
337 2851 419 2906 aliam
441 2851 560 2921 partium
578 2850 736 2921 posituram,
753 2866 836 2920 quam
872 2863 939 2909 rum,
951 2847 1095 2916 deimpens
1105 2842 1385 2912 siminuendispoterit
1393 2840 1505 2895 subinde
1515 2839 1579 2894 iniri
1588 2839 1666 2892 ratio.

64 2928 120 2985 alias
132 2948 164 2985 ex
177 2949 205 2986 ac
220 2938 365 3004 captumm
378 2931 456 2985 soret.
912 2926 1091 2988 Quarendum
1111 2926 1229 2995 insuper,
1243 2923 1273 2978 in
1295 2939 1349 2994 qua
1369 2919 1522 2975 differentia
1540 2919 1594 2975 sint
1613 2917 1668 2973 ista

94 3008 152 3064 Post
161 3012 406 3082 incorporationem
427 3008 597 3064 metallorum
617 3025 667 3078 per
685 3006 836 3079 simplicem
874 3006 992 3072 metalla,
1003 3023 1064 3077 quaa
1075 3004 1130 3059 alia
1140 3003 1202 3075 plus
1212 3003 1335 3057 minusve
1345 3002 1501 3063 continent:
1515 3006 1544 3053 et
1555 3014 1667 3069 quomo·

63 3087 317 3160 colliquefactionem,
331 3098 361 3145 ut
381 3090 470 3161 magis
489 3088 658 3144 discernatur
676 3087 790 3152 indoles,
804 3105 836 3141 ac
873 3087 908 3140 do
926 3086 955 3139 id
974 3085 1114 3141 conveniat
1132 3101 1193 3138 cum
1213 3081 1316 3136 vilitate
1339 3088 1384 3135 aut
1406 3077 1537 3151 dignitate
1555 3077 1667 3141 metalli,

62 3183 196 3233 cousemus,
206 3169 399 3240 dimensaque
408 3169 578 3223 metallorum
588 3185 637 3239 per
646 3168 837 3223 dissoluturum
873 3164 918 3220 vel
940 3164 1088 3228 mineralis,
1115 3163 1140 3218 ei
1168 3162 1299 3234 permisti,
1326 3160 1356 3215 iu
1384 3176 1424 3213 se.
1466 3156 1550 3213 Verbi
1577 3173 1666 3220 causa,

63 3247 310 3317 incorporationem:
343 3249 540 3303 observandum
567 3258 615 3312 est,
640 3265 700 3319 quta
726 3246 838 3301 metalla
875 3245 1019 3317 plumbum
1032 3243 1107 3308 illud,
1119 3242 1190 3313 quod
1204 3241 1265 3312 plus
1279 3240 1384 3311 argenti
1399 3238 1528 3302 continet,
1540 3252 1574 3290 eo
1587 3236 1668 3307 fragi-

63 3326 129 3395 aquis
140 3329 235 3400 stygiis
249 3329 381 3384 dissoluta
394 3328 473 3383 facile
489 3325 515 3381 in
531 3344 615 3382 unum
627 3327 791 3390 coalescant,
810 3333 838 3380 et
875 3325 936 3386 lius,
950 3334 1031 3395 atque
1045 3323 1114 3377 alias
1127 3323 1156 3376 in
1169 3339 1199 3376 se
1209 3321 1291 3375 vilius
1305 3319 1430 3373 habetur.

63 3421 114 3473 qua
132 3423 195 3462 uon:
221 3426 279 3481 qus
300 3409 332 3463 de
350 3425 380 3463 re
404 3408 567 3462 articulatim
589 3405 788 3478 inquirendum,
808 3414 837 3461 ut
914 3404 991 3465 Quod
1013 3403 1048 3456 ad
1071 3400 1306 3472 principiationem
1329 3398 1433 3460 attinet,
1456 3396 1589 3450 affirmare
1614 3412 1669 3449 non

63 3485 126 3552 ptius
139 3486 165 3539 iu
178 3488 468 3560 colliquefactionibus.
877 3499 998 3554 possum,
1014 3492 1102 3536 utrum
1115 3481 1169 3535 tale
1191 3478 1332 3550 quidpiam
1352 3478 1381 3531 in
1403 3493 1492 3531 rerum
1513 3482 1609 3528 natura
1622 3475 1666 3538 sit,

95 3565 290 3622 Observandum
303 3568 333 3622 in
352 3566 573 3622 dissolutionibus
591 3582 647 3620 non
667 3565 838 3620 coalescenti·
875 3580 977 3625 necne:
997 3561 1188 3629 chemicosque
1202 3560 1231 3612 in
1252 3575 1286 3612 eo
1298 3557 1411 3611 nimium
1425 3554 1557 3609 desudare
1571 3554 1668 3607 existi-

63 3642 243 3715 busqntsnam
258 3648 370 3702 effectrrs
384 3655 530 3717 sequatur:
549 3663 615 3700 num
628 3645 731 3699 scilicet
744 3643 838 3698 ebulli-
876 3658 928 3697 mo.
970 3641 1024 3696 Sed
1038 3649 1176 3710 utcunque
1194 3638 1237 3701 ait,
1253 3640 1331 3707 (num
1345 3635 1452 3699 solutio,
1467 3641 1513 3688 aut
1526 3632 1668 3695 extractio,

63 3722 107 3786 tio,
126 3725 158 3779 ad
177 3727 290 3781 mudum
304 3727 498 3797 praecipitatio,
520 3725 554 3779 ad
567 3741 702 3780 summum
723 3722 838 3792 ejacula-
876 3730 923 3775 aut
936 3737 1001 3775 vero
1014 3719 1162 3782 conversio,
1176 3719 1224 3771 fiat
1237 3733 1286 3786 per
1307 3712 1422 3786 ignem)
1437 3712 1533 3767 sedulo
1548 3729 1669 3782 quaeren-

63 3803 107 3864 ns,
125 3804 152 3857 in
164 3805 314 3860 meditullio
327 3806 483 3876 suspensio:
505 3813 532 3859 et
544 3804 653 3859 similia.
875 3801 939 3855 dum
964 3800 1077 3869 estqui
1099 3797 1178 3861 sales,
1202 3794 1323 3865 sulphur,
1344 3792 1488 3856 vitriolum,
1511 3791 1668 3852 mercurius,

95 3881 164 3936 Nota
176 3885 328 3941 dissensum
342 3893 549 3949 menstruorum,
563 3885 620 3938 sive
633 3898 764 3954 aquarum
785 3890 838 3950 sty-
875 3888 921 3934 aut
937 3894 1051 3949 corpora
1068 3876 1233 3932 istiusmodi
1247 3873 1390 3944 simplicis,
1404 3874 1434 3927 in
1448 3870 1562 3942 singulis
1576 3869 1670 3923 metal-

63 3960 162 4027 narum,
173 3980 252 4033 posse
264 3965 472 4034 incorporationi
482 3963 675 4033 impedimento
684 3978 750 4025 esse,
761 3978 838 4031 aque
874 3958 909 4012 lia
922 3959 1108 4029 reperiantur,
1130 3965 1158 4010 et
1171 3972 1225 4027 qua
1239 3954 1398 4025 quantitate.

63 4053 89 4089 cc
100 4040 243 4098 dissensum
257 4043 427 4099 metallorum
445 4044 575 4113 ipsorum.
617 4042 672 4095 Ubi
686 4058 753 4111 ergo
765 4057 837 4094 men·

63 4126 125 4173 etrus
137 4123 228 4177 eadem
244 4132 314 4188 sunt,
325 4132 352 4178 et
366 4131 455 4177 tamen
470 4122 653 4192 incorporatio
664 4137 719 4173 non
732 4121 769 4184 lit,
781 4119 838 4174 illic

64 4195 86 4248 iu
98 4201 210 4256 metallis
222 4203 291 4278 ipsis
304 4203 440 4257 dissensus
455 4211 511 4256 est:
531 4202 560 4255 id
574 4217 638 4255 vero
652 4199 763 4254 minime
777 4215 838 4252 con-

63 4276 140 4345 stabit,
154 4281 199 4336 ubi
212 4290 352 4336 menstrua
364 4283 470 4336 diversa
483 4290 553 4335 sunt.

875 4096 1110 4138 tabulamentis
1133 4092 1304 4134 ALPHABETI
1325 4092 1376 4130 EST
1396 4088 1539 4129 vastatio
1560 4086 1671 4125 METAL·

916 4176 1021 4217 LORUM
1043 4175 1077 4214 IN
1094 4167 1539 4219 ntv·ttasasr01satas,co1t1²ottn,
1561 4166 1597 4206 AC
1618 4166 1671 4205 NA·

915 4256 1019 4305 TURAS,
1033 4254 1163 4301 QUARUM
1178 4249 1404 4292 Paaatcttuattta
1419 4247 1595 4289 slotnnn‘rlrt
1617 4245 1670 4285 ltlc

916 4334 1105 4381 snouurtht.

64 4412 182 4459 securus
203 4422 314 4461 mm
335 4419 502 4460 mmm
524 4420 575 4458 m
598 4417 760 4457 ⁸¹³PA¹³⁶T¹⁰
783 4417 838 4455 Μ’
916 4431 1082 4486 Trncrnas:
1103 4427 1216 4497 rubigo:
1231 4423 1393 4479 calcinatio:
1409 4421 1584 4476 sublimatio:
1605 4437 1672 4492 prac-

212 4501 385 4552 TALL0RUffl’
406 4500 442 4539 ET
463 4498 673 4539 mmmm·
846 4532 851 4543 ⁸
876 4510 1013 4581 cipitatio:
1037 4505 1293 4579 smalgsmatiaatio,
1317 4503 1362 4557 vel
1385 4501 1476 4555 versio
1499 4501 1529 4553 in
1553 4517 1671 4554 massam

96 4589 245 4649 Suessano
266 4596 380 4666 triplicis
400 4595 507 4666 generis
527 4603 578 4648 est.
617 4591 748 4654 Primum,
762 4606 839 4661 sepa-
876 4588 1001 4645 mollem:
1021 4585 1191 4643 vitriticatio:
1212 4584 1293 4648 fusio,
1307 4582 1350 4636 vel
1370 4581 1460 4635 versio
1477 4581 1507 4634 in
1522 4581 1670 4651 liquorem:

63 4669 122 4722 ratio
141 4674 242 4729 metalli
265 4676 327 4745 puri
351 4692 368 4728 a
391 4680 557 4728 recremento
580 4679 607 4728 et
628 4671 722 4725 nativa
742 4670 838 4734 scoria,
877 4668 1046 4740 germinatio,
1059 4666 1104 4720 vel
1117 4663 1283 4724 ramilicatio,
1299 4661 1344 4715 vel
1358 4660 1574 4714 arborescentia:
1596 4658 1673 4712 indu·

64 4763 133 4815 quatu
140 4758 355 4825 repurgationem
366 4753 488 4808 dicimus.
517 4751 678 4815 Secundum,
687 4767 748 4804 cum
755 4767 839 4804 unum
877 4748 946 4802 ratio
960 4755 987 4802 et
1000 4745 1182 4801 mellificatio:
1204 4742 1391 4798 ductilificatio
1412 4739 1454 4792 sei
1469 4738 1670 4809 fragilificatio:

63 4828 189 4885 metallum
208 4850 258 4888 seu
277 4833 407 4888 minerale
428 4850 464 4887 ex
482 4831 537 4886 alio
557 4832 688 4894 elicimus,
703 4830 774 4900 quod
794 4847 840 4883 ex·
878 4827 1023 4883 volatilitas
1036 4833 1065 4879 et
1078 4824 1185 4880 finatis:
1206 4821 1395 4877 transmutatio
1409 4818 1452 4873 vel
1463 4816 1612 4872 conversio.

63 4909 210 4966 tusconen
232 4929 328 4967 vocare
349 4911 420 4966 licet
460 4911 591 4977 Tertium,
616 4927 678 4965 cum
699 4908 839 4962 metallum
915 4908 959 4961 De
982 4906 1099 4961 tinctura
1124 4900 1337 4974 inquirendum:
1372 4916 1427 4970 quo
1453 4897 1534 4951 modo
1561 4894 1673 4949 metulla

62 4983 159 5056 aliquod
172 4990 331 5048 resolvimus
351 4993 381 5046 in
402 5008 450 5046 sua
472 4992 612 5062 principia,
626 4989 769 5045 materiam
786 4988 840 5057 pri·
877 4987 986 5057 penitus
999 4986 1160 5055 penitusque
1180 4981 1332 5052 tingantur,
1355 4979 1454 5050 quibus
1473 4975 1560 5030 modis
1574 4974 1603 5027 id
1617 4975 1672 5040 liat,

63 5079 132 5131 mam,
145 5070 200 5123 sive
214 5069 354 5136 elementa,
365 5071 421 5143 (vel
436 5088 595 5141 quocunque
609 5069 665 5124 alio
674 5068 784 5122 nomine
796 5067 839 5120 in·
877 5074 904 5121 et
917 5067 946 5119 in
961 5081 1029 5135 quos
1042 5062 1161 5117 colores:
1176 5059 1309 5133 quomodo
1320 5075 1420 5128 nempe
1434 5063 1579 5125 argentum
1593 5054 1673 5107 flave-

62 5142 166 5214 <ligitare
175 5148 304 5221 placeat)
316 5168 397 5222 quam
411 5150 594 5221 operationem
604 5147 840 5220 principiationem
877 5145 948 5208 dine,
971 5160 1086 5213 cuprum
1109 5141 1243 5203 albedine,
1267 5140 1404 5209 tingatur:
1432 5134 1567 5205 quomodo
1591 5133 1673 5187 etiam

64 5225 215 5282 vocabimus.
878 5225 967 5286 rubor,
981 5222 1112 5290 viriditas,
1131 5221 1228 5276 caesius
1242 5218 1323 5283 color,
1341 5214 1484 5285 splendore
1503 5219 1617 5278 retento,
1631 5212 1674 5265 in·

95 5303 167 5363 Quod
180 5308 215 5360 ad
224 5311 440 5381 repurgationem
451 5307 555 5372 attinet,
566 5307 599 5362 de
609 5308 658 5362 illa
670 5324 720 5378 per
732 5304 840 5376 singula
879 5305 998 5359 ducatur.

63 5382 161 5438 meiana
173 5402 331 5455 queremus,
345 5405 443 5459 nempe
457 5404 560 5452 aurum,
575 5395 726 5461 argentum,
741 5393 769 5441 et
781 5383 841 5440 reli·
920 5383 990 5437 ltcm
1005 5382 1038 5436 de
1053 5383 1169 5436 tinctura
1184 5378 1257 5433 vitri.

65 5476 118 5526 ili·
919 5460 987 5518 ltem
998 5461 1030 5516 de
1046 5462 1164 5515 tinctura
1177 5454 1327 5520 marmoris,
1342 5452 1434 5517 silicis,
1449 5451 1494 5507 vel
1508 5449 1620 5506 alterius
1634 5450 1672 5504 la·

386 5547 488 5602 2n2
