3800 5875
694 309 883 369 COGITATA
903 310 951 367 ΕΤ
972 310 1066 367 VISA.
1633 311 1686 367 ott

47 477 153 526 torum
179 478 227 526 aut
246 469 384 527 laboribus
403 470 543 540 derogare.
583 468 689 529 Quanto
706 469 780 523 enim
800 468 861 539 quis
897 469 979 523 rebus
991 468 1084 540 aliqua
1098 484 1134 524 ex
1147 477 1225 539 parte
1236 469 1400 525 finitimum:
1421 477 1511 525 tamen
1521 470 1642 524 maxima
1655 487 1690 526 ex

47 549 178 620 ingenio
201 558 230 605 et
248 551 337 604 studio
358 549 477 603 mamma
501 547 596 611 valeat,
620 546 744 609 eundem,
765 547 788 600 si
810 565 859 601 na·
898 556 975 616 parte
988 564 1045 611 eos,
1060 549 1155 619 paucis
1169 548 1373 604 distillationum
1393 549 1587 620 experimentis
1601 566 1690 604 assae·

47 635 128 683 turm
153 629 246 683 lucem
269 636 298 682 et
319 628 469 693 historiam,
494 635 522 681 et
545 643 635 681 rerum
657 625 860 695 particularium
899 636 948 691 tos,
963 629 1055 681 omnia
1068 627 1097 680 in
1110 627 1286 699 philosophia
1299 629 1333 682 ad
1347 629 1533 699 separationes
1547 635 1575 681 et
1591 627 1688 683 libera·

48 708 232 763 evidentiam
249 707 363 771 deserat,
384 713 461 761 tanto
483 707 572 776 magis
592 706 621 759 in
642 705 812 758 obscuriores
834 714 861 759 et
897 705 989 760 tiones
1003 705 1136 769 retulisse,
1152 722 1276 761 verarum
1297 707 1486 761 alterationum
1507 707 1612 761 oblitos.
1655 707 1690 761 ll-

49 788 153 858 rnagia
167 788 317 858 perplexos
329 786 533 856 phantasiarum
547 791 575 838 et
590 784 725 838 idolorum
738 800 861 838 recessus
898 783 953 838 lanr
965 792 1060 838 antem
1070 785 1206 854 opinionis
1215 787 1354 852 fabricam,
1366 804 1419 858 qua
1429 786 1511 840 veluti
1523 786 1582 839 basi
1597 802 1690 841 eorum

49 874 82 919 et
96 868 188 937 quasi
208 883 304 937 specus
318 882 347 919 se
368 865 508 919 detrudere
530 871 558 917 et
574 862 720 917 involvere.
761 863 859 934 Neque
898 861 1074 934 philosophia
1094 864 1196 927 nititur,
1210 881 1308 935 nempe
1322 882 1381 920 esse
1396 873 1511 935 quatuor
1530 881 1619 920 rernm
1631 882 1689 918 nra·

49 945 186 1016 insuper,
201 945 342 1017 generales
355 943 591 1015 pbilosophiarum
601 941 721 996 theorias
734 942 821 1011 argui,
832 948 861 995 ut
898 942 980 996 trices
991 943 1048 996 sive
1061 942 1203 1007 elemento,
1217 945 1246 998 in
1260 945 1357 1013 quibos
1370 946 1474 998 semina
1487 952 1515 997 et
1529 945 1633 1014 species
1646 961 1689 998 re·

49 1026 244 1095 particulares
264 1034 291 1078 et
310 1023 468 1077 inferiorum
488 1038 630 1076 causarum
652 1021 859 1090 assignationes,
898 1038 958 1075 nrm
976 1020 1057 1076 fretus
1078 1039 1141 1076 snos
1164 1022 1309 1087 absolvant,
1324 1031 1405 1094 atque
1424 1023 1483 1077 lraec
1497 1022 1689 1093 quadriformia

51 1122 120 1175 quse
135 1104 167 1158 in
182 1102 339 1171 huiuamodi
359 1101 585 1172 philosophorum
603 1100 730 1170 operibus
743 1099 819 1153 reddi
833 1108 861 1153 et
897 1116 966 1163 esse,
990 1117 1040 1170 pro
1062 1100 1215 1155 differentia
1241 1102 1369 1156 nimirum
1396 1100 1527 1171 cujusque
1552 1102 1688 1166 elementi,

51 1183 148 1254 quaeri
171 1183 270 1247 solent,
284 1182 445 1252 probentur:
467 1196 560 1234 verum
582 1187 610 1232 et
630 1178 681 1233 lras
701 1177 792 1232 nihilo
804 1177 860 1233 illis
897 1179 1009 1233 adeout
1028 1180 1058 1234 in
1072 1180 1148 1243 coelo,
1162 1182 1232 1243 aere.
1248 1198 1326 1252 aqna,
1340 1187 1418 1243 terra,
1438 1181 1508 1235 nibil
1530 1181 1688 1246 inveniatur,

49 1261 194 1316 meliores
212 1278 280 1325 ease,
299 1277 355 1315 non
370 1266 476 1314 tantum
499 1259 570 1330 quod
591 1258 626 1311 ab
643 1257 699 1311 illis
716 1258 859 1327 pendeant,
897 1258 969 1329 quod
982 1275 1037 1313 non
1050 1258 1152 1312 habeat
1168 1260 1197 1312 in
1215 1260 1300 1314 tribus
1319 1259 1430 1331 reliquis
1443 1261 1619 1329 conjugatum
1635 1261 1687 1314 sli-

50 1340 107 1395 κά
131 1340 210 1411 quod
230 1340 343 1411 etipsa
363 1338 467 1392 nnllam
487 1337 657 1392 severitatem
677 1336 860 1407 inquisitionis
888 1337 970 1408 quod
990 1345 1018 1392 et
1037 1337 1212 1408 parallelum:
1232 1338 1297 1395 huic
1313 1347 1384 1393 certe
1402 1339 1578 1409 phantasticae
1598 1356 1688 1393 rerum

50 1437 117 1491 praa
134 1436 166 1474 se
182 1420 279 1483 ferant,
294 1418 328 1472 ad
342 1418 424 1488 paulo
439 1418 547 1472 notiora
567 1424 596 1470 et
613 1416 671 1471 fere
685 1414 766 1469 obvia
780 1415 859 1470 dedo·
898 1416 1061 1471 naturalium
1069 1416 1200 1487 phalangi
1211 1418 1327 1487 peritum
1337 1426 1439 1472 natura
1447 1418 1688 1488 contemplatorem

49 1506 168 1561 centes,
184 1499 214 1553 in
230 1498 326 1569 quibua
335 1514 412 1552 mens
427 1496 546 1551 humana
558 1494 653 1550 leviter
666 1493 860 1565 acquiescatet
896 1495 944 1549 vix
958 1496 1029 1550 inter
1043 1496 1149 1550 somnia
1163 1512 1213 1549 sna
1232 1495 1322 1553 locum
1342 1497 1474 1551 datorum.
1515 1497 1615 1568 Neque
1634 1498 1688 1551 dis·

50 1579 111 1633 sibi
128 1578 309 1648 complaceat,
322 1593 414 1631 rerum
425 1576 460 1629 ad
473 1575 603 1629 interiora
623 1582 726 1628 naturae
747 1574 859 1629 minime
897 1574 1002 1628 similes
1015 1590 1075 1629 esse
1088 1592 1178 1629 rerum
1191 1575 1354 1640 harmonias,
1369 1593 1430 1647 quae
1442 1576 1573 1630 naturalis
1584 1576 1687 1646 Magire

50 1666 250 1729 penetranter.
290 1657 378 1728 Atque
392 1655 444 1709 hoc
458 1654 517 1708 vitii
532 1654 617 1724 (quod
632 1653 753 1707 omnium
773 1653 859 1707 instar
896 1652 1046 1708 cultoribus
1066 1653 1239 1724 placuenrut;
1261 1656 1349 1726 quiet
1368 1655 1423 1725 ipsi
1441 1671 1490 1726 per
1509 1672 1599 1709 rernm
1617 1672 1687 1724 sym·

51 1738 115 1805 est)
133 1752 246 1806 semper
255 1735 394 1800 habentes,
407 1744 438 1790 nt
452 1734 645 1804 experimenta,
654 1740 682 1786 et
695 1733 792 1786 effecta
801 1733 859 1801 jam
896 1733 1007 1802 pathias
1020 1741 1048 1787 et
1061 1733 1225 1801 antipathian
1238 1735 1329 1788 omnia
1343 1733 1489 1804 expediunt
1500 1757 1507 1799 ς
1529 1742 1555 1787 et
1569 1751 1603 1788 ex
1617 1735 1686 1788 otio-

51 1825 137 1880 nota,
152 1814 320 1870 coherentia
334 1814 451 1884 quadam
469 1823 497 1867 et
517 1811 600 1866 veluti
621 1811 735 1865 reticulo
748 1827 860 1865 eonnec·
896 1812 935 1866 sis
961 1818 988 1867 et
1014 1812 1195 1882 supinissimis
1220 1814 1388 1881 conjecturis,
1415 1813 1495 1867 rebus
1522 1813 1633 1868 virtutes
1659 1820 1687 1867 et

53 1904 133 1961 tant,
156 1895 194 1949 ad
212 1911 314 1958 eorum,
334 1911 395 1965 quse
417 1899 481 1947 nota
501 1900 570 1955 sunt,
585 1891 688 1959 justam
705 1906 859 1945 mensuram
896 1891 1068 1961 operationes
1081 1891 1253 1946 admirabiles
1267 1893 1406 1963 affingunt
1447 1893 1547 1947 Verum
1569 1900 1597 1946 et
1609 1893 1686 1947 iisse

53 1976 159 2030 facto:
181 1974 231 2028 sed
243 1974 399 2044 neutiquam
421 1987 529 2026 causam
543 1969 663 2041 aliquam
676 1978 725 2023 aut
738 1969 860 2040 regulam
894 1986 1015 2040 parcere,
1030 1970 1101 2041 qnod
1111 1971 1182 2025 inter
1193 1979 1231 2025 tot
1246 1972 1358 2035 fabulas,
1373 1979 1463 2026 tamen
1474 1988 1557 2041 opera
1566 1971 1687 2043 aliquan-

52 2055 258 2117 demonstrent,
272 2070 333 2123 quas
346 2068 415 2106 nova
427 2068 478 2106 nec
493 2050 567 2119 prius
580 2050 690 2120 cognita
703 2049 799 2102 effecta
812 2058 860 2103 aut
896 2048 932 2103 do
948 2049 1111 2104 exhibeant:
1132 2049 1197 2104 licet
1216 2066 1249 2104 es
1271 2052 1327 2104 fere
1348 2051 1503 2120 hujusmodi
1524 2052 1585 2115 sint,
1605 2061 1636 2105 ut
1652 2050 1687 2104 ad

53 2133 254 2202 experimenta
266 2132 399 2202 designet.
441 2130 528 2201 Atque
540 2139 601 2199 poet
610 2129 661 2183 has
670 2126 859 2198 philosophia·
896 2128 1103 2183 admirationem
1119 2137 1145 2183 et
1158 2130 1313 2195 novitatem,
1327 2147 1381 2184 non
1395 2131 1430 2184 ad
1443 2130 1557 2184 fructum
1571 2137 1598 2183 et
1613 2130 1686 2185 utili·

54 2230 125 2267 rum
146 2228 211 2271 oras
232 2220 394 2282 peragratas,
409 2225 439 2264 se
457 2209 577 2279 undique
598 2208 859 2278 circumspicientem
896 2214 980 2262 tatem
1002 2210 1204 2263 accommodata
1225 2209 1286 2263 sint.
1327 2209 1380 2265 Sed
1400 2218 1491 2264 tamen
1513 2217 1541 2263 et
1561 2208 1687 2263 novitatis

54 2291 196 2347 etiamad
209 2290 378 2360 antiquitatis
388 2287 540 2359 penetralia
548 2287 641 2343 oculos
653 2288 807 2356 conjecisse,
817 2305 860 2341 re
896 2285 970 2341 hunc
981 2304 1058 2342 usum
1072 2287 1229 2359 plerumque
1243 2305 1310 2351 ease,
1321 2298 1352 2343 ut
1364 2289 1438 2343 sinus
1448 2297 1550 2343 naturae
1562 2288 1687 2344 nonnihil

55 2371 111 2425 luti
127 2386 225 2426 versus
235 2377 347 2424 tractum
361 2369 495 2440 quendem
506 2366 660 2422 nubilosum
670 2373 698 2420 et
708 2366 858 2423 obscurum.
896 2367 1022 2431 excutiat,
1037 2367 1135 2422 etluce
1150 2367 1387 2431 saltemaiminus
1401 2377 1470 2432 actu,
1482 2369 1566 2436 juset.
1599 2369 1687 2430 Quare

55 2453 156 2522 Atque
179 2450 249 2505 scire
269 2465 307 2513 se,
332 2449 356 2503 si
376 2448 465 2502 minus
485 2446 591 2501 sincera
611 2446 663 2500 fide
677 2462 758 2516 agere
772 2444 858 2510 vellet,
896 2444 984 2500 visum
995 2454 1037 2500 est
1050 2447 1084 2509 ei,
1098 2463 1186 2518 neque
1194 2448 1229 2500 in
1243 2449 1406 2510 Graecorum,
1415 2463 1504 2519 neque
1517 2447 1546 2501 in
1558 2463 1688 2501 novorum

54 2547 117 2584 non
137 2528 250 2584 difficile
265 2544 324 2583 ease
343 2527 498 2583 hominibus
518 2525 688 2597 persuadere,
702 2525 774 2595 apud
788 2526 858 2579 anti-
896 2523 1036 2580 hominum
1056 2525 1170 2596 placitis,
1183 2543 1272 2596 neque
1292 2526 1320 2578 in
1341 2526 1483 2581 alchemiae
1497 2533 1544 2580 aut
1556 2529 1687 2581 naturalis

56 2627 134 2681 qnos
144 2610 293 2679 sapientes,
307 2608 353 2663 diu
367 2614 428 2662 ante
443 2606 599 2661 Groecorum
613 2613 741 2675 tempora,
754 2604 860 2658 scienti·
896 2605 995 2674 magiae
1016 2605 1203 2659 traditionibus
1217 2604 1320 2675 aliquid
1341 2606 1465 2668 inveniri,
1480 2605 1552 2675 quod
1574 2607 1608 2658 ad
1621 2621 1689 2675 opes

55 2707 105 2743 am
122 2690 158 2745 de
173 2696 282 2754 nature,
295 2688 396 2756 majore
412 2687 517 2749 virtute,
532 2684 579 2739 sed
599 2685 700 2753 majore
713 2685 794 2738 etiam
808 2684 859 2739 for·
896 2682 1029 2737 humanas
1038 2683 1166 2752 majorem
1174 2684 1202 2737 in
1211 2686 1320 2738 modum
1331 2684 1469 2755 augendas
1483 2691 1595 2753 spectet
1635 2684 1688 2738 lta·

55 2780 137 2823 tame
151 2767 420 2831 silentiqfloruisser
435 2762 804 2837 atqueideosolenniusfore
817 2778 858 2827 ea,
897 2779 949 2831 que
973 2762 1033 2818 hac
1055 2765 1146 2818 omnia
1163 2763 1207 2817 vel
1228 2763 1357 2817 oblivioni
1382 2763 1535 2817 devovendo
1556 2779 1623 2826 esse,
1643 2764 1688 2817 vel

57 2866 127 2919 quae
139 2849 200 2916 jam
213 2847 368 2912 afferuntur,
379 2846 415 2899 ad
426 2844 474 2900 ills
488 2844 602 2909 referre;
616 2850 646 2898 ut
659 2842 722 2896 novi
735 2841 860 2897 homines
896 2841 1072 2912 popularibus
1089 2842 1186 2896 studiis
1201 2842 1389 2913 permittenda,
1405 2843 1469 2897 dom
1484 2842 1541 2896 veri
1560 2843 1687 2896 scientia·

57 2927 163 2992 solent,
189 2926 236 2998 qui
257 2925 426 2980 nobilitatem
448 2925 566 2995 antiquae
588 2922 702 2993 alicujus
725 2922 860 2993 prosapia
896 2938 956 2976 rum
971 2920 1021 2977 lilii
1034 2921 1090 2976 alio
1103 2940 1211 2977 cursum
1224 2921 1352 2992 dirigant.

57 3025 113 3078 per
128 3005 352 3079 genealogiarum
365 3021 487 3059 rumores
500 3013 528 3058 et
540 3005 707 3072 conjecturas
720 3001 771 3055 sibi
785 3002 860 3056 affin-
936 3000 1075 3071 Cogitavit
1087 3010 1115 3057 et
1124 3002 1204 3066 illnd;
1219 3002 1301 3056 etiam
1316 3001 1349 3055 de
1362 3001 1618 3056 demonstrationum
1632 3018 1688 3056 mo·

57 3095 151 3158 guntt
173 3085 222 3140 sed
237 3102 274 3149 se,
290 3101 378 3139 rerum
392 3084 527 3138 evidentia
540 3083 645 3146 fretum,
659 3082 747 3135 omnis
760 3082 859 3152 impos-
896 3079 1110 3137 dissidendum:
1132 3081 1371 3136 demonstrationes
1390 3082 1462 3136 euim
1482 3082 1604 3150 potentia
1620 3098 1688 3151 qua·

58 3177 134 3220 torar
146 3163 330 3219 conditionem
345 3180 500 3227 recusasset
522 3169 550 3216 et
569 3161 781 3233 qualemcunque
800 3162 858 3230 ipse
896 3161 959 3214 dam
973 3160 1176 3232 philosophiam
1189 3177 1265 3215 esse:
1286 3168 1367 3230 atque
1382 3168 1461 3231 prout
1473 3159 1528 3214 illae
1541 3169 1588 3214 aut
1607 3171 1688 3214 metra

59 3245 225 3314 opinionem
239 3243 272 3297 de
286 3243 341 3297 illis
354 3242 453 3298 seculis
467 3242 576 3306 habeat,
590 3248 679 3294 tamen
692 3239 727 3293 ed
746 3241 774 3294 id
789 3240 860 3312 quod
896 3248 944 3293 aut
958 3257 1047 3309 pravas
1062 3240 1123 3305 sint,
1137 3240 1200 3294 inde
1211 3239 1354 3294 'doctrinas
1372 3239 1506 3309 perlectas
1523 3246 1571 3293 aut
1588 3239 1688 3309 imper·

59 3325 157 3395 sgirm
170 3339 227 3378 non
240 3322 302 3394 plus
316 3322 443 3377 interesse
455 3329 557 3393 putere,
572 3327 661 3375 utrum
675 3337 736 3391 qna
746 3321 804 3386 jam
818 3320 859 3372 in·
897 3319 982 3374 festas
995 3320 1083 3391 sequi,
1102 3318 1241 3390 probabile
1258 3336 1326 3374 esse.
1368 3319 1508 3389 Comperit
1528 3326 1625 3382 autern,
1640 3320 1687 3373 de·

59 3405 220 3466 vendantur,
230 3403 348 3473 antiquis
364 3401 480 3473 cognita,
494 3408 522 3455 et
534 3416 583 3469 per
595 3416 685 3453 rerum
699 3399 859 3453 vicissitudi·
896 3400 1111 3464 monstrationes,
1126 3417 1187 3472 quas
1200 3399 1229 3452 in
1242 3416 1293 3454 usu
1304 3406 1373 3462 sunt,
1384 3415 1435 3452 nec
1448 3396 1550 3468 plenas,
1562 3415 1612 3452 nec
1622 3398 1688 3451 lidus

58 3500 112 3537 nea
125 3482 281 3537 occidentia
293 3490 320 3535 et
334 3482 446 3535 orientia
459 3482 520 3545 sint,
532 3495 613 3551 quarn
623 3478 778 3533 hominibus
787 3495 859 3533 curre
896 3494 965 3533 esse.
1019 3479 1118 3549 Neque
1142 3487 1233 3533 tamen
1255 3480 1379 3533 sensibus
1400 3477 1591 3548 derogandum,
1617 3478 1689 3547 quod

59 3579 125 3617 ease
135 3562 245 3626 debere,
259 3568 347 3616 utrum
361 3577 446 3615 noros
460 3560 533 3615 orbis
552 3558 633 3614 fuerit
651 3556 738 3611 insula
752 3557 800 3611 illa
814 3560 860 3612 At·
896 3558 1006 3630 quidam
1021 3559 1150 3613 fecerunt.
1191 3558 1326 3613 Sensuum
1339 3558 1413 3612 enim
1431 3574 1535 3611 errores
1556 3557 1585 3611 in
1599 3557 1689 3626 singu·

59 3641 156 3707 lentis,
179 3647 208 3696 et
229 3641 313 3694 veteri
332 3640 433 3694 mundo
456 3640 572 3710 cognita,
593 3654 628 3691 an
647 3653 719 3691 nnuc
741 3639 859 3707 primunr
896 3637 932 3692 lis
944 3638 980 3691 ad
990 3655 1123 3693 summam
1133 3638 1306 3692 scientiarum
1318 3655 1372 3692 non
1382 3636 1495 3692 multum
1505 3636 1608 3699 faceres
1623 3636 1689 3707 quin

59 3729 185 3792 reperta.
226 3719 327 3774 Rerum
350 3720 424 3774 enim
443 3719 626 3772 inventionem
647 3733 665 3769 a
683 3725 786 3771 nature
799 3716 859 3771 luce
897 3724 924 3771 et
944 3717 980 3771 ab
1000 3718 1147 3781 intellectu,
1169 3717 1276 3772 fidelius
1299 3716 1451 3778 informato,
1476 3715 1575 3786 corrigi
1598 3731 1687 3785 posse.

59 3800 223 3871 petendam,
236 3815 292 3852 uon
305 3799 339 3853 ab
360 3798 529 3869 antiquitatis
548 3796 666 3853 tenebris
686 3796 859 3867 repetendam
898 3796 951 3850 Sed
965 3797 1130 3851 intellectum
1144 3798 1242 3866 ipsum,
1256 3803 1354 3850 natura
1367 3794 1424 3849 sola
1438 3795 1544 3859 fretum,
1558 3794 1616 3849 sine
1630 3802 1689 3849 arte

60 3895 133 3934 esse.
186 3879 293 3937 interea
312 3879 404 3933 venire
424 3877 552 3932 alicui-in
574 3886 693 3931 mentem
714 3892 805 3947 posse,
825 3877 859 3930 de
897 3883 925 3929 et
938 3875 1090 3945 disciplina,
1105 3876 1185 3932 rebus
1196 3878 1328 3946 imparem
1341 3884 1370 3928 et
1385 3874 1524 3938 minorem,
1539 3875 1596 3927 sine
1610 3889 1689 3928 cunc·

59 3958 261 4014 chemistarum
281 3966 338 4012 arte
357 3958 415 4014 aire
428 3956 604 4028 philosophia
623 3955 723 4010 taceri:
744 3955 815 4027 qnod
829 3973 859 4011 ae
897 3954 997 4008 tatione
1011 3954 1246 4025 pronuntiandum.
1286 3955 1386 4024 Neque
1406 3954 1479 4008 enim
1499 3959 1545 4006 aut
1558 3953 1598 4006 ita
1610 3969 1689 4023 capa-

59 4038 181 4096 honoria
200 4054 283 4093 causa
302 4037 417 4100 fecisse3
438 4035 503 4106 qnia
523 4053 583 4090 cum
597 4034 652 4089 illis
670 4033 858 4104 philosophiis,
897 4051 957 4088 cem
971 4051 1038 4098 ease,
1050 4042 1078 4088 nt
1092 4035 1265 4104 omnigenam
1276 4032 1477 4104 particularium
1491 4031 1689 4102 supellectilem

58 4135 126 4189 quse
138 4133 252 4187 prorsus
265 4133 376 4186 operum
390 4116 488 4169 effoetre
502 4124 571 4180 sunt,
585 4113 749 4184 conjungere
768 4113 859 4169 nolue·
897 4113 932 4167 ad
951 4114 1169 4168 informationem
1189 4113 1370 4167 necessariam
1385 4112 1499 4182 recipiat
1515 4117 1544 4165 et
1556 4111 1688 4182 disponat,

58 4199 117 4261 rite
139 4213 206 4251 curn
219 4196 279 4266 ipsa
292 4197 401 4250 inventa
414 4194 515 4249 nobilia
528 4211 582 4248 non
601 4208 689 4264 pauca
703 4192 860 4248 exhibuerit
897 4209 986 4263 neque
1000 4194 1038 4247 ita
1051 4209 1166 4246 saeuum
1180 4199 1208 4246 et
1221 4209 1326 4262 purum,
1341 4199 1371 4245 ut
1389 4208 1479 4245 rerum
1493 4191 1626 4262 imagines
1640 4206 1688 4245 ve·

59 4275 224 4331 etdonarit.
262 4274 363 4330 Verum
372 4272 491 4328 fabulam
500 4273 576 4328 illam
586 4273 615 4326 in
626 4272 696 4326 hanc
710 4278 795 4326 artem
804 4288 859 4327 non
897 4288 942 4325 ras
956 4280 983 4325 et
995 4274 1107 4335 nativas,
1119 4272 1221 4344 absque
1230 4270 1375 4342 phantasia
1384 4278 1412 4324 et
1425 4271 1541 4324 tinctura
1553 4270 1687 4325 admittat.

57 4354 136 4412 mle
150 4370 309 4425 congruere,
323 4353 357 4408 de
376 4370 450 4419 serre,
464 4353 510 4425 qui
533 4353 597 4407 liliis
617 4367 711 4405 aurum
731 4351 760 4405 in
780 4352 860 4406 vinea
897 4349 969 4412 Quin
981 4351 1161 4406 certissimum
1175 4368 1242 4415 esse,
1256 4362 1314 4405 tum
1334 4349 1497 4420 generaliter
1510 4357 1626 4404 mentem
1639 4349 1689 4404 hu·

58 4436 206 4489 defossum
220 4434 282 4505 (nec
296 4433 446 4488 satisacire
459 4448 514 4505 qno
531 4429 606 4498 loco)
620 4430 766 4501 legaverit:
788 4431 859 4486 unde
897 4446 1006 4483 marram
1025 4431 1112 4485 instar
1133 4430 1235 4501 speculi
1262 4428 1405 4499 inaequalis
1424 4445 1492 4491 esse,
1514 4446 1574 4499 qun
1599 4446 1690 4483 rerum

58 4514 129 4569 illos
141 4513 179 4567 ad
191 4514 299 4568 vineam
312 4513 458 4583 diligenter
475 4511 632 4567 fodiendam
646 4526 737 4564 versos
750 4526 818 4574 esse,
832 4517 861 4564 et
897 4508 988 4563 radios
1002 4509 1148 4564 secundum
1163 4510 1280 4581 propriae
1301 4507 1429 4563 sectionis
1447 4507 1570 4578 angulos,
1584 4516 1612 4562 et
1631 4525 1689 4562 non

59 4610 163 4648 aurum
178 4592 288 4663 quidem
307 4591 412 4647 nullum
425 4598 569 4662 repertum,
584 4591 633 4645 sed
649 4588 812 4643 vindemiam
827 4606 860 4644 ea
897 4589 1040 4658 superficie
1061 4588 1151 4659 plana,
1173 4589 1303 4659 suscipiat
1321 4595 1349 4642 et
1369 4588 1505 4642 reflectat:
1529 4587 1690 4642 tumetium

58 4673 172 4728 cultura
184 4671 283 4726 factam
296 4671 456 4726 uberiorem.
498 4668 587 4724 Simili
601 4668 721 4723 modoet
736 4665 860 4724 Chemira
897 4667 996 4738 cuique
1016 4684 1053 4722 err
1075 4667 1241 4730 educatione,
1263 4667 1368 4731 studiis,
1393 4674 1421 4722 et
1438 4675 1535 4721 natura
1558 4682 1617 4729 soa,
1634 4667 1690 4721 vim

58 4752 144 4816 filios,
155 4751 221 4805 dnm
234 4765 329 4805 surum
342 4750 412 4819 (sive
426 4766 490 4804 vere
502 4749 559 4804 rive
571 4750 662 4816 secus)
676 4747 813 4802 defossum
820 4750 860 4803 in·
898 4746 1033 4818 quandam
1043 4746 1230 4811 seductoriam,
1240 4753 1268 4801 et
1277 4747 1355 4817 qnasi
1366 4746 1515 4800 damonem
1527 4745 1690 4799 familiarem

59 4831 160 4886 venire
174 4836 308 4900 satagunt,
321 4829 454 4884 movendo
467 4835 496 4882 et
508 4828 675 4899 experiendo
689 4826 763 4881 haud
776 4842 860 4896 parvo
897 4825 1001 4890 adesse,
1015 4825 1062 4898 qui
1074 4833 1191 4879 mentem
1201 4825 1284 4881 variis
1298 4833 1326 4880 et
1339 4826 1416 4880 ranis
1433 4825 1548 4895 spectris
1567 4823 1644 4877 ludat
1661 4829 1690 4876 et

59 4911 208 4981 proventui
221 4908 376 4965 horninibus
390 4917 417 4962 et
429 4907 539 4963 utilitati
552 4908 644 4963 fuisse.
685 4905 739 4961 Sed
752 4906 860 4963 illorum
897 4904 995 4959 turbet
1048 4906 1148 4975 Neque
1182 4912 1324 4975 propterea
1350 4904 1384 4958 ad
1410 4904 1565 4974 opinionem
1593 4901 1691 4956 nean·

59 4991 179 5044 inventa
197 5004 254 5042 non
268 4989 323 5042 aiio
336 4988 426 5052 modo,
440 5004 491 5042 nec
506 4987 611 5042 ratione
632 4985 724 5057 aliqua
738 4984 859 5050 meliore,
896 4981 992 5053 lepsiae
1014 4983 1220 5038 deveniendum.
1270 4983 1391 5038 Cuilibet
1417 4984 1490 5037 enirn
1516 4980 1692 5036 manifestum

60 5085 149 5140 quam
163 5066 265 5122 artirm
278 5066 498 5122 mechanicarum
511 5066 645 5137 principia
657 5073 684 5119 et
694 5065 860 5119 incrementa
897 5078 966 5125 esse,
980 5062 1055 5117 nulla
1073 5077 1171 5117 manus
1189 5064 1348 5126 constantia,
1365 5065 1415 5115 neo
1436 5061 1574 5115 oculorum
1585 5060 1691 5128 judicio

59 5147 191 5217 copiose,
212 5146 241 5200 id
263 5155 313 5212 est,
336 5162 386 5216 per
408 5146 604 5216 experientiam
626 5161 740 5200 meram.
786 5135 870 5199 Nam'
897 5142 1016 5197 maxime
1030 5141 1174 5213 exquisito,
1187 5141 1288 5197 lineam
1301 5149 1411 5205 rectam,
1424 5139 1469 5194 vel
1482 5139 1613 5193 circulum
1627 5155 1691 5209 per·

59 5225 272 5299 philosophiam
298 5234 328 5281 et
349 5225 544 5296 speculativam
567 5241 669 5290 eornm,
693 5241 751 5279 rem
771 5224 860 5278 minos
898 5221 998 5275 fectum
1012 5220 1127 5276 describi
1147 5238 1247 5292 pone:
1268 5229 1388 5275 attamen
1406 5218 1629 5288 admotaregnla,
1643 5224 1692 5273 aut

58 5321 163 5362 sanam
184 5321 263 5369 esse,
284 5313 312 5360 st
328 5304 392 5368 illis,
411 5305 445 5358 de
467 5304 564 5376 quibos
584 5303 665 5359 locuti
680 5304 739 5372 jam
760 5320 860 5367 snmus,
898 5299 1001 5354 circino
1023 5301 1214 5365 circumducto,
1238 5318 1296 5355 rem
1320 5307 1419 5371 presto
1441 5314 1512 5352 esse.
1554 5296 1638 5367 Atqui
1661 5297 1692 5352 in

48 5371 302 5457 philosophiamm
324 5384 424 5440 fabulis
442 5383 584 5438 donarem.
625 5384 768 5454 Utcunque
788 5382 862 5436 enim
898 5379 1064 5435 mechanicis
1071 5396 1169 5440 manus
1177 5379 1319 5435 hominum
1328 5378 1415 5433 nudas
1424 5376 1458 5430 ad
1469 5375 1598 5446 quantula
1608 5392 1693 5446 opera

59 5464 265 5537 principiorum
279 5464 344 5520 trias
359 5464 500 5520 inventum
517 5478 573 5518 non
593 5461 689 5518 inutile
711 5459 800 5529 fuerit,
814 5461 862 5518 sed
898 5459 1034 5516 sufficere:
1056 5458 1166 5518 easdem
1179 5459 1206 5513 vi
1224 5467 1253 5514 et
1271 5475 1323 5529 ope
1344 5457 1582 5513 instrumentorum
1599 5457 1692 5512 mstis-

102 5558 171 5600 vor..
193 5556 229 5598 11.
436 5543 455 5595 2
476 5557 494 5595 τ
