3800 5875
225 291 285 348 604
761 290 947 348 HISTORIA
968 289 1063 346 suut
1084 288 1134 345 at
1153 286 1332 346 AUDlTUS.

219 457 247 507 et
257 468 355 507 sonum
368 451 486 507 multum
500 456 673 523 promoveat:
686 450 742 505 cita
750 458 843 507 autem
854 451 978 507 incensio
986 468 1023 506 ex
1062 455 1210 514 sententur,
1221 447 1308 504 altero
1316 448 1433 504 alterum
1441 462 1497 501 non
1504 445 1700 510 confundente,
1710 461 1745 499 es
1754 462 1852 504 omnus

219 534 338 587 carbone
361 530 454 587 salicis
482 532 603 587 maxime
624 538 759 596 mutatur,
787 533 834 603 qui
861 540 904 587 est
930 532 1021 602 niger.
1062 545 1124 584 esec
1143 528 1282 594 videatur,
1303 528 1378 601 quod
1392 526 1515 582 visibilia
1527 544 1584 581 non
1598 534 1756 591 cernuntur,
1768 527 1852 581 nieiin

219 611 309 683 Igitur
322 613 347 665 ιι
360 612 408 667 fiat
421 612 587 682 compositio
599 628 636 667 ex
655 611 786 683 sulphure
805 620 834 666 et
845 612 919 668 nitro
938 620 967 665 et
987 628 1023 667 ex
1061 608 1137 664 linea
1150 618 1237 674 recta,
1261 616 1289 662 at
1304 609 1365 663 soni
1378 607 1523 662 audiuntur
1541 606 1627 661 etiam
1642 606 1674 660 in
1686 606 1801 677 oblique,
1814 620 1852 660 not

219 692 327 746 modico
339 691 504 762 camphorae,
517 692 576 746 tisri
591 698 682 762 potest
691 699 722 747 ut
729 691 853 748 incensio
863 693 899 746 sit
910 691 1021 756 tardior,
1061 696 1181 744 arcuata.
1223 689 1320 761 ltaque
1332 689 1364 743 in
1377 703 1442 741 area
1456 685 1574 758 spbaerre
1587 687 1668 741 νιιιιι
1682 694 1747 757 quot
1759 686 1851 756 objecta

218 777 247 825 et
261 772 400 841 percussio
413 788 468 826 oon
482 773 522 826 ita
534 772 646 827 vibrans
659 780 687 826 et
707 780 804 827 acuta:
817 772 891 827 uode
905 772 1021 826 multum
1060 769 1226 834 deteruntur,
1241 778 1280 823 tot
1298 775 1364 822 suot
1376 768 1438 822 cuni
1451 767 1611 833 radiomm;
1634 782 1726 838 oeque
1744 784 1850 838 unquam

107 884 111 889 ·
217 851 305 920 possit
325 851 440 906 diminui
462 851 497 905 de
515 868 601 917 conoe
623 852 671 906 sed
691 852 775 906 etiam
790 869 852 907 cum
870 852 980 920 jactura
992 852 1022 906 in
1061 848 1133 904 alter
1158 865 1243 903 conus
1270 848 1299 902 io
1319 847 1436 902 alterum
1457 847 1606 911 coincidit3
1635 863 1727 917 neque
1749 848 1850 902 sertim

218 930 377 985 tortitudine
391 931 583 1002 percussionis.
611 931 655 987 De
668 931 722 986 hoc
733 932 887 1004 inquiratur
896 933 1020 987 ulterius.
1060 944 1191 983 conomm
1215 929 1245 982 in
1267 928 1341 983 idem
1361 936 1491 999 punctum
1511 935 1690 991 concurrunt,
1709 928 1771 998 ‘1¹¹5ss
1790 928 1849 981 ⁶250·

1060 1009 1198 1063 maturio
1211 1007 1293 1062 lineis
1307 1009 1396 1063 restis
1438 1006 1476 1062 At
1488 1007 1557 1073 soni,
1574 1007 1626 1078 qui
1646 1006 1800 1062 deferuntur
1810 1024 1849 1077 per

264 1067 305 1107 na
325 1072 490 1113 nuasrrorut
508 1072 585 1124 soor,
607 1072 644 1111 ar
665 1071 734 1111 arus
755 1071 898 1113 rurasrru
919 1072 955 1111 ar
1059 1088 1156 1153 lium,
1170 1096 1199 1142 et
1210 1097 1306 1153 rem
1319 1095 1348 1142 et
1361 1096 1492 1153 mum,
1506 1094 1627 1159 mut
1644 1086 1727 1141 facile
1739 1086 1766 1140 in
1776 1104 1848 1143 um

516 1151 722 1193 mmmm·
1060 1176 1190 1238 punctum
1212 1185 1380 1232 concurrere,
1394 1168 1487 1240 itaque
1505 1167 1722 1222 contunduntur.
1759 1166 1848 1221 Eadem

258 1246 394 1302 Duutrto
408 1247 468 1302 soni
481 1263 623 1318 campanie
636 1263 773 1317 percussa
787 1253 834 1302 sut
847 1245 1022 1318 chorquui
1060 1247 1167 1302 ridetur
1179 1265 1330 1313 causaest
1339 1248 1414 1304 color
1422 1247 1633 1319 magisrividus
1647 1245 1763 1301 colorem
1773 1248 1847 1318 magis

218 1326 325 1381 videtur
338 1327 495 1399 prolongari
510 1336 539 1382 ct
557 1328 660 1381 sensim
678 1327 810 1398 extingui,
825 1343 880 1381 noo
893 1327 1022 1398 provenit
1059 1328 1205 1383 obscurum
1217 1345 1273 1383 non
1287 1335 1411 1401 mergam
1432 1336 1462 1382 at
1481 1328 1530 1383 lux
1549 1328 1644 1397 maior
1662 1326 1750 1381 lucem
1763 1327 1846 1381 debili·

218 1407 313 1478 utiquc
328 1424 345 1460 a
358 1408 447 1478 prima
460 1407 654 1478 percussione:
674 1406 723 1462 sed
736 1407 882 1477 trepidatio
895 1408 1019 1477 eorporis
1059 1423 1135 1463 orem
1148 1408 1276 1464 obscurat
1288 1415 1317 1464 et
1337 1409 1448 1473 condit;
1463 1409 1529 1480 quia
1541 1406 1593 1463 lux
1611 1408 1736 1461 cernitur
1747 1407 1774 1461 in
1786 1405 1846 1461 lines

218 1487 341 1557 percussi
354 1494 467 1559 generet
484 1487 514 1540 in
533 1489 596 1541 aire
615 1487 787 1541 continenter
800 1503 901 1542 nomem
914 1503 1019 1542 sonum
1059 1496 1177 1553 arcuata,
1186 1488 1415 1561 quemadmodum
1424 1497 1453 1543 et
1461 1504 1553 1542 mous.
1583 1487 1663 1542 Nam
1676 1486 1741 1541 lieet
1752 1488 1844 1541 ιιιιιιιι

218 1566 293 1621 Nam
313 1567 337 1621 ιι
357 1566 537 1638 prohibeatur
549 1566 599 1621 illa
613 1567 766 1637 trepidatio,
781 1574 811 1621 et
824 1567 935 1622 sistatur
948 1582 1021 1621 eam·
1058 1565 1121 1637 ipsa
1135 1568 1258 1623 candslae
1270 1585 1327 1623 ooo
1339 1569 1459 1624 cernitur
1471 1568 1525 1622 nisi
1538 1568 1569 1621 in
1582 1566 1663 1622 linea
1676 1575 1755 1630 meta,
1768 1574 1843 1620 ιιιιιιιι

218 1663 292 1718 pann
305 1654 352 1701 aut
365 1646 475 1711 chorda,
485 1647 557 1719 perit
569 1647 625 1701 cito
636 1663 731 1710 sonum
745 1653 776 1701 ut
786 1647 855 1701 titin
864 1647 1018 1719 espioettis,
1058 1645 1108 1701 lux
1120 1648 1241 1719 undique
1254 1648 1420 1704 circumfusa
1432 1648 1568 1719 perfertur
1581 1647 1620 1701 ad
1634 1647 1723 1701 visum
1739 1646 1766 1699 in
1777 1645 1842 1700 lineis

218 1727 266 1780 ubi
283 1727 309 1782 si
326 1727 475 1782 dimittitur
496 1727 583 1797 spina,
606 1734 638 1782 ut
657 1727 787 1782 chordam
807 1734 911 1800 tangat,
931 1734 1021 1782 οιιιιι
1059 1728 1186 1794 arcuatia,
1209 1729 1299 1799 quoad
1317 1745 1417 1800 eorpus
1437 1727 1575 1783 candelis:
1607 1726 1708 1782 similis
1730 1736 1769 1780 est
1786 1728 1842 1780 ratio

218 1822 311 1862 sonus.
1058 1806 1132 1872 solis,
1147 1819 1193 1863 sut
1206 1809 1333 1865 flammea
1368 1807 1446 1870 Quod
1456 1808 1480 1863 si
1490 1815 1659 1879 opponatur,
1672 1823 1758 1876 oeque
1770 1807 1841 1876 ipsun

259 1886 402 1958 Campans
417 1886 532 1957 pensilis
545 1887 574 1941 in
588 1885 653 1943 siire
665 1886 748 1958 longe
762 1885 907 1941 clariorem
921 1893 950 1941 et
963 1885 1021 1940 diu·
1058 1886 1147 1942 lucem
1166 1890 1241 1943 cerni
1259 1890 1314 1944 nisi
1332 1888 1363 1943 in
1381 1896 1457 1943 recta
1476 1888 1552 1942 linea
1568 1888 1609 1942 ab
1624 1886 1689 1942 aere
1702 1885 1839 1949 illuminato,

218 1968 368 2022 tumiorem
382 1967 471 2021 reddit
483 1983 588 2031 sonum,
602 1967 667 2023 licet
685 1967 854 2037 percutiatur
871 1966 973 2020 malleo
986 1966 1021 2020 ad
1058 1984 1152 2023 rernm
1166 1977 1223 2024 est:
1247 1964 1347 2024 verum'
1359 1968 1390 2023 id
1409 1968 1526 2023 arbitror
1539 1968 1629 2023 etiam
1643 1967 1761 2021 accidere
1773 1983 1840 2029 sono;

219 2054 304 2112 exuo,
319 2063 401 2119 quarn
414 2048 437 2102 ai
452 2048 611 2112 staretiixs,
627 2053 656 2101 et
673 2045 798 2102 similiter
811 2045 912 2101 malleo
925 2063 1021 2117 percu·
1058 2063 1148 2119 oeque
1172 2049 1245 2103 enirn
1266 2049 1376 2104 auditur
1396 2065 1479 2104 sonus
1501 2048 1556 2103 nisi
1577 2048 1610 2102 in
1632 2046 1713 2101 lineis
1728 2046 1798 2101 rectis
1813 2045 1840 2099 sb

219 2127 313 2182 tiator.
353 2127 445 2199 Atque
459 2127 494 2181 de
507 2127 674 2182 diuturniore
694 2144 763 2181 sono
777 2126 883 2181 reddita
902 2136 944 2182 est
961 2127 1021 2195 jam
1059 2128 1152 2200 aliqua
1173 2137 1251 2199 parte
1271 2129 1388 2199 sphaerae
1408 2128 1475 2192 soni,
1490 2144 1545 2199 quo
1563 2127 1659 2198 prima
1671 2126 1778 2197 pulsatio
1789 2142 1840 2196 per·

218 2207 296 2272 ratio,
308 2205 373 2279 quis
381 2207 500 2277 trepidat
513 2207 623 2263 diutius.
663 2206 741 2268 Quod
753 2222 819 2261 vero
831 2207 914 2262 etiam
927 2207 1022 2277 primi·
1059 2207 1149 2279 tingit
1190 2208 1321 2264 Attamen
1345 2208 1427 2275 color,
1450 2208 1497 2279 qui
1520 2207 1597 2262 nihil
1621 2207 1698 2262 aliod
1716 2215 1755 2261 est
1772 2221 1840 2277 quan

217 2286 290 2342 tirus
311 2303 394 2342 sonus
413 2287 444 2342 in
462 2287 562 2357 pensili
583 2287 621 2342 ιιι
640 2286 730 2359 magis
750 2303 870 2354 sonorus,
885 2288 915 2342 in
932 2295 1020 2342 stante
1059 2286 1128 2342 locis
1141 2287 1236 2360 imago
1247 2289 1420 2360 inaequaliter
1433 2289 1546 2354 reflexa,
1558 2295 1620 2343 tarn
1635 2285 1736 2342 debiles
1747 2287 1839 2339 ιὶιιιιιιι

218 2367 318 2432 minus,
333 2367 452 2438 amplius
465 2366 657 2439 inquirendum
671 2374 721 2422 est.
1059 2367 1149 2422 fundit
1172 2369 1285 2439 species,
1306 2376 1338 2424 ut
1357 2367 1450 2424 a'e‘rem
1474 2368 1676 2422 ohcumiuaum
1697 2383 1782 2437 pamm
1803 2373 1840 2417 aut

260 2447 393 2502 Similiter
419 2447 541 2519 scyphus
564 2453 708 2520 argenteus
729 2453 777 2501 aut
796 2447 907 2512 niueos,
929 2446 1022 2502 talitro
1059 2447 1130 2502 nihil
1153 2449 1249 2520 tingat,
1272 2448 1327 2503 nisi
1350 2449 1397 2504 ubi
1421 2448 1582 2503 deteruntur
1604 2446 1710 2503 colores
1731 2446 1758 2500 in
1773 2444 1837 2499 lineis

218 2543 372 2599 percussus,
389 2527 412 2583 si
427 2528 480 2583 sibi
492 2529 671 2599 permittatur,
686 2544 783 2583 sonunt
796 2529 855 2583 edit
875 2526 1020 2583 clariorem
1059 2529 1143 2583 rectis
1157 2528 1230 2583 inter
1244 2528 1380 2598 obJectum
1392 2536 1421 2584 et
1431 2528 1549 2584 oculum.

219 2607 474 2675 etdiuturoiorem3
500 2608 571 2680 quod
595 2609 619 2663 ei
642 2624 692 2679 pes
714 2607 812 2678 scyphi
832 2607 920 2663 altera
936 2624 1021 2662 manu
1099 2608 1162 2663 Fiat
1176 2609 1394 2678 experimentum
1415 2609 1445 2662 in
1461 2606 1525 2663 aulo
1539 2606 1676 2682 (Angliee
1698 2602 1837 2659 “socord-

218 2692 343 2743 teneatur
357 2687 436 2753 fixus,
450 2687 533 2760 longe
546 2687 716 2744 hebetiorem
735 2695 763 2743 et
782 2687 914 2744 brevioris
928 2704 1020 2743 moras.
1059 2704 1090 2742 er
1099 2688 1131 2756 ”)
1146 2687 1257 2759 duplici,
1268 2689 1298 2743 in
1309 2705 1363 2761 quo
1378 2689 1416 2744 sit
1429 2688 1544 2751 labrum,
1559 2695 1589 2742 et
1605 2687 1710 2758 lingua,
1721 2693 1747 2740 et
1757 2693 1835 2756 guttas

140 2834 142 2837 Ι
259 2766 312 2828 Qui
334 2768 455 2823 redditur
474 2767 504 2823 in
524 2769 631 2823 barbito
644 2777 692 2824 aot
710 2768 816 2823 cithara
830 2785 921 2833 sonus,
935 2767 1020 2824 mani·
1059 2767 1095 2822 sd
1108 2776 1253 2839 utrumque
1267 2769 1452 2834 finem,itaut
1465 2766 1691 2840 applicenturad
1704 2766 1835 2819 ιιιιιιιιιιιιιιε

219 2846 291 2903 festo
303 2864 359 2903 oon
379 2848 411 2903 fit
428 2864 446 2902 a
464 2849 637 2919 percussione
659 2849 732 2903 inter
752 2850 876 2920 digitum,
890 2855 937 2903 aot
950 2849 1021 2902 cala·
1059 2864 1127 2901 cava
1145 2856 1237 2903 sutem
1259 2849 1350 2904 fistula
1366 2849 1502 2904 existente
1523 2846 1633 2917 duplici
1653 2854 1682 2901 et
1698 2846 1834 2905 contnuo

218 2945 302 2993 mum,
317 2934 345 2983 et
357 2928 506 2994 chordam
523 2946 572 2985 seu
585 2930 657 2985 inter
674 2929 800 3003 digitum,
814 2938 862 2984 aut
875 2928 1020 2995 calamum,
1060 2938 1157 2983 sonent
1174 2929 1228 2984 duo
1248 2928 1330 2985 simul
1349 2929 1504 2985 cerdonem
1522 2927 1644 2983 enodem
1664 2926 1700 2981 ad
1717 2934 1835 2994 nouoque

218 3016 249 3063 et
261 3008 372 3065 serem:
393 3009 442 3065 sed
463 3008 623 3081 impellente
641 3010 736 3083 digito,
754 3028 786 3065 ac
807 3017 865 3065 tom
879 3009 1020 3065 resiliente
1059 3010 1150 3075 finem,
1164 3026 1197 3064 ac
1217 3018 1327 3065 notetur
1339 3019 1431 3065 utrum
1443 3009 1631 3065 confundatur
1649 3023 1736 3073 sonus,
1748 3021 1779 3061 ιιι
1793 3019 1836 3058 ιιι

219 3088 329 3154 chorda,
357 3095 386 3144 et
412 3090 559 3145 resiliendo
585 3093 754 3161 percutiente
781 3089 882 3146 adrem.
925 3089 1021 3162 ltaque
1058 3090 1167 3160 plietur,
1182 3106 1217 3144 sn
1232 3089 1384 3145 hebetetur.

218 3186 282 3224 cum
296 3170 399 3224 chorda
411 3178 536 3225 movetur
547 3170 660 3242 plectro,
670 3188 726 3227 non
740 3170 835 3242 digito,
847 3177 894 3225 aut
906 3169 1020 3235 calamo,
1099 3169 1278 3241 decipiantur
1292 3171 1347 3225 duo
1367 3168 1428 3224 cavi
1448 3168 1544 3234 ιτιιιιιι,
1566 3175 1596 3223 et
1615 3169 1800 3239 conjungantur
1813 3162 1836 3215 iu

219 3249 370 3304 continuari
382 3256 474 3321 potest
483 3266 566 3306 sonus
574 3252 609 3305 ad
619 3250 758 3323 placitum,
770 3258 881 3322 propter
891 3252 1021 3321 asperim
1059 3249 1171 3304 modum
1186 3250 1281 3316 crucis,
1295 3250 1337 3304 ita
1349 3254 1381 3304 ut
1401 3250 1431 3303 in
1450 3248 1511 3303 loco
1529 3248 1577 3303 ubi
1595 3254 1782 3304 connecmntur
1792 3243 1835 3297 sint

219 3336 275 3384 tem
290 3328 329 3383 fili
343 3329 438 3401 plectri
452 3331 544 3386 resina
557 3332 787 3401 parumobducti;
802 3330 874 3386 uode
886 3347 943 3384 oon
952 3330 1020 3384 labi·
1059 3331 1164 3401 perrii3
1178 3338 1207 3385 et
1220 3328 1368 3402 loquantur
1381 3331 1434 3386 duo
1451 3329 1486 3383 ad
1501 3328 1638 3384 directum
1652 3336 1681 3384 et
1693 3335 1833 3382 ιιιιιιιιιιιιι

220 3415 264 3464 tur
277 3426 327 3480 per
340 3410 478 3475 chordam,
489 3427 540 3464 nec
555 3428 616 3465 eam
630 3412 715 3467 semel
726 3411 850 3484 percutit,
864 3411 913 3466 sed
926 3409 1020 3477 haeret,
1059 3415 1192 3477 truncum,
1207 3417 1236 3465 et
1256 3410 1427 3482 applicentur
1449 3409 1576 3464 similiter
1594 3426 1677 3465 aures
1696 3409 1793 3463 duomtn
1808 3399 1834 3453 td

220 3505 336 3562 eamque
349 3490 520 3545 continenter
533 3499 617 3546 vexat
626 3512 634 3558 ι
649 3509 686 3548 ex
697 3509 752 3566 quo
765 3498 842 3547 motu
855 3507 939 3546 sonus
953 3507 1021 3547 con·
1061 3489 1129 3545 fines
1149 3490 1298 3561 oppositos,
1313 3500 1341 3546 et
1361 3497 1470 3545 notetur
1490 3499 1582 3544 utrum
1596 3506 1679 3545 voces
1695 3505 1725 3543 se
1741 3483 1834 3540 invicem

219 3570 348 3625 tinuatur.
1060 3570 1237 3626 conitmdunt.

261 3649 357 3704 Potest
370 3649 440 3704 sumi
456 3650 484 3704 in
499 3658 697 3722 argumentum,
710 3652 783 3723 quod
796 3667 879 3706 sonus
889 3651 926 3706 sit
939 3651 1022 3723 plane

220 3747 307 3801 genus
317 3730 452 3802 quoddam
463 3738 552 3786 motus
565 3730 661 3786 localis
675 3732 704 3785 in
715 3731 786 3798 a'e're,
797 3731 870 3804 quod
880 3732 920 3785 itu
930 3732 1023 3787 subito

219 3819 325 3881 pereat.
377 3811 448 3872 Quia
474 3812 504 3865 ιιι
532 3812 606 3866 omni
634 3811 755 3867 sectione
783 3818 831 3866 aut
857 3811 1023 3884 impulsione

220 3889 301 3956 ιιέιιι,
310 3894 358 3946 ιιι
371 3892 476 3947 affatim
489 3906 518 3946 se
529 3893 646 3964 recipiat
660 3898 687 3945 et
699 3893 840 3957 restituam
856 3892 1023 3963 quodetiam
1103 3889 1228 3946 Maurici
1241 3890 1271 3945 in
1281 3907 1390 3946 camera
1404 3889 1592 3963 Cantabrigiae
1605 3888 1729 3945 nonnihil
1739 3884 1833 3942 minoto

220 3988 294 4041 aqua
307 3972 372 4026 iacit
384 3989 435 4043 per
448 3971 549 4027 multos
557 3972 681 4038 circulos,
690 3971 755 4028 licet
765 3989 820 4027 nou
831 3971 1024 4028 tamvelociter
1061 3970 1096 4024 ad
1110 3970 1341 4026 suffulcimentum
1352 3978 1470 4026 erectam
1478 3970 1563 4026 ιιιιιιι
1573 3971 1725 4025 columnam
1735 3967 1832 4021 teman,

221 4068 304 4123 quam
316 4053 373 4107 a'e'r.
1062 4050 1248 4105 crassitudinis
1263 4050 1373 4123 pollicis
1386 4052 1502 4106 tonasse
1514 4057 1544 4106 et
1557 4050 1673 4116 dimidii,
1688 4065 1744 4103 ean
1754 4041 1832 4096 colun·

1062 4147 1135 4197 nam,
1149 4131 1248 4186 baculo
1262 4139 1310 4186 aut
1328 4130 1397 4186 alias
1416 4148 1583 4202 percussam,
1596 4130 1688 4186 lenem
1701 4141 1783 4182 sonum
1795 4137 1831 4173 et·

1062 4209 1186 4266 hibuisse
1201 4211 1230 4265 in
1240 4228 1349 4266 camera
1361 4211 1410 4267 ubi
1424 4211 1515 4266 stabat
1525 4211 1660 4277 columna,
1672 4216 1700 4264 at
1711 4208 1737 4262 in
1746 4213 1831 4259 cantu

262 4292 296 4346 ln
310 4291 582 4348 acturisusvisibilia
593 4310 629 4348 ex
643 4309 698 4347 una
711 4298 789 4363 purte
802 4307 858 4346 noo
871 4290 1025 4361 impediunt
1063 4308 1124 4362 quta
1135 4291 1230 4346 subtus
1244 4299 1303 4346 erat
1317 4292 1446 4346 bombum
1460 4308 1595 4346 sonorum.

221 4371 343 4426 visibilia
363 4389 399 4426 ex
423 4372 487 4427 aliis
511 4372 648 4442 partibuac
674 4372 740 4445 quin
763 4372 891 4427 universa
912 4389 973 4442 quoe
994 4386 1023 4426 se
1104 4371 1310 4442 Inquirendum,
1325 4390 1387 4444 quae
1398 4387 1520 4442 corpora,
1535 4379 1562 4425 et
1581 4371 1660 4440 cujus
1673 4360 1831 4424 soliditatilet

222 4451 338 4507 offerunt
364 4452 538 4524 undiquaque
560 4451 686 4516 visibilia,
709 4460 795 4518 terras,
820 4468 907 4523 aquae,
932 4451 1024 4521 sylrae,
1063 4451 1259 4517 crassitudinis,
1274 4452 1386 4506 omnino
1405 4457 1517 4506 arceant
1538 4459 1567 4504 et
1587 4449 1727 4506 excludant
1742 4457 1829 4500 sonunt

222 4530 271 4597 sol,
287 4532 410 4599 aedificia,
424 4532 559 4598 homines,
575 4532 657 4587 simul
672 4532 707 4586 ob
721 4531 815 4587 oculos
829 4539 1025 4601 repraesentao·
1063 4539 1146 4602 atque
1165 4532 1250 4586 etiarn
1271 4549 1332 4603 qoae
1351 4531 1441 4603 magis
1459 4539 1508 4585 sut
1527 4531 1617 4586 minus
1637 4546 1698 4585 eum
1716 4524 1829 4580 hebetes,

222 4619 274 4669 tur.
316 4611 395 4674 Quod
421 4612 446 4667 si
472 4612 584 4666 totidem
601 4629 682 4666 voces
705 4620 754 4666 aut
773 4612 833 4667 soni
853 4628 890 4666 ex
909 4611 1025 4666 diversis
1063 4610 1128 4664 licet
1141 4611 1253 4666 omnino
1269 4628 1325 4666 non
1344 4611 1526 4683 intercipiant.
1568 4611 1667 4682 Neque
1684 4606 1750 4662 enim
1761 4599 1828 4689 adbuc

223 4692 346 4763 partibus
360 4690 442 4747 simul
456 4691 577 4756 salirent,
586 4692 798 4747 confunderetur
812 4690 893 4762 plane
908 4691 1024 4758 auditus,
1063 4699 1175 4757 constat,
1191 4710 1252 4763 quae
1273 4692 1365 4747 media
1383 4693 1529 4761 interjecta
1548 4692 1637 4761 magis
1657 4685 1767 4760 propitia
1782 4687 1827 4738 sut,

222 4790 273 4828 nec
288 4790 323 4827 ea
336 4772 460 4826 distincte
474 4772 616 4842 percipere
630 4781 731 4842 posset.
1064 4788 1125 4842 quoe
1139 4773 1229 4843 magis
1244 4771 1429 4841 impedientia
1472 4770 1569 4842 ltaque
1587 4770 1634 4824 fiat
1646 4765 1826 4838 experitttettlss¹

264 4853 357 4922 Major
371 4869 454 4908 sonus
468 4851 611 4905 confundit
624 4852 764 4915 minorem,
780 4859 810 4906 ut
828 4868 880 4906 nec
894 4851 1025 4905 exaudia-
1063 4852 1093 4905 in
1106 4869 1181 4916 auro,
1196 4852 1297 4923 lapide,
1312 4852 1390 4917 vitro,
1410 4869 1510 4923 panno,
1530 4867 1609 4922 aqua,
1629 4849 1694 4912 oleo,
1712 4852 1739 4899 et
1756 4853 1827 4931 eorum

223 4939 338 4988 torcat
364 4932 471 5003 species
496 4930 652 5002 spirituales
677 4935 720 5005 (ut
742 4931 902 5004 loquuntur)
924 4931 1024 4986 diversi
1064 4932 1244 4987 crassitudine
1265 4932 1427 5003 respectiva.
1467 4930 1511 4986 Dc
1532 4930 1586 4987 hoc
1601 4924 1827 4993 omninoinqunee

224 5013 333 5086 generis
355 5029 372 5067 ι
392 5028 467 5077 ιοιιο,
487 5028 542 5066 ιιοιι
562 5012 729 5067 confundunt
748 5029 856 5076 sonum,
871 5012 919 5066 sed
934 5012 1027 5066 omnia
1064 5011 1184 5067 domest
1199 5010 1320 5067 ulterius.

224 5092 343 5148 simulet
357 5092 443 5147 semel
457 5091 563 5146 haereot
576 5092 605 5146 in
619 5089 689 5156 aere,
700 5092 815 5147 alterum
828 5091 916 5146 altero
929 5109 1026 5162 parurn
1105 5090 1163 5147 Aer
1175 5091 1296 5146 medium
1311 5091 1345 5146 ad
1360 5109 1457 5148 sonum
1470 5097 1512 5147 est
1525 5090 1646 5147 maxime
1663 5082 1796 5159 propitium,
1807 5081 1826 5124 et

224 5172 356 5227 autnihil
369 5172 564 5238 conturbante3
580 5170 665 5227 veluti
678 5171 734 5236 lux,
750 5179 797 5226 aut
816 5172 898 5236 color,
914 5171 1027 5227 coloret
1066 5172 1145 5244 quasi
1175 5172 1293 5227 unicum
1335 5173 1450 5238 Rursus,
1479 5171 1526 5227 alit
1555 5169 1690 5226 humidior
1714 5153 1824 5242 tubitet)

224 5251 321 5323 frigus,
336 5253 440 5317 odores,
449 5251 564 5330 vioutes
577 5251 755 5323 magneticm3
771 5251 863 5307 omnia
876 5251 936 5307 haec
945 5252 1027 5306 simul
1065 5253 1155 5324 magis
1170 5251 1257 5306 deiert
1267 5268 1362 5307 sonum
1374 5269 1456 5322 quam
1468 5251 1583 5307 sicciore
1598 5259 1627 5306 st
1638 5250 1665 5304 in
1678 5241 1765 5302 nebula
1776 5229 1824 5307 ΨΜ

224 5339 340 5401 possunt
353 5332 458 5387 haerere
471 5332 501 5386 in
516 5335 766 5397 aire,necta1nen
788 5348 955 5402 magnopere
975 5332 1027 5386 im·
1066 5332 1104 5397 fit,
1125 5348 1180 5385 non
1207 5331 1328 5386 memini.
1369 5332 1527 5386 Nocturnus
1554 5331 1637 5386 ctiam
1661 5323 1740 5397 mugit
1763 5328 1823 5388 ΨΜ

225 5409 340 5480 pediunt
356 5412 401 5466 vel
415 5412 576 5467 conturbant
589 5427 678 5467 sonos.
1066 5412 1195 5467 diurnus:
1210 5429 1304 5466 verum
1314 5412 1343 5465 id
1355 5411 1465 5466 silentiu
1478 5411 1611 5483 assignari
1625 5414 1713 5482 potest.
1771 5475 1777 5485 ο
1807 5470 1811 5481 ¹

266 5487 358 5544 Catus
368 5508 416 5546 cur
429 5490 509 5561 plura
523 5490 644 5547 visibilia
656 5490 739 5548 simul
752 5490 787 5545 ad
806 5489 916 5546 oculum
928 5508 1029 5565 repue-
1108 5491 1263 5563 inquiratur
1273 5491 1307 5547 de
1317 5491 1409 5548 medio
1418 5492 1543 5561 flammae,
1553 5490 1641 5565 qualis
1650 5485 1823 5557 stupescunt

1068 3709 1106 3748 ott
1125 3706 1314 3748 minuerant
1336 3708 1461 3748 lunula
1486 3706 1522 3746 Π
1542 3703 1748 3747 mummii!
1766 3696 1831 3739 ΜΗ

1112 3786 1152 3827 DE
1172 3787 1301 3826 emtores
1320 3787 1393 3836 suut,
1414 3786 1451 3826 BT
1470 3786 1632 3827 Vssffld'ffl
1651 3777 1799 3825 miscuit.

294 4193 333 4232 Μ
346 4193 530 4234 OONFlileNE
550 4192 588 4232 st·
608 4192 850 4233 rasruaaurtorttt
869 4191 949 4231 Solii.
