3800 5875
715 292 819 348 Nova
841 292 1039 349 ATLANTIS.
1639 290 1696 353 737

65 445 147 501 cibus
174 446 307 511 arefactis,
334 464 396 502 enm
423 447 622 513 sarmentorum,
651 456 679 505 el
707 451 862 507 salitionum
901 450 1001 521 phanis
1015 456 1043 504 et
1062 449 1219 503 incoloratis
1240 456 1463 517 representamus
1481 447 1584 504 colores
1604 449 1697 520 singu·

65 527 214 596 generibus
228 526 317 589 variis,
332 542 446 597 quorum
460 526 507 581 alii
522 528 621 581 mirum
640 528 669 583 in
690 531 800 585 modum
813 547 861 601 ap·
901 528 949 594 los,
960 545 1015 582 non
1026 528 1054 582 in
1066 528 1153 582 forma
1163 527 1261 581 iridum
1274 525 1428 597 gliscentes,
1442 530 1484 596 (ut
1495 527 1523 580 tit
1532 527 1560 580 in
1571 529 1696 599 gemmis,

64 606 183 674 petitum
202 606 328 669 excitant,
347 605 395 659 alii
416 606 455 659 ita
472 605 601 671 nutritiri,
622 615 653 661 ut
672 624 715 664 ex·
730 610 765 664 iis
787 608 861 674 solis,
901 615 929 661 et
941 606 1140 679 primatibus)
1155 606 1202 660 sed
1216 622 1266 676 per
1279 622 1316 670 se,
1331 606 1469 675 simplices
1486 613 1514 659 et
1533 615 1696 665 constantes.

64 683 172 754 absque
191 684 249 739 alio
266 684 335 748 cibo,
350 683 502 755 complures
515 685 613 750 vivant,
629 687 676 757 qui
695 694 787 742 tamen
805 688 862 742 lon·
901 686 1038 741 Prreterea
1059 685 1222 740 exhibemus
1243 701 1353 739 omnem
1374 686 1510 739 radiorum
1534 684 1698 755 multiplica·

63 764 138 833 geri
163 763 321 834 plerumque
342 771 412 817 sunt.
454 764 537 818 Cihos
563 763 704 829 habemus,
728 783 796 837 quos
822 767 863 820 its
901 765 1010 828 tionem,
1022 765 1090 818 adeo
1100 772 1130 819 ut
1143 763 1233 817 lumen
1244 763 1411 832 ejaculemnr
1425 764 1459 818 ad
1472 764 1612 818 distantias
1622 782 1697 837 mag-

64 841 211 906 tundimus,
230 843 420 909 inteneramus,
439 851 466 897 et
485 842 687 910 mortificamus,
702 846 750 900 sed
771 854 860 899 tamen
900 860 965 909 nas;
987 843 1081 914 illique
1096 860 1157 897 eam
1171 843 1306 906 virtutem,
1321 851 1350 898 et
1368 842 1552 897 fortitudinem
1567 843 1694 910 indimus,

64 920 171 992 absque
189 921 282 992 aliquo
301 922 390 993 gradu
408 921 566 991 putredinis,
581 930 611 976 ut
633 922 707 977 calor
728 923 861 978 stomachi
900 930 930 977 ut
957 939 1006 992 per
1032 921 1187 991 hujusmodi
1215 921 1307 975 lumen
1334 922 1408 975 cerui
1430 921 1535 992 possint
1561 921 1641 977 linere
1668 933 1697 978 et

63 999 167 1056 debilis
180 1017 227 1055 eos
242 999 320 1055 facile
334 1000 363 1054 in
373 1000 483 1070 chylum
494 1000 594 1055 bonnm
602 1011 696 1067 vertat,
707 1020 761 1057 non
772 1003 861 1057 minus
899 1008 1000 1072 puncta
1020 1001 1187 1055 tenuissima.
1227 999 1398 1055 Exhibemns
1418 1016 1497 1056 omne
1515 1016 1601 1072 genus
1614 1000 1695 1056 lumi·

64 1096 149 1151 quam
164 1080 239 1135 calor
252 1079 384 1135 stomachi
403 1079 480 1134 fortis
500 1080 606 1151 operari
625 1082 710 1151 possit
733 1082 762 1136 iu
786 1081 861 1135 cibos
899 1095 965 1134 num
979 1079 1132 1144 tinctomm,
1147 1086 1176 1133 et
1193 1078 1381 1145 coloratorum,
1396 1085 1479 1150 atque
1500 1095 1594 1134 omnes
1612 1080 1695 1136 elusi·

63 1175 233 1214 communes.
276 1159 384 1213 Genera
404 1159 528 1230 quiedam
550 1158 611 1224 cibi,
631 1160 717 1230 panis,
732 1167 759 1213 et
773 1168 860 1231 potus,
899 1175 965 1213 ones
977 1166 1004 1212 et
1019 1159 1192 1228 deceptiones
1201 1158 1283 1224 visus,
1294 1159 1324 1213 in
1338 1159 1439 1230 liguris,
1451 1158 1693 1230 magnitudinibus,

64 1237 210 1302 habemus,
224 1254 284 1309 qute
303 1244 417 1308 sumpta,
431 1237 533 1293 diutius
551 1255 633 1309 quam
656 1255 707 1310 pro
724 1247 859 1304 consueto,
899 1238 1025 1303 motibus,
1037 1237 1189 1303 ,coloribus3
1211 1254 1305 1292 omnes
1324 1237 1565 1292 demonstrationes
1583 1239 1694 1293 umbra·

60 1317 201 1386 jejunium
222 1316 337 1371 tolerare
360 1316 476 1371 facient:
510 1316 565 1370 alia
589 1316 663 1381 item,
689 1318 786 1389 quibus
813 1320 860 1390 qui
899 1332 970 1384 rum,
985 1324 1013 1370 et
1026 1317 1177 1387 imaginum
1191 1316 1220 1369 in
1239 1319 1302 1372 aire
1315 1316 1495 1372 volitantium.
1537 1316 1693 1372 Invenimus

63 1397 233 1462 insuescunt,
256 1412 337 1450 carne
357 1396 423 1449 fiunt
445 1395 560 1459 duriore,
582 1402 609 1451 ct
630 1395 763 1462 solidiore,
779 1414 860 1468 quam
899 1412 1008 1468 quoque
1030 1396 1120 1450 medis
1138 1394 1285 1464 complura,
1305 1396 1378 1466 apud
1396 1412 1443 1450 vos
1462 1397 1563 1467 ignota,
1582 1393 1694 1451 luminis

63 1482 164 1530 antea:
187 1483 243 1530 tum
257 1475 378 1530 etrobnr
397 1475 517 1546 ipsorum
535 1473 570 1529 ad
590 1482 693 1530 motum
713 1476 860 1547 quemlibet
898 1474 1040 1547 originalis
1053 1474 1217 1545 producendi
1239 1490 1275 1530 ex
1287 1474 1399 1530 diversis
1414 1474 1579 1544 corporibus.
1621 1475 1692 1530 Riu-

64 1563 182 1626 augetur
195 1563 222 1609 et
235 1555 389 1608 intenditur.
898 1568 953 1618 sus,
986 1554 1101 1609 artificia
1126 1554 1286 1620 invenimus,
1316 1571 1366 1624 per
1392 1571 1452 1625 quse
1480 1554 1587 1622 objecta
1613 1554 1692 1610 valde

106 1633 282 1687 “Habemus
313 1633 396 1687 etiam
426 1632 631 1703 dispensatoria,
662 1628 705 1688 vel
738 1635 859 1690 officinas
897 1640 1002 1688 remota
1021 1634 1050 1687 in
1072 1632 1165 1687 oeulos
1180 1633 1327 1698 incurrant,
1340 1632 1433 1698 veluti,
1447 1632 1475 1687 in
1489 1631 1566 1698 ooelo,
1582 1640 1609 1686 et
1629 1633 1692 1689 aliis

64 1711 291 1783 pharmacorum:
312 1712 452 1784 inquibus
467 1711 546 1767 lacila
561 1721 603 1767 est
617 1712 783 1779 existimare,
797 1731 858 1769 curn
897 1710 965 1767 loeis
984 1712 1102 1767 remotis.
1145 1712 1204 1766 lmo
1218 1712 1299 1767 etism
1313 1729 1374 1785 quse
1388 1728 1471 1782 prope
1486 1720 1549 1766 sunt
1562 1720 1692 1783 tanquam

62 1808 117 1847 nos
131 1801 208 1846 tanta
218 1791 297 1863 copis
308 1799 336 1846 ct
345 1791 475 1845 varietate
487 1791 647 1862 plantarum,
657 1799 685 1845 et
693 1793 858 1858 animalium,
897 1807 933 1844 ex
946 1791 1096 1863 longinquo
1110 1791 1281 1856 ostendimus,
1299 1799 1327 1845 et
1340 1809 1401 1864 quae
1419 1808 1455 1845 ex
1469 1790 1618 1862 longinquo
1632 1799 1691 1846 tsn-

63 1888 123 1942 prse
137 1871 214 1926 vobis
228 1873 256 1925 in
270 1871 387 1942 Europa,
401 1870 569 1925 abundamus
585 1872 698 1941 (etenim
712 1873 777 1926 satis
786 1873 859 1927 novi·
897 1887 979 1942 quam
992 1888 1085 1942 prope,
1100 1871 1177 1925 fictas
1191 1872 1225 1925 ad
1242 1870 1348 1925 libitum
1366 1870 1527 1925 exhibentes
1536 1870 1689 1926 distantias.

63 1967 127 2006 mus
142 1952 206 2022 quid
220 1951 290 2021 apud
303 1967 352 2005 sos
366 1951 530 2017 inveniatur)
541 1948 676 2022 simplicia
689 1951 764 2015 item,
779 1952 859 2022 phar·
896 1949 1034 2004 Praeterea
1055 1950 1186 2004 habemus
1207 1950 1344 2005 oculorum
1363 1950 1535 2014 adminicula,
1555 1967 1616 2021 quae
1634 1951 1690 2005 bis·

63 2047 152 2096 mace,
176 2039 204 2085 et
228 2030 407 2102 ingredientia
429 2030 463 2084 ad
486 2030 642 2095 medicinas,
667 2036 742 2085 tanto
761 2031 858 2087 debere
896 2028 981 2083 oculis
993 2030 1095 2096 vestris,
1108 2038 1135 2083 et
1144 2030 1269 2100 speculis,
1281 2028 1420 2102 usulonge
1433 2037 1569 2099 praestent.
1600 2029 1691 2084 Habe-

63 2126 126 2164 esse
140 2110 228 2181 magis
242 2110 324 2174 varia,
338 2118 365 2163 et
379 2108 550 2180 multiplicia.
594 2107 635 2163 lbi
655 2127 762 2181 qnoque
776 2110 858 2181 phar·
896 2124 957 2163 mus
979 2110 1062 2164 etiam
1083 2109 1206 2176 artificia,
1226 2116 1254 2164 et
1274 2108 1437 2180 perspicilla,
1460 2108 1558 2180 quibus
1578 2125 1691 2178 corpora

62 2190 291 2244 maoahabemus
304 2195 413 2243 aetatum
425 2189 598 2252 diversarum,
609 2195 636 2242 et
645 2188 858 2245 fermentationis
896 2188 999 2243 minuta
1023 2196 1051 2244 et
1077 2188 1177 2260 pusilla
1199 2188 1323 2244 distincte
1345 2197 1373 2242 et
1395 2187 1513 2259 perfecte
1537 2188 1689 2253 cemimus;

63 2269 209 2324 diuturna.
250 2269 385 2329 Quantum
405 2285 468 2323 vero
486 2268 521 2322 ad
538 2266 733 2323 medicinarum
752 2286 858 2339 praepa·
896 2266 980 2322 veluti
993 2267 1122 2332 membra,
1136 2276 1164 2323 et
1182 2268 1292 2334 colores,
1312 2284 1466 2323 muscamm
1480 2267 1646 2338 exiguarum,
1662 2274 1691 2320 et

62 2348 194 2412 rationes,
207 2364 261 2402 non
275 2347 363 2403 solum
377 2347 567 2402 distillationes
581 2347 740 2419 omnigenas
760 2349 856 2420 eisqui·
896 2347 1045 2413 vermium,
1071 2363 1157 2418 gram
1180 2355 1208 2402 et
1228 2348 1331 2421 glacies
1353 2348 1382 2402 in
1405 2346 1521 2418 gemmis
1544 2346 1613 2400 alias
1636 2362 1690 2400 non

62 2428 140 2493 sitas,
157 2439 184 2481 et
197 2427 382 2499 separationes
401 2426 541 2494 habemus,
555 2426 691 2498 prrecipue
705 2436 795 2482 autem
809 2445 859 2498 per
895 2425 1035 2490 risibilem
1058 2426 1176 2498 plurima
1189 2427 1219 2481 in
1233 2427 1326 2493 urinis,
1341 2434 1369 2481 et
1383 2427 1525 2499 sanguine,
1540 2426 1609 2480 alias
1622 2425 1690 2480 item

62 2507 170 2561 calores
190 2507 272 2572 lenes,
296 2514 325 2561 et
345 2506 549 2577 persolutiones,
570 2522 620 2577 per
639 2505 746 2561 diversa
766 2506 857 2573 lintea,
895 2520 949 2559 non
971 2506 1097 2560 visibilis.
1137 2506 1222 2561 Porro
1242 2506 1403 2562 exhibemus
1424 2504 1579 2560 artificiales
1599 2505 1688 2569 irides,

61 2586 153 2651 lanea,
168 2585 252 2658 ligna,
266 2586 322 2640 imo
334 2594 362 2640 et
375 2585 537 2641 substantias
551 2583 698 2653 solidiores,
713 2586 760 2641 sed
774 2587 858 2642 multo
895 2583 1017 2650 halones,
1030 2585 1152 2651 circulos,
1174 2585 1345 2650 vibrationes,
1365 2594 1392 2640 et
1406 2584 1598 2655 trepidationes
1611 2584 1690 2638 lumi-

62 2666 155 2737 magis
183 2666 361 2735 componendi
393 2665 488 2720 modos
515 2663 686 2731 excellentes,
713 2682 763 2736 per
789 2684 858 2739 quos
895 2663 946 2719 nis.
987 2664 1112 2737 Denique
1133 2664 1294 2720 exhibemus
1308 2680 1401 2719 omnes
1415 2664 1510 2718 modos
1523 2664 1687 2728 reflexionis,

61 2744 277 2815 compositorum
303 2745 548 2816 incorporationem
573 2744 655 2799 talem
681 2746 856 2815 assequimur,
895 2743 1072 2810 retractionis,
1086 2752 1115 2801 et
1128 2743 1368 2815 conduplicationis
1381 2744 1557 2812 objectorum.

62 2832 91 2878 ut
106 2825 251 2879 rideantur
264 2824 348 2880 ferme
363 2823 654 2895 simplicianaturalia.
935 2823 1110 2879 “Habemus
1136 2824 1218 2878 etiam
1245 2840 1367 2895 gemmas
1398 2823 1517 2877 omniurn
1551 2838 1688 2893 generum,

103 2910 121 2938 ·‘
136 2903 278 2959 Habemus
302 2904 384 2960 ctiam
407 2911 478 2960 artes
502 2903 652 2975 complures
676 2903 856 2972 mechanicas,
895 2901 1047 2974 multasque
1062 2919 1154 2960 earum
1168 2901 1373 2975 pulcherrimas,
1388 2910 1418 2958 et
1430 2902 1507 2958 robis
1521 2902 1688 2973 incognitasr

60 2984 141 3038 vobis
152 2984 314 3055 incognitas,
324 2993 352 3039 et
361 2985 487 3039 materias
498 3000 547 3055 per
557 3001 603 3038 eas
617 2984 761 3051 coniectas,
773 2984 857 3040 veluti
895 2983 961 3038 item
975 2983 1108 3054 crystalla,
1120 2991 1148 3039 et
1160 2985 1230 3040 vitra
1243 2984 1407 3039 diversomm
1423 2999 1561 3054 generum,
1572 2983 1642 3036 inter
1655 2998 1690 3037 ea

59 3080 191 3135 papyros,
212 3062 303 3129 lintea,
324 3065 418 3129 serica,
439 3062 551 3127 textilia,
572 3071 683 3118 consuta
703 3081 738 3119 cx
757 3063 857 3137 plumis
896 3069 988 3117 autern
1002 3065 1127 3135 quadam
1147 3081 1184 3119 ex
1201 3063 1319 3120 metallis
1333 3063 1489 3128 ritrificatis,
1504 3070 1532 3116 ct
1550 3060 1689 3116 nonnullis

59 3142 267 3214 elegantissime
281 3142 431 3214 splendoris
444 3141 585 3209 mirabilis,
596 3143 725 3198 tincmras
736 3152 763 3199 et
776 3144 857 3199 iniec·
895 3144 1017 3199 materiis
1030 3143 1092 3199 aliis
1106 3153 1206 3215 praeter
1224 3160 1278 3210 eas,
1293 3161 1329 3199 ex
1349 3143 1448 3215 quibus
1468 3141 1540 3212 apud
1555 3157 1604 3195 nos
1619 3142 1689 3196 vitra

58 3223 151 3278 dones
159 3222 280 3277 colorum
287 3222 490 3294 pulcherrimas,
500 3222 746 3293 etaliacomplura.
786 3224 857 3285 Quin
895 3222 1080 3279 conficiuntur.
1121 3223 1433 3296 Tumcomplnraetiam
1446 3221 1687 3293 fouiliaquaevos

59 3308 88 3357 et
100 3301 225 3357 officinas
233 3302 315 3357 etiam
324 3302 474 3375 aliquamm
485 3295 583 3357 artium
594 3303 790 3372 praedictarum,
802 3311 857 3358 tam
895 3318 949 3357 non
964 3302 1080 3358 habetis.
1122 3303 1267 3376 Magnetes
1280 3303 1347 3359 item
1360 3301 1468 3358 virtutis
1480 3301 1652 3373 prodigiosae,
1662 3308 1689 3355 et

59 3397 167 3447 earum,
181 3399 242 3452 quse
255 3381 284 3435 ln
299 3397 378 3437 usum
397 3397 567 3437 communem
586 3389 702 3454 receptas
719 3398 774 3438 non
787 3390 856 3451 sunt,
895 3380 1000 3453 lapides
1014 3383 1082 3439 alios
1095 3399 1178 3448 meos,
1193 3390 1249 3437 tam
1262 3381 1407 3448 naturales,
1421 3399 1503 3453 quam
1523 3379 1687 3435 artificiales.

59 3477 146 3532 quam
160 3476 327 3532 earumqure
340 3470 410 3517 sunt.
450 3461 558 3516 Etenim
578 3461 647 3517 scire
666 3462 748 3518 debes
768 3480 804 3518 ex
821 3464 857 3518 iis
936 3467 953 3493 ⁴⁴
968 3462 1108 3518 Habemus
1122 3462 1310 3518 etiamdomos
1323 3479 1457 3526 sonomm,
1471 3460 1518 3514 ubi
1532 3460 1688 3530 experimur

58 3556 124 3612 ques
134 3537 196 3615 jans
207 3542 336 3606 recensui,
350 3540 490 3612 complura
509 3557 559 3612 per
574 3541 729 3596 universum
743 3559 856 3613 regnum
895 3548 924 3597 et
944 3541 1160 3597 demonstramus
1182 3558 1263 3598 sonos
1282 3558 1384 3605 omnes,
1409 3555 1555 3611 eommque
1577 3556 1689 3611 genera·

58 3620 89 3673 in
104 3636 160 3674 usu
174 3635 242 3686 esse,
257 3622 388 3691 quamvis,
402 3621 426 3675 si
439 3621 475 3675 ab
487 3619 643 3676 inventione
660 3628 753 3677 nostra
769 3623 855 3679 tinxe-
895 3619 992 3677 tiones.
1035 3622 1175 3678 Habemus
1187 3621 1350 3688 harmonias,
1365 3637 1426 3694 quas
1447 3619 1518 3690 apud
1531 3634 1580 3673 vos
1593 3619 1622 3673 in
1636 3635 1688 3674 usu

57 3699 124 3765 rint,
139 3715 235 3754 eomnr
255 3700 415 3771 quandoque
432 3699 607 3770 exemplaria,
621 3706 749 3772 tanquam
762 3702 857 3773 primi·
894 3716 949 3754 non
963 3709 1032 3767 sunt,
1046 3702 1191 3756 miscentes
1203 3718 1258 3757 non
1269 3708 1373 3757 tantum
1385 3700 1449 3755 beta
1461 3698 1529 3754 illnd
1542 3706 1650 3753 acutum
1659 3705 1688 3752 et

58 3778 855 3850 genia,etoptimeelsborata,indomonostrsretiuemus.
895 3780 984 3844 molle,
1007 3789 1037 3836 ut
1055 3797 1112 3847 vos,
1135 3781 1183 3836 sed
1211 3780 1373 3853 quadrantes
1396 3794 1531 3844 sonomm,
1552 3784 1580 3833 et
1606 3794 1688 3832 sonos

100 3857 271 3914 “Habemus
284 3858 367 3914 etiam
381 3859 505 3914 iornscea
515 3858 593 3914 valde
604 3859 732 3925 diversas,
743 3878 856 3933 quaeque
895 3859 1023 3914 tremulos
1036 3861 1141 3933 aliquos
1154 3859 1332 3916 dulcissimos.
1354 3859 1495 3914 Habemus
1508 3858 1688 3913 instmmenta

57 3937 165 4009 gradus
177 3935 297 3992 salonam
311 3937 432 3993 diversos
444 3939 577 3994 exhibent
588 3946 615 3996 et
629 3948 745 4005 servant,
759 3940 857 3996 caloris
895 3939 1035 4010 complura
1055 3940 1164 4005 musica,
1185 3957 1245 4012 quas
1267 3940 1344 3995 vobis
1365 3939 1484 3993 nondum
1507 3938 1687 4001 innotuerunt,

57 4015 170 4071 scilicet
190 4015 261 4072 acris
281 4024 310 4072 et
327 4018 432 4083 celeris,
446 4019 549 4073 robusti
568 4026 596 4073 et
615 4019 768 4089 pertinacis,
787 4019 857 4075 lenis
895 4018 1091 4090 aliquseorum
1104 4019 1248 4074 melodiam
1262 4019 1421 4074 exhibentia
1434 4017 1593 4082 suaviorem,
1606 4032 1688 4087 quam

56 4105 86 4151 et
114 4095 256 4161 moderati,
284 4096 391 4162 sufflati,
414 4097 561 4170 tranquilli,
588 4097 702 4163 humidi,
730 4099 804 4164 sicci,
829 4107 856 4154 et
894 4107 991 4153 venna
1045 4098 1200 4169 Campanas
1227 4114 1334 4171 quoque
1362 4108 1389 4154 et
1421 4096 1602 4151 tintinnabula
1627 4096 1688 4151 soni

55 4174 203 4231 similium.
243 4175 297 4231 Sed
313 4184 377 4230 ante
396 4176 488 4231 omnia
501 4177 605 4231 calores
623 4178 808 4234 ministramus
822 4179 856 4234 ad
891 4178 1089 4246 jucundissimi.
1139 4178 1310 4233 Exhibemus
1337 4192 1418 4232 sonos
1444 4176 1531 4231 exiles
1558 4183 1688 4248 tanquam

55 4254 245 4310 imitationem
262 4254 359 4310 caloris
372 4256 445 4318 solis,
459 4262 487 4309 et
499 4255 659 4322 coelestium,
674 4258 721 4330 qui
734 4266 856 4328 pertran-
895 4274 1026 4329 magnos:
1047 4264 1075 4312 et
1098 4274 1195 4330 mares
1217 4257 1342 4313 similiter
1361 4264 1490 4329 tanquam
1516 4262 1687 4320 extenuatos,

55 4341 143 4389 scunt
157 4333 356 4407 inaequalitates
369 4334 541 4406 multiplices,
555 4343 584 4390 et
598 4335 680 4391 veluti
695 4338 782 4403 orbes,
796 4354 856 4409 pro
895 4346 922 4391 et
935 4344 1039 4393 acutos.
1079 4338 1153 4393 Dein
1166 4337 1293 4409 fingimus
1303 4336 1496 4408 trepidationes
1508 4335 1638 4407 plurimas
1652 4352 1690 4390 ex

54 4430 180 4486 gressrss,
195 4423 223 4468 et
236 4415 367 4484 periodos,
381 4431 430 4485 per
443 4431 510 4485 quas
524 4432 607 4487 opera
619 4416 755 4470 mirabilia
768 4418 856 4472 educi·
894 4417 979 4483 sonis,
993 4417 1040 4488 qui
1059 4417 1089 4472 in
1103 4425 1162 4472 ortu
1175 4434 1225 4473 suo
1237 4418 1326 4489 primo
1338 4416 1439 4489 integri
1453 4423 1523 4472 sunt
1564 4415 1687 4471 Exhibe·

53 4509 128 4550 mus.
164 4493 279 4548 Necnon
290 4493 422 4549 habemus
431 4493 599 4549 imitationes
608 4495 706 4550 caloris
716 4497 854 4561 fimorum
895 4511 955 4550 mua
979 4507 1061 4568 atque
1083 4497 1222 4551 imitamur
1247 4512 1327 4552 sonos
1354 4512 1448 4551 omnes
1471 4496 1636 4559 articulatos,
1660 4502 1689 4548 et

54 4582 86 4629 et
102 4573 238 4628 ventrium
252 4571 420 4640 animalirun,
428 4581 510 4645 atque
520 4573 661 4645 sanguinis
674 4583 702 4629 et
715 4592 856 4646 corporum
894 4575 995 4642 literas,
1009 4577 1170 4642 itemsoces,
1179 4582 1208 4631 et
1220 4583 1323 4643 cantus,
1331 4575 1542 4648 quadrupedum,
1554 4575 1686 4630 etesium.

51 4653 201 4724 ipsorum:
222 4651 363 4718 frenorum,
377 4661 406 4707 et
425 4651 570 4709 herbamm
584 4653 648 4708 dnm
661 4653 781 4710 humidae
794 4667 856 4711 sunt
895 4654 1037 4711 Habemus
1043 4672 1151 4728 quoque
1160 4655 1443 4722 adminiculaauditus,
1449 4673 1518 4728 quse,
1525 4655 1634 4709 auribus
1641 4669 1688 4724 ap-

52 4740 251 4803 congestarum
272 4740 298 4786 et
317 4732 517 4799 conclusarume
541 4732 657 4787 calcium
677 4735 806 4800 visarum,
827 4744 856 4790 et
894 4735 990 4805 posita,
999 4738 1129 4805 majorem
1140 4736 1168 4790 in
1176 4736 1287 4791 modum
1297 4752 1405 4792 sensum
1413 4735 1511 4807 ipsum,
1523 4741 1686 4789 etsonoruur

52 4828 154 4867 rerum
176 4810 300 4867 sliamm.
344 4812 564 4868 ltemhabemus
588 4813 855 4886 instrumentaque
893 4814 1064 4881 delationem,
1073 4822 1240 4886 promovent.
1262 4815 1404 4871 Habemus
1417 4831 1513 4869 vocum
1526 4812 1688 4868 reflexiones

50 4889 180 4946 calorem
195 4891 314 4945 excitam
327 4909 377 4962 per
390 4900 491 4947 motum
507 4900 629 4948 tantum:
650 4901 731 4964 atqua
744 4892 855 4965 insuper
894 4896 975 4966 (quas
982 4894 1052 4949 echo
1060 4894 1164 4963 dicitis)
1172 4894 1323 4966 complures
1334 4895 1480 4959 mirabiles,
1489 4901 1515 4947 et
1523 4890 1686 4955 artificiales,

51 4969 352 5028 locsadinsolationes
362 4970 452 5036 fortes,
463 4978 491 5027 et
501 4989 593 5028 rursus
602 4970 662 5026 loca
673 4972 854 5038 subterranea,
893 4991 987 5028 rocem
1013 4990 1068 5029 nou
1095 4981 1200 5030 tantum
1219 4975 1404 5047 multipliciter
1427 4973 1637 5044 repercutientes
1659 4978 1688 5024 et

51 5068 121 5123 quse
146 5048 193 5105 sel
219 5058 324 5116 natura,
345 5051 390 5105 vel
413 5060 478 5116 arte,
499 5052 603 5107 calores
626 5051 753 5107 excitant.
796 5052 855 5108 Hos
891 5055 1034 5124 jactantes,
1048 5054 1096 5108 sed
1109 5070 1202 5109 earum
1216 5053 1284 5109 alias
1297 5071 1391 5109 vocem
1404 5062 1543 5125 augentes,
1557 5050 1625 5105 alias
1638 5065 1687 5104 ex·

48 5130 168 5187 calores
178 5129 297 5185 diversos
308 5130 477 5197 exhibemus,
487 5140 566 5202 prout
576 5139 673 5186 natura
681 5132 854 5203 operationis,
893 5141 1053 5188 tenuantes:
1076 5132 1219 5187 nonnullas
1232 5142 1324 5188 autem
1345 5149 1437 5188 earum
1452 5148 1545 5185 rocem
1564 5128 1687 5184 articula·

51 5226 143 5284 quam
159 5208 340 5281 designamus,
354 5209 481 5279 postulat.
894 5221 949 5265 tom
962 5211 1104 5268 reddentes
1117 5211 1285 5267 differentem
1306 5214 1341 5267 ab
1361 5210 1497 5282 originali.
1538 5209 1687 5272 Habemus,

96 5292 117 5320 ⁴⁴
135 5288 278 5343 Habemus
291 5289 374 5344 etiam
389 5289 484 5344 domna
503 5289 695 5361 perspectivas,
710 5290 756 5346 ubi
771 5306 854 5361 expe·
894 5290 997 5355 ultimo,
1012 5291 1106 5346 modos
1119 5291 1258 5346 deferendi
1279 5307 1358 5346 sonos
1375 5292 1404 5344 in
1421 5289 1501 5354 tubis,
1517 5299 1543 5343 et
1562 5289 1688 5342 concavis

47 5368 179 5425 nimenta
188 5367 349 5424 exhibemus
357 5369 478 5424 omnium
486 5366 617 5424 luminum
628 5369 854 5434 otradiationume
893 5369 962 5434 aliis,
974 5370 1009 5423 ad
1019 5387 1149 5443 magnam
1160 5371 1323 5434 distantiam,
1333 5378 1414 5441 atque
1422 5367 1450 5421 in
1460 5367 1542 5422 lineis
1552 5368 1687 5421 tortuosis.

46 5449 183 5506 omnium
196 5464 303 5519 quoqne
317 5447 454 5511 colorums
475 5457 557 5519 atque
575 5465 612 5504 ex
625 5449 783 5521 corporibus
796 5449 853 5503 dia·
932 5455 948 5481 ⁴‘
965 5450 1104 5505 Habemus
1118 5451 1202 5506 etiam
1215 5451 1311 5506 domus
1325 5450 1498 5503 suffituurnet
1511 5447 1630 5511 odomm,
1641 5445 1689 5501 ubi

97 5542 165 5583 vor.
188 5542 217 5581 rr.
436 5526 492 5581 3s
