3800 5875
87 328 149 385 Lus.
166 329 187 383 l.
591 329 642 384 Da
663 329 889 386 AUGMENTIS
910 329 1187 387 sctunrtauuru.
1652 335 1711 394 ast

83 486 878 559 magisnatuauequealiarulgocupienda,venaliaerunt.”
918 489 1072 555 aesbmanti,
1087 489 1191 545 uallum
1205 490 1321 544 occurrit
1332 491 1449 546 dedecus
1462 491 1557 558 literis,
1572 512 1607 549 ex
1620 494 1711 551 litera·

83 568 207 638 Denique
221 567 452 637 quemadmodum
466 584 529 622 vere
543 567 645 622 dictum
660 575 710 631 est,
724 573 740 599 ‘⁴
755 569 879 622 ruborem
917 576 1006 623 torum
1025 570 1154 634 moribus,
1174 576 1307 639 quatenus
1331 578 1394 624 sunt
1416 570 1526 634 literati,
1550 573 1709 632 adhaerens:

81 663 140 700 esse
160 645 283 700 colorem
306 647 441 710 virtutis,’'
460 646 526 701 licet
545 647 707 717 quandoque
727 649 830 701 oriatur
843 665 878 702 ex
917 648 970 700 nisi
994 647 1063 701 sorte
1084 648 1137 702 hoc
1157 649 1223 701 vitio
1243 656 1364 703 vertatur
1388 650 1479 720 (cajus
1503 650 1709 719 Demosthenes,

80 725 175 794 eulpae
196 727 238 779 ita
258 733 332 779 recte
355 733 464 790 statuas,
485 735 673 797 paupertatem
691 743 752 780 esse
770 727 878 782 virtutis
918 726 1023 791 Cicero,
1038 727 1107 781 Cato
1126 728 1268 789 secundas,
1290 728 1400 793 Seneca,
1415 729 1561 800 pluresque
1578 731 1626 785 alii
1646 733 1711 787 insi-

82 806 224 869 tortunam,
239 805 371 877 quamvis
382 805 517 860 interdum
528 824 545 859 a
557 806 626 861 luxa
636 814 664 858 et
673 807 779 860 incuria
789 823 878 860 accer-
916 802 1069 878 mulantar)
1084 807 1232 876 quodcum
1249 806 1399 878 plerunque
1418 817 1547 879 tempora,
1561 810 1595 863 de
1610 812 1709 881 quibus

81 891 161 938 satur.
196 884 354 939 Salomonis
367 890 439 938 certe
453 884 513 939 hac
524 894 565 939 est
578 886 719 949 sententia,
735 891 751 916 ‘⁶
762 885 815 946 Qui
827 887 877 939 tes·
916 883 1017 955 legunt,
1033 885 1088 939 illis
1109 888 1139 940 in
1159 886 1256 956 quibus
1269 886 1369 951 vivunt,
1384 894 1412 940 et
1432 905 1493 958 quae
1506 889 1708 959 precipiantur,

81 965 147 1016 tirrat
166 965 202 1018 ad
217 964 340 1028 dividas
355 981 410 1019 non
430 965 483 1018 erit
501 964 636 1019 insona:”
657 974 685 1019 et
701 973 876 1034 preceptum,
915 963 971 1018 illis
985 982 1045 1034 qure
1060 973 1184 1035 aguntur,
1200 965 1313 1020 meliora
1327 966 1397 1031 sint;
1419 967 1586 1040 ultraquam
1604 986 1654 1039 par
1667 979 1709 1024 est

81 1043 248 1098 ‘Veritatem
258 1061 329 1108 eme,
340 1052 368 1097 et
377 1042 433 1098 noli
444 1044 575 1107 rendere;
590 1044 715 1099 similiter
725 1044 876 1109 seientiam,
915 1045 1080 1098 contendant
1100 1061 1204 1099 mamm
1226 1044 1391 1115 corruptelas
1410 1046 1445 1099 ad
1466 1057 1660 1118 preceptorum
1681 1057 1708 1104 et

80 1131 107 1176 et
118 1124 295 1192 pmdentiam
304 1146 311 1187 ς
320 1124 338 1150 ”
360 1123 437 1194 qnasi
451 1140 560 1194 taquam
571 1124 681 1192 judicet,
695 1140 762 1193 opes
773 1123 876 1194 impen·
915 1122 1071 1192 dogmatum
1086 1123 1256 1178 honestatem
1270 1123 1415 1189 retrabere,
1430 1132 1458 1179 et
1471 1126 1567 1196 priscas
1580 1128 1708 1185 severita-

78 1202 180 1255 dendas
195 1210 225 1256 ut
246 1203 372 1257 doctrina
388 1211 511 1273 paretur,
532 1221 588 1257 nou
608 1203 759 1257 doctrinam
771 1220 805 1258 eo
818 1221 876 1257 rer·
916 1202 952 1255 tis
970 1219 1060 1258 mares
1078 1203 1244 1274 temporibus
1265 1202 1403 1259 dissolutis
1424 1205 1581 1275 impunere:
1603 1207 1636 1260 de
1651 1225 1707 1278 qao

79 1281 186 1335 audam
200 1289 232 1336 ut
247 1299 314 1352 opes
327 1291 515 1353 congerantur.
916 1290 1007 1336 tamen
1019 1282 1125 1336 abunde
1140 1300 1155 1336 e
1169 1282 1287 1353 propriis
1300 1282 1419 1338 fontibus
1432 1285 1570 1338 admoueri
1584 1295 1705 1356 possunt.

115 1361 188 1422 Quid
202 1362 305 1416 attinet
317 1362 407 1415 dicere
421 1361 455 1415 de
468 1362 524 1414 vita
536 1360 585 1415 illa
597 1361 701 1431 privata
716 1369 744 1414 et
754 1361 874 1426 obscura,
915 1360 999 1416 Solon
1009 1362 1083 1415 enim
1092 1362 1282 1431 interrogatus,
1295 1378 1330 1415 an
1344 1363 1461 1432 optimas
1473 1364 1577 1418 civibus
1590 1366 1648 1420 suis
1661 1366 1706 1420 de·

78 1457 159 1510 quam
178 1439 298 1495 literatis
321 1441 473 1510 objiciunt?
501 1441 579 1495 Adeo
598 1441 690 1495 tritum
711 1441 804 1494 thema
825 1451 874 1506 est,
914 1440 999 1496 disset
1007 1440 1105 1511 leges?
1127 1440 1301 1511 “Optimae’'
1314 1441 1411 1511 inquit,
1426 1448 1443 1473 ⁴‘
1451 1459 1486 1496 ex
1496 1443 1560 1507 illis,
1571 1461 1638 1514 qaas
1649 1446 1704 1515 ipsi

78 1527 159 1590 atque
169 1521 208 1572 ab
217 1520 347 1574 omnibus
354 1520 494 1588 jactatum,
506 1521 590 1574 otiam
601 1527 628 1574 et
636 1536 773 1575 secessum
782 1522 875 1590 (modo
914 1519 1062 1574 voluisseut
1074 1519 1223 1591 accipere.''
1254 1519 1298 1574 lta
1311 1519 1397 1584 Plato,
1412 1521 1506 1576 ridens
1524 1526 1704 1593 corruptiores

77 1599 168 1654 absint
181 1599 291 1653 desidia
309 1608 336 1654 et
357 1598 451 1668 laxas)
465 1602 701 1670 praeponeremus
722 1600 824 1654 lorensi
846 1609 875 1655 et
913 1615 1023 1653 sacrum
1036 1599 1135 1654 cisium
1149 1616 1246 1663 mores,
1260 1615 1342 1670 qaam
1355 1608 1387 1654 at
1399 1602 1458 1670 ipse
1472 1601 1542 1656 serre
1556 1611 1656 1671 posset,
1667 1605 1703 1658 ab

78 1686 224 1750 occupatis,
254 1685 365 1750 propter
391 1679 570 1743 securitatem,
598 1678 759 1742 libertatem,
787 1679 874 1734 dulos·
913 1676 987 1732 omni
1008 1678 1118 1749 publico
1137 1695 1248 1734 manere
1261 1679 1399 1745 abstinuit,
1418 1681 1529 1735 fflcens:
1551 1687 1567 1712 ‘⁸
1579 1680 1625 1735 Sic
1639 1700 1702 1739 cum

77 1757 177 1822 dinem,
191 1759 365 1830 dignitatem,
379 1766 426 1813 aut
439 1758 538 1813 saltem
556 1758 591 1812 ab
604 1759 811 1829 indignitatibus
824 1759 875 1812 im·
913 1758 1002 1826 patria
1021 1758 1156 1828 agendum
1177 1775 1243 1823 esse,
1258 1766 1287 1813 at
1305 1775 1367 1812 cum
1388 1759 1560 1829 parentibus,
1581 1760 1633 1815 boc
1653 1770 1702 1826 est,

77 1838 250 1902 munitatem,
264 1847 295 1892 at
308 1855 390 1892 nemo
404 1845 500 1892 tractet
522 1838 593 1892 huuc
610 1838 709 1901 locum,
723 1839 790 1907 qain
804 1838 873 1893 bene
913 1852 1003 1901 suasu,
1016 1853 1071 1891 non
1087 1837 1229 1902 violentia;
1251 1838 1417 1903 obtestando,
1430 1855 1485 1893 non
1499 1840 1700 1894 contestando.”

77 1924 193 1981 traetet3
213 1918 254 1970 ita
267 1917 397 1972 humanis
418 1918 593 1987 conceptibus
611 1918 640 1972 in
658 1917 831 1986 experiendo,
846 1926 873 1972 ct
913 1915 1003 1986 Atque
1018 1914 1070 1969 hoc
1084 1916 1174 1986 ipsam
1187 1924 1264 1970 caret
1277 1917 1332 1981 ille,
1347 1918 1394 1988 qai
1412 1935 1429 1971 a
1446 1919 1568 1972 consiliis
1582 1919 1701 1976 Caesari:

77 1996 256 2050 consensibus
269 1997 299 2049 in
315 1996 491 2067 approbando
509 2004 647 2052 consonat
690 1996 751 2050 Hoc
765 2005 873 2052 tautum
914 1999 930 2025 ‘⁶
940 1995 1032 2058 Non,”
1042 1995 1143 2072 iuquit,
1155 2002 1171 2027 ‘⁴
1181 1996 1317 2050 advetera
1326 1997 1449 2050 instituta
1460 2014 1625 2063 revocamus,
1640 2017 1702 2068 quas

77 2076 213 2143 adjiciam,
233 2076 365 2141 eruditos,
379 2076 492 2130 latentes
510 2077 539 2130 in
557 2075 762 2146 rebuspublicis,
777 2084 805 2130 et
823 2078 874 2133 sub
910 2070 1075 2148 jampridem
1089 2075 1222 2145 corruptis
1235 2076 1354 2130 moribus
1367 2075 1484 2131 ludibrio
1497 2077 1584 2131 sant”
1606 2077 1703 2133 Cicero

76 2153 162 2208 oculis
175 2155 321 2210 bominum
339 2156 452 2210 minime
464 2155 601 2226 degentes,
616 2154 719 2210 similes
732 2173 792 2210 esse
807 2156 874 2210 ima·
912 2152 995 2207 etiam
1009 2153 1090 2222 hujus
1103 2155 1202 2209 emeris
1220 2155 1310 2225 arguit
1331 2154 1463 2209 Catonem
1484 2156 1638 2222 secandam,
1653 2158 1702 2212 At·

75 2235 187 2304 giaibus
201 2235 294 2289 cassii
308 2242 335 2289 et
347 2235 433 2299 Bruti,
443 2235 477 2290 de
488 2235 593 2305 quibua,
607 2236 637 2289 iu
652 2234 769 2289 elatione
783 2234 799 2287 J
802 2237 873 2291 unire
912 2231 968 2286 tico
981 2249 1031 2288 suo
1051 2234 1188 2298 scribens;
1210 2240 1226 2266 ⁴⁴
1241 2233 1310 2287 Cato
1329 2235 1431 2304 optime
1445 2236 1535 2300 sentit,
1554 2236 1603 2290 sed
1623 2245 1703 2291 nocet

75 2329 129 2365 non
138 2315 267 2384 gematis
277 2331 341 2369 cum
351 2314 414 2368 alita
424 2315 548 2385 plurimas
559 2314 728 2377 ducerentur,
742 2313 870 2380 Tacitum
911 2312 1047 2367 interdum
1062 2312 1234 2382 reiprrblicar3
1254 2311 1375 2383 loquitar
1387 2314 1461 2367 enim
1476 2323 1603 2385 tanquam
1619 2316 1648 2370 in
1661 2333 1702 2370 re-

76 2392 146 2446 “uo
160 2395 250 2463 ipso,”
270 2394 368 2463 inquit,
389 2400 407 2425 ‘⁸
421 2393 623 2464 praeirdgebant,
644 2393 717 2465 qaod
730 2409 784 2447 non
802 2396 873 2449 sise-
912 2391 1021 2460 publica
1042 2392 1171 2456 Platonis,
1189 2408 1244 2447 non
1267 2400 1397 2463 tanquam
1419 2394 1449 2446 iu
1473 2393 1539 2448 lace
1560 2395 1699 2449 Romali.”

76 2470 203 2526 bantur?
914 2469 989 2525 ldem
1004 2470 1101 2526 Cicero
1114 2471 1192 2526 molli
1211 2472 1431 2540 interpretatione
1453 2481 1566 2527 excusat
1583 2473 1702 2544 pbiloso-

112 2551 157 2604 De
185 2550 405 2621 occupationum,
428 2569 489 2622 qua
515 2551 631 2605 literatis
658 2553 870 2618 committantur,
911 2548 1030 2618 phorum
1049 2551 1122 2605 dicta
1143 2558 1172 2605 et
1194 2550 1303 2604 decreta
1323 2551 1448 2605 duriora:
1478 2551 1582 2617 “Isti’'
1604 2553 1700 2625 iuquit,

75 2628 191 2693 vilitate,
215 2629 285 2684 illud
316 2632 440 2695 occurrit,
468 2630 539 2702 quod
566 2631 745 2686 demandetur
771 2632 871 2687 iisdem
913 2630 993 2700 “ipsi
1007 2636 1187 2701 preceptores
1201 2638 1229 2684 et
1242 2629 1366 2700 magistri
1380 2630 1584 2685 ridenturfines
1598 2633 1700 2686 officio·

74 2725 223 2778 puerorum
244 2726 277 2762 ac
296 2711 435 2777 juniorum
451 2710 592 2771 institutio,
606 2711 683 2778 cujus
702 2712 791 2766 etatis
810 2728 872 2766 con·
910 2725 971 2762 rum
992 2710 1075 2779 paulo
1094 2709 1212 2779 lougius,
1226 2725 1307 2779 quum
1326 2718 1422 2763 natura
1438 2708 1528 2773 vellet,
1547 2710 1700 2780 protulisse,

74 2798 195 2859 temptas
219 2789 251 2842 iu
273 2789 418 2859 magistros
444 2791 518 2859 ipsos
544 2789 685 2844 redundat.
728 2789 871 2855 Cretemm,
911 2794 940 2841 ut
949 2789 1054 2843 eumad
1065 2788 1190 2843 altinmm
1198 2789 1290 2842 animo
1299 2788 1537 2852 contendissemas,
1549 2789 1587 2843 ibi
1597 2797 1699 2857 tamen,

75 2885 158 2940 quam
180 2870 285 2938 injusta
305 2870 343 2921 ait
362 2868 422 2922 hac
441 2868 607 2932 obtrectatio,
628 2868 651 2922 si
671 2886 726 2923 non
743 2888 779 2926 ea
796 2870 871 2942 vulgi
910 2867 958 2921 ubi
972 2876 1084 2939 oportet,
1098 2867 1331 2922 cmsisteremas.”
1374 2867 1492 2938 lpsemet
1505 2875 1596 2922 tumen
1609 2871 1700 2939 potuit

74 2949 213 3018 opinione,
228 2950 277 3003 sed
291 2965 325 3004 ex
338 2965 407 3003 sano
423 2949 526 3017 judicio
542 2965 587 3003 res
605 2950 794 3019 perpendatur,
808 2950 871 3006 inde
910 2947 1008 3011 dicere,
1021 2954 1037 2980 “
1048 2948 1163 3002 Munitis
1173 2963 1232 3001 sum
1243 2946 1398 3018 minoripse
1408 2948 1478 3002 meis
1489 2949 1520 3002 :'’
1541 2948 1643 3019 quippe
1652 2950 1700 3019 qai

73 3027 140 3081 lieet
153 3029 298 3092 estimare,
313 3029 387 3098 qaod
407 3027 591 3100 diligentiores
605 3029 660 3083 sint
671 3045 766 3084 omnes
779 3031 807 3083 in
822 3030 871 3084 im.
909 3026 939 3079 in
952 3027 1069 3082 eundem
1082 3027 1201 3098 lapidem
1213 3027 1282 3097 ipae,
1295 3026 1360 3081 licet
1372 3043 1427 3083 nou
1441 3034 1496 3081 tam
1509 3027 1636 3099 graviter,
1650 3029 1700 3083 im·

73 3107 182 3161 luenda
196 3116 268 3161 testa
280 3108 392 3173 recenti,
403 3124 484 3179 quam
493 3108 595 3171 veteri;
615 3108 758 3180 magisque
769 3109 867 3164 soliciti
910 3107 1026 3177 pegerit.

74 3188 137 3249 siut,
151 3186 264 3257 qualem
275 3186 436 3241 admoveant
446 3196 545 3242 terram
555 3194 655 3242 tencre
667 3186 776 3257 plantas,
787 3205 869 3259 quam
949 3184 1039 3251 Aliud,
1048 3184 1120 3256 quod
1128 3184 1240 3240 eruditis
1248 3201 1303 3238 non
1309 3184 1445 3239 immerito
1451 3186 1565 3240 tonsam
1572 3184 1700 3254 objicitur

74 3265 192 3320 adultos:
213 3266 285 3321 unde
299 3265 394 3337 liquet,
406 3267 570 3337 precipuum
588 3283 679 3320 caram
695 3268 767 3322 circa
780 3285 870 3322 rerum
909 3265 1013 3330 vinum,
1026 3263 1182 3339 hujusmodi
1196 3271 1256 3327 eat;
1278 3265 1350 3335 qaod
1363 3264 1460 3318 honori
1475 3273 1523 3319 sat
1535 3265 1699 3320 emolumen-

73 3354 99 3397 et
112 3362 260 3416 oorponrm
274 3346 476 3401 initiarersari.
506 3345 647 3411 Rabbinis,
662 3347 686 3400 si
701 3347 796 3417 placet,
809 3365 870 3417 por·
910 3352 938 3399 to
950 3346 1098 3413 patriarum
1112 3360 1229 3408 suarum,
1244 3353 1291 3398 aut
1308 3344 1496 3409 dominiorum,
1509 3345 1633 3415 proprias
1646 3344 1699 3399 ior-

72 3424 133 3495 rige
154 3441 267 3478 aurern:
289 3431 305 3456 ‘⁴
318 3424 438 3480 Juvenes
452 3427 536 3480 vestri
548 3426 668 3481 sitiones
686 3426 820 3491 ridebunt,
842 3434 869 3480 et
908 3431 987 3478 tanus
1001 3433 1048 3479 aut
1062 3422 1188 3493 presidis
1202 3423 1411 3493 postposuerint.
1441 3423 1486 3478 Sic
1500 3424 1572 3478 enim
1586 3423 1700 3478 Demos-

72 3520 151 3557 senes
165 3503 343 3557 somniabunt
357 3506 487 3559 somnia.”
515 3505 561 3559 Ex
573 3505 625 3559 hoc
640 3512 715 3559 texta
728 3505 868 3576 colligunt,
909 3503 1004 3558 thanes
1012 3502 1222 3558 Atheniensibus
1228 3502 1294 3565 suis,
1307 3508 1323 3533 ‘⁶
1333 3502 1424 3566 Mea,'’
1436 3502 1533 3573 iuquit,
1550 3509 1566 3534 “
1577 3502 1697 3568 consilia,

71 3583 244 3649 juventutem
255 3601 315 3637 esse
325 3592 434 3639 aetatem
447 3585 612 3655 digniorem
628 3592 728 3655 quanto
740 3585 868 3639 nimimm
908 3583 1018 3637 sirecte
1033 3582 1187 3645 attendatis,
1206 3597 1261 3635 uon
1279 3590 1343 3635 aaut
1364 3581 1423 3649 ejas
1442 3582 1557 3652 generis,
1571 3599 1622 3652 per
1636 3599 1698 3653 quse

72 3663 206 3716 revelatio
229 3663 343 3715 oecedat
364 3663 464 3718 clarior
487 3680 536 3734 per
558 3664 685 3727 visiones,
709 3681 790 3735 quam
820 3682 869 3734 per
908 3678 961 3731 ego
980 3663 1111 3718 intervos
1130 3677 1252 3731 magnus,
1271 3677 1319 3715 ros
1338 3661 1409 3715 inter
1430 3660 1539 3715 Graecos
1559 3661 1698 3730 despectui

73 3742 187 3795 mnia.
230 3740 303 3795 Illud
326 3759 392 3797 vero
409 3750 501 3797 notatu
524 3743 634 3797 omnino
652 3743 773 3814 dignam,
796 3745 868 3814 qaod
907 3741 981 3805 sitis3
1002 3742 1050 3796 sed
1063 3740 1137 3805 talia,
1150 3750 1180 3794 ut
1193 3740 1263 3794 mihi
1273 3757 1460 3811 saepenumero
1473 3757 1506 3795 ea
1519 3740 1594 3795 haud
1608 3748 1697 3795 tatum

73 3818 134 3875 beet
153 3821 311 3892 pedagogi,
331 3821 406 3877 relat
425 3823 512 3877 simite
530 3822 689 3891 tyrannidis,
709 3839 798 3877 scena
814 3825 869 3879 siut
908 3820 944 3874 sit
958 3821 1031 3884 dare,
1046 3821 1123 3875 robis
1137 3827 1226 3873 autem
1241 3836 1348 3889 semper
1361 3819 1425 3873 utile
1440 3820 1593 3889 amplecti.”
1616 3819 1698 3874 Haud

72 3897 199 3963 luffibria,
219 3907 250 3953 et
269 3910 421 3970 tempomm
440 3902 544 3955 incuria
569 3902 599 3955 in
620 3901 726 3957 delectu
747 3903 868 3972 ipsorum
907 3899 986 3953 aliter
1000 3900 1111 3964 Seneca,
1122 3907 1265 3969 postquam
1276 3899 1489 3970 quinquennium
1500 3898 1568 3953 illud
1578 3899 1697 3954 Neronis

72 3979 155 4033 veluti
170 3979 355 4043 obdormierit,
365 3988 443 4034 retus
461 3988 553 4035 tamen
565 3980 676 4050 querela
688 3983 732 4045 sit,
745 3981 809 4035 inde
823 4000 867 4037 as·
906 3986 1014 4033 aterna
1025 3980 1188 4034 eraditomm
1199 3978 1389 4048 magistrorum
1399 3986 1584 4033 consecrasset
1594 3978 1696 4050 gloria,

75 4072 123 4127 que
146 4059 185 4111 ab
207 4059 320 4129 optimis
340 4067 369 4113 et
391 4059 607 4130 prudentissimis
628 4060 727 4115 seculis
746 4061 867 4124 deducta,
906 4058 1045 4113 dominam
1059 4075 1145 4122 suam,
1160 4058 1284 4112 omuibus
1302 4058 1360 4126 jam
1379 4058 1491 4128 flagitiis
1510 4058 1696 4129 inquinatissi-

74 4138 240 4208 respublieas
263 4139 338 4191 circa
360 4138 437 4209 leges
463 4139 573 4210 quidem
596 4140 709 4194 nimium
734 4148 867 4210 satagere,
906 4154 989 4202 mum,
1013 4137 1203 4207 libere.atqae
1230 4136 1343 4191 fidenter
1367 4153 1477 4191 mouere
1502 4153 1557 4191 nou
1585 4137 1696 4202 destitit,

74 4217 348 4272 obmeducationem
369 4218 543 4288 indiligentes
564 4234 632 4273 esse.
674 4219 740 4279 Qum
757 4219 867 4275 nobilis·
905 4234 1007 4289 magno
1020 4233 1069 4272 suo
1082 4215 1210 4287 periculo,
1224 4216 1571 4286 acpostremopraecipitio.
1598 4217 1696 4287 Neque

75 4296 329 4367 simpampriscae
340 4297 490 4366 disciplima
503 4297 866 4369 revocataestaliquatenus,
906 4296 987 4351 aliter
1014 4303 1103 4367 potest
1121 4314 1151 4350 se
1172 4295 1273 4350 habere
1292 4312 1358 4350 res:
1388 4296 1523 4366 siquidem
1548 4295 1696 4351 humanam

75 4376 150 4443 quasi
163 4376 343 4445 postliminio,
357 4376 387 4429 in
407 4376 574 4431 Jesaiturum
593 4376 732 4448 collegiisr
754 4395 866 4448 quoram
906 4384 1025 4431 mentem
1038 4375 1159 4430 doctrina
1173 4375 1269 4429 imbuit
1283 4391 1347 4428 vero
1367 4391 1447 4428 seusu
1461 4374 1618 4445 fragilitatis
1631 4392 1695 4439 sura,

74 4470 132 4508 em
150 4457 262 4510 intueor
281 4454 443 4510 industriam
462 4454 661 4526 solertiamque,
684 4458 783 4511 tamin
805 4458 866 4512 doc·
905 4455 1090 4510 instabilitatis
1110 4455 1231 4518 fortunae,
1252 4454 1394 4525 diguitatis
1414 4455 1513 4508 anime
1533 4462 1560 4508 et
1577 4455 1696 4508 muneris

75 4534 144 4588 bias
157 4534 317 4597 excolenda,
330 4551 412 4605 quam
425 4536 454 4588 in
468 4536 588 4591 moubus
600 4535 784 4599 miormandis,
799 4535 866 4591 illud
905 4534 963 4598 sai;
986 4551 1098 4604 quarum
1113 4552 1202 4590 rerum
1220 4550 1360 4597 memores,
1375 4532 1450 4587 nullo
1470 4533 1551 4587 modo
1564 4534 1616 4587 sibi
1637 4550 1696 4603 per-

74 4614 190 4667 occurrit
211 4613 334 4685 Agesilai
353 4614 387 4667 de
408 4614 593 4678 Phamabaao,
614 4614 717 4669 “Talis
737 4633 799 4670 cum
820 4618 865 4680 sis,
905 4614 1018 4669 suadere
1045 4621 1164 4684 possunt,
1194 4613 1307 4667 fortunas
1337 4614 1455 4683 propriae
1482 4613 1695 4682 amplitudinem,

73 4693 174 4745 annam
188 4701 282 4746 noster
296 4694 396 4747 essea.”
418 4692 509 4763 Atque
521 4693 653 4748 hactenus
666 4693 700 4748 de
713 4695 866 4765 opprobriis
905 4702 1033 4764 tanquam
1042 4692 1207 4763 praecipuum
1219 4693 1271 4746 sibi
1282 4693 1413 4747 bonomm
1424 4694 1506 4748 finem
1514 4693 1596 4745 statui
1606 4709 1695 4761 posse.

74 4770 269 4826 cliteratorum
283 4772 391 4826 fortuna
403 4779 430 4826 et
442 4773 595 4827 conditione
609 4773 766 4843 desumptis.
905 4772 995 4834 Quare
1014 4774 1053 4827 sic
1066 4774 1167 4835 visunt,
1182 4779 1311 4842 tanquam
1331 4773 1465 4826 rationem
1485 4771 1613 4826 reddituri
1629 4771 1695 4835 Deo,

110 4852 188 4911 Quod
202 4852 237 4905 ad
250 4850 421 4906 literatorum
434 4868 530 4915 mores,
547 4869 590 4906 res
604 4860 645 4906 est
662 4853 715 4906 ists
728 4853 818 4922 potius
831 4854 866 4908 ad
905 4860 933 4906 et
947 4853 1064 4907 dominia
1078 4859 1139 4922 post
1154 4851 1250 4914 Deum,
1264 4852 1322 4905 sire
1340 4853 1459 4922 regibus,
1474 4851 1534 4905 sive
1548 4850 1697 4919 rebuspab·

74 4945 209 4998 persuum
227 4946 311 5001 qaam
332 4930 369 4983 ad
389 4931 486 4996 studia,
507 4938 641 5002 spectans
683 4932 867 5002 Reperiuntar
904 4932 1037 4996 licis,bac
1051 4930 1172 4995 formula,
1188 4931 1282 4984 “Ecce
1295 4928 1516 4993 tibilacrifeci;”
1538 4947 1592 4983 noa
1605 4936 1696 4983 autern

74 5010 248 5076 proculdubio
272 5011 344 5064 inter
364 5027 420 5073 eos,
442 5010 667 5081 quemadmodum
686 5011 716 5065 in
739 5012 866 5067 omuibus
904 5011 960 5075 illa,
977 5012 1075 5065 “Ecce
1092 5008 1160 5064 mihi
1175 5009 1325 5064 lucrifeci.''
1367 5010 1403 5063 At
1417 5008 1590 5080 politicorum
1608 5007 1695 5072 turba,

74 5088 135 5141 vitre
148 5089 289 5144 ordinibus
302 5098 330 5142 et
351 5089 504 5160 generibus,
519 5098 575 5143 tam
593 5089 668 5154 mali,
683 5108 764 5160 quam
783 5090 864 5156 boni;
905 5108 1018 5160 qaorum
1032 5096 1137 5144 mentes
1150 5090 1179 5142 in
1193 5089 1313 5144 doctriua
1327 5090 1483 5153 officiorum,
1498 5097 1526 5142 et
1537 5085 1564 5141 in
1576 5094 1697 5141 contern-

74 5182 160 5238 ueque
184 5178 328 5238 propterea
353 5185 409 5222 non
432 5184 525 5221 vemm
550 5177 591 5222 est
616 5171 701 5238 (qaod
722 5171 864 5240 asseritur)
905 5170 1026 5238 piatione
1040 5169 1104 5223 boni
1118 5169 1279 5223 universalis
1293 5187 1347 5224 non
1361 5169 1573 5229 sautinstitatae,
1587 5174 1615 5221 et
1634 5183 1696 5220 con-

76 5252 91 5275 “
100 5248 174 5302 abire
187 5249 279 5301 stadie
289 5248 319 5300 in
331 5248 459 5309 mores;”
480 5256 561 5317 atque
571 5247 670 5310 literas,
680 5249 733 5303 nisi
745 5250 866 5304 incidant
906 5249 1028 5311 firmate,
1043 5247 1135 5302 omnia
1148 5248 1183 5302 ad
1196 5248 1373 5311 serstorum,
1394 5255 1518 5319 gerentes
1532 5262 1562 5299 se
1577 5263 1627 5315 pro
1636 5262 1697 5299 cen-

76 5323 104 5377 iu
123 5328 235 5397 ingenia
255 5327 402 5381 admodum
422 5326 576 5396 depravata,
598 5328 733 5400 corrigere
756 5344 866 5399 prorsus
905 5336 948 5382 tro
961 5328 1062 5394 mandi,
1077 5344 1109 5380 ac
1123 5328 1145 5381 si
1159 5344 1253 5382 omnes
1266 5328 1346 5382 linere
1367 5329 1396 5380 in
1416 5326 1567 5395 seruisque
1583 5324 1697 5380 fortunis

77 5414 204 5470 usturam,
218 5416 247 5459 et
259 5414 366 5460 matare
379 5406 410 5461 iu
423 5406 529 5461 melias.
904 5407 1022 5462 debeant
1036 5424 1211 5472 concurrere;
1232 5408 1266 5461 de
1285 5406 1442 5477 reipublice
1461 5404 1532 5467 nari,
1546 5403 1610 5459 licet
1628 5414 1696 5459 tem·

114 5483 296 5541 Veruntamen
309 5484 455 5557 diligenter
475 5485 544 5539 mihi
566 5492 646 5557 atque
667 5487 785 5559 ingenue
807 5503 865 5542 rem
904 5488 1058 5557 pestatibas
1069 5488 1181 5556 jactata,
1195 5487 1355 5557 neutiquam
1369 5483 1475 5550 soliciti,
1490 5485 1571 5540 modo
1584 5485 1654 5557 ipsis
1668 5486 1696 5539 in
