3800 5875
215 284 272 340 tut

273 450 322 507 tes,
337 451 364 497 et
378 446 425 498 abr
439 443 581 499 conclusus
594 444 622 498 in
634 445 860 509 reverberatorlis,
869 447 1007 511 nonnulla,

274 541 336 592 quoe
349 532 478 595 superant
497 524 587 578 calore
602 524 687 579 multa
707 542 743 580 err
766 525 885 580 flammis
899 527 968 597 ipsis
982 540 1009 582 et

272 602 377 673 ignitis.

215 678 261 740 27.
283 682 376 737 Motus
390 691 472 753 auget
485 683 620 747 caloremr
643 691 672 738 ut
685 683 776 737 videre
795 690 836 737 est
855 684 884 737 in
898 684 1008 740 follibus

275 770 302 815 et
313 761 398 824 tlatu3
420 762 488 815 adeo
501 771 530 816 ut
544 763 651 817 duriora
665 779 700 817 ex
711 762 830 817 metallis
839 779 893 817 nnn
904 764 1008 818 solvan-

275 847 319 894 tur
332 851 378 894 aut
392 840 532 912 liquefiant
544 858 594 911 per
608 843 700 913 ignem
714 851 848 898 mortuum
866 853 913 898 sut
931 845 1008 915 quie·

275 926 339 984 tum,
354 921 407 975 nisi
420 921 485 974 flatu
499 922 639 976 excitetur.
822 980 833 989 ,

216 993 263 1054 28.
285 998 346 1054 Fiat
360 1000 576 1068 experimentum
591 1017 639 1070 per
653 999 764 1071 specula
777 1001 968 1066 comburentis,
979 1004 1007 1057 in

276 1078 373 1148 quibus
396 1082 440 1145 (ut
463 1080 588 1148 memini)
612 1080 663 1133 hoc
688 1080 734 1144 tit;
769 1088 799 1135 ut
821 1082 844 1134 si
867 1082 1007 1151 speculum

274 1166 388 1227 ponatur
397 1157 532 1232 (exempli
541 1155 645 1231 grstia)
656 1158 690 1212 ad
699 1159 854 1214 distantiam
862 1161 1008 1229 spithamas

275 1236 310 1289 ab
324 1237 430 1304 objecto
447 1238 637 1302 combustibili,
652 1255 704 1291 non
724 1247 863 1308 tantopere
881 1241 1006 1294 incendat

274 1324 321 1368 aut
344 1317 447 1380 adurat,
466 1334 548 1388 quam
573 1319 596 1372 si
620 1318 739 1387 positum
761 1319 844 1372 luerit
867 1320 1007 1388 speculum

275 1392 411 1470 (exempli
431 1391 535 1471 gratia)
551 1398 585 1451 ad
607 1397 764 1451 distantiam
786 1399 1007 1468 semispithamte,

274 1482 302 1527 et
316 1475 451 1545 gradatim
466 1485 494 1530 et
507 1477 579 1531 lente
592 1476 716 1533 trahatur
729 1476 764 1530 sd
777 1477 934 1532 distantiam
950 1481 1008 1549 spi·

273 1552 382 1610 thamar.
424 1554 516 1609 Ocnus
531 1564 622 1610 tamen
639 1564 666 1609 et
679 1556 745 1609 unio
764 1557 899 1612 radiorum
912 1560 1007 1613 eadem

274 1642 344 1698 sunt,
358 1634 406 1689 sed
420 1635 478 1705 ipse
489 1644 578 1690 motus
591 1643 674 1706 auget
687 1636 872 1705 operationem
886 1638 994 1693 caloris.

215 1706 263 1768 29.
283 1712 748 1786 Existimanturincendiaillaquse
759 1715 916 1771 fitrutflante
926 1728 1008 1772 vento

273 1791 347 1858 forti,
357 1795 473 1863 majores
482 1810 642 1866 progressus
652 1795 740 1849 facere
751 1794 879 1850 adversus
889 1805 1007 1859 rentum,

274 1889 357 1942 quam
376 1874 523 1928 secundum
540 1882 668 1938 ventumr
690 1874 755 1944 quia
773 1875 876 1929 scilicet
898 1876 1008 1930 flamma

277 1951 364 2006 resilit
380 1960 456 2007 motu
476 1952 635 2022 perniciore,
650 1963 730 2007 vento
747 1954 910 2019 remittente,
925 1973 1007 2027 quam

276 2031 406 2100 procedit,
420 2040 501 2085 vento
515 2032 685 2101 impellente.

215 2110 263 2165 30.
285 2109 409 2164 Flamma
425 2127 479 2164 non
500 2112 599 2164 emicat
622 2119 670 2165 aut
689 2118 842 2181 generatur,
857 2113 908 2166 nisi
929 2113 1009 2168 detur

275 2187 378 2260 aliquid
391 2191 501 2244 concavi
523 2190 552 2243 in
567 2208 621 2261 quo
634 2191 744 2246 flamma
757 2207 865 2245 movere
879 2194 966 2261 possit
981 2204 1008 2247 et

274 2265 384 2334 ludere3
407 2279 587 2340 praeterquam
601 2271 628 2324 in
643 2270 760 2325 flammis
776 2271 896 2325 flatuosis
916 2272 1007 2342 pules

275 2347 313 2400 ris
329 2349 503 2411 tormentarii,
524 2356 551 2403 et
573 2348 714 2413 similibus,
737 2349 783 2403 ubi
800 2353 968 2419 compressio
981 2361 1009 2406 et

274 2425 452 2481 incarceratis
465 2428 582 2482 flammae
596 2436 676 2499 auget
691 2430 749 2497 ejus
764 2429 890 2484 furorem.

216 2501 263 2561 31.
285 2505 366 2560 lucus
380 2523 429 2576 per
446 2507 573 2562 malleum
589 2507 699 2562 calescit
714 2508 875 2572 admodum
897 2509 1009 2564 adeunt

274 2583 299 2639 si
322 2585 400 2640 incus
422 2586 503 2641 fuerit
527 2586 636 2642 laminae
657 2588 796 2650 tenuioris,
818 2589 1008 2643 existimemus

275 2662 351 2719 illurn
371 2682 421 2736 per
440 2666 522 2720 fortes
536 2676 564 2722 et
577 2669 717 2722 continuos
731 2667 801 2721 ictus
815 2667 906 2721 mallei
927 2686 1007 2737 posse

274 2745 424 2809 rubescere,
440 2752 470 2798 ut
493 2746 592 2801 terrum
611 2747 745 2818 ignitum;
766 2746 815 2800 sed
834 2748 867 2802 de
888 2748 939 2801 hoc
962 2750 1008 2802 fiat

274 2824 498 2894 experimentum.

216 2900 263 2958 32.
278 2901 314 2957 At
328 2904 358 2959 in
370 2904 474 2975 ignitis,
488 2923 549 2977 qum
563 2911 625 2961 sunt
638 2921 743 2976 perosa,
757 2905 796 2960 ita
813 2913 844 2961 ut
857 2906 935 2961 detur
948 2923 1008 2976 spa·

274 2983 341 3039 tium
356 2985 391 3038 ad
404 2986 585 3040 exercendum
597 2995 700 3040 motum
712 2986 796 3057 ignis,
810 2986 834 3040 si
848 2986 1008 3040 cohibeatur

273 3061 429 3131 hujusmodi
439 3073 529 3120 motus
542 3082 591 3135 per
600 3066 830 3134 compressionem
839 3065 943 3130 sortem,
953 3073 1007 3119 sta-

274 3142 325 3198 tim
334 3143 501 3215 extinguitur
510 3144 597 3215 ignis3
619 3144 894 3199 veluticamlinteum
909 3155 1007 3209 ustum,

275 3229 324 3275 aut
335 3223 412 3277 iilum
422 3223 519 3278 ardens
528 3224 648 3278 candelm
657 3233 703 3278 aut
717 3223 859 3294 lampadis,
868 3233 914 3279 aut
923 3225 1006 3278 etiam

275 3301 357 3354 carbo
370 3309 416 3357 aut
429 3320 516 3373 pruna
526 3304 631 3367 ardens,
643 3304 828 3372 comprimitur
842 3321 891 3374 per
905 3321 1008 3374 presso

274 3379 352 3446 num,
366 3388 413 3436 aut
433 3382 510 3451 pedis
523 3382 760 3447 conculcationem,
775 3391 824 3438 aut
842 3383 1007 3452 huiusmodi,

275 3460 368 3514 statim
381 3470 489 3515 cessant
500 3463 672 3533 operationes
685 3462 767 3533 ignis.

216 3535 262 3595 33.
285 3538 494 3609 approximatio
505 3542 539 3594 sd
548 3559 646 3613 corpus
656 3542 776 3595 calidum
785 3549 867 3613 anget
880 3542 1006 3605 calorem,

273 3634 324 3689 pro
345 3619 431 3688 gradu
451 3622 709 3691 approximationis;
731 3621 803 3692 quod
826 3622 908 3675 etiam
929 3622 961 3675 tit
979 3624 1007 3676 in

274 3696 393 3753 lumine:
422 3717 486 3753 nam
504 3718 559 3770 quo
572 3701 684 3771 propius
704 3700 852 3754 collocatur
871 3700 1007 3768 objectum

275 3778 311 3831 sd
323 3776 423 3843 lumen,
437 3796 470 3832 eo
481 3780 569 3850 magis
582 3788 624 3833 est
636 3778 751 3834 visibile.

216 3852 264 3911 ³4.
286 3855 360 3911 Unio
373 3857 681 3930 calorumdiversorum
702 3867 783 3929 auget
807 3859 932 3922 calorem,
954 3860 1007 3914 nisi

276 3934 348 3988 iacta
361 3938 396 3990 sit
404 3938 556 3992 commistio
569 3955 719 4008 corporum.
760 3939 834 3993 Nam
849 3938 923 3992 iocus
933 3956 1008 4010 mag-

275 4030 326 4068 nus
341 4023 368 4069 et
380 4015 457 4071 iocus
475 4018 615 4088 parnasia
629 4018 724 4072 eodem
743 4018 810 4081 loco,
825 4017 950 4072 nonnihil
970 4020 1008 4071 in·

276 4094 363 4149 vicem
376 4105 477 4167 augent
496 4096 614 4151 calorem
626 4120 632 4159 ς
654 4106 682 4151 at
695 4113 767 4168 aqna
781 4096 872 4166 tepida
886 4098 1008 4152 immissa

275 4172 415 4244 inaquam
431 4176 579 4230 ferventem
594 4177 743 4247 refrigerat.

219 4247 265 4304 3⁵.
287 4250 367 4306 Mors
390 4256 510 4324 corporis
531 4256 611 4310 calidi
634 4263 715 4327 auget
730 4254 856 4309 calorem.
897 4255 1008 4310 Etenim

276 4328 350 4385 calor
369 4342 501 4403 perpetuo
518 4336 652 4390 transiens
665 4343 692 4389 et
706 4351 835 4389 emanans
849 4336 1008 4389 commisce·

276 4417 320 4464 tur
329 4412 486 4467 cumcalore
494 4414 798 4483 prmiuexistente,adeo
807 4422 838 4467 ut
848 4414 1009 4482 multiplicet

276 4488 402 4545 calorem.
443 4493 516 4547 Nam
531 4495 607 4549 iocus
625 4511 681 4547 non
699 4511 776 4563 aeque
792 4491 917 4546 calefacit
937 4493 1009 4548 cubi·

276 4567 367 4623 culum
388 4586 437 4640 per
459 4589 563 4627 moram
577 4573 740 4636 semihora,
754 4589 786 4625 ac
800 4572 825 4624 si
843 4572 917 4626 idem
933 4573 1009 4627 focus

277 4647 355 4703 duret
375 4666 424 4720 per
445 4650 542 4706 horam
560 4653 702 4723 integram.
744 4652 780 4705 At
794 4650 846 4704 hoc
867 4667 922 4705 non
945 4651 1010 4707 lacit

276 4726 383 4793 lumen3
410 4730 511 4785 etenim
531 4730 636 4802 lampas
658 4739 704 4785 aut
724 4729 845 4794 candela,
867 4732 896 4784 in
917 4730 1010 4801 aliquo

276 4806 336 4861 loco
349 4808 444 4878 posita,
458 4826 512 4864 non
525 4813 614 4882 magis
625 4811 761 4866 illuminat
773 4827 823 4880 per
836 4827 939 4864 moram
954 4811 1010 4865 diu-

277 4894 393 4953 tomam,
410 4906 491 4960 quam
504 4891 595 4944 statim
610 4891 645 4943 ab
659 4891 745 4944 initio.

218 4961 266 5021 36.
288 4964 409 5020 irritatio
423 4986 471 5038 per
488 4969 616 5039 frigidum
631 4969 762 5033 ambiens,
777 4976 859 5040 auget
877 4967 1009 5033 caloremr

276 5046 351 5099 utin
365 5047 530 5102 focisvidere
545 5055 586 5102 est
596 5065 645 5119 per
659 5048 722 5118 gelu
735 5065 808 5102 acre.
830 5047 908 5108 Quod
917 5048 1011 5103 existi·

276 5141 383 5180 mamus
394 5126 451 5181 fieri
464 5144 519 5181 non
527 5133 632 5182 tantum
644 5144 695 5197 per
704 5127 904 5181 conclusionem
915 5135 943 5181 et
949 5145 1011 5182 con·

277 5205 437 5260 tractionem
451 5205 556 5268 caloris,
571 5225 632 5277 quas
646 5213 688 5260 est
699 5206 805 5275 species
817 5205 942 5271 unionis;
964 5208 1011 5262 sed

277 5286 582 5355 perexssperationem;
603 5284 872 5340 velutieumstraur
884 5285 1011 5342 baculum

278 5361 409 5420 violenter
418 5363 606 5434 comprimitur
619 5373 665 5419 aut
679 5364 802 5429 flectitur,
816 5380 871 5418 nou
885 5366 919 5419 ad
929 5383 1012 5436 pune·

279 5448 335 5495 tum
343 5440 395 5497 loci
409 5444 508 5514 prioris
518 5443 611 5511 resilit,
622 5442 791 5500 sedulterius
803 5443 832 5501 in
840 5444 1011 5500 contrarium

840 287 980 345 Novum
1002 288 1204 345 ORGANUM.

1830 94 1845 133 t

1716 283 1781 339 Ina.
1795 284 1834 339 11.

1109 449 1203 518 ltaque
1221 448 1268 501 tiat
1282 446 1400 518 diligens
1413 442 1637 513 experimentum,
1652 458 1702 512 per
1715 441 1839 497 maulam

1107 527 1150 581 rel
1163 527 1253 581 simile
1268 527 1371 597 aliquid
1383 524 1536 587 immissum
1548 523 1577 575 in
1592 522 1739 585 dammam,
1751 529 1839 576 utrum

1106 608 1141 661 ad
1154 605 1239 660 latera
1253 606 1369 660 flammea
1382 621 1436 658 non
1447 610 1541 657 uratur
1550 601 1637 664 mtius,
1646 618 1729 672 quam
1739 602 1769 654 in
1780 618 1839 654 me·

1057 748 1061 755 ,
1105 687 1151 741 dio
1164 686 1290 741 flammas.

1047 762 1095 823 37.
1119 764 1225 818 Gradus
1238 774 1328 819 autem
1347 763 1375 816 in
1390 762 1561 831 susceptione
1575 758 1674 813 caloris
1693 766 1757 813 suat
1768 775 1839 812 com·

1106 846 1205 914 plnres.
1247 846 1336 914 Atque
1359 842 1447 912 primo
1473 840 1595 893 omniurn
1620 839 1769 891 notandum
1792 847 1838 902 est,

1107 942 1188 996 quam
1206 940 1305 994 parma
1319 930 1346 975 et
1366 920 1447 975 exilis
1462 919 1543 982 calor,
1564 919 1647 972 etiam
1666 933 1702 969 ea
1718 933 1838 987 corpora,

1107 1020 1167 1075 qum
1190 1003 1288 1056 caloris
1310 1002 1423 1056 minime
1445 1000 1566 1052 omnium
1590 1006 1656 1050 sunt
1678 996 1838 1068 susceptiva,

1106 1084 1232 1137 immutet
1253 1090 1344 1135 tamen
1368 1087 1397 1134 et
1417 1076 1543 1132 nonnihil
1566 1075 1720 1130 calefaciat.
1767 1077 1838 1130 Nam

1105 1164 1165 1233 ipse
1179 1162 1253 1216 calor
1266 1177 1362 1214 manus
1382 1158 1522 1230 globulum
1540 1156 1645 1226 plumbi
1661 1164 1710 1208 aut
1727 1154 1838 1223 alicujus

1106 1241 1208 1296 metalli
1231 1240 1370 1310 paulisper
1391 1240 1531 1291 detentum
1554 1235 1683 1289 nonnihil
1708 1235 1836 1289 ealefacit.

1106 1321 1182 1374 Adeo
1196 1320 1283 1379 facile,
1298 1329 1325 1373 et
1338 1321 1366 1372 in
1380 1317 1505 1371 omnibus
1519 1316 1714 1368 transmittitur
1726 1324 1754 1369 et
1768 1316 1837 1368 exei-

1106 1410 1176 1455 tatnr
1190 1399 1271 1463 calor,
1286 1414 1399 1468 corpore
1416 1395 1585 1450 nullomodo
1599 1394 1635 1448 ad
1652 1396 1837 1463 apparentiam

1106 1481 1257 1534 immutato.

1047 1558 1094 1614 38.
1117 1558 1258 1613 Facillime
1272 1557 1393 1611 omnium
1402 1570 1545 1623 corporum
1558 1550 1632 1622 apud
1642 1568 1693 1606 nos
1702 1559 1730 1606 et
1740 1552 1837 1622 exeipit

1105 1646 1132 1693 et
1147 1639 1260 1693 remittit
1268 1636 1385 1690 calorm
1400 1633 1461 1688 aer:
1483 1633 1555 1704 quod
1564 1631 1669 1702 optime
1684 1632 1836 1686 cernituria

1104 1718 1181 1772 sitris
1199 1715 1393 1770 calendaribus
1434 1713 1539 1766 Eorum
1555 1711 1693 1766 confectio
1706 1720 1749 1765 est
1763 1710 1835 1773 talis3

1105 1797 1262 1868 decipiatur
1274 1796 1374 1849 vitrum
1388 1800 1482 1847 venue
1496 1807 1623 1854 concavo,
1638 1790 1711 1845 collo
1723 1792 1799 1844 tenui
1812 1798 1837 1843 et

1104 1876 1239 1947 oblongo;
1268 1875 1439 1944 resupinetnr
1460 1880 1487 1925 et
1509 1871 1667 1924 demittatur
1687 1870 1836 1938 hujusmodi

1104 1958 1212 2019 vitrum,
1226 1972 1272 2009 ore
1286 1955 1411 2007 deorsum
1421 1967 1507 2014 verso,
1518 1957 1612 2004 ventre
1626 1965 1743 2014 sursum,
1752 1950 1781 2002 in
1794 1948 1836 2001 eli

1105 2036 1141 2089 ud
1154 2035 1292 2089 vasculum
1300 2034 1416 2087 vitreum
1430 2031 1477 2084 nbi
1492 2030 1614 2101 sitaque,
1629 2029 1770 2099 tangendo
1783 2028 1836 2082 iuu-

1105 2116 1168 2169 dum
1182 2113 1283 2168 vasculi
1297 2112 1372 2166 illius
1391 2110 1560 2180 recipientis,
1575 2117 1704 2163 extremo
1720 2125 1767 2161 ore
1779 2108 1836 2161 ritri

1105 2194 1234 2255 immissi;
1251 2191 1426 2246 etincumbat
1432 2187 1575 2260 paululum
1582 2188 1646 2242 vitri
1659 2187 1777 2241 immissi
1785 2186 1837 2240 ool·

1104 2272 1161 2327 lum
1181 2272 1216 2326 ad
1232 2288 1263 2326 os
1277 2271 1340 2324 vitri
1362 2269 1527 2338 recipientis,
1541 2268 1580 2320 ita
1594 2275 1625 2321 ut
1650 2275 1723 2321 stare
1739 2267 1837 2337 passim

1105 2353 1176 2423 quod
1196 2359 1226 2406 nt
1239 2350 1407 2404 commodius
1421 2350 1476 2410 fist,
1491 2353 1645 2416 apponatur
1663 2363 1760 2416 parurn
1774 2363 1838 2398 cere

1105 2430 1139 2485 ad
1153 2448 1184 2486 os
1197 2431 1259 2485 vitri
1277 2428 1440 2498 recipientis,
1454 2427 1494 2481 ita
1506 2436 1599 2480 tamen
1614 2433 1714 2479 utnon
1736 2426 1839 2494 penitus

1105 2512 1243 2565 obturetur
1251 2526 1282 2562 os
1293 2509 1360 2577 ejus,
1369 2524 1404 2560 ne
1416 2508 1452 2560 ob
1460 2506 1598 2559 detectum
1612 2503 1687 2559 aeris
1702 2504 1839 2558 sueceden-

1105 2590 1140 2642 tis
1160 2590 1322 2660 impediatur
1342 2596 1439 2650 motus,
1452 2585 1486 2638 tle
1506 2602 1561 2655 quo
1579 2584 1639 2652 jam
1663 2584 1778 2649 dicetur,
1797 2584 1839 2654 qni

1105 2678 1147 2723 est
1159 2669 1305 2723 admodum
1318 2666 1407 2720 facilis
1421 2673 1449 2719 et
1461 2663 1605 2719 delicatus.

1145 2747 1261 2819 Oportet
1273 2754 1367 2800 autem
1377 2754 1407 2800 ut
1414 2747 1513 2799 vitrum
1527 2743 1686 2806 demissum,
1699 2750 1837 2813 antequam

1105 2828 1239 2882 inseratur
1259 2829 1287 2880 in
1308 2825 1432 2889 alterum,
1446 2823 1554 2878 calefiat
1573 2822 1610 2875 ad
1626 2822 1723 2893 ignem
1738 2839 1755 2876 a
1769 2831 1837 2893 parte

1105 2907 1246 2978 superiori,
1258 2915 1351 2961 venue
1366 2904 1478 2960 scilicet.
1518 2902 1669 2974 Postquam
1685 2910 1776 2957 autem
1790 2902 1838 2955 tue·

1105 2988 1139 3042 rit
1154 2988 1253 3042 vitrum
1269 2986 1337 3041 illud
1352 2984 1521 3048 collocatum,
1536 2992 1567 3037 nt
1585 2982 1717 3046 diximus,
1733 2983 1838 3051 recipiet

1105 3076 1133 3120 et
1145 3066 1286 3121 contrahet
1300 3082 1329 3120 se
1344 3068 1392 3118 a‘e‘r
1406 3063 1469 3138 (qni
1490 3063 1617 3116 dilatatus
1636 3071 1697 3115 erat
1711 3079 1761 3132 per
1774 3060 1837 3116 cale-

1106 3142 1267 3219 factionem)
1282 3155 1344 3216 post
1358 3161 1462 3198 moram
1478 3143 1661 3198 sufficientem
1677 3159 1729 3214 pro
1742 3144 1839 3198 nune·

1105 3225 1259 3280 tioneillius
1269 3225 1381 3280 ascititii
1396 3223 1503 3288 caloris,
1514 3222 1548 3276 ad
1558 3222 1642 3277 mem
1656 3224 1839 3277 extensionem

1105 3305 1161 3359 sive
1176 3306 1379 3368 dimensionem,
1388 3304 1478 3375 qualis
1488 3304 1539 3358 erit
1552 3304 1626 3356 aeris
1641 3303 1790 3357 ambientis
1799 3308 1840 3354 aut

1105 3386 1256 3440 communis
1270 3395 1334 3438 tunc
1357 3383 1496 3454 temporis,
1511 3380 1621 3453 quaudo
1639 3382 1795 3436 immittitur
1806 3383 1840 3433 ri·

1105 3471 1195 3528 trnm;
1217 3472 1297 3536 atque
1320 3460 1439 3518 attrahet
1460 3478 1558 3534 aquam
1576 3462 1607 3514 in
1621 3478 1732 3515 sursum
1747 3461 1783 3514 ad
1797 3460 1840 3513 hu-

1102 3544 1394 3611 jusmodimensnram.
1419 3542 1508 3596 Debet
1517 3548 1610 3594 antem
1621 3540 1742 3610 appendi
1752 3541 1840 3594 charta

1107 3633 1266 3694 angustast
1284 3623 1412 3692 oblonga,
1427 3629 1455 3675 et
1476 3619 1606 3692 gradibus
1621 3623 1704 3690 (quot
1722 3619 1839 3684 libuerit)

1105 3703 1285 3758 interstincta.
1335 3701 1449 3755 Videbis
1468 3708 1569 3761 sutem,
1593 3708 1676 3770 prout
1700 3708 1841 3770 tempestas

1105 3781 1159 3836 diei
1173 3782 1314 3836 incalescit
1327 3792 1375 3835 aut
1389 3780 1518 3851 frigescit,
1533 3783 1626 3832 aerem
1641 3795 1672 3832 ae
1685 3779 1840 3832 contrahere

1106 3861 1133 3914 in
1154 3862 1294 3931 angustius
1317 3876 1367 3930 per
1388 3859 1525 3930 frigidum,
1543 3867 1571 3910 et
1593 3858 1744 3912 extendere
1765 3876 1793 3911 se
1816 3857 1840 3907 in

1105 3940 1186 3996 latius
1206 3957 1255 4011 per
1278 3940 1418 4003 calidum3
1446 3939 1474 3992 id
1495 3937 1568 4009 quod
1591 3938 1777 4007 conspicietur
1798 3952 1842 4006 per

1106 4037 1204 4090 aquam
1221 4018 1411 4074 ascendentem
1434 4017 1541 4089 quando
1562 4016 1736 4071 contrahitur
1749 4017 1803 4078 siis,
1817 4025 1841 4067 et

1105 4100 1313 4154 descendentem
1335 4099 1392 4153 sive
1406 4097 1562 4167 depressam
1586 4097 1698 4166 quaudo
1718 4096 1841 4150 dilatatur

1106 4177 1162 4235 aer.
1204 4179 1306 4233 Sensus
1322 4186 1412 4232 autem
1433 4176 1512 4239 aeris,
1527 4184 1664 4247 quatenus
1679 4175 1714 4229 ad
1728 4177 1840 4230 calidum

1105 4265 1134 4310 et
1147 4258 1283 4328 frigidum,
1298 4265 1355 4311 tam
1368 4256 1475 4311 subtilis
1490 4264 1531 4310 est
1545 4263 1574 4308 et
1587 4256 1752 4326 exquisitus,
1763 4265 1793 4309 nt
1807 4255 1840 4306 ta-

1106 4337 1235 4391 cultatem
1255 4344 1344 4390 tactus
1364 4335 1477 4390 humani
1497 4334 1613 4389 multum
1630 4343 1756 4403 superet;
1779 4335 1841 4388 adeo

1106 4423 1136 4470 ut
1149 4416 1215 4470 solis
1229 4415 1321 4469 radius
1335 4414 1441 4486 aliquis,
1452 4422 1500 4468 aut
1514 4413 1588 4467 calor
1596 4412 1745 4474 anhelitus,
1762 4413 1842 4468 multo

1105 4495 1194 4566 magis
1207 4494 1281 4549 calor
1293 4511 1399 4558 manus,
1413 4510 1495 4564 super
1508 4493 1571 4547 vitri
1592 4494 1781 4547 summitatem
1800 4509 1841 4562 po

1105 4574 1181 4638 murs,
1196 4574 1289 4628 statim
1306 4574 1440 4644 deprimat
1461 4588 1560 4644 squam
1574 4573 1730 4626 manifesto
1773 4573 1843 4625 Atta

1105 4669 1169 4708 men
1183 4654 1378 4716 existimamus,
1388 4653 1515 4723 spiritum
1522 4650 1682 4705 animalium
1697 4652 1788 4721 magis
1801 4650 1841 4703 ad-

1105 4732 1160 4787 huc
1174 4733 1341 4803 exquisitum
1356 4748 1466 4786 sensum
1483 4731 1586 4785 habere
1605 4730 1686 4785 calidi
1702 4741 1731 4785 et
1745 4730 1840 4800 frigidi,

1105 4810 1839 4883 nisiquodamoleeorporeaimpediaturethebetetur.

1048 4889 1095 4947 39.
1116 4890 1183 4945 Post
1201 4890 1294 4946 aerem
1314 4891 1503 4945 existimamus
1517 4906 1631 4960 corpora
1649 4906 1711 4943 esee
1725 4891 1841 4944 maxime

1108 4970 1240 5025 sensitiva
1259 4969 1356 5023 caloris
1369 4987 1410 5034 ea,
1426 4988 1488 5041 quas
1505 4985 1523 5022 a
1536 4970 1638 5039 irigore
1657 4979 1783 5023 recenter
1795 4970 1841 5021 irn-

1108 5057 1211 5104 mutata
1232 5049 1287 5103 sint
1310 5057 1338 5103 et
1358 5065 1521 5118 compressa,
1542 5046 1636 5119 qualia
1657 5057 1721 5102 sunt
1742 5049 1798 5110 nix,
1810 5055 1841 5098 -et

1109 5129 1228 5199 glacies3
1249 5145 1283 5182 ea
1296 5128 1370 5182 enim
1383 5127 1441 5182 leni
1458 5128 1550 5197 aliquo
1571 5134 1666 5197 tepore
1688 5128 1758 5182 solvi
1780 5126 1841 5180 inei·

1108 5208 1186 5277 piunt
1200 5215 1227 5260 et
1240 5206 1390 5279 colliqusri.
1432 5205 1565 5261 Postilla
1586 5207 1711 5276 sequitur
1732 5207 1839 5260 snm

1108 5297 1250 5358 argentum
1266 5286 1365 5340 sivum.
1406 5287 1473 5340 Post
1486 5285 1554 5339 illud
1568 5295 1721 5356 sequuntur
1732 5299 1840 5355 corpote

1109 5366 1229 5436 pinguia,
1237 5374 1267 5419 ut
1276 5366 1374 5431 oleum,
1382 5366 1517 5433 butyrum,
1524 5372 1550 5418 et
1558 5365 1671 5427 similia3
1686 5364 1783 5420 deinde
1794 5363 1839 5430 iig-

1108 5462 1188 5510 numr
1203 5445 1300 5501 deinde
1315 5461 1393 5515 aqua.
1425 5445 1567 5500 Postremo
1574 5443 1680 5516 lapides
1689 5453 1716 5499 et
1724 5442 1837 5502 mersus
