3800 5875
628 297 679 353 Da
700 296 889 354 SEOTIONE
910 297 1135 357 CORPORUM.
1644 309 1703 364 623

61 470 167 534 ponant
181 462 267 534 (quod
285 460 370 521 veluti
389 459 518 531 periodus
536 458 661 531 quaedam
680 465 729 522 est,
748 466 778 512 et
794 459 863 529 justi
901 459 957 514 dici
981 460 1069 530 possit
1090 459 1154 515 huic
1174 461 1280 533 corpori
1303 461 1366 534 plus
1386 465 1507 520 materia
1529 468 1632 533 adesse,
1658 470 1702 525 illi

59 544 146 615 spatii
159 543 306 611 conlectio)
321 544 349 597 id
363 549 467 596 motum
480 539 666 611 generationis
685 546 713 595 et
732 540 863 609 corrupti-
901 547 992 595 autem
1017 540 1097 609 (licet
1117 541 1232 596 eandem
1256 559 1412 598 mensuram
1437 545 1579 616 expleant)
1602 550 1700 605 miuus.

59 624 121 678 onis
135 623 287 687 nominarir
308 624 352 677 sin
365 630 464 683 autern,
476 626 604 675 manente
618 620 714 685 torma,
729 618 863 689 quantita·
902 619 1030 691 Exempli
1041 621 1136 691 grstia
1148 620 1260 691 plumbo
1269 623 1340 693 plus,
1352 640 1429 695 aquus
1439 627 1536 691 miuus,
1547 628 1604 682 aeri
1616 630 1702 684 multo

59 712 116 759 tem
132 703 320 758 tantummodo
334 710 362 757 et
374 701 574 756 dimensionem
592 716 691 754 novam
710 699 863 769 adipiscsn·
900 699 1008 763 minusr
1029 717 1118 773 aeque
1128 701 1182 756 hoc
1193 701 1282 756 solum
1292 703 1431 758 indefinite
1442 714 1470 759 et
1480 708 1586 760 ratione
1597 708 1701 764 incerta

58 791 110 849 tur,
125 783 156 838 id
168 792 271 839 motum
285 781 516 854 augmentationis
533 788 563 835 et
579 778 770 835 diminutionis
787 779 860 845 dici3
900 788 927 834 et
948 781 1037 845 surda,
1061 780 1110 835 sed
1131 781 1258 850 praeires
1290 783 1359 838 adeo
1383 792 1412 838 nt
1432 785 1551 841 calculos
1573 786 1633 843 haec
1656 807 1702 844 res

57 864 106 929 sic,
129 872 259 919 manente
278 865 362 918 etiam
380 861 453 916 mole
473 868 502 915 et
520 860 653 926 claustris,
672 860 729 915 sire
749 860 862 915 circum·
900 860 958 930 pati
982 861 1078 930 possit,
1099 860 1184 915 veluti
1206 861 1268 932 plus
1289 862 1380 933 duplo,
1402 864 1491 935 triplo,
1515 876 1542 920 et
1563 867 1698 924 similiter.

57 944 215 1016 scriptione,
228 953 320 999 tamen
335 943 473 1014 qualitate,
484 940 638 995 actionibus
649 948 678 995 et
687 939 861 1011 passionibus
900 938 996 1011 Itaque
1011 940 1034 994 si
1049 941 1206 1013 quisdicat,
1221 941 1311 996 aerem
1326 961 1361 998 ex
1379 960 1451 1014 aqua
1468 947 1527 1000 tisri
1549 964 1638 1017 posse,
1652 957 1700 1004 aut

56 1033 205 1087 mutentur,
218 1024 248 1079 id
261 1032 365 1086 motum
379 1022 548 1077 alterationis
562 1019 696 1091 appellari
708 1041 715 1083 r
736 1019 787 1084 siu,
801 1036 860 1074 ma·
898 1036 991 1073 rursus
1001 1036 1101 1091 aquarn
1112 1037 1149 1075 ex
1159 1021 1230 1086 sere,
1238 1022 1363 1088 audiam3
1384 1024 1408 1078 si
1419 1040 1484 1079 vero
1495 1026 1568 1081 dicat
1578 1027 1699 1083 similem

57 1111 141 1159 neate
154 1105 249 1177 utique
263 1113 290 1159 et
304 1104 398 1168 torma,
413 1110 442 1157 et
457 1101 537 1166 mole,
552 1108 579 1156 et
593 1100 754 1170 quantitate,
769 1098 859 1154 locum
898 1115 1053 1154 mensuram
1075 1117 1154 1172 aqum
1176 1102 1204 1156 in
1223 1102 1342 1157 similem
1361 1120 1517 1160 mensuram
1535 1107 1608 1160 alitis
1626 1109 1695 1162 serti

56 1193 85 1239 et
97 1184 139 1239 nil
154 1184 351 1248 aliudmutent,
362 1183 391 1238 id
404 1199 455 1253 per
467 1189 568 1237 motum
579 1180 690 1235 lationis
700 1177 858 1250 significari.
897 1193 987 1249 posse,
1001 1197 1057 1234 nou
1075 1181 1200 1247 audiam
1221 1182 1295 1236 idem
1313 1182 1388 1238 enim
1405 1194 1454 1249 est,
1474 1201 1507 1239 ac
1528 1187 1551 1240 σί
1574 1187 1697 1253 dixisset,

56 1264 161 1319 Verum
178 1264 239 1320 haec
253 1262 505 1319 omnisacutiuset
521 1260 680 1331 diligentius
694 1260 858 1329 inspicienti,
897 1259 1009 1330 aliquod
1028 1277 1107 1330 posse
1125 1260 1213 1332 redigi
1231 1261 1261 1316 in
1279 1261 1405 1318 nihilum.
1446 1264 1577 1320 Similiter
1596 1284 1612 1320 e
1631 1285 1695 1321 con·

54 1361 187 1399 mensura
200 1353 291 1401 motus
304 1351 375 1408 sunt,
389 1351 418 1399 et
430 1341 545 1413 periodi,
560 1342 617 1395 σίνε
635 1338 769 1396 curricula
783 1357 857 1411 quae-
897 1356 983 1404 verso,
998 1340 1021 1394 σί
1036 1341 1109 1395 dicat
1122 1341 1214 1395 datam
1228 1358 1383 1398 mensuram
1396 1342 1468 1399 s'e'ris
1483 1345 1617 1417 (exempli
1632 1364 1695 1416 gra·

54 1424 119 1480 dam
133 1434 258 1480 motuum
277 1433 305 1481 et
318 1424 401 1479 veluti
420 1438 513 1492 pensa,
527 1439 583 1476 non
596 1437 670 1475 verre
688 1420 857 1483 differentiae,
897 1420 935 1473 tiu
948 1420 1068 1475 vesicam
1081 1421 1200 1475 contenti
1214 1422 1281 1476 certi
1295 1424 1367 1478 aeris
1386 1424 1508 1494 plenam)
1528 1427 1557 1479 in
1577 1427 1696 1482 similem

53 1522 117 1559 eum
131 1505 308 1576 quidiactum
318 1505 353 1559 sit
366 1504 528 1574 designeut;
550 1510 579 1556 at
589 1501 722 1556 rationem
731 1500 796 1554 iacti
810 1500 858 1554 vix
896 1515 1051 1554 mensuram
1070 1517 1149 1571 aqua
1166 1501 1235 1556 verti
1254 1518 1342 1572 posse,
1360 1504 1432 1558 idem
1452 1512 1493 1559 est
1512 1521 1544 1558 sc
1565 1506 1589 1559 si
1612 1506 1694 1571 dicat,

53 1583 180 1640 innuant.
224 1586 319 1658 ltaque
330 1582 487 1652 hujusmodi
496 1581 630 1637 vocabula
640 1580 754 1635 docendi
766 1579 857 1650 gratis
895 1578 1000 1651 aliquid
1012 1580 1071 1635 fieri
1085 1597 1166 1651 posse
1180 1597 1216 1636 ex
1230 1582 1326 1638 nihilo.
1367 1583 1411 1639 Ex
1425 1583 1469 1639 his
1482 1585 1575 1656 itaque
1588 1587 1694 1656 positis,

53 1673 117 1719 sunt
136 1666 300 1731 necessaria,
321 1671 349 1719 et
366 1662 515 1718 dialecticis
534 1660 686 1716 rationibus
705 1676 857 1715 accommo·
895 1659 948 1712 tria
968 1668 1105 1732 precepta
1125 1660 1182 1715 σίνε
1202 1662 1318 1718 cunulis
1338 1663 1373 1717 ad
1393 1680 1471 1719 usum
1493 1664 1616 1720 derivare
1634 1666 1694 1735 jam

52 1744 126 1809 data,
140 1745 277 1800 naturalis
290 1752 381 1799 autem
391 1742 513 1798 scientiae
523 1740 710 1814 egentissima.
752 1738 857 1795 Omnes
895 1739 985 1794 visum
999 1746 1049 1806 est,
1064 1749 1095 1794 ut
1106 1740 1234 1796 homines
1253 1742 1375 1813 peritius,
1390 1752 1419 1798 et
1437 1752 1548 1815 propter
1566 1746 1694 1816 peritiam

52 1825 128 1879 enim
143 1825 190 1878 isti
211 1833 300 1880 motus
320 1822 464 1894 compositi
485 1827 599 1887 suntet
618 1819 807 1890 decompositi,
829 1829 857 1875 et
895 1818 1009 1885 felicius,
1032 1837 1095 1876 cum
1115 1829 1212 1876 natura
1232 1823 1414 1894 negotientur.
1457 1823 1579 1879 Primum
1599 1825 1694 1895 hujus·

51 1904 245 1974 multipliciter
253 1904 411 1975 compositi,
432 1919 494 1958 cum
508 1902 597 1973 perite
611 1900 856 1970 contemplantibus
893 1899 968 1953 modi
982 1908 1030 1966 est,
1043 1908 1074 1955 ut
1087 1900 1212 1956 homines
1225 1901 1381 1974 frequenter
1394 1911 1518 1958 naturam
1532 1905 1566 1959 de
1580 1906 1692 1961 rationi-

51 1984 88 2038 ad
111 1984 284 2056 simpliciora
306 1984 502 2055 penetrandum
526 1983 570 2037 sit.
611 1981 686 2035 Nam
711 1981 854 2052 principia,
893 1977 945 2034 bus
960 1981 1017 2034 suis
1031 1980 1174 2036 reddendis
1184 1981 1371 2053 interpellent;
1392 1983 1445 2037 hoc
1461 1991 1509 2048 est,
1522 2001 1583 2038 cum
1594 2002 1693 2056 corpus

52 2064 151 2127 ioum,
171 2080 270 2129 cause,
285 2072 313 2118 et
333 2063 427 2118 formes
444 2070 575 2127 motuum,
594 2058 624 2115 ld
642 2067 684 2116 est
702 2060 855 2132 omnigene
893 2058 1013 2129 aliquod,
1023 2061 1096 2133 qnod
1104 2062 1181 2131 prius
1191 2062 1283 2117 sensui
1292 2063 1467 2119 manifestum
1475 2058 1544 2130 erst',
1552 2065 1693 2136 ansergisse

51 2145 175 2199 materias
189 2144 327 2214 appetitus
346 2150 373 2198 et
390 2142 540 2213 passiones,
555 2139 739 2212 philosophias
757 2140 855 2195 deben-
893 2146 921 2193 et
934 2140 1100 2210 disparuisse
1115 2141 1232 2207 videant,
1251 2150 1282 2197 ut
1299 2159 1353 2196 uon
1372 2145 1449 2214 prius
1463 2145 1581 2199 rationes
1595 2145 1693 2199 admit·

51 2232 114 2279 tur:
136 2241 169 2278 ac
184 2224 314 2294 deinceps
332 2232 454 2277 motuum
473 2222 668 2292 impressiones
685 2220 743 2275 sive
756 2221 855 2293 impul·
892 2226 959 2284 taut,
981 2228 1028 2276 aut
1048 2219 1190 2293 liquident,
1210 2238 1293 2295 quarn
1312 2223 1523 2279 demonstratum
1542 2226 1582 2279 eis
1603 2225 1691 2287 fuerit,

51 2304 161 2367 sionem
184 2303 523 2367 iraenaetreluctationes;
544 2302 597 2356 viae
606 2309 633 2355 et
640 2301 852 2367 obstructiones3
892 2316 947 2371 quo
960 2301 1071 2356 tandem
1088 2318 1186 2372 corpus
1204 2301 1273 2356 illud
1291 2303 1456 2374 migraverit,
1471 2311 1499 2358 et
1518 2304 1552 2357 ad
1571 2322 1632 2375 qum
1651 2321 1692 2359 re-

51 2383 247 2438 alternationes
261 2391 289 2438 et
302 2382 439 2447 misturae
460 2381 590 2436 circuitus
607 2389 765 2444 etcetenae3
780 2381 854 2436 deni·
891 2386 1002 2449 ceptum
1016 2381 1061 2435 sit.
1104 2381 1173 2447 Hoc,
1188 2388 1218 2436 ut
1231 2398 1302 2436 nunc
1316 2392 1442 2448 suntres,
1455 2383 1691 2455 negligentissime

51 2480 104 2533 qne
117 2464 262 2518 universus
277 2470 398 2517 motuum
412 2479 562 2533 processus.
603 2460 702 2533 Neque
713 2462 788 2515 enim
801 2462 853 2516 dis-
891 2460 928 2523 fit,
944 2467 972 2513 et
984 2460 1179 2531 contemplatio
1193 2462 1352 2534 plerumque
1366 2480 1428 2517 cum
1445 2471 1559 2533 aspectu
1572 2463 1690 2529 desinit3

49 2544 208 2613 putatioues
230 2543 369 2607 animosae,
392 2548 440 2597 aut
460 2558 600 2597 sermones
621 2540 785 2610 probabiles,
806 2550 852 2597 aut
891 2538 960 2593 adeo
973 2547 1002 2594 ut
1012 2540 1137 2605 flamma,
1148 2541 1188 2595 rei
1196 2540 1401 2612 vulgatissima),
1413 2551 1550 2612 receptum
1564 2542 1692 2599 homines

49 2622 296 2693 contemplationes
310 2639 396 2693 vagae,
411 2630 458 2676 aut
471 2622 590 2693 denique
605 2619 705 2691 placita
719 2621 851 2691 speciosa,
890 2635 945 2673 non
959 2619 1056 2684 norint,
1071 2621 1290 2691 quandoquidem
1307 2623 1411 2676 eumin
1432 2639 1530 2692 corpus
1547 2623 1621 2678 ae'ris
1634 2642 1692 2679 mu·

48 2701 165 2756 multum
183 2703 289 2770 iuvant.
330 2701 385 2756 Sed
397 2701 426 2756 id
440 2702 577 2774 agendum
591 2710 629 2765 ut,
643 2701 731 2755 modis
745 2700 851 2767 debitis,
891 2699 943 2754 tari
958 2699 1134 2754 salsissimum
1149 2699 1194 2755 sit.
1235 2700 1390 2755 Secundum
1403 2701 1569 2771 hujusmodi,
1585 2709 1691 2758 utcum

49 2790 77 2836 et
90 2782 248 2837 ministerio
262 2789 368 2838 naturas
386 2781 566 2844 convenienti,
586 2791 687 2836 motum
707 2798 851 2851 quemcun-
890 2778 1018 2833 homines
1043 2779 1216 2835 considerent
1239 2781 1428 2835 necessitatem
1451 2790 1555 2837 naturae
1579 2800 1691 2853 prorsus

50 2864 148 2933 quein
161 2862 279 2917 materia
293 2861 464 2932 susceptibili
478 2862 607 2926 excitare,
619 2861 754 2926 cohibere,
767 2862 852 2916 inten·
890 2858 1103 2925 adamantinam,
1127 2876 1188 2933 quaa
1207 2860 1424 2925 materiamen,
1444 2869 1474 2915 ut
1495 2878 1524 2916 se
1546 2870 1689 2930 sustentet,

49 2943 122 3008 dere,
147 2944 295 3006 remittere,
320 2941 510 3013 multiplicare,
534 2960 567 2996 ac
589 2942 679 3011 sopire
703 2949 732 2995 et
755 2943 850 2997 sistere
889 2954 940 2993 nec
953 2940 982 2994 in
996 2938 1115 2994 nihilum
1137 2939 1223 3004 cedat,
1239 2948 1285 2997 sut
1306 2941 1440 3008 salvatum
1461 2941 1502 2997 illi
1520 2960 1612 2998 rursus
1630 2944 1690 2999 nul-

48 3024 201 3093 posaimus;
224 3030 304 3094 atque
318 3023 381 3078 inde
395 3039 537 3094 corporum
551 3023 777 3085 conservationes,
791 3040 851 3077 mu·
890 3020 947 3074 lum
963 3035 1050 3091 genus
1063 3021 1215 3075 vexationis
1229 3029 1257 3076 et
1271 3022 1428 3092 agitationis
1443 3023 1564 3078 materiae
1578 3031 1690 3093 prseter-

48 3105 174 3167 tationes,
203 3112 231 3157 et
256 3102 507 3157 transformationes
534 3110 672 3173 praestare.
726 3100 851 3157 Maxime
889 3101 1006 3163 mittant,
1021 3100 1044 3153 si
1059 3101 1168 3156 ultimas
1186 3101 1245 3170 ejus
1257 3102 1428 3172 operationes
1448 3110 1476 3157 et
1495 3103 1690 3157 obstinationes

48 3192 139 3237 autem
154 3182 176 3236 ii
191 3191 282 3237 motus
301 3191 364 3236 sunt
382 3183 544 3254 inquirendi,
565 3182 612 3254 qui
630 3181 778 3252 simplices,
798 3182 850 3252 pri·
889 3178 1017 3250 detegere
1031 3189 1113 3251 atque
1125 3181 1239 3236 educere
1253 3181 1346 3236 velint.
1382 3183 1471 3254 Atque
1481 3181 1534 3238 hoc
1544 3181 1689 3237 consilium

48 3264 146 3328 mitiri,
161 3270 191 3317 et
205 3261 423 3317 fundamentales
433 3269 504 3326 sunt,
516 3279 552 3317 ex
565 3261 664 3333 quibus
678 3261 776 3332 reliqui
790 3279 851 3316 con·
888 3274 945 3313 nou
959 3259 1103 3315 admodum
1123 3261 1298 3317 artificiosum
1312 3270 1385 3317 certe
1399 3262 1484 3317 videri
1502 3261 1606 3333 possitr
1627 3264 1689 3335 quis

48 3343 155 3398 llantur.
198 3340 390 3397 Certissimum
404 3342 479 3397 enim
494 3349 542 3406 est,
557 3349 659 3414 quanto
671 3340 851 3411 simpliciores
889 3340 995 3409 negat?
1029 3339 1083 3394 Sed
1107 3340 1174 3395 utile
1199 3351 1291 3396 tamen
1312 3342 1440 3413 quiddam
1461 3342 1575 3408 videtur,
1598 3359 1688 3414 neque

47 3431 138 3477 motus
152 3422 331 3487 invenientur,
344 3429 421 3476 tanto
431 3422 519 3494 magis
529 3422 679 3477 humanam
689 3429 851 3491 potestatem
889 3418 961 3473 nihil
973 3420 1003 3474 in
1017 3436 1051 3474 eo
1065 3428 1114 3475 est.
1156 3421 1351 3487 Veruntamen,
1366 3422 1389 3478 si
1404 3422 1501 3493 placet,
1517 3423 1599 3477 etiam
1616 3440 1687 3478 nuuc

47 3503 222 3573 amplificari,
241 3512 269 3556 et
284 3517 301 3555 a
319 3501 484 3571 specialibus
503 3509 531 3557 et
548 3501 710 3573 praeparatis
728 3503 851 3557 materiis
890 3515 986 3568 pamm
1000 3500 1196 3556 observationis
1210 3502 1274 3557 huic
1289 3503 1329 3556 rei
1343 3502 1549 3575 adspergamus.
1591 3503 1686 3574 ltaque

47 3582 168 3647 liberari,
194 3589 222 3636 et
247 3582 278 3635 in
299 3598 370 3635 noea
393 3597 477 3652 opera
498 3581 676 3637 invalescere.
716 3581 755 3636 Et
777 3589 850 3636 certe
889 3578 928 3632 sic
942 3578 1050 3636 habeto.
1091 3581 1247 3636 Maximum
1261 3591 1334 3638 certe
1348 3583 1462 3648 homini,
1477 3582 1534 3638 sire
1553 3583 1686 3653 operanti,

47 3661 280 3733 quemadmodum
292 3661 376 3716 verbs
390 3662 447 3717 sive
461 3661 593 3716 vocabula
610 3660 730 3716 omnium
743 3661 850 3733 lingua·
889 3659 946 3712 sire
961 3661 1121 3730 experienti,
1135 3661 1360 3732 impedimentum
1373 3663 1500 3730 occurrit,
1516 3662 1587 3734 quod
1600 3671 1686 3717 mate-

46 3759 115 3808 rum,
130 3742 269 3796 immensa
282 3742 421 3807 varietate,
436 3758 452 3796 e
466 3742 561 3813 paucis
574 3740 661 3796 literis
679 3742 850 3812 simplicibus
889 3738 937 3793 rire
950 3755 1069 3795 massam
1083 3750 1192 3805 certam,
1213 3742 1315 3814 absque
1334 3743 1513 3798 diminutione
1532 3749 1579 3796 aut
1596 3759 1687 3798 acces-

46 3829 266 3892 eomponunturr
288 3820 348 3891 pari
363 3822 466 3884 radone
477 3822 610 3876 universas
625 3839 715 3876 rerum
729 3822 850 3877 actiones
889 3819 977 3887 sione,
986 3837 1103 3886 servare,
1114 3829 1141 3874 et
1152 3837 1283 3891 premere,
1295 3831 1324 3877 et
1333 3823 1460 3894 subigere
1469 3823 1516 3877 rix
1526 3822 1606 3886 licet3
1628 3824 1685 3889 sed,

48 3902 238 3956 etrirtutesa
259 3901 353 3971 paucis
371 3908 492 3956 motuum
514 3901 678 3972 simplicium
698 3904 802 3957 naturis
824 3910 851 3958 et
889 3901 1059 3970 separatione
1088 3902 1166 3965 tacta,
1191 3901 1287 3956 ultima
1308 3903 1351 3957 vis
1377 3903 1512 3958 eluditur,¹
1544 3902 1687 3973 Separatio

46 3981 202 4053 originibus
216 3980 422 4035 constituuntur.
463 3982 555 4051 Turpe
569 3981 850 4037 autemiuerithomi-
889 3987 980 4033 autern
1001 3979 1102 4051 duplex
1124 3981 1289 4036 intervenit:
1323 3990 1370 4037 aut
1389 3983 1460 4054 quod
1479 3998 1544 4053 pars
1562 3983 1686 4038 materias

46 4061 135 4125 nibus,
149 4061 270 4131 proprian
289 4061 364 4114 vocis
383 4060 567 4115 tintinnabula
586 4070 642 4115 tam
661 4071 785 4118 accurrate
800 4079 849 4117 ex·
889 4058 984 4122 evolet,
998 4069 1029 4113 ut
1052 4061 1080 4114 in
1102 4061 1278 4128 decoctione,
1300 4070 1346 4116 aut
1364 4063 1461 4117 saltem
1480 4062 1552 4133 quod
1566 4064 1686 4118 secessio

47 4140 180 4211 plorasse,
204 4139 239 4193 ad
262 4148 366 4194 natura
390 4147 482 4195 autem
504 4157 599 4195 vocem
628 4149 684 4196 tam
708 4142 850 4197 illiteratos
888 4139 926 4203 tit,
949 4149 979 4193 ut
1000 4139 1029 4193 in
1050 4141 1116 4194 tiore
1139 4140 1227 4196 lactis.
1278 4142 1396 4197 Intentio
1414 4143 1507 4212 itaque
1528 4143 1687 4200 mutationis

46 4237 116 4284 ease,
131 4231 160 4274 et
173 4236 249 4274 more
262 4219 345 4290 prisci
360 4219 444 4274 seculi
460 4223 619 4292 (autequam
632 4220 720 4275 literae
733 4222 850 4277 inventes
888 4235 1031 4289 corpomm
1045 4220 1185 4290 protunda
1199 4228 1227 4276 et
1240 4222 1344 4278 intimas
1358 4239 1412 4276 non
1427 4223 1544 4287 aliaest,
1559 4240 1642 4294 quam
1661 4226 1685 4279 si

46 4301 154 4368 essent)
179 4315 260 4353 sonos
280 4308 384 4353 tantum
403 4301 577 4370 compositos,
601 4309 628 4354 et
643 4316 724 4356 voces
741 4302 850 4374 dignos·
888 4301 1002 4353 materia
1025 4301 1137 4355 omnino
1156 4301 1256 4357 debitis
1272 4303 1360 4357 modis
1374 4312 1503 4369 vexetur3
1524 4303 1573 4357 sed
1594 4309 1686 4359 tamen

46 4397 108 4434 cere
121 4402 129 4445 ;
150 4377 286 4434 elementa
300 4387 328 4433 et
340 4378 433 4434 literas
446 4397 502 4434 non
516 4380 691 4453 distinguere.
887 4378 947 4434 istm
962 4379 1022 4434 dum
1036 4382 1220 4450 separationes
1241 4381 1418 4437 nihilominus
1432 4383 1540 4437 interim
1554 4382 1684 4454 prohibe·

888 4468 975 4513 antur.
1019 4460 1090 4515 Tum
1107 4462 1180 4515 enim
1202 4463 1394 4517 materiavere
1415 4464 1615 4534 constringitur,
1637 4464 1685 4518 ubi

48 4518 74 4558 ν.
97 4517 136 4558 na
155 4516 277 4564 unsara
299 4518 441 4560 sternaris
462 4521 560 4570 cuam,
575 4523 611 4561 aa
625 4524 704 4569 ouon
719 4524 849 4566 ττυτσντο
888 4540 961 4610 sugae
975 4540 1063 4594 omnis
1077 4541 1121 4596 via
1141 4542 1318 4613 intercipitur·
1361 4543 1480 4597 Tertium
1501 4543 1617 4615 denique
1636 4544 1686 4598 hu·

273 4600 338 4640 m
358 4602 465 4647 ”⁸⁰⁰⁸
485 4602 630 4642 mm·
885 4620 1012 4689 jusmodi,
1029 4630 1057 4674 ut
1076 4621 1211 4688 homines,
1227 4640 1288 4676 cum
1309 4640 1451 4694 corporum
1468 4624 1640 4678 alterationes
1656 4626 1685 4679 in

86 4690 189 4746 Orsum
210 4693 319 4758 mutari,
339 4701 367 4747 et
386 4693 426 4746 nil
445 4711 507 4748 rere
525 4695 645 4760 interire,
665 4712 696 4749 sc
715 4713 847 4752 summam
888 4701 983 4755 eadem
997 4701 1117 4755 materiae
1131 4719 1228 4768 massa,
1239 4719 1327 4774 neque
1342 4713 1430 4768 aucta,
1441 4721 1529 4775 neque
1544 4703 1684 4769 diminuta,

46 4772 172 4825 materiae
185 4788 296 4844 prorsus
310 4772 425 4827 eandem
439 4791 549 4829 manere
563 4775 756 4832 satisconstat.
799 4778 848 4833 At·
887 4780 947 4834 fieri
962 4780 1078 4844 videant,
1093 4781 1211 4852 primum
1225 4799 1257 4836 eo
1272 4799 1362 4838 errore
1377 4783 1549 4855 phantasiam
1559 4783 1684 4848 liberent,

46 4867 100 4922 que
114 4858 146 4906 ut
160 4852 357 4923 omnipotentis
370 4852 424 4907 Dei
443 4870 510 4925 opus
524 4861 590 4919 erat,
605 4863 634 4909 ut
651 4855 754 4928 aliquid
773 4875 848 4913 crea·
888 4862 934 4932 qui
956 4859 1010 4915 alte
1032 4859 1132 4925 barrem
1162 4861 1352 4919 alterationem
1375 4881 1473 4934 nempe
1498 4864 1686 4918 tantummodo

45 4939 120 4985 retur
134 4948 150 4986 e
164 4931 263 4997 nihilo,
277 4932 359 4987 itaet
373 4932 471 4988 similis
485 4935 682 5005 omnipotentia
696 4938 848 5009 requiritur,
887 4957 937 5012 per
958 4941 1156 5011 separationem
1180 4942 1253 5006 fieris
1274 4941 1371 4998 deinde
1395 4953 1424 4999 ut
1442 4943 1536 4998 sedulo
1556 4951 1582 4996 et
1596 4944 1685 5013 perite

45 5018 76 5064 ut
89 5011 196 5083 aliquid
211 5010 351 5082 redigatur
364 5013 392 5067 in
407 5012 533 5070 nihilum.
578 5015 609 5069 ld
628 5017 685 5071 σίνε
705 5033 754 5087 per
768 5018 849 5072 desti·
887 5021 1053 5091 distinguere
1075 5022 1208 5092 incipiant
1229 5022 1263 5077 de
1284 5023 1495 5090 alterationibus,
1519 5023 1626 5094 quando
1650 5024 1685 5078 ad

45 5092 179 5146 tutionem
193 5091 301 5146 virtutis
315 5094 530 5159 conservatrieis,
544 5095 602 5149 σίνε
622 5107 775 5167 peractum
791 5098 847 5153 dis·
887 5102 1087 5170 separationem
1102 5101 1194 5157 reterri
1210 5103 1338 5168 debeant;
1361 5104 1469 5175 quando
1486 5105 1520 5158 ad
1534 5101 1685 5157 disordina-

45 5170 191 5227 solutionis
206 5172 260 5235 fiat,
274 5171 345 5227 nihil
359 5172 394 5227 ad
408 5190 480 5229 rem:
501 5181 607 5230 tautum
626 5194 736 5232 necesse
756 5188 805 5244 est,
819 5186 849 5233 ut
887 5181 989 5235 tionem
999 5189 1110 5246 tantum,
1123 5182 1262 5237 etruriam
1275 5185 1438 5254 positionem
1451 5184 1568 5254 partium
1580 5183 1685 5255 absque

46 5251 187 5307 decretum
201 5252 351 5307 intercedat
361 5252 509 5309 Creatoris.
552 5255 714 5328 Hocposito
727 5276 762 5313 ne
777 5260 848 5329 cogi·
887 5260 941 5315 slis
965 5261 1151 5331 separatione;
1184 5264 1292 5333 quando
1318 5264 1353 5317 ad
1380 5272 1531 5335 utramque.
1584 5263 1685 5334 Neque

46 5330 504 5408 tatioabstrabatunautmateria
523 5333 615 5406 aliqua
632 5337 729 5392 fictitia
748 5338 848 5393 intelli·
887 5342 962 5396 enim
984 5342 1071 5406 credo,
1098 5361 1159 5397 cum
1182 5361 1281 5414 pyrum
1305 5345 1478 5398 immaturum
1502 5352 1530 5398 et
1557 5343 1686 5399 acerbum

45 5419 132 5481 gutur,
147 5412 234 5465 etiam
249 5410 317 5467 illud
332 5414 534 5484 significamus:
557 5433 618 5470 eam
632 5434 649 5469 a
669 5418 749 5473 nobis
762 5419 844 5475 intro·
887 5421 1012 5476 manibus
1028 5421 1122 5476 fortius
1136 5431 1317 5489 attrectamus,
1329 5423 1528 5486 contundimus.
1543 5431 1570 5477 et
1584 5423 1686 5495 subigi·

44 5491 103 5548 duci
124 5491 280 5559 materiam,
295 5500 377 5565 atque
397 5511 431 5551 es
447 5502 545 5551 natura
564 5496 728 5565 investitam,
742 5506 773 5555 ut
785 5516 848 5556 vere
887 5519 957 5572 mus,
971 5502 1042 5558 unde
1057 5501 1124 5559 illud
1139 5503 1308 5560 dulcedinem
1323 5503 1455 5575 acquirit;
1477 5513 1524 5560 aut
1537 5521 1599 5561 curn
1623 5522 1685 5561 suc·
