3800 5875
576 323 626 379 DE
647 322 873 380 AUGMENTIS
895 324 1171 381 SCIENTlhRUM.

713 791 1033 864 FRANCISCI

319 1020 487 1077 BARONIS
508 1018 1099 1084 DEVERULAM10,VICE·COMITIS
1120 1017 1257 1074 sancit
1279 1017 1432 1084 ALBANI,

857 1173 888 1207 ΒΕ

217 1308 560 1394 DIGNITATE
588 1310 663 1391 ET
692 1309 1056 1393 AUGMENTIS
1088 1309 1524 1395 SCIENTIARUM.

769 1531 859 1574 LIBER
872 1531 976 1574 NONUS.

698 1880 749 1935 AD
770 1881 904 1936 REGEM
926 1880 1042 1935 SUUM.

884 2060 956 2131 quod
971 2059 1052 2113 etism
1066 2065 1199 2129 suspectae
1212 2058 1275 2114 fidei
1289 2058 1404 2114 testibus
1413 2064 1542 2129 praestare
1553 2060 1677 2117 solemus.

297 2138 423 2194 CAPUT
442 2137 608 2194 PRIMUM.
884 2139 920 2193 At
941 2139 1008 2193 tides
1026 2137 1082 2201 ills,
1101 2156 1164 2210 quaa
1176 2138 1335 2194 abrahamo
1351 2143 1367 2168 “
1381 2138 1565 2208 imputabatur
1578 2142 1613 2195 ad
1623 2140 1679 2208 jus·

885 2219 1000 2283 titiam,’'
1010 2217 1043 2271 de
1049 2218 1205 2286 hujusmodi
1216 2235 1245 2272 re
1256 2219 1354 2282 extitit,
1365 2235 1446 2289 quam
1455 2218 1547 2274 irrisui
1561 2219 1680 2275 habebat

59 2296 226 2353 Petiliam
240 2298 384 2369 theologiis
397 2300 543 2370 inspiratae
554 2299 733 2352 ornittaatur:
746 2306 849 2350 tantum
885 2297 991 2351 Sarah:
1012 2315 1073 2368 quae
1087 2298 1116 2352 ia
1129 2297 1182 2351 hac
1196 2306 1273 2367 parte
1287 2297 1380 2367 imago
1392 2298 1515 2368 quadam
1529 2307 1587 2353 erat
1599 2300 1680 2354 ratio·

93 2379 188 2431 editas
199 2380 239 2448 fit
254 2379 292 2432 cd
309 2378 463 2432 desiderata
477 2379 554 2431 tria.-
576 2378 724 2431 doctrinam
737 2377 770 2430 de
784 2378 850 2448 tegi-
883 2378 926 2430 nis
940 2376 1082 2431 naturalis.
1123 2376 1231 2437 Quanto
1249 2376 1331 2447 igitur
1345 2378 1503 2445 mysterium
1516 2378 1625 2451 aliquod
1640 2379 1679 2433 di-

94 2458 158 2510 tiaco
172 2476 224 2512 usu
239 2459 357 2512 rationis
370 2457 494 2513 numana
508 2459 538 2511 ia
551 2456 680 2519 divinior
701 2458 849 2511 doctrinam
883 2457 976 2510 unum
999 2456 1080 2511 fuerit
1099 2457 1188 2526 magis
1208 2456 1341 2510 absonum
1361 2464 1388 2509 et
1409 2456 1575 2522 incredibler
1605 2465 1681 2513 tanto

94 2536 126 2591 de
145 2537 285 2608 gradibus
302 2539 419 2591 unitatis
440 2539 470 2590 ἐκ
490 2538 601 2592 ciuitate
615 2537 680 2597 dei,-
701 2545 727 2589 ct
747 2553 850 2589 manc·
883 2534 946 2606 plus
960 2537 989 2589 in
1004 2534 1139 2589 credendo
1152 2534 1297 2589 exhibetur
1310 2534 1420 2589 honoris
1440 2535 1507 2599 Deo,
1527 2545 1556 2591 et
1576 2537 1606 2591 fit
1622 2538 1678 2592 vic·

96 2617 183 2670 ticsses
196 2619 406 2688 scripturaram
884 2615 955 2669 toria
967 2615 1031 2669 fidei
1041 2614 1169 2669 nobilior.
1209 2614 1302 2668 Etiam
1312 2622 1338 2667 et
1349 2622 1512 2684 peccatores,
1524 2632 1578 2687 quo
1588 2617 1679 2688 magis

883 2694 1051 2748 conscientia
1072 2710 1121 2748 sus
1143 2700 1295 2765 gravantur,
1310 2699 1338 2747 et
1349 2693 1528 2749 nihilominus
1542 2696 1624 2751 fidem
1644 2696 1678 2751 dc

94 2772 154 2827 ian
172 2791 240 2829 vero
254 2774 318 2841 (rex
332 2772 448 2845 optime)
462 2790 525 2828 cum
546 2774 640 2829 carina
653 2790 745 2844 parva,
760 2773 849 2845 qualis
883 2773 971 2828 salute
985 2790 1035 2828 sus
1054 2773 1084 2826 io
1103 2773 1155 2827 Dei
1175 2773 1361 2828 misericordia
1380 2771 1521 2838 collocant,
1535 2791 1569 2828 eo
1589 2775 1679 2830 Deum

58 2862 147 2907 nostra
160 2870 222 2908 esse
243 2854 340 2923 potnit,
354 2854 507 2907 universum
528 2853 667 2917 ambitum,
681 2860 738 2907 tam
749 2853 849 2907 veteris
883 2854 987 2923 majore
1008 2852 1129 2907 afficiunt
1148 2851 1268 2907 honore:
1303 2851 1391 2906 omnis
1414 2860 1506 2908 autem
1524 2853 1679 2924 desperatio

59 2950 136 3004 quarn
169 2935 236 2988 nori
260 2933 343 2998 orbis,
373 2933 547 2989 scientiarum
579 2933 850 3004 circumnavigaverit
883 2933 944 2988 Deo
957 2950 1007 3004 pro
1020 2932 1185 2988 contumelia
1198 2940 1247 2988 est.
1288 2931 1450 2997 Quinetiam,
1468 2933 1492 2988 si
1507 2940 1606 2988 attente
1620 2951 1678 2990 rem

59 3017 150 3084 (quarn
164 3013 294 3067 mundis
307 3014 395 3068 ventis
408 3021 436 3067 et
446 3029 535 3078 curso,
549 3022 717 3083 posterorum
731 3013 768 3066 sit
779 3012 849 3082 judi·
883 3013 1091 3084 perpendamus,
1113 3013 1221 3084 dignius
1243 3011 1371 3084 quiddam
1392 3020 1434 3067 est
1454 3013 1572 3077 credere,
1596 3030 1678 3084 quam

58 3090 143 3163 num)
161 3093 229 3164 qnid
242 3102 372 3163 superest,
386 3092 438 3146 nisi
453 3100 482 3146 ut
495 3100 566 3156 rota,
581 3092 691 3147 tandein
704 3092 848 3161 perfuncti,
883 3093 960 3158 scire,
972 3092 1088 3164 qualiter
1100 3109 1171 3147 nunc
1185 3092 1295 3147 scimus.
1338 3091 1371 3146 ln
1385 3092 1500 3147 scientia
1513 3092 1586 3146 enim
1600 3110 1679 3148 mens

58 3171 265 3241 penotmnst
286 3171 323 3225 At
342 3179 424 3226 restat
441 3171 530 3226 adhuc
542 3171 681 3242 theologis
694 3187 778 3235 sacra,
792 3172 849 3226 sire
883 3173 1004 3226 humans
1017 3173 1118 3243 patitur
1137 3189 1256 3236 asensu,
1271 3171 1318 3243 qui
1337 3188 1355 3225 a
1374 3172 1455 3227 rebus
1467 3171 1621 3226 materiatis
1634 3189 1677 3226 re-

58 3251 198 3321 inepirata.
239 3252 423 3305 Verrmtamen
436 3251 460 3305 si
480 3268 541 3304 earn
561 3259 675 3305 tractare
696 3267 848 3321 pergamus,
883 3251 957 3316 silit;
978 3252 1008 3305 in
1027 3251 1080 3306 fide
1097 3260 1188 3306 autem
1210 3251 1302 3305 anima
1323 3251 1424 3322 patitur
1445 3251 1481 3305 ab
1499 3251 1598 3316 anima,
1616 3268 1678 3322 quta

58 3331 213 3385 exeundum
234 3331 314 3385 nobis
333 3329 567 3385 foretenavicula
582 3330 695 3385 rationis
714 3329 848 3395 humanae,
883 3338 1023 3402 estagens
1037 3332 1154 3402 dignius.
1196 3330 1284 3385 Aliter
1296 3347 1325 3385 se
1339 3348 1383 3386 res
1397 3330 1480 3385 habet
1490 3331 1518 3385 in
1533 3338 1605 3385 statu
1618 3330 1677 3401 glo-

59 3416 85 3463 et
106 3410 302 3465 transeundum
323 3410 352 3463 in
371 3409 502 3464 aeclesia
522 3426 627 3475 navem,
643 3428 703 3482 quae
721 3408 779 3463 sola
799 3427 850 3464 acu
883 3412 945 3465 rire:
968 3419 1029 3466 tunc
1042 3411 1176 3482 siquidem
1189 3410 1309 3465 cessabit
1321 3410 1396 3476 tides,
1410 3416 1491 3482 sique
1506 3415 1678 3481 “cognosce-

59 3491 165 3543 nautiea
186 3489 280 3543 divina
300 3489 385 3559 pollet
402 3490 438 3543 ad
457 3505 565 3543 cursum
583 3496 657 3544 recte
671 3489 850 3560 dirigendum.
882 3507 951 3554 mus,
966 3490 1036 3545 sicut
1048 3499 1075 3544 ct
1088 3489 1190 3561 cogniti
1205 3490 1324 3545 sumus.''

60 3568 155 3640 Neque
170 3569 245 3623 enim
258 3569 394 3623 sufficient
414 3566 531 3637 amplius
552 3568 638 3623 stellae
659 3567 849 3639 philosophiae,
924 3569 1124 3624 Concludamus
1137 3570 1222 3641 igitur
1236 3567 1403 3640 theologiam
1419 3584 1523 3623 sacram
1536 3584 1573 3623 ex
1594 3567 1678 3622 verbo

60 3665 116 3718 quae
141 3649 277 3703 haetenus
304 3648 439 3718 praecipue
460 3647 539 3702 nobis
562 3647 735 3702 affulserunt:
758 3647 849 3719 itaque
884 3656 911 3703 et
924 3647 1040 3704 oraculis
1060 3649 1121 3714 Dei,
1136 3666 1192 3703 non
1206 3666 1242 3704 ex
1255 3647 1358 3702 lumine
1378 3655 1483 3702 naturae
1496 3656 1543 3702 aut
1561 3647 1677 3702 rationis

59 3744 106 3796 par
119 3727 197 3793 foret,
209 3726 503 3799 silentiumqnoquein
515 3727 609 3782 hscre
623 3727 719 3781 colere.
752 3725 850 3788 Quam·
884 3728 1037 3794 dictamine,
1065 3728 1170 3784 haunri
1197 3728 1304 3783 debere.
1360 3727 1497 3797 Scriptum
1527 3733 1569 3780 est
1595 3726 1678 3790 enim,

60 3807 150 3861 otnern
169 3807 334 3877 partitiones
354 3806 492 3878 legitimas
509 3807 583 3862 circa
597 3824 657 3861 eam
675 3807 830 3861 omittemus
841 3830 848 3872 3
885 3813 901 3839 ‘⁴
916 3806 988 3861 Coeli
1003 3816 1131 3862 enarrant
1151 3806 1266 3878 gloriam
1281 3806 1373 3862 Dei:”
1395 3816 1573 3876 utnusquam
1594 3805 1679 3875 scrip-

61 3902 143 3954 pauca
160 3894 261 3949 tamen,
283 3902 334 3956 pro
353 3887 484 3940 tenuitate
504 3894 606 3950 nostra,
628 3887 712 3940 etiam
731 3886 760 3940 in
778 3886 850 3940 hanc
884 3895 942 3941 tum
965 3887 1108 3952 invenitur,
1133 3891 1149 3917 “
1163 3886 1233 3940 Coeli
1258 3893 1386 3941 enarrant
1409 3884 1573 3940 voluntatem
1597 3884 1678 3938 Deir*

61 3966 235 4029 conferemus,
256 3964 318 4018 loco
336 3972 467 4021 votorum.
508 3966 542 4020 ld
562 3982 596 4020 co
618 3966 705 4037 magis
726 3965 847 4031 fecimus,
884 3966 926 4020 De
939 3966 988 4019 illa
1002 3966 1201 4037 pronunciatur,
1217 3971 1232 3997 ‘⁴
1247 3965 1290 4019 Ad
1308 3966 1399 4036 legem
1420 3974 1447 4019 et
1468 3964 1631 4027 testimonia,
1653 3964 1677 4018 si

62 4045 122 4114 qnia
134 4046 288 4115 incorpore
303 4043 448 4116 theologiae
461 4045 564 4099 nullam
578 4061 686 4116 prorsus
700 4045 847 4114 regionem,
882 4062 937 4099 non
951 4045 1064 4100 fecerint
1077 4046 1224 4099 secundum
1241 4045 1355 4098 verbum
1373 4044 1471 4108 istud,''
1486 4052 1537 4098 etc.
1577 4044 1678 4115 Neque

62 4134 104 4176 snt
113 4132 230 4179 tractum
241 4123 322 4194 plane
332 4123 467 4179 desertum
478 4133 526 4180 sut
534 4124 673 4188 inculmm,
681 4123 847 4178 invenimus:
883 4124 935 4178 hoc
957 4132 1033 4179 tenet
1055 4132 1159 4178 tantum
1180 4124 1210 4177 in
1226 4125 1374 4195 grandibus
1393 4122 1448 4177 illis
1469 4122 1617 4192 mysteriis,
1643 4122 1677 4178 de

62 4211 133 4256 tanta
156 4204 209 4258 fnit
229 4204 372 4258 hominum
393 4203 534 4274 diligentia
557 4204 586 4257 in
610 4203 781 4267 seminandis,
803 4212 849 4256 ant
883 4203 1000 4268 Deitate,
1035 4204 1179 4267 creatione,
1212 4203 1405 4272 redemptione,
1435 4220 1530 4256 rerum
1562 4202 1679 4272 pertinet

63 4282 159 4347 tritico,
173 4291 221 4338 ant
235 4283 355 4336 zizaniis
883 4282 1263 4353 etiamadinterpretatioocm
1275 4282 1463 4353 perfectiorem
1473 4281 1543 4351 legis
1552 4281 1677 4347 moralis3

99 4361 168 4416 Tres
190 4364 274 4434 igitur
301 4377 483 4432 proponemus
507 4360 653 4432 theologiae
677 4361 848 4429 appendices,
884 4362 1028 4433 “Diligite
1046 4363 1171 4416 inimicos
1184 4369 1296 4427 vestros,
1310 4360 1463 4416 benefacite
1485 4360 1537 4424 his,
1552 4361 1599 4431 qui
1614 4361 1678 4415 ode·

63 4457 120 4510 qoa
136 4442 240 4496 nonde
258 4442 373 4495 materis
393 4458 442 4511 per
455 4439 621 4510 theologiam
635 4439 788 4503 informata,
803 4450 849 4494 aut
883 4449 945 4495 runt
958 4442 1033 4506 vos,'’
1048 4451 1098 4496 etc.
1140 4447 1156 4474 ‘⁸
1171 4441 1209 4494 Ut
1228 4441 1290 4495 sitis
1308 4440 1357 4494 filii
1376 4439 1464 4495 Patris
1476 4440 1568 4503 vestri,
1583 4440 1628 4511 qui
1648 4441 1679 4494 in

63 4519 236 4584 informanda,
251 4521 299 4574 sed
315 4520 497 4574 tantammodo
511 4520 544 4573 de
558 4519 638 4573 modo
651 4518 849 4573 informationis
883 4520 960 4575 coelis
974 4529 1023 4585 est,
1038 4521 1085 4592 qui
1102 4521 1172 4591 pluit
1187 4537 1269 4591 super
1280 4521 1366 4589 justos
1380 4527 1407 4572 et
1429 4518 1569 4588 injustos.'¹
1612 4519 1679 4580 Qua)

64 4605 181 4654 tractent
223 4601 323 4670 Neque
340 4606 430 4654 tamen
452 4601 524 4653 circa
544 4615 591 4653 eos
612 4604 740 4652 tractatus
760 4600 802 4666 (ut
821 4598 848 4652 in
883 4609 957 4654 certe
980 4601 1063 4654 rerba
1083 4600 1209 4670 plausum
1229 4600 1306 4654 illurn
1330 4605 1484 4653 merentur:
1513 4599 1600 4652 “Nec
1624 4615 1679 4653 vox

65 4677 170 4750 reliquis
183 4673 388 4750 consuevimus)
402 4677 445 4732 vel
458 4677 585 4748 exempla
595 4676 797 4748 subjungemus,
805 4678 849 4731 vel
883 4679 1021 4734 hominem
1042 4680 1147 4733 sonat.’'
1191 4679 1330 4750 Siquidem
1354 4695 1408 4731 vox
1429 4686 1480 4742 cst,
1504 4694 1565 4749 quaa
1585 4677 1679 4731 lumen

65 4767 194 4827 precepta
208 4758 341 4813 dabimus.
383 4757 414 4812 ld
428 4757 564 4828 theologis
574 4756 773 4826 relinquemus:
788 4767 849 4811 sunt
883 4766 988 4812 naturae
1005 4766 1123 4828 superat.
1163 4758 1315 4819 Quinetiam
1333 4757 1454 4811 ridemus
1477 4756 1570 4827 poetas
1590 4756 1679 4811 ethni·

66 4837 133 4891 enim
146 4838 194 4891 illa
210 4836 255 4914 (nt
269 4834 405 4909 diximus)
420 4837 506 4890 instar
518 4844 642 4890 votorum
657 4844 771 4889 tantum.
883 4854 937 4900 cos,
958 4837 1110 4907 praesertim
1131 4854 1193 4890 cum
1215 4836 1353 4906 pathetice
1376 4836 1529 4907 loquantur,
1551 4844 1679 4905 expostu-

105 4917 126 4970 Ι.
147 4917 333 4988 Praemgativa
354 4915 407 4970 Dei
428 4924 514 4971 totum
538 4915 678 4969 homiuem
697 4912 850 4983 complecti·
884 4915 940 4970 lare
964 4933 1018 4970 aon
1040 4933 1101 4970 raro
1121 4933 1182 4969 cum
1202 4914 1309 4986 legibus
1330 4922 1357 4969 et
1377 4916 1509 4970 doctrinis
1531 4913 1678 4968 moralibus

66 5003 116 5058 tur,
136 5013 185 5050 nec
207 4996 298 5051 minos
316 4996 351 5049 ad
371 4995 511 5060 rationem,
526 5011 608 5066 quarn
630 4994 664 5047 sd
687 4993 850 5047 voluntatem
885 4999 960 5066 (quie
984 5004 1075 5049 tamen
1099 4994 1206 5066 legibus
1227 4995 1326 5049 divinis
1347 4996 1434 5049 multo
1456 5002 1518 5050 sunt
1536 4991 1679 5062 indulgen·

66 5072 215 5139 humanam,
236 5074 404 5129 extenditur:
424 5082 454 5128 ut
471 5074 554 5129 homo
574 5072 678 5128 scilicet
699 5072 728 5125 in
746 5073 851 5126 univer·
884 5075 967 5128 tiores
980 5085 1007 5128 et
1021 5068 1177 5147 solutiores)
1188 5090 1220 5128 ac
1231 5075 1254 5128 si
1265 5082 1369 5129 naturae
1379 5074 1499 5128 libertati
1509 5090 1569 5128 cum
1580 5071 1678 5141 malig-

66 5169 160 5208 snmse
174 5155 299 5224 abneget,
313 5163 342 5207 et
359 5153 470 5207 accedat
492 5153 559 5207 Deo.
600 5153 697 5216 Quare,
713 5153 782 5205 sicut
796 5151 850 5222 legi
884 5155 969 5209 nitate
983 5155 1100 5225 quadam
1113 5163 1283 5224 repugnent:

66 5233 157 5288 dirinra
167 5234 277 5287 obedire
288 5241 420 5298 tenemur,
432 5231 498 5286 licet
507 5230 798 5294 relucteturvoluntas3
813 5230 852 5283 ita

66 5321 91 5364 et
112 5313 186 5366 verbi
207 5313 260 5367 Dei
282 5311 362 5365 fidem
385 5311 494 5375 habere,
518 5311 582 5365 licet
604 5310 750 5365 reluctetur
771 5309 850 5363 ratio.
1030 5284 1426 5404 lnssgaffssflaufflgzffffim“¹¹3

67 5389 177 5456 Etenim,
192 5391 215 5445 si
230 5408 263 5444 ea
277 5391 409 5445 duntaxat
430 5391 579 5453 credamus,
594 5408 654 5461 quae
674 5396 737 5443 sunt
754 5389 851 5444 rationi

66 5479 159 5526 nostrae
172 5478 363 5537 consentanea,
378 5470 459 5526 rebus
479 5470 647 5535 assentimur,
663 5485 717 5524 non
734 5468 851 5532 auctori3
888 5466 928 5522 lta
942 5466 1091 5521 Dendamis
1105 5466 1188 5520 ludus
1202 5464 1237 5518 ad
1258 5462 1407 5519 Alexandri
1420 5461 1542 5517 nundus:
1564 5467 1579 5494 ‘⁸
1590 5461 1625 5517 Sc
1639 5461 1680 5516 in·
