3800 5875
68 350 136 407 Lrn.
155 353 196 408 ιι.

67 517 189 565 motum:
210 510 244 567 de
266 528 322 584 qua
341 511 404 567 ride
424 512 544 568 instant.
565 510 612 567 30.
629 521 657 567 et
679 512 727 566 ³2.
754 510 821 567 Tul.
837 512 863 567 3.

67 590 232 645 ostenditur
245 592 329 647 etiam
342 592 371 645 in
384 591 445 656 hoc,
461 592 533 662 quod
547 610 626 645 omne
639 608 737 661 corpus
751 591 865 645 destrui·

66 677 119 734 tur,
132 678 181 723 aut
195 670 294 724 saltem
306 671 450 741 insigniter
469 670 607 735 alteratur,
622 671 657 723 ab
672 672 744 724 omni
760 672 824 741 igne
838 677 867 723 et

66 747 158 802 calore
183 749 247 803 forti
271 767 303 803 ac
323 751 486 805 vehementi.
527 751 606 804 Unde
626 750 730 821 liquido
750 757 864 812 constat,

66 829 125 881 fieri
137 846 155 882 a
165 828 258 883 calore
273 829 426 893 tumultum,
437 839 464 884 et
477 830 715 899 perturbationem,
723 830 751 883 et
761 836 864 882 motum

66 924 167 972 acrem,
189 908 219 961 in
242 909 364 979 partibus
387 910 504 965 internis
527 910 663 979 corporis,
693 909 739 979 qui
764 908 865 962 sensim

65 987 155 1057 vergit
169 988 206 1041 ad
219 987 433 1043 dissolutionem.

106 1065 284 1138 intelligatur
297 1067 358 1131 boc,
374 1067 446 1138 quod
459 1066 577 1121 diximus
596 1066 629 1120 de
648 1073 725 1120 motu
744 1069 863 1136 (nempe,

66 1153 94 1198 ut
118 1145 155 1199 sit
177 1146 265 1201 instar
286 1147 394 1217 generis
416 1147 450 1200 ad
471 1147 602 1213 calorem)
624 1162 679 1199 non
701 1145 771 1216 qaod
791 1145 865 1200 calor

64 1232 182 1294 generet
203 1234 318 1291 motum,
341 1233 388 1281 aut
411 1225 483 1298 quod
502 1233 593 1279 motus
613 1233 725 1294 generet
746 1224 863 1279 calorem

66 1303 144 1373 (lieet
159 1312 190 1358 et
203 1304 264 1360 haec
278 1306 306 1358 iu
326 1304 463 1377 aliquibus
477 1321 541 1358 vera
555 1303 623 1369 sint)
638 1304 686 1357 scd
700 1304 772 1374 quod
786 1304 864 1373 ipsis·

64 1385 152 1439 simus
173 1383 256 1448 calor,
271 1385 328 1439 sire
348 1385 416 1456 quid
437 1387 525 1455 ipsam
545 1383 644 1437 caloris
663 1384 698 1437 sit
719 1391 815 1446 motus,
836 1394 865 1437 et

65 1463 137 1517 nihil
158 1464 253 1518 alinde
274 1463 406 1519 limitatus
426 1474 517 1518 tamen
537 1479 587 1534 per
600 1463 780 1534 differentias,
795 1479 864 1533 quas

64 1558 132 1596 mox
158 1543 363 1614 subjungemus,
391 1550 534 1615 postquam
557 1541 702 1597 nonnullae
725 1542 864 1597 cantiones

65 1621 249 1689 adjecerimus
263 1622 298 1676 ad
312 1622 467 1677 curandum
480 1622 658 1693 equivocam.

105 1700 235 1756 Calidum
259 1701 294 1755 ad
317 1718 434 1765 sensum,
462 1718 505 1755 res
528 1700 679 1771 respectiva
706 1708 755 1764 est,
780 1708 807 1755 et
834 1701 863 1755 in

64 1780 161 1835 ordine
183 1781 219 1834 ad
238 1780 385 1844 hominem,
403 1798 457 1835 non
471 1780 506 1835 sd
523 1780 696 1844 universum
712 1788 741 1833 et
754 1780 864 1851 ponitur

63 1868 138 1914 recte
153 1868 184 1914 ut
200 1861 314 1915 effectus
327 1860 426 1915 caloris
440 1867 546 1915 tanturn
565 1859 594 1913 in
615 1859 740 1928 spiritum
761 1859 864 1914 anima-

62 1939 137 1994 lem:
160 1940 310 2011 quinetiam
330 1941 359 1994 in
383 1939 475 2010 seipso
491 1956 534 1994 res
552 1938 628 1992 raria
646 1945 694 2003 est,
710 1955 771 1992 corn
789 1940 862 1994 idern

64 2036 164 2089 corpus
179 2021 275 2090 (prout
287 2035 382 2073 sensus
393 2018 613 2089 praedisponitur)
627 2018 738 2072 inducat
752 2034 863 2088 percep

64 2100 169 2154 tionem
183 2110 241 2153 tarn
253 2098 335 2152 calidi
349 2114 431 2170 quarn
439 2097 547 2168 frigidi:
563 2105 592 2151 ut
599 2104 674 2167 patet
683 2113 732 2168 per
742 2095 861 2152 Instant.

103 2258 205 2329 Neque
230 2275 295 2312 vero
316 2256 526 2312 communicatio
552 2255 659 2319 caloris,
682 2255 739 2310 sive
765 2264 862 2310 natura

64 2337 124 2405 ejus
143 2337 296 2400 transitiva,
312 2353 459 2408 perquam
480 2353 579 2406 corpus
597 2335 734 2389 admotum
755 2336 861 2405 corpori

63 2416 153 2471 calido
173 2416 323 2480 incalescit,
337 2416 465 2470 confundi
486 2415 568 2469 debet
586 2431 649 2469 curn
665 2414 752 2469 forma
770 2415 861 2470 calidi.

63 2496 147 2549 Aliud
161 2498 235 2549 enirn
250 2506 291 2550 est
305 2495 441 2559 calidum
462 2494 537 2549 aliud
550 2493 746 2548 calefactivum.
787 2494 862 2548 Nam

63 2592 114 2645 per
130 2586 236 2630 motum
251 2575 397 2630 attritionis
415 2574 552 2630 inducitur
564 2573 639 2627 calor
652 2572 754 2644 absque
770 2572 862 2646 aliquo

63 2653 153 2709 calido
175 2655 353 2726 praecedente,
368 2655 439 2709 unde
461 2654 614 2708 excluditur
635 2651 862 2708 calefactirums

710 353 850 410 NOVUM
873 354 1075 410 ORGANUM.
1641 350 1699 406 469

944 513 1041 567 fortius
1054 510 1215 576 intendatur,
1236 510 1318 567 solvit
1334 516 1363 564 et
1375 509 1456 565 vertit
1475 507 1588 564 multum
1608 526 1645 564 ex
1662 508 1699 563 iis

944 593 973 646 in
985 590 1103 647 volatile.

984 670 1141 726 Ostendilnr
1159 670 1244 724 etiarn
1256 670 1285 723 in
1305 669 1378 723 ferro
1397 675 1444 723 aut
1462 666 1614 737 lapidibus;
1636 685 1698 738 qum

943 749 1008 804 licet
1017 767 1071 804 non
1085 749 1225 820 liquefiant
1235 758 1281 803 aut
1292 747 1444 812 fundantur,
1454 754 1545 800 tamen
1559 746 1698 801 emolliun-

943 837 1002 885 tur:
1017 829 1089 900 quod
1102 830 1186 883 etiam
1199 830 1230 882 fit
1242 829 1271 881 in
1284 827 1388 882 baculis
1401 827 1477 897 ligni,
1494 843 1554 897 quta
1566 825 1699 881 calefacta

942 909 1084 979 paululum
1097 908 1127 962 in
1138 907 1274 962 cineribus
1287 906 1382 960 calidis
1395 907 1463 960 fiunt
1476 904 1617 960 flexibilia

983 989 1094 1058 Optime
1108 995 1199 1042 autem
1216 986 1335 1040 cernitur
1348 987 1399 1040 iste
1413 992 1504 1040 motus
1518 985 1548 1039 in
1564 988 1636 1051 sire,
1650 986 1698 1056 qui

943 1084 993 1137 per
1006 1068 1137 1136 exiguum
1147 1066 1265 1120 calorem
1279 1082 1308 1119 se
1323 1064 1419 1118 dilatat
1430 1066 1557 1119 continuo
1571 1071 1598 1118 et
1613 1066 1698 1120 mani·

943 1148 1029 1201 festo:
1044 1157 1074 1200 ut
1086 1162 1135 1215 per
1149 1145 1268 1200 Instant.
1283 1143 1331 1199 38.
1351 1142 1377 1196 Τ
1375 1143 1416 1198 ab.
1432 1143 1460 1198 3.

983 1226 1140 1280 Ostenditur
1163 1227 1245 1279 etiarn
1268 1224 1297 1277 in
1319 1232 1416 1278 natura
1436 1222 1571 1277 contraria
1595 1222 1696 1294 frigidi.

943 1306 1042 1375 Frigus
1060 1306 1134 1359 enim
1155 1321 1234 1359 omne
1253 1319 1351 1373 corpus
1368 1302 1504 1357 contrahit
1524 1310 1553 1356 et
1574 1303 1648 1374 cogit
1667 1303 1698 1358 in

942 1385 1100 1455 angustius3
1122 1385 1190 1438 adeo
1204 1392 1233 1438 ιιι
1247 1398 1295 1451 per
1308 1382 1416 1436 intensa
1429 1382 1532 1452 frigora
1543 1381 1612 1435 clavi
1625 1383 1697 1439 exci-

942 1463 1009 1517 dant
1029 1481 1064 1519 ex
1086 1464 1244 1534 parietibus,
1259 1478 1315 1516 sera
1335 1460 1478 1525 dissiliant,
1493 1461 1593 1516 vitrum
1613 1462 1696 1517 etiam

942 1543 1102 1598 calefactum
1113 1555 1140 1598 et
1150 1543 1240 1596 subito
1253 1540 1372 1611 positum
1385 1541 1413 1595 in
1428 1540 1528 1611 frigido
1537 1540 1655 1595 dissiliat
1668 1550 1697 1596 et

941 1623 1089 1693 frangatur.
1120 1621 1305 1677 Similitera'e‘r
1314 1619 1458 1689 perlevem
1467 1619 1695 1689 infrigidationem

941 1703 1039 1772 recipit
1049 1719 1078 1755 se
1088 1703 1116 1756 in
1126 1702 1282 1773 angustius:
1298 1707 1328 1754 ut
1340 1698 1518 1768 perlustrat.
1530 1699 1577 1754 38.
1590 1697 1655 1754 Tot.
1666 1700 1695 1756 3.

942 1782 1044 1836 Verum
1066 1781 1099 1836 de
1122 1782 1168 1836 his
1185 1781 1272 1835 fusius
1293 1779 1398 1834 dicetur
1415 1779 1445 1832 in
1464 1778 1639 1849 inquisitione
1660 1780 1695 1835 do

940 1860 1052 1931 frigido.

980 1941 1079 2011 Neque
1093 1939 1192 1994 mirum
1206 1943 1256 2004 est,
1267 1938 1291 1993 si
1305 1937 1422 1992 calidum
1436 1943 1464 1991 et
1477 1936 1606 2008 frigidum
1614 1937 1695 1993 edant

941 2019 1093 2089 complures
1125 2019 1246 2072 actiones
1280 2032 1437 2070 communes
1473 2015 1520 2085 (de
1552 2033 1606 2088 quo
1632 2016 1694 2072 ride

940 2097 1062 2153 Instant.
1083 2098 1131 2153 32.
1153 2097 1218 2153 rat.
1240 2095 1285 2166 2.)
1307 2114 1369 2151 cum
1388 2095 1560 2150 inveniantur
1577 2097 1637 2151 dure
1659 2114 1695 2152 ex

941 2179 1119 2249 sequentibus
1132 2178 1297 2250 differentiis
1312 2176 1358 2244 (de
1373 2175 1472 2244 quibus
1484 2192 1550 2230 mox
1560 2176 1694 2247 dicemus)

941 2273 1002 2328 quaa
1029 2265 1187 2327 competunt
1213 2257 1320 2327 utrique
1346 2263 1465 2320 ιιιιιιιιιες
1494 2254 1569 2310 licet·
1585 2256 1615 2310 in
1641 2256 1694 2310 hac

941 2338 1097 2410 differentia
1114 2337 1160 2407 (de
1180 2353 1234 2407 qua
1253 2352 1325 2390 nunc
1345 2333 1493 2405 loquimar)
1507 2335 1627 2390 actiones
1640 2335 1695 2390 siat

940 2433 977 2471 ex
990 2417 1123 2471 diametro
1136 2416 1284 2485 oppositae:
1305 2414 1424 2468 calidum
1443 2414 1516 2469 euim
1530 2414 1577 2469 dat
1591 2421 1695 2470 motum

940 2497 1118 2566 expansivum
1142 2502 1169 2550 et
1192 2495 1358 2558 dilatantem,
1382 2493 1512 2564 frigidum
1535 2500 1626 2550 autem
1646 2495 1695 2549 dat

940 2584 1043 2630 motum
1056 2575 1250 2630 contractirum
1264 2582 1292 2630 et
1305 2577 1457 2628 coeuntem.

63 2735 151 2789 forma
165 2735 259 2789 calidi.
302 2733 485 2805 Atqueetiam
499 2733 545 2788 ubi
558 2731 799 2786 calidumefficitur
813 2749 862 2802 per
900 2733 1025 2790 Secunda
1050 2735 1206 2808 difformis
1234 2740 1276 2787 est
1301 2732 1466 2787 modificatio
1492 2731 1606 2802 prioriss
1633 2733 1694 2787 brec

63 2815 331 2884 approximationem
341 2813 430 2876 calidi,
442 2812 496 2868 hoc
509 2813 600 2881 ipsum
614 2828 668 2865 non
682 2812 712 2865 lit
725 2828 761 2866 ex
775 2812 862 2867 forma

63 2894 162 2958 calidir
184 2895 234 2949 sed
247 2894 357 2948 omnino
370 2892 471 2964 pendet
484 2909 501 2946 a
514 2903 610 2948 natura
624 2891 718 2946 altiore
733 2898 761 2946 et
773 2893 861 2963 magis

63 2975 215 3038 communi;
237 2975 289 3028 via.
310 2990 345 3028 ex
363 2982 461 3028 natura
481 2971 684 3027 assimilationis
698 2971 756 3025 sive
772 2973 861 3027 multi·

62 3053 220 3124 plicationis
243 3055 300 3109 sui:
322 3052 355 3106 de
378 3069 431 3124 qua
451 3052 575 3106 facienda
594 3059 636 3106 est
656 3051 802 3120 separatim
822 3052 861 3106 in·

63 3134 182 3204 qnisitio.

102 3214 140 3267 Δι
158 3213 237 3266 notio
256 3211 330 3282 ignis
349 3211 457 3282 plebeia
475 3219 526 3276 est,
546 3218 574 3264 et
592 3209 664 3264 nihil
677 3210 765 3265 valet:
790 3226 861 3265 conr·

63 3292 151 3361 posits
165 3293 240 3346 enim
255 3298 297 3345 est
318 3308 354 3345 ex
367 3307 506 3354 concursu,
522 3290 569 3360 qui
589 3290 620 3343 ιιι
639 3289 720 3343 calidi
734 3295 762 3343 st
776 3288 860 3344 lucidi

63 3372 90 3424 in
105 3371 201 3443 aliquo
214 3387 346 3440 corpore;
367 3380 397 3425 ut
417 3371 448 3424 in
469 3371 578 3423 ilarnrna
595 3370 740 3432 communi,
755 3386 792 3423 ex
804 3385 860 3424 cor-

62 3452 175 3521 poribus
189 3451 313 3504 accensis
328 3466 412 3521 usque
428 3449 462 3503 sd
476 3449 610 3503 ruborem.

103 3533 222 3585 Remoto
245 3531 337 3601 itaque
359 3529 433 3583 omni
453 3528 599 3599 aequivoco,
621 3526 785 3582 veniendum
802 3528 860 3596 iam

65 3610 175 3665 tandem
185 3617 228 3664 est
239 3609 274 3663 ed
282 3609 452 3681 differentias
460 3625 547 3671 veras,
556 3623 617 3678 quoe
624 3607 742 3662 limitent
749 3615 859 3674 motum,

63 3699 91 3744 et
104 3690 274 3745 constituunt
287 3705 348 3743 eum
363 3688 392 3743 in
405 3687 521 3742 formam
535 3686 626 3741 calidi.
772 3697 774 3703 '

64 3847 155 3904 Prima
168 3849 255 3920 igitur
269 3847 426 3920 differentia
440 3864 474 3901 ea
487 3851 535 3910 εει,
550 3845 621 3916 quod
634 3846 708 3900 calor
721 3845 756 3899 sit
769 3851 859 3900 motus

101 3929 279 3999 expensirus,
298 3943 347 3996 per
372 3944 453 3998 quem
474 3942 572 3995 corpus
595 3925 689 3979 nititur
711 3925 745 3979 ad
765 3923 859 3979 dilata

101 4009 206 4062 tionem
220 4007 271 4070 sui,
286 4014 314 4059 et
326 4005 473 4075 recipiendi
489 4022 519 4059 se
533 4005 561 4059 in
576 4005 707 4072 majorem
721 4002 859 4073 sphaeram

100 4087 157 4141 sire
172 4085 378 4148 dimensionem,
390 4103 472 4157 quarn
486 4086 560 4154 prius
575 4092 761 4155 occupaverat
789 4083 858 4138 Haec

102 4177 192 4221 autem
207 4165 360 4220 differentia
378 4166 497 4219 maxime
517 4163 666 4217 ostenditur
682 4163 712 4215 in
730 4163 856 4225 flammam

101 4247 148 4300 nbi
163 4246 255 4302 fumus
266 4245 323 4299 sire
337 4243 439 4298 halitus
453 4244 563 4315 pinguis
574 4242 718 4296 manifesto
730 4241 858 4295 dilatatur

102 4336 129 4380 et
141 4326 232 4396 aperit
246 4341 276 4378 se
290 4325 318 4378 in
332 4325 477 4377 flammam.

140 4404 301 4459 Ostenditur
315 4405 395 4457 etiarn
409 4403 438 4456 in
454 4402 527 4456 omni
546 4401 651 4472 liquore
666 4401 795 4464 fervente,
811 4400 857 4471 qui

102 4483 249 4537 manifesto
269 4481 431 4546 intumescit,
444 4482 569 4552 insurgit,
585 4488 613 4534 et
634 4480 732 4534 emittit
749 4478 856 4542 bullas3

102 4570 184 4634 atque
217 4569 298 4633 urget
324 4577 481 4632 processum
509 4558 681 4630 expandendi
707 4575 745 4623 se,
772 4558 857 4613 donec

101 4649 223 4698 vertatur
233 4642 261 4695 in
273 4658 371 4710 eorpus
384 4640 464 4711 longe
474 4640 563 4710 magis
574 4648 715 4693 extensum
727 4646 755 4692 et
763 4637 857 4691 dilata·

103 4729 168 4785 tum,
182 4737 265 4792 qoam
284 4720 321 4774 sit
338 4720 397 4790 ipse
418 4720 522 4789 liquor:
544 4719 595 4772 ria.
614 4719 644 4771 in
658 4734 795 4788 vaporem,
810 4725 858 4772 sut

103 4801 214 4862 fumum,
226 4807 274 4853 sut
286 4802 387 4853 aerem.

141 4879 302 4935 ostenditur
323 4879 406 4933 etism
428 4876 547 4932 inomni
568 4876 645 4948 ligno
664 4884 693 4931 et
712 4876 857 4931 combusti·

102 4957 165 5022 bsii3
184 4958 232 5013 ubi
246 4959 277 5012 fit
290 4957 437 5029 aliquando
450 4957 586 5021 exudatio,
601 4964 629 5009 at
641 4972 751 5034 supper
760 4972 857 5026 erapc

102 5039 180 5092 ratio.

141 5117 302 5171 Ostenditru
315 5117 397 5170 etiam
412 5116 440 5169 in
460 5115 654 5185 colliquatione
668 5112 855 5176 metallorum

103 5213 164 5266 qne
178 5199 252 5265 (cum
267 5197 323 5250 sint
334 5196 456 5264 corporis
470 5193 692 5264 compertissimi)
707 5209 762 5247 non
776 5191 856 5247 facile

939 2814 1075 2879 videlicet,
1101 2814 1172 2885 quod
1193 2812 1267 2866 calor
1289 2813 1323 2867 sit
1344 2820 1434 2866 ructus
1454 2813 1618 2880 expansirus
1636 2812 1694 2866 sive

938 2911 1033 2950 versus
1046 2892 1311 2948 circumferentiam:
1332 2891 1384 2946 hac
1405 2890 1466 2963 lege
1481 2897 1579 2956 tamen,
1593 2898 1625 2947 ut
1638 2908 1694 2946 una

939 2975 1040 3029 feratur
1058 2990 1155 3044 corpus
1176 2989 1291 3028 sursum.
1332 2971 1453 3026 Dubium
1476 2971 1548 3025 enim
1569 2986 1624 3025 non
1644 2979 1693 3037 ast,

939 3055 1005 3125 quin
1038 3054 1093 3108 siut
1124 3061 1213 3108 motus
1246 3051 1399 3119 complures
1426 3050 1513 3104 mixti.
1564 3050 1693 3120 Exempli

939 3134 1041 3205 gratia:
1056 3134 1156 3204 sagitta
1166 3143 1212 3187 sut
1219 3129 1354 3202 spiculum
1364 3129 1446 3184 simul
1456 3137 1484 3183 et
1498 3130 1694 3201 progrediendo

938 3221 1017 3276 rotat,
1032 3221 1059 3267 et
1073 3212 1188 3266 rotando
1201 3210 1379 3282 progreditur.
1421 3208 1551 3263 Similiter
1564 3216 1592 3263 et
1605 3218 1694 3264 motus

938 3292 1037 3347 caloris
1050 3291 1131 3347 simul
1145 3301 1187 3347 est
1200 3290 1408 3360 eteapansivus,
1418 3297 1446 3342 et
1460 3288 1526 3342 latio
1538 3288 1567 3342 in
1578 3306 1692 3345 sursum.

979 3373 1047 3426 Haec
1061 3388 1126 3425 vero
1140 3372 1297 3444 drjssrcnts'o
1311 3368 1462 3423 ostenditur
1474 3369 1503 3422 in
1517 3368 1628 3439 forcipe,
1643 3378 1692 3425 ant

937 3451 1038 3506 bacillo
1052 3452 1140 3505 ferreo
1150 3451 1273 3505 immisso
1286 3450 1315 3502 in
1328 3450 1435 3520 ignem:
1451 3447 1516 3518 quia
1529 3447 1552 3501 si
1566 3448 1693 3503 immitta-

938 3538 982 3585 tur
1000 3530 1268 3601 perpendiculariter,
1292 3528 1406 3583 tenendo
1427 3543 1538 3581 manum
1558 3528 1692 3599 superius,

937 3611 993 3664 cito
1013 3627 1124 3665 manum
1146 3609 1251 3675 adurit,
1280 3609 1324 3663 sin
1344 3625 1380 3662 ex
1399 3606 1484 3661 latere
1501 3613 1548 3661 aut
1567 3608 1691 3674 inferius,

937 3691 1048 3744 omnino
1062 3689 1172 3744 tordius.

977 3769 1131 3840 Conspicos
1159 3769 1243 3823 etiam
1270 3774 1312 3822 est
1337 3768 1366 3820 in
1393 3765 1621 3820 distillationibus
1641 3783 1692 3836 per

937 3848 1155 3913 descensorium,
1179 3847 1277 3919 quibua
1294 3853 1404 3901 utuntur
1417 3845 1542 3900 homines
1556 3844 1590 3898 ad
1610 3846 1691 3900 flores

936 3927 1116 3991 delicatiores,
1145 3944 1259 3999 quorum
1287 3927 1384 3980 odores
1410 3924 1490 3979 facile
1517 3933 1690 3980 evanescunt.

936 4007 1011 4061 Nam
1022 4008 1075 4062 hoc
1087 4007 1189 4077 reperit
1203 4004 1341 4067 industria,
1351 4014 1380 4059 ut
1391 4003 1526 4058 collocent
1535 4004 1628 4074 ignem
1635 4021 1691 4059 non

935 4087 1028 4141 subter
1042 4087 1090 4141 sed
1104 4103 1193 4155 supra,
1213 4093 1243 4139 ut
1255 4085 1350 4138 adurat
1363 4084 1462 4137 miuus.
1504 4083 1603 4155 Neque
1618 4085 1691 4140 enim

935 4166 1047 4220 flamma
1064 4172 1170 4220 tantum
1190 4164 1281 4235 vergit
1302 4180 1416 4228 sursum,
1435 4162 1484 4216 sed
1505 4163 1589 4218 etiam
1610 4180 1690 4219 omne

935 4244 1061 4300 calidum.

975 4325 1038 4379 Fiat
1051 4331 1140 4378 antem
1151 4322 1366 4393 experimentum
1379 4320 1462 4390 hujus
1471 4323 1511 4376 rei
1519 4322 1548 4377 in
1556 4325 1691 4379 contraria

935 4412 1032 4457 natura
1051 4403 1159 4473 frigidi;
1178 4404 1230 4455 via.
1255 4410 1343 4455 utrum
1365 4400 1451 4471 frigus
1472 4418 1526 4456 non
1546 4401 1691 4457 contrahat

934 4500 1033 4553 corpus
1042 4481 1229 4537 descendendo
1237 4480 1361 4535 deorsum
1372 4503 1379 4544 t
1392 4482 1618 4551 quemadmodum
1626 4482 1690 4536 cali·

934 4561 1000 4616 ἁιιιιι
1014 4563 1110 4615 dilatat
1127 4577 1223 4629 corpus
1244 4560 1413 4614 ascendendo
1433 4577 1549 4616 sursum.
1593 4562 1688 4633 itaque

934 4641 1116 4697 adhibeantur
1129 4642 1182 4694 duo
1196 4639 1294 4693 bacilla
1306 4639 1400 4704 ferrea,
1411 4639 1454 4694 rel
1465 4641 1519 4695 duo
1532 4642 1589 4696 tubi
1600 4643 1687 4707 vitrei,

935 4721 1025 4792 quoad
1051 4729 1150 4774 catera
1170 4735 1266 4789 pares;
1295 4726 1324 4772 et
1347 4717 1472 4774 calefiant
1493 4720 1636 4783 nonnihit,
1661 4727 1689 4775 et

933 4807 1050 4870 ponstm
1064 4799 1179 4869 spongia
1192 4816 1253 4854 curn
1268 4815 1339 4870 aqua
1353 4798 1461 4869 frigida,
1471 4799 1516 4854 rel
1528 4800 1586 4863 nix,
1596 4801 1689 4855 subter

933 4896 1025 4942 anam,
1044 4887 1072 4932 et
1086 4878 1213 4932 similiter
1227 4895 1309 4948 snper
1328 4877 1451 4933 alteram.
1492 4878 1688 4934 Existimamus

934 4959 1008 5012 enim
1022 4957 1179 5012 celeriorem
1194 4958 1251 5011 fore
1265 4957 1499 5028 refrigerationem
1514 4958 1548 5011 ad
1561 4958 1688 5012 extremi·

933 5044 1003 5091 tates
1013 5037 1041 5091 in
1052 5054 1086 5090 eo
1099 5035 1207 5101 bacillo,
1218 5037 1264 5090 ubi
1278 5037 1328 5091 nix
1341 5038 1449 5107 ponitur
1462 5053 1551 5107 supra,
1562 5053 1643 5107 quarn
1657 5037 1687 5092 in

934 5133 975 5181 eo,
987 5117 1034 5171 ubi
1047 5117 1096 5170 nix
1109 5116 1219 5186 ponitur
1232 5116 1339 5171 subter:
1353 5125 1447 5170 contra
1457 5133 1489 5170 ac
1503 5117 1534 5171 fit
1546 5116 1576 5169 iu
1588 5116 1687 5173 calido.

103 5275 285 5331 intumescunt
308 5284 336 5329 et
359 5290 389 5328 sc
409 5274 539 5328 dilatant:
560 5274 608 5328 sed
632 5281 724 5327 tamen
745 5272 856 5342 spiritus
893 5272 988 5329 Tertia
1009 5276 1165 5348 offerentia
1189 5291 1222 5328 ea
1242 5281 1298 5338 est;
1320 5281 1350 5329 ut
1370 5275 1445 5329 calor
1465 5274 1501 5328 sit
1520 5281 1618 5338 motus,
1632 5290 1687 5329 non

103 5372 203 5418 eornm,
211 5363 357 5425 postquam
367 5353 447 5408 fuerit
460 5354 489 5408 in
500 5370 530 5407 se
540 5353 674 5417 dilatatus,
684 5359 712 5405 et
725 5351 856 5418 majorem

103 5435 171 5488 adeo
183 5434 371 5488 dilatationem
385 5432 559 5502 concupierit,
570 5433 651 5487 tradit
664 5431 746 5502 plane
759 5440 786 5484 et
799 5431 857 5500 agit

106 5523 193 5583 partes
203 5513 352 5569 emanares
362 5513 390 5567 in
399 5511 539 5584 liquidum.
568 5512 644 5574 Quod
655 5512 677 5565 si
692 5511 775 5566 etiam
784 5510 858 5564 calor

933 5357 1099 5424 expansivus
1119 5353 1289 5409 uniformiter
1305 5354 1452 5408 secundum
1471 5360 1564 5418 totum,
1580 5353 1627 5407 sed
1640 5371 1687 5410 ex·

933 5434 1061 5502 pansirus
1071 5450 1120 5505 per
1133 5433 1280 5503 particulas
1290 5434 1408 5488 minores
1418 5432 1554 5501 corporis,
1570 5442 1597 5486 et
1605 5434 1686 5489 simul

933 5512 1078 5580 cohibitus,
1094 5519 1122 5568 ct
1142 5512 1274 5584 repulsus,
1294 5521 1322 5567 et
1341 5510 1545 5581 reverberatam
1568 5512 1638 5570 adeo
1656 5521 1688 5568 ut
