3800 5875
223 316 282 369 652
671 311 899 370 DESCRIPTIO
919 312 1034 369 GLOBI
1057 309 1393 368 laurissensium

224 475 340 528 historia
352 472 582 542 caelestiumque
596 489 632 528 ex
644 471 799 536 Ptolemsro,
813 479 842 526 et
852 471 1012 541 Copemicn
1048 469 1084 524 sd
1096 468 1352 540 contemplationem
1361 467 1511 522 colunum
1521 467 1549 520 in
1557 467 1683 536 physicis
1693 467 1850 521 rationibus

223 563 253 606 st
270 552 436 606 doctioribus
457 552 628 607 astronomica
652 553 826 621 scriptoribus
848 551 966 620 exprimi
986 557 1014 603 et
1049 549 1230 603 collocamus:
1252 564 1301 617 per
1320 548 1449 616 physicas
1462 548 1582 600 rabones
1595 546 1777 616 intelligendo
1790 563 1850 600 non

223 633 283 686 erui
296 632 390 701 possit,
405 631 429 685 si
446 638 532 684 artem
545 630 732 701 experimento
747 629 829 700 plane
842 629 951 700 spolies,
964 629 1012 683 ad·
1049 645 1096 682 ess
1109 645 1171 699 quoe
1185 627 1266 698 vrslgo
1280 643 1340 680 esse
1355 633 1488 697 putantur,
1502 627 1549 679 sed
1570 634 1677 680 tantum
1694 626 1850 678 doctrinam

220 712 324 779 junctis
337 710 420 764 etiam
433 710 612 764 recentiorum
622 710 860 764 observationibus.
901 708 1011 770 Quodsi
1049 709 1121 762 circa
1138 707 1201 760 illos
1221 707 1359 776 appetitus
1378 706 1506 768 materias,
1521 721 1589 775 quos
1609 703 1686 758 nulls
1701 705 1849 775 mgionnm

223 790 267 844 cui
286 791 383 843 mirum
402 788 530 852 rideatur,
551 805 601 842 nos
620 797 696 842 tanto
714 788 806 843 labore
825 794 910 859 purta,
925 796 1011 852 auom,
1049 794 1097 841 aut
1116 786 1236 840 locorum
1256 785 1399 839 diversitas
1417 785 1568 838 distrahere
1587 793 1637 837 ant
1652 784 1848 837 disterminare

223 869 375 932 emendata,
398 885 489 922 rursus
513 867 548 920 ad
574 869 689 938 primam
714 869 888 937 imperitiam,
911 875 939 921 et
960 884 1009 920 nu·
1050 872 1138 935 queat.
1180 866 1279 936 Neque
1293 872 1439 934 propterea
1455 867 1499 930 (ut
1514 862 1549 916 ad
1571 864 1742 933 propositum
1755 880 1849 917 rerer·

223 949 317 1001 darum
332 948 548 1001 observationum
561 947 762 1017 simplicitatem
775 948 911 1003 retrahere
925 946 1010 1011 velle3
1050 946 1149 1010 tamur)
1175 942 1226 999 ulli
1252 943 1402 1015 diligentius
1429 944 1504 1013 parci
1527 941 1660 1005 volumus,
1685 960 1748 1013 quae
1772 943 1849 996 circa

222 1044 274 1081 nos
296 1025 456 1080 veronulla
477 1042 539 1079 cum
563 1026 682 1096 priorum
701 1027 870 1082 inventorum
896 1027 1010 1094 jactura,
1048 1024 1288 1094 pboenomenorum
1310 1023 1432 1092 ipsorum
1451 1022 1603 1076 coelestium
1624 1022 1800 1075 narrationes
1819 1031 1849 1074 et

223 1114 314 1160 tamen
327 1106 409 1176 longe
417 1106 505 1173 maius
517 1121 585 1175 opus
599 1121 754 1170 moremus3
769 1124 857 1177 neque
871 1106 943 1161 enirn
958 1104 1011 1159 cal·
1049 1103 1251 1157 observationes
1264 1102 1351 1172 posuit
1362 1102 1491 1172 impendi.
1531 1102 1606 1155 Nam
1620 1110 1725 1170 quanto
1736 1102 1849 1155 uberior

222 1183 299 1238 culos
312 1193 359 1238 aut
378 1185 567 1255 prndieuones
587 1191 689 1239 tantum
704 1185 871 1251 meditamur,
886 1184 933 1240 scd
950 1184 1011 1255 phi·
1049 1191 1175 1252 suppetat
1187 1182 1409 1252 apparentiamm
1423 1179 1576 1249 huiusmodi
1591 1182 1680 1248 copia,
1696 1188 1773 1234 tauto
1786 1197 1848 1234 om·

223 1263 392 1334 losophiam
407 1280 468 1317 eam
480 1263 591 1327 scilicet,
607 1281 668 1334 qum
681 1264 715 1318 de
729 1266 898 1334 superiorum
914 1280 1010 1333 corpo·
1048 1262 1096 1315 nia
1109 1270 1186 1316 erunt
1200 1270 1226 1314 et
1241 1260 1366 1332 magisin
1383 1269 1507 1330 promptu
1520 1269 1547 1312 et
1561 1259 1691 1314 firmiora
1732 1260 1777 1313 De
1791 1278 1847 1331 quo

222 1360 284 1398 rum
303 1360 356 1397 non
379 1352 455 1397 motu
481 1342 657 1406 solummodo,
681 1344 793 1418 ejusque
816 1343 942 1415 periodis,
964 1343 1012 1397 sed
1049 1350 1194 1411 antequam
1207 1339 1287 1411 plura
1299 1339 1429 1403 dicamus,
1440 1350 1480 1393 est
1493 1338 1573 1409 plane
1589 1339 1663 1409 quod
1677 1338 1847 1409 gratulemur

221 1423 374 1477 substantia
389 1438 495 1493 quoqne
509 1429 537 1475 et
549 1421 702 1476 omnimoda
716 1422 853 1493 qualitate,
867 1430 1010 1495 potestate,
1049 1431 1077 1474 et
1091 1420 1308 1475 mechanicorum
1322 1419 1469 1483 industria,
1481 1429 1508 1472 et
1519 1418 1660 1472 doctorum
1675 1418 1845 1488 quorundam

223 1508 304 1572 atque
336 1502 450 1565 influxu,
477 1500 644 1555 intellectum
676 1501 824 1557 humanum
856 1504 1010 1567 informare,
1049 1499 1190 1554 bominum
1210 1515 1283 1553 curm
1305 1506 1333 1552 et
1353 1498 1495 1559 alacritati.
1515 1497 1588 1568 quod
1604 1498 1664 1566 jam
1685 1514 1776 1567 nuper
1796 1515 1847 1567 per

222 1581 370 1635 secundum
377 1579 497 1635 rationes
505 1579 725 1651 naturalesatque
732 1582 903 1648 indubitatas,
910 1582 1011 1654 absque
1049 1579 1288 1633 instrumentorum
1307 1577 1458 1647 optinorum
1480 1577 1565 1631 veluti
1583 1577 1703 1647 scaphas
1722 1586 1752 1631 et
1772 1578 1846 1630 uari·

222 1659 395 1714 traditionum
416 1661 604 1729 superstitione
626 1668 652 1714 et
671 1658 789 1726 levitate,
809 1663 909 1732 possim
929 1668 1011 1732 atque
1049 1658 1125 1713 culos
1137 1674 1209 1713 nors
1222 1657 1321 1712 tentari
1337 1658 1469 1728 eruperint
1482 1675 1543 1711 cum
1557 1656 1717 1711 coelestibus
1735 1656 1844 1727 pbmoo

221 1754 314 1794 narsus
335 1740 364 1792 in
385 1750 459 1792 motu
479 1739 540 1808 ipso
560 1738 681 1793 invenire
700 1748 780 1811 atque
798 1740 943 1812 explicare,
957 1757 1010 1794 non
1049 1739 1136 1793 menis
1155 1737 1325 1792 commercia
1367 1736 1455 1806 Atque
1474 1734 1527 1789 hoc
1543 1735 1684 1806 inceptum
1705 1745 1732 1789 et
1751 1737 1845 1790 lineet

221 1818 288 1889 quid
300 1818 486 1888 phmnomenis
499 1818 535 1871 sit
547 1826 765 1884 consentaneum,
780 1820 827 1874 sed
842 1820 906 1890 quid
925 1821 954 1875 iu
966 1836 1012 1873 na·
1050 1833 1181 1887 aggressu
1194 1815 1286 1871 nobile
1294 1816 1429 1888 quoddam
1438 1825 1465 1869 et
1478 1815 1601 1870 humano
1614 1832 1718 1886 genere
1731 1816 1844 1887 dignum

221 1907 282 1952 tura
296 1898 404 1966 penitus
412 1907 555 1966 repertum,
564 1906 643 1967 atque
653 1908 714 1952 actu
725 1906 752 1952 et
764 1899 855 1969 reipsa
863 1916 958 1955 renim
968 1899 1011 1953 sit
1050 1912 1110 1950 esse
1118 1896 1321 1951 existimamusc
1330 1912 1365 1949 eo
1372 1896 1460 1966 magis
1471 1894 1543 1965 quod
1553 1894 1712 1962 hujusmodi
1720 1894 1844 1950 homines

223 1975 314 2031 Facile
341 1982 431 2029 autem
459 1975 520 2047 quis
543 1983 641 2041 censat,
666 1984 694 2030 et
714 1994 769 2041 eos,
790 1978 888 2049 quibus
911 1986 1013 2033 terram
1050 1983 1078 2028 et
1091 1991 1158 2030 ausu
1171 1974 1298 2029 laudandi
1317 1977 1372 2029 sint
1385 1982 1413 2028 et
1426 1974 1494 2038 fider
1516 1974 1589 2045 quod
1602 1975 1723 2045 ingenue
1737 1984 1767 2028 et
1786 1992 1844 2044 per·

221 2056 306 2109 rotsri
328 2055 426 2125 placet,
441 2062 469 2107 et
483 2071 530 2109 eos
542 2063 645 2118 contra,
660 2055 706 2125 qni
727 2057 844 2126 primum
862 2057 972 2122 mobile,
986 2065 1013 2112 et
1050 2055 1142 2124 spicue
1156 2062 1353 2125 proposuerunt
1366 2054 1501 2126 quomodo
1518 2054 1628 2125 singula
1650 2053 1706 2108 illis
1720 2056 1843 2109 constite-

222 2142 340 2188 veterem
355 2134 580 2187 constructionem
594 2141 835 2206 censeamusque
855 2138 912 2191 iere
926 2145 955 2191 et
967 2153 1012 2190 sn·
1050 2133 1113 2189 rint.
1141 2134 1269 2204 Superest
1281 2142 1387 2188 rsnmm
1397 2134 1550 2187 constantia
1563 2150 1626 2188 cum
1635 2150 1737 2204 magns
1748 2134 1842 2200 judicii

221 2214 300 2284 cipiti
315 2213 806 2282 phoeuonrenorumadrocationeniti.
847 2215 1011 2278 Quinetille
1050 2214 1200 2278 severitate,
1210 2221 1241 2268 ut
1252 2221 1281 2267 et
1293 2213 1473 2268 iustrumenta
1487 2221 1607 2276 mutent;
1629 2221 1657 2267 et
1670 2213 1781 2268 tendum
1795 2232 1842 2269 un·

221 2309 300 2346 norm
319 2292 526 2346 constructionis
543 2301 634 2347 nostra
653 2299 731 2346 atate
744 2302 844 2359 auctor,
859 2297 905 2366 qui
925 2296 1011 2350 solem
1049 2309 1154 2348 merom
1168 2300 1299 2363 augeant;
1321 2300 1349 2346 et
1361 2290 1477 2362 singula,
1489 2299 1518 2345 et
1531 2309 1606 2362 srepe
1620 2294 1802 2362 experiantur,
1815 2303 1843 2348 ct

221 2370 335 2425 secundi
343 2370 461 2436 mobilis,
471 2372 696 2441 quemadmodum
706 2380 806 2428 terram
815 2375 896 2445 primi
903 2375 1012 2429 mobilis
1050 2373 1133 2436 varie,
1147 2372 1264 2443 denique
1279 2380 1308 2426 ut
1321 2380 1349 2426 et
1362 2371 1415 2425 sibi
1431 2372 1484 2441 ipsi
1499 2372 1640 2439 objiciant,
1653 2380 1681 2426 et
1694 2371 1757 2426 aliia
1770 2384 1842 2442 pate

221 2458 346 2505 centrum
358 2451 506 2517 constituit,
517 2457 550 2505 ut
565 2451 681 2520 planeta
699 2451 730 2506 in
748 2454 866 2525 propriis
879 2455 937 2509 suis
950 2471 1013 2509 con-
1051 2452 1150 2506 sociant
1164 2450 1293 2523 quicquid
1305 2450 1335 2505 in
1347 2451 1510 2506 contrarium
1525 2451 1608 2519 objici
1626 2452 1722 2521 possit,
1730 2458 1757 2505 et
1772 2460 1844 2507 tenn-

221 2529 390 2584 rcrsionibus
414 2531 487 2584 circa
512 2530 598 2584 solem
620 2530 735 2585 choreas
754 2530 851 2587 ducere
872 2533 1013 2589 rideantur
1050 2531 1172 2586 issimnm
1181 2547 1315 2602 quemque
1329 2529 1485 2600 scrupulum
1499 2547 1553 2584 nou
1567 2539 1700 2600 spernant
1706 2554 1714 2595 ς
1728 2547 1764 2586 ue
1777 2532 1844 2586 iorte

223 2608 310 2681 (quod
322 2626 359 2664 ex
371 2609 566 2680 antiquioribus
586 2608 710 2664 nonnulli
723 2610 759 2665 de
772 2611 879 2667 Venere
894 2621 922 2667 et
940 2613 1013 2669 Mer·
1050 2609 1106 2664 illis
1116 2613 1229 2674 eveniat,
1243 2610 1315 2682 quod
1334 2609 1492 2665 Democrito
1505 2617 1533 2663 et
1551 2610 1672 2666 aniculre
1685 2627 1742 2666 sure
1755 2614 1844 2666 ereuit

221 2688 297 2743 curio
321 2689 451 2759 mspicati
474 2691 549 2755 sunt)
571 2690 595 2744 si
621 2690 740 2760 cogitata
762 2690 797 2745 sd
823 2693 928 2747 exitum
955 2709 1013 2762 per-
1050 2691 1122 2745 circs
1135 2691 1202 2746 ficus
1214 2689 1341 2754 mellitas,
1354 2697 1385 2745 ut
1398 2688 1490 2743 vetula
1503 2696 1576 2744 esset
1596 2688 1764 2760 philosopho
1781 2707 1843 2760 pru-

122 2820 124 2823 .
220 2768 351 2832 duxisset,
364 2767 436 2823 belle
450 2768 572 2839 prolecto
590 2786 647 2824 rem
661 2771 792 2825 conficere
807 2771 925 2841 potuisse
938 2772 1011 2827 ride·
1050 2769 1198 2835 dentior,et
1211 2786 1319 2840 maguae
1332 2776 1359 2824 et
1373 2767 1542 2823 admirabilis
1551 2768 1746 2839 specrulatioois
1756 2787 1845 2826 cause

222 2854 276 2902 tur,
318 2847 416 2919 Neque
435 2865 500 2903 vero
517 2848 596 2902 nobis
615 2849 726 2904 dubium
747 2858 796 2914 est,
815 2850 883 2921 quin
903 2858 932 2906 et
950 2851 1013 2907 alise
1050 2848 1175 2904 subesset
1188 2866 1263 2904 error
1275 2848 1411 2920 quispiam
1421 2848 1510 2903 tenuis
1524 2855 1551 2902 et
1565 2848 1706 2904 ridiculus.
1746 2850 1844 2904 Atista

222 2927 378 2997 huiusmodi
392 2927 603 2983 constructiones
614 2928 724 2999 ingenio
737 2935 765 2985 et
779 2930 835 2985 scri
849 2930 1012 3002 cogitatione
1051 2937 1179 3000 tanquam
1199 2928 1305 3000 proeiati
1325 2928 1355 2982 in
1374 2945 1482 2999 genere,
1496 2929 1658 2985 accedamus
1677 2929 1712 2984 sd
1729 2929 1844 3002 descrip

222 3007 373 3062 adinveniri
386 3008 499 3078 possint.
538 3008 636 3079 Neque
650 3007 712 3073 illis,
725 3010 771 3080 qui
784 3010 837 3064 ista
850 3019 1011 3081 proponunt,
1051 3010 1153 3066 tionem
1178 3009 1299 3066 historiar
1320 3006 1470 3064 coelestium
1493 3011 1584 3080 magis
1610 3010 1792 3081 explicatam
1815 3021 1844 3065 ut

222 3088 368 3142 admodum
389 3087 484 3157 placet,
498 3087 565 3151 buc,
580 3106 641 3159 quse
664 3088 805 3153 adducunt,
825 3106 935 3159 prorsum
948 3108 1013 3145 vera
1050 3090 1222 3146 ostendamus
1235 3107 1296 3162 quse
1305 3099 1332 3144 et
1347 3088 1439 3161 qualia
1449 3090 1523 3144 circa
1533 3089 1656 3145 coelestia
1669 3092 1754 3161 queri
1769 3109 1844 3161 opor-

222 3184 291 3232 esse,
306 3167 353 3221 sed
368 3166 552 3221 tantummodo
572 3167 607 3221 sd
627 3169 841 3240 computationes
856 3177 885 3223 et
904 3170 1010 3226 tabulas
1050 3176 1114 3223 teat.
1156 3169 1250 3225 Primo
1263 3169 1346 3241 igitur
1359 3168 1524 3241 quaestiones
1534 3169 1680 3234 naturales,
1692 3179 1737 3224 aut
1748 3172 1843 3225 saltem

221 3245 401 3301 conficiendas
422 3246 560 3301 commode
583 3250 733 3319 supposita.
774 3249 811 3304 At
830 3257 923 3305 nostra
943 3252 1013 3306 ratio
1051 3249 1136 3303 exiis
1149 3247 1300 3313 nonnullas,
1315 3265 1415 3319 easque
1429 3249 1582 3319 precipuas
1595 3265 1795 3320 proponemus:
1808 3253 1842 3304 iis

222 3325 279 3379 olio
299 3334 422 3396 spectate
440 3343 495 3381 uon
515 3327 588 3382 enim
607 3329 835 3394 concinnationes,
850 3348 911 3401 qnae
930 3331 1013 3387 rados
1050 3345 1115 3384 usus
1135 3328 1276 3393 humanos,
1295 3327 1390 3400 quales
1409 3327 1556 3382 verisimile
1575 3337 1617 3383 est
1638 3346 1675 3383 ex
1695 3328 1841 3383 coelestium

222 3421 283 3460 esse
296 3414 417 3476 possunt,
431 3406 478 3460 sed
492 3408 632 3461 veritatem
646 3407 687 3462 rei
706 3409 860 3479 quaerimus,
875 3428 936 3481 quse
950 3411 1012 3465 sirn-
1050 3407 1278 3479 contemplatione
1289 3408 1366 3462 educi
1376 3423 1463 3477 posse,
1473 3408 1647 3475 adjiciemns;
1662 3408 1723 3462 brec
1732 3417 1841 3480 utraque

222 3484 289 3555 plex
311 3494 359 3540 est.
400 3485 443 3539 Ad
468 3485 521 3539 hoc
544 3503 608 3540 vero
633 3486 748 3541 historia
774 3487 1012 3559 phunomenornm
1050 3486 1584 3559 tanquamhistorimscopum,utquibus
1598 3486 1743 3543 historiam
1754 3489 1843 3542 coeles

222 3564 328 3619 sincera
355 3565 426 3619 viam
453 3566 577 3634 aperiret,
604 3566 704 3620 iniecta
730 3567 856 3639 dogmate
883 3569 1012 3624 obstruet
1051 3568 1118 3622 tium
1132 3584 1294 3637 componere
1312 3583 1384 3620 curae
1397 3567 1459 3630 erit,
1473 3568 1564 3619 norint
1585 3567 1651 3636 quid
1669 3577 1774 3638 agatur,
1787 3586 1844 3622 eas·

221 3644 320 3715 Neque
330 3644 398 3700 illud
411 3651 537 3710 tacemus,
547 3661 598 3699 nos
610 3646 640 3699 in
654 3646 706 3700 hac
720 3646 780 3717 ipsa
793 3647 906 3702 historia
919 3649 1012 3704 ooeles·
1051 3665 1103 3717 que
1126 3647 1287 3719 questiones
1307 3661 1363 3700 una
1385 3663 1447 3699 cum
1467 3646 1594 3715 operibus
1616 3645 1672 3700 illis
1694 3655 1723 3700 et
1741 3648 1844 3702 edecus

222 3724 298 3787 tium,
312 3723 347 3777 sd
367 3739 489 3777 normam
506 3731 626 3780 nostram
645 3725 718 3780 iacta
737 3734 766 3780 et
785 3734 921 3797 congesta,
935 3745 1013 3798 spem
1050 3726 1172 3780 habeant
1184 3727 1212 3780 in
1226 3725 1318 3779 animo
1331 3733 1358 3779 et
1371 3725 1539 3789 intueantur3
1561 3724 1632 3779 unde
1646 3725 1730 3781 talem
1742 3728 1844 3782 insutu-

222 3820 271 3872 per
291 3820 320 3857 se
342 3820 441 3873 ponere
457 3803 577 3858 veritatis
590 3804 664 3858 circa
683 3804 805 3859 cmleatia
823 3806 1010 3873 inveniendm;
1050 3814 1098 3860 ant
1112 3815 1139 3860 et
1152 3814 1248 3876 parent
1262 3804 1409 3870 historiam,
1420 3804 1510 3876 qualis
1523 3805 1558 3858 ad
1569 3805 1675 3871 judicia
1689 3805 1843 3876 hujusmodi

222 3882 270 3936 sed
288 3882 479 3953 multomagis
500 3883 529 3937 in
547 3882 733 3939 observatione
747 3887 928 3940 communium
949 3904 1012 3956 pas·
1051 3886 1236 3955 quaestionum,
1256 3891 1284 3939 et
1303 3884 1493 3953 probitionem
1516 3882 1673 3954 hujusmodi
1696 3885 1798 3939 huntus
1817 3893 1845 3939 et

222 3962 329 4015 sionum
343 3970 370 4015 et
387 3961 580 4017 desideriorum
601 3965 720 4019 materiae
741 3964 771 4018 in
788 3972 900 4035 utroque
922 3965 1011 4036 giobo.
1050 3963 1195 4019 utilitatum
1216 3980 1280 4035 erga
1299 3979 1386 4034 genus
1406 3962 1563 4028 humanum,
1577 3965 1614 4018 sit
1631 3966 1842 4021 accommodata.

222 4041 331 4095 Etenim
344 4042 397 4095 ista
411 4041 590 4096 aethereorum
604 4051 631 4096 et
643 4042 829 4098 sublunarium
843 4061 904 4115 qum
916 4053 1012 4113 putan-
1050 4042 1216 4103 Quaestiones
1227 4052 1318 4097 autem
1337 4040 1518 4113 intelligimus
1532 4043 1591 4111 ejus
1607 4044 1724 4114 generis,
1739 4063 1800 4116 qum
1811 4045 1844 4100 de

222 4127 267 4174 tur
279 4120 401 4185 diuortia,
412 4128 565 4176 commenta
578 4122 658 4176 nobis
671 4122 796 4177 videntur
809 4132 836 4178 et
855 4125 1013 4194 superstitio
1050 4121 1122 4177 iacto
1142 4132 1247 4179 naturas
1271 4130 1401 4192 quaerant,
1415 4138 1471 4175 non
1491 4122 1525 4177 de
1546 4126 1646 4178 causis.
1690 4124 1752 4179 Hoc
1772 4125 1844 4179 enim

222 4216 284 4253 cum
312 4201 480 4265 temeritate;
508 4218 568 4255 curn
596 4201 776 4257 certissimum
797 4204 834 4257 sit
859 4202 1012 4272 complures
1051 4202 1166 4271 pertinet
1195 4203 1304 4272 proprie
1331 4201 1366 4255 sd
1393 4200 1543 4256 historiam.
1583 4201 1693 4258 Deinde
1720 4203 1844 4258 distincte

222 4279 341 4343 effectus,
366 4279 449 4333 veluti
474 4280 657 4350 expansionis,
682 4283 879 4346 contractionis,
900 4282 1013 4352 impres·
1051 4280 1403 4352 monstrabimusiuquibus
1417 4279 1843 4338 historiacmlestiumcousistat:

222 4358 317 4422 sionis,
335 4359 472 4423 cessionis,
492 4360 711 4430 congregationis
732 4361 767 4415 ad
787 4378 897 4425 massas,
917 4368 1012 4416 attrac·
1051 4378 1165 4431 quaeque
1184 4361 1243 4429 ejus
1264 4360 1317 4414 sint
1338 4367 1445 4430 partesr
1466 4376 1527 4430 qum
1545 4378 1590 4415 res
1608 4362 1844 4433 apprehendendae

222 4437 315 4500 tionis,
325 4438 481 4501 abactionis,
490 4438 700 4504 assimilationis,
708 4441 824 4504 unionis,
835 4449 861 4494 et
872 4439 1011 4506 similium,
1050 4449 1097 4494 aut
1110 4440 1292 4511 exquirendas,
1307 4457 1368 4510 qum
1389 4440 1575 4509 experimenta
1588 4441 1643 4495 sint
1662 4443 1845 4513 comparanda

222 4532 277 4571 nou
292 4516 379 4572 solum
399 4516 444 4570 hic
459 4518 531 4587 apud
544 4535 602 4583 nos,
618 4520 664 4573 sed
679 4527 707 4572 et
726 4521 755 4573 in
769 4520 885 4591 fastigiis
899 4520 970 4585 coeli,
985 4529 1013 4575 et
1051 4520 1263 4590 etprocuranda,
1278 4536 1339 4591 quae
1353 4518 1553 4573 obseruationes
1567 4519 1844 4593 adhibendmetpen·

222 4596 253 4650 in
265 4595 413 4651 visceribus
427 4603 505 4652 terrm
523 4596 612 4653 locum
632 4598 741 4654 habere.
782 4599 871 4671 Atque
891 4616 946 4654 uon
965 4598 1012 4653 alii
1051 4599 1173 4661 sitands,
1182 4606 1361 4670 proponentes
1376 4605 1504 4668 tauquam
1518 4599 1607 4669 topica
1617 4601 1744 4671 quiedam
1755 4602 1844 4656 indue

222 4676 383 4745 interpretes
396 4676 485 4747 magis
499 4675 545 4730 fidi
567 4678 690 4732 adhiberi
704 4686 753 4732 aut
765 4678 872 4733 consuli
890 4688 1011 4750 possunt,
1051 4679 1113 4742 dra,
1129 4679 1185 4733 sive
1200 4677 1328 4732 articulos
1342 4676 1377 4730 ad
1395 4678 1614 4747 interrogandum
1627 4678 1662 4733 de
1681 4681 1843 4736 coelestibos.

222 4751 252 4810 ui
272 4754 425 4810 intellectus
447 4755 581 4811 humanus
601 4758 682 4812 etad
702 4757 835 4829 profunda
853 4766 939 4823 terrm,
953 4776 1013 4830 quae
1051 4757 1191 4812 Postremo
1211 4756 1398 4827 praecipiemus
1419 4756 1549 4811 nonnulla
1567 4774 1622 4812 nou
1641 4759 1733 4815 solum
1753 4760 1789 4814 de
1806 4776 1843 4822 eo,

222 4836 332 4890 omniuo
344 4851 398 4889 nou
412 4842 563 4900 cernuntur,
577 4844 605 4890 et
618 4838 652 4891 ad
666 4836 721 4891 altu
733 4837 804 4902 coeli,
819 4855 879 4908 qum
898 4837 1013 4907 plerum·
1051 4838 1123 4907 quod
1137 4839 1221 4908 quaeri
1231 4844 1359 4907 oporteat,
1370 4835 1417 4889 sed
1429 4843 1456 4889 et
1469 4835 1502 4889 de
1512 4836 1572 4901 hoc,
1584 4840 1722 4908 quomodo
1732 4840 1844 4911 quaesita

223 4931 275 4984 que
297 4915 430 4969 fallaciter
450 4924 603 4981 cernuntur,
622 4924 752 4986 penetret
794 4916 890 4988 Itaque
911 4917 1012 4986 optime
1051 4916 1170 4971 debeant
1190 4916 1325 4987 pensitari,
1342 4914 1425 4968 etiam
1446 4914 1578 4980 exhiberi,
1597 4925 1681 4989 atque
1702 4919 1734 4973 in
1752 4918 1843 4973 literas

223 4995 335 5065 antiqui,
368 4994 415 5066 qui
443 4994 570 5050 Proteum
597 4994 675 5051 illum
700 4995 902 5060 multiformem,
931 4996 1014 5051 etiam
1051 4996 1154 5061 referri,
1168 5012 1203 5050 ne
1224 4996 1319 5066 primae
1336 4994 1520 5064 inquisitionis
1539 4995 1686 5067 diligentia
1703 5007 1799 5069 peren
1817 4999 1843 5050 in

222 5081 311 5128 ratem
333 5082 375 5129 ter
394 5075 545 5129 maximum
562 5074 644 5129 fuisse
663 5074 826 5140 retulerunt;
847 5074 893 5147 qui
914 5075 1012 5140 futura,
1051 5076 1231 5139 successione,
1241 5083 1295 5138 sut,
1305 5072 1377 5144 quod
1390 5070 1469 5148 pejus
1480 5082 1527 5140 est,
1538 5075 1654 5131 infirmis
1663 5085 1691 5132 et
1704 5077 1844 5132 fallacibus

222 5155 366 5223 praeterita,
378 5162 405 5207 et
415 5152 521 5208 occulta
535 5154 708 5223 presentium
721 5155 851 5210 novisset.
881 5155 955 5209 Nam
967 5156 1013 5226 qui
1051 5155 1136 5208 initiis
1149 5155 1269 5209 nitantur
1283 5168 1441 5224 progressus
1452 5155 1499 5224 qui
1513 5163 1668 5226 sequentur.
1690 5154 1722 5211 ln
1732 5173 1842 5216 summa,

221 5233 343 5288 materias
358 5234 499 5302 passiones
517 5231 666 5287 catholicas
686 5234 769 5298 novit,
783 5241 864 5304 atque
884 5250 934 5303 per
954 5233 1013 5289 haec
1051 5233 1173 5287 dicemus
1188 5241 1215 5287 et
1235 5234 1269 5287 sd
1283 5231 1349 5304 quid
1368 5233 1453 5302 quaeri
1470 5232 1569 5290 debeat
1580 5234 1656 5291 circa
1673 5237 1805 5303 scalada,
1818 5242 1844 5290 et

221 5312 296 5364 norit
309 5312 373 5384 quid
386 5328 446 5366 esse
460 5312 562 5382 possit3
583 5328 637 5365 uon
651 5313 751 5382 poterit
763 5329 817 5367 non
833 5329 913 5368 nosse
931 5313 1014 5366 etiam
1052 5313 1124 5385 quid,
1136 5320 1165 5368 et
1177 5313 1322 5384 quomodo.

222 5389 290 5459 quid
303 5390 391 5453 luerit,
406 5391 472 5462 quid
491 5391 535 5455 sit,
550 5390 656 5462 etquid
674 5392 796 5446 futurum
809 5392 852 5456 sit,
866 5391 1013 5447 secundum

222 5483 342 5523 summas
355 5485 452 5524 rerum.
494 5470 591 5541 Itaque
603 5469 751 5543 plurimum
767 5470 827 5542 spei
848 5478 877 5526 st
892 5471 1014 5541 prmsidii
