3800 5875
223 295 281 351 594
774 296 956 352 HISTORIA
978 297 1077 352 VITAE
1097 296 1145 351 ΕΤ
1165 295 1318 352 moraris

262 457 288 510 3.
312 455 443 520 Flamma,
459 456 483 510 si
496 452 689 525 comprimatur
697 453 821 518 nimium,
836 456 1018 526 extinguiturr
1056 454 1173 510 inhibita
1197 454 1376 525 respiratione
1396 452 1457 508 sisti
1479 460 1581 525 posset,
1604 459 1765 527 sequeretur
1783 472 1850 512 artes

222 543 253 588 ut
265 551 375 589 cernere
389 544 433 590 cat
445 535 474 589 in
488 535 609 598 candela,
624 533 834 605 superimposito
854 536 939 590 vitro:
960 544 1018 589 ete·
1055 534 1140 589 etiam
1153 534 1277 600 celerius,
1291 551 1374 604 quarn
1386 549 1424 587 ex
1436 534 1660 606 strangulatione.

221 616 280 668 nim
294 614 342 668 air
360 632 410 685 per
428 615 546 669 calmem
567 614 697 669 dilatatus
714 614 852 668 contrudit
871 615 1017 679 flammam,
1099 611 1143 673 17.
1165 614 1240 669 Usus
1262 621 1354 668 tamen
1371 621 1401 666 et
1422 615 1590 668 consuetudo
1611 615 1643 668 in
1662 613 1719 668 hac
1739 614 1849 668 actuali

222 710 338 764 eamque
351 695 452 749 minuit
464 700 492 748 et
504 693 654 764 extinguit,
675 710 765 763 neque
778 693 808 746 in
827 694 943 749 caminis
956 711 1018 748 con-
1056 693 1162 747 sctione
1176 693 1364 763 respirationis
1377 692 1504 747 nonnihil
1516 693 1607 759 valetr
1627 694 1704 748 utin
1717 693 1851 749 urinatori

222 772 322 842 cipitur
334 774 451 838 flamma,
466 774 488 827 si
503 773 638 838 materies,
650 772 754 844 absque
768 772 858 843 spatio
871 774 965 845 aliquo
978 773 1018 828 in·
1055 771 1106 825 bus
1129 772 1227 836 Deliis,
1246 781 1275 828 et
1295 772 1479 842 piscatoribus
1495 770 1644 843 perlarum,
1657 775 1710 844 qui
1726 783 1850 845 perpetuo

222 852 340 919 terjecto,
351 852 547 923 compingatur.
1055 866 1106 906 usu
1128 852 1273 922 decuplum
1296 851 1427 921 temporis
1449 852 1485 905 sd
1505 853 1652 907 minimum
1673 853 1795 908 munus
1811 870 1852 908 aa·

261 931 290 985 4.
311 932 401 986 Etiam
413 931 502 1003 ignita
515 930 717 1001 compressione
738 930 948 1000 extinguuntur;
970 947 1017 985 ve·
1055 929 1172 986 heliturn
1189 938 1310 1003 possunt,
1325 930 1471 1002 plusquam
1489 949 1541 1002 pro
1558 932 1799 988 ratimarum
1809 932 1851 987 bo

222 1008 272 1063 luti
291 1011 314 1065 si
334 1011 478 1066 carbonem
498 1010 617 1081 ignitum
637 1009 716 1075 ferro,
741 1017 788 1064 aut
810 1011 888 1080 pede,
912 1009 1018 1066 fortiter
1055 1011 1168 1065 minum

222 1090 392 1160 comprimas,
407 1091 574 1162 extinguitur
588 1089 680 1146 statim
693 1089 774 1160 ignis.
1097 1088 1143 1143 18.
1165 1089 1237 1144 Srmt
1257 1106 1294 1145 ex
1312 1088 1484 1154 animalibus,
1504 1090 1590 1145 etiam
1611 1107 1650 1145 ex
1667 1090 1706 1146 iis
1723 1090 1852 1162 quapri-

261 1168 288 1221 5.
310 1169 347 1224 At
367 1176 399 1225 ut
420 1170 456 1223 ad
467 1168 593 1240 spiritum
610 1169 769 1233 ueniamus3
790 1168 814 1222 ai
835 1168 950 1240 sanguis
970 1177 1018 1233 aut
1054 1184 1149 1224 mones
1159 1168 1270 1234 habent,
1282 1168 1339 1223 alia
1351 1187 1413 1240 qua
1426 1169 1462 1223 ed
1474 1168 1584 1241 longius
1598 1176 1720 1240 tempas,
1731 1170 1787 1223 alis
1798 1188 1852 1241 qm

222 1247 353 1319 phlegma
361 1247 658 1304 irruatinsentriculos
667 1248 779 1313 cerebri,
789 1248 820 1301 fit
829 1264 903 1303 mors
911 1248 1015 1316 subito,
1054 1246 1215 1314 adbrevius,
1224 1248 1374 1303 anhelitum
1383 1248 1512 1303 cohibere
1522 1257 1650 1319 possuutg
1666 1251 1852 1320 proutmsjere

221 1344 284 1381 curu
297 1328 408 1398 spiritus
421 1345 475 1383 non
488 1328 597 1394 habeat,
612 1326 658 1382 ubi
672 1344 702 1382 se
716 1333 830 1382 moveat.
1054 1325 1161 1382 scilicet
1173 1336 1221 1382 sut
1233 1328 1338 1383 minore
1351 1328 1476 1399 indigent
1489 1328 1644 1399 refrigerio.

263 1404 289 1461 6.
311 1406 442 1462 Contuaio
456 1408 539 1462 etiam
552 1407 649 1478 capitis
664 1408 812 1462 vehemens
824 1405 928 1460 inducit
944 1406 1017 1461 subi·
1097 1403 1140 1461 19.
1162 1406 1257 1461 Pisces
1268 1408 1373 1461 minore
1387 1406 1512 1478 indigent
1523 1406 1680 1479 refrigerio,
1695 1424 1781 1479 qaam
1797 1409 1851 1463 aui·

223 1493 281 1538 tam
292 1494 415 1550 mortem,
427 1485 568 1558 spiritibus
581 1488 612 1541 in
625 1485 782 1541 ventriculis
800 1485 904 1540 cerebri
918 1502 1017 1558 angus-
1055 1484 1141 1540 naalia
1153 1488 1308 1541 terrestrias
1329 1487 1455 1557 indigent
1474 1494 1574 1552 umen,
1587 1494 1676 1558 atque
1696 1486 1851 1558 refrigeras·

223 1564 297 1618 tatis.
1054 1574 1097 1618 tur
1118 1582 1168 1635 per
1191 1565 1352 1620 branchias:
1374 1575 1456 1637 atque
1474 1566 1709 1638 quemadmodum
1721 1568 1850 1622 terresbis

262 1641 289 1703 7.
311 1643 412 1714 Opium
439 1652 467 1699 et
493 1643 548 1697 alia
570 1644 708 1698 narcodca
734 1644 847 1699 fortiora
870 1644 1017 1715 coagulant
1053 1646 1146 1698 adrem
1158 1645 1242 1699 nimis
1254 1645 1394 1710 fervidum,
1406 1651 1453 1700 aut
1465 1645 1678 1710 occlusumnon
1692 1646 1800 1713 ferunt3
1817 1648 1850 1700 ita

222 1723 354 1793 spiritum,
370 1740 484 1794 eumque
498 1724 606 1793 privant
615 1732 698 1777 motu.
1053 1731 1082 1777 et
1093 1723 1184 1794 pisces
1197 1724 1227 1778 in
1240 1740 1318 1795 equs,
1332 1724 1421 1797 glacie
1440 1725 1559 1781 totaliter
1571 1733 1600 1781 et
1613 1725 1722 1782 diutius
1734 1743 1848 1798 ooope-

261 1800 288 1856 8.
310 1803 404 1873 Vapor
415 1810 571 1867 venenatus,
585 1802 693 1872 spiritui
710 1802 828 1856 totaliter
846 1803 963 1868 odiosus,
976 1803 1017 1858 in-
1054 1808 1091 1867 ta,
1105 1803 1279 1858 suffocantur.
1883 1867 1884 1872 ἵ

222 1881 274 1935 sert
291 1889 407 1936 mortem
424 1882 550 1946 subitam,
564 1889 595 1936 ut
610 1882 641 1935 in
653 1880 766 1936 venenis
779 1882 935 1948 mortiferis,
955 1900 1016 1954 quie
1093 1882 1141 1936 20.
1162 1883 1193 1937 si
1205 1883 1318 1953 spiritus
1330 1883 1462 1938 insultum
1476 1884 1598 1955 patiatur
1618 1884 1657 1939 ab
1677 1884 1738 1939 alio
1757 1884 1849 1948 cdere
1883 1885 1884 1950 g

222 1970 368 2031 operantur
387 1977 437 2032 per
452 1960 651 2032 malignitatem
671 1962 715 2032 (ut
734 1958 893 2031 loquuntur)
907 1962 1015 2032 specifi-
1054 1961 1165 2032 proprio
1182 1962 1264 2035 longe
1279 1963 1492 2028 vehementiore,
1505 1963 1656 2034 dissipetur
1676 1972 1708 2019 et
1728 1964 1849 2034 perditur.
1883 1979 1884 1984 ¹

221 2056 300 2105 cam3
331 2041 426 2094 incutit
445 2040 519 2094 enim
542 2039 680 2094 fastidium
703 2040 821 2110 spiritui,
844 2049 874 2095 ut
897 2042 1016 2113 amplius
1055 2041 1084 2095 Si
1098 2042 1173 2095 enim
1185 2041 1325 2112 proprium
1339 2043 1458 2097 calorem
1471 2059 1526 2097 non
1540 2043 1678 2098 sustineat
1695 2044 1848 2115 slrsqnere·

222 2136 337 2182 movere,
352 2128 399 2173 aut
412 2120 453 2175 rei
467 2129 523 2173 tam
536 2119 655 2174 inimicae
668 2136 816 2184 occurrere,
829 2120 907 2175 nolit
1054 2120 1174 2192 trigetio,
1187 2121 1274 2176 multo
1288 2123 1378 2176 minus
1398 2120 1520 2177 alienum
1537 2123 1722 2178 intensiorem
1741 2123 1847 2178 tdsrsm

262 2197 290 2252 9.
312 2198 404 2252 Etiam
424 2208 547 2253 extrema
566 2198 690 2263 ebrietas,
704 2205 751 2253 aut
763 2199 882 2269 craprrla,
897 2200 1016 2272 quando
1054 2207 1161 2270 potest3
1182 2200 1211 2255 id
1224 2202 1343 2256 cernitur
1353 2202 1383 2255 in
1396 2201 1521 2257 febribus
1533 2201 1704 2268 udentihrs,
1725 2202 1849 2258 ubicalor

222 2294 275 2347 que
289 2277 408 2331 inferunt
420 2287 536 2333 mortem
546 2278 679 2342 subitam
693 2295 756 2332 curn
770 2278 880 2349 spiritus
893 2288 1016 2335 nontam
1054 2278 1200 2334 humorum
1218 2281 1432 2351 putrefactorum
1451 2280 1571 2336 calorem
1591 2282 1721 2338 natirnan
1738 2292 1849 2354 superat,

222 2356 353 2411 densitate
367 2364 415 2410 aut
427 2357 596 2430 malignitate
606 2358 723 2428 saporis,
739 2356 787 2432 (ut
799 2358 828 2413 in
842 2360 906 2429 opio
925 2369 955 2414 et
969 2377 1016 2415 vc·
1054 2375 1142 2430 usque
1155 2359 1191 2414 ad
1201 2360 1393 2414 extinctionem
1408 2360 1465 2415 aive
1479 2361 1702 2432 dissipationem

221 2435 299 2491 nenis
312 2434 464 2511 malignis)
479 2453 561 2510 quam
574 2437 636 2509 ipsa
647 2438 727 2507 copis
739 2436 877 2493 obruatur.
1096 2439 1145 2493 21.
1167 2439 1263 2494 Somni
1275 2456 1382 2511 quoque
1396 2439 1550 2511 indigentia
1563 2447 1593 2495 et
1611 2457 1680 2495 usus
1693 2441 1808 2496 refertrrr
1817 2440 1850 2494 ad
1883 2491 1884 2510 ,

264 2516 308 2570 10.
328 2515 475 2571 Extremus
484 2533 584 2572 nroeror
593 2525 622 2571 et
631 2524 728 2582 metus,
739 2517 891 2587 praesertim
902 2517 1014 2583 subitus,
1055 2517 1238 2589 refrigerium.
1292 2519 1384 2574 Motus
1419 2520 1494 2574 enim
1520 2520 1649 2591 spiritum
1680 2528 1804 2576 attenua
1825 2529 1850 2575 ct

222 2592 269 2668 (ut
291 2596 322 2648 fir
344 2595 373 2648 in
395 2596 496 2651 nuncio
515 2597 589 2651 melo
610 2603 638 2652 et
659 2592 833 2670 impruden)
854 2596 1016 2669 quandoque
1054 2597 1356 2664 rarefsoitetcaloreru
1371 2599 1431 2667 ejus
1444 2600 1518 2653 acuit
1530 2599 1703 2655 etintendit
1739 2601 1849 2655 amna

221 2675 288 2728 dant
298 2675 547 2731 aubitanrmortem.
1054 2685 1154 2742 eontra,
1168 2686 1271 2732 rnoturn
1284 2678 1478 2734 etdiscnrsunr
1491 2679 1550 2748 ejus
1564 2678 1848 2751 sedateteompesrit.
1883 2701 1884 2752 4

125 2818 126 2821 Ἴ
264 2753 307 2807 11.
330 2754 366 2809 At
384 2771 439 2809 non
460 2755 549 2810 solum
569 2755 656 2810 nimia
675 2756 849 2826 compressio,
864 2756 1016 2812 sedetiam
1054 2756 1115 2811 Etsi
1137 2758 1212 2812 eninr
1232 2774 1342 2813 somnus
1364 2754 1486 2813 actiones
1509 2759 1630 2830 partium
1656 2767 1690 2814 st
1711 2761 1847 2831 spirituum

221 2834 307 2887 nimia
320 2832 443 2888 dilatatio
455 2835 575 2905 spiritus,
589 2833 739 2890 mortifera.
1054 2836 1235 2901 mortualium,
1249 2845 1278 2890 et
1298 2854 1406 2892 omnem
1425 2846 1530 2893 motum
1550 2838 1586 2893 sd
1604 2839 1848 2894 εὶιειιιιιίειειιιιειι
1883 2851 1884 2914 1

264 2914 307 2968 12.
330 2914 437 2969 Gaudia
457 2914 581 2987 ingentia
600 2922 629 2970 et
646 2914 789 2986 repentina
802 2915 957 2987 complures
970 2933 1017 2973 ex·
1053 2917 1175 2987 corporis
1198 2916 1305 2972 roboret
1324 2924 1352 2971 et
1372 2925 1546 2989 promoreat;
1567 2925 1661 2973 tamen
1679 2926 1849 2990 motumpro·

221 2995 385 3049 animarunt.
1053 2996 1144 3066 prium
1158 2997 1271 3068 spiritus
1283 2997 1336 3051 visi
1352 3014 1453 3068 magna
1463 3015 1499 3052 ex
1512 2999 1730 3070 parteconsopit
1743 3005 1773 3052 et
1782 3006 1849 3053 nsu-
1883 3000 1884 3021 ¹

263 3072 309 3127 13.
330 3074 363 3126 In
376 3074 484 3145 magnis
497 3073 725 3141 ekuahonibus,
740 3073 835 3146 quales
851 3075 921 3130 finnt
932 3076 963 3130 in
976 3092 1017 3131 se·
1054 3075 1160 3146 quillat
1201 3075 1356 3131 Atsomnns
1367 3075 1530 3148 regulariter
1539 3077 1628 3132 semel
1637 3078 1759 3133 infra24
1772 3077 1848 3132 boras

220 3152 314 3206 candia
327 3152 493 3224 hydropicis,
503 3153 666 3209 exeuntibus
678 3153 821 3208 confertim
833 3155 927 3226 squis;
948 3155 1017 3210 mul·
1053 3163 1157 3210 naturae
1169 3154 1296 3211 humanm
1309 3156 1429 3221 debetrrr,
1445 3156 1527 3228 idque
1548 3156 1583 3211 ad
1596 3174 1649 3212 sex
1663 3165 1712 3211 ant
1733 3159 1849 3228 quiaqae

221 3239 250 3286 to
259 3232 348 3303 magis
361 3232 558 3304 iningentibus
567 3232 750 3302 strepentinis
759 3234 1017 3306 profluviissangui·
1054 3234 1136 3289 boras
1150 3235 1185 3289 sd
1197 3235 1357 3300 minimum
1379 3234 1444 3289 licet
1462 3235 1520 3291 sint
1540 3235 1625 3291 etiam
1646 3236 1678 3291 in
1699 3237 1754 3292 hae
1774 3245 1848 3307 parts
1883 3278 1884 3281 ,

220 3311 273 3376 nia,
287 3312 410 3382 sequitur
423 3313 522 3383 sepius
535 3328 608 3367 mors
622 3311 726 3377 aubita3
747 3313 829 3384 idque
843 3330 893 3384 per
913 3331 1017 3370 meram
1054 3315 1214 3387 quandoque
1228 3321 1330 3369 naturis
1343 3314 1489 3378 ιιιίιεειιΙιις
1509 3323 1541 3370 ut
1561 3316 1680 3370 refertur
1698 3317 1734 3371 de
1753 3316 1848 3370 blm·

221 3390 316 3461 fugam
329 3392 407 3445 vacui
423 3393 454 3445 in
474 3408 595 3462 corpore,
609 3392 736 3447 omnibus
756 3393 861 3446 affatim
881 3394 1015 3448 morenti-
1054 3399 1126 3459 nate,
1144 3394 1218 3465 quod
1235 3393 1320 3465 longo
1338 3401 1460 3464 ternpore
1473 3402 1538 3449 ante
1551 3395 1659 3449 obitum
1672 3412 1729 3449 nou
1742 3395 1849 3450 damn

221 3470 272 3524 bus
292 3470 328 3524 ad
350 3471 439 3542 spatia
458 3470 605 3542 implenda,
625 3489 686 3543 qure
704 3471 911 3527 exinaniuntur:
933 3480 1015 3545 atque
1054 3482 1105 3527 set.
1147 3474 1239 3545 Atque
1253 3473 1286 3527 de
1300 3473 1451 3545 indigentia
1464 3473 1850 3546 refrigeriiadspiritnrnam·

220 3549 292 3603 inter
305 3548 360 3604 alia
373 3552 470 3621 spiritu
482 3552 561 3621 ipso:
580 3567 645 3605 nam
659 3552 749 3622 quoad
762 3552 895 3621 profluvia
908 3554 1016 3625 sangui·
1054 3552 1214 3607 arvandum
1228 3551 1288 3608 bac
1301 3552 1432 3625 inquisita
1444 3553 1507 3608 sint.

220 3629 265 3685 nis
288 3630 414 3693 tardiora,
435 3647 479 3684 res
500 3637 605 3701 spectat
624 3629 661 3684 ad
683 3630 863 3701 indigentiam
882 3633 1015 3698 alhnenti,
1093 3632 1140 3687 22.
1160 3632 1239 3693 Quod
1260 3648 1326 3686 vero
1349 3632 1384 3686 sd
1409 3632 1519 3687 tertiam
1540 3631 1726 3703 indigentiam
1748 3631 1849 3697 affluet

220 3725 275 3763 non
296 3709 330 3762 ad
350 3710 515 3764 reruaoncm
533 3708 653 3780 spiritus.
693 3710 784 3780 Atque
801 3709 836 3765 de
848 3720 923 3767 motu
938 3712 1016 3783 spiri·
1054 3710 1189 3784 (alimenti
1203 3710 1442 3780 scilicet)ridetur
1450 3711 1502 3766 ius
1512 3711 1549 3765 ad
1562 3719 1657 3782 partes
1667 3712 1849 3783 potiusquam

220 3795 271 3852 tus,
286 3788 314 3843 in
328 3788 490 3843 tantrrnrrel
504 3805 669 3860 compresso,
682 3788 727 3844 sel
740 3789 835 3856 effuso,
849 3799 881 3845 ut
899 3800 1016 3848 mortem
1053 3790 1228 3861 adspiritom
1239 3789 1330 3845 rivum
1344 3791 1491 3862 pertinere.
1532 3790 1713 3847 Facsscenim
1722 3792 1849 3862 quiscre·

221 3866 328 3934 inierat,
343 3866 403 3923 hac
417 3869 550 3941 inquisita
562 3875 632 3923 sunt.
1053 3868 1107 3935 dat,
1121 3870 1246 3940 spiritum
1258 3869 1349 3925 vivum
1362 3870 1508 3926 subsistere
1521 3870 1552 3926 in
1570 3871 1721 3935 identitate,
1735 3888 1790 3925 non
1802 3887 1850 3941 prr

264 3948 307 4002 14.
329 3947 545 4003 Veniendumed
556 3947 736 4020 indigentiam
745 3946 892 4019 refrigerii.
931 3948 1015 4004 Cohi·
1053 3950 1251 4004 successiouem
1265 3957 1313 4004 aut
1325 3950 1536 4005 mancationem.
1575 3948 1670 4022 Atque
1691 3950 1779 4021 quoad
1790 3951 1847 4004 ani·

220 4024 290 4080 bitio
303 4027 490 4099 respirationis
503 4034 620 4082 mortem
632 4026 715 4082 infert
735 4027 860 4092 subitam,
874 4028 947 4083 utin
960 4045 1017 4083 onr-
1053 4045 1127 4083 maru
1148 4029 1310 4084 rationalem
1328 4028 1358 4083 in
1378 4028 1498 4093 homine,
1516 4036 1592 4085 certo
1612 4030 1714 4085 certius
1727 4037 1778 4095 est,
1790 4046 1849 4085 eam

220 4104 249 4159 ni
271 4105 446 4162 suffocatione
467 4115 515 4161 aut
532 4106 756 4177 strangtdatione.
804 4107 903 4179 Neque
924 4116 1016 4164 tamen
1053 4124 1104 4162 nec
1118 4124 1154 4162 ex
1168 4108 1277 4163 traduce
1291 4124 1422 4174 essenos
1433 4109 1624 4179 reparari,nec
1638 4110 1761 4165 interire.
1796 4108 1848 4163 Lo

221 4183 326 4237 videtur
346 4200 391 4238 res
412 4186 508 4241 referri
528 4186 627 4241 debere
650 4192 706 4240 tam
733 4186 768 4240 ad
790 4185 1015 4256 impedimentum
1054 4194 1173 4257 quantur
1185 4188 1219 4242 de
1240 4186 1339 4258 spiritu
1353 4187 1469 4242 naharali
1483 4187 1654 4255 animalium,
1668 4196 1751 4261 atque
1768 4190 1849 4243 etiam

221 4269 317 4327 motus,
333 4280 415 4333 quarn
429 4265 697 4336 adimpcdimentum
710 4266 862 4336 refrigeriir
882 4267 948 4338 quia
967 4267 1016 4323 aiis
1054 4266 1254 4338 vegetabilium,
1268 4266 1315 4337 qui
1328 4267 1364 4320 ab
1383 4266 1433 4320 illa
1445 4267 1531 4321 altera
1552 4267 1737 4323 essentialiter
1754 4275 1781 4323 et
1799 4269 1849 4322 for·

220 4341 303 4395 nimis
316 4342 427 4408 calidus,
440 4343 506 4398 licet
518 4344 604 4400 libere
618 4350 754 4409 attractus,
764 4360 820 4399 non
833 4345 922 4400 minus
935 4347 1016 4401 suffe
1053 4345 1161 4401 maliter
1174 4346 1280 4411 differt3
1302 4362 1338 4400 ex
1358 4345 1456 4401 horum
1475 4346 1549 4401 enirn
1564 4346 1725 4403 confusione
1743 4356 1850 4403 metesa

220 4426 276 4485 cat,
290 4437 372 4491 quarn
389 4422 413 4475 si
426 4422 582 4479 inhibeatur
594 4424 753 4493 respiratio;
774 4431 805 4479 ut
817 4425 850 4478 fit
862 4425 891 4479 in
904 4425 947 4490 iis,
968 4426 1015 4497 qui
1053 4425 1197 4496 psychosis
1217 4425 1274 4491 illa,
1287 4433 1316 4479 et
1334 4425 1478 4481 innumera
1499 4432 1556 4480 tarn
1574 4426 1759 4494 ethnicorum,
1771 4444 1849 4499 qussi

221 4500 346 4553 suffocati
359 4500 505 4571 aliquando
517 4512 580 4557 sunt
593 4520 630 4559 ex
643 4503 805 4558 carbonibus
825 4503 953 4571 incensis,
967 4512 1015 4560 sut
1053 4504 1252 4571 hereticorum,
1265 4512 1420 4559 commenta
1430 4514 1599 4560 emanarunt

220 4577 457 4645 lithanthrscibus,
481 4589 529 4637 aut
552 4582 703 4653 parietibus
725 4590 851 4638 recenter
873 4583 1015 4650 dealbatis,
1092 4584 1142 4638 23.
1164 4584 1375 4655 Renovatioper
1388 4583 1546 4641 alimentum
1558 4585 1589 4639 in
1602 4600 1721 4655 corpore
1733 4584 1850 4640 harnam

219 4658 250 4711 in
263 4658 395 4713 cubiculis
409 4657 516 4725 clausis,
526 4661 592 4732 igne
606 4661 688 4716 etiam
698 4677 828 4718 accenso:
843 4663 916 4735 quod
929 4680 1015 4735 genus
1053 4663 1215 4735 regulariter
1234 4663 1351 4735 singulis
1370 4664 1467 4719 diebus
1485 4664 1644 4737 requiritur.
1685 4664 1849 4720 'l'ridunnrn

220 4738 315 4791 mortis
332 4738 446 4792 traditur
466 4738 549 4793 fuisse
569 4740 742 4811 imperatoris
765 4740 913 4798 loriniani.
959 4744 1016 4799 Aut
1053 4753 1144 4799 autem
1160 4740 1294 4813 jejunium
1309 4743 1384 4798 sanis
1403 4743 1452 4799 six
1464 4742 1610 4798 toleratur:
1630 4759 1701 4799 usus
1719 4752 1812 4799 tamen
1824 4752 1850 4798 et

221 4816 303 4870 etiarn
317 4834 353 4871 ex
367 4815 473 4872 balneis
483 4818 564 4873 siccis
577 4819 807 4890 supercalefactis,
818 4822 890 4893 quod
903 4838 1017 4893 usurpa-
1052 4823 1225 4888 consuetudo,
1243 4822 1328 4877 etiarn
1339 4822 1370 4877 in
1384 4822 1437 4877 hac
1451 4830 1535 4893 parte,
1549 4821 1625 4877 hand
1646 4839 1748 4893 parum
1761 4822 1847 4877 sala:

220 4903 277 4950 turn
291 4896 344 4951 fuit
356 4897 385 4951 in
396 4912 462 4951 nece
476 4897 593 4963 Fausta,
607 4899 779 4954 Constantini
798 4900 896 4972 Magni
910 4901 1014 4958 uxoris.
1053 4909 1082 4956 at
1107 4903 1202 4958 morbo
1226 4902 1417 4973 languentibus
1443 4902 1536 4957 inedia
1561 4901 1655 4956 mnus
1683 4904 1779 4974 granis
1800 4912 1847 4957 est.

263 4974 308 5030 15.
329 4976 416 5030 Valde
429 4975 560 5046 pusillum
572 4985 615 5032 est
627 4984 743 5050 tempus,
755 4996 809 5049 quo
822 4988 920 5035 natura
932 4981 1016 5036 arrhe-
1053 4982 1145 5036 Etiam
1163 4998 1275 5038 somnus
1292 4980 1488 5036 alimentationi
1506 4979 1635 5035 nonnihil
1655 4990 1745 5051 parat,
1760 4999 1849 5054 qm·

219 5053 298 5109 litum
312 5057 417 5126 repetit,
428 5062 510 5126 atque
521 5055 623 5126 expelli
634 5057 777 5128 tirliginenr
787 5059 860 5114 aeris
872 5060 902 5114 in
913 5061 1017 5131 pulmo-
1054 5061 1199 5117 admodum
1221 5068 1316 5115 conns
1335 5061 1495 5115 exercitatio
1518 5076 1580 5115 eam
1597 5059 1735 5132 efflagitat
1753 5062 1848 5132 magis.
1883 5054 1884 5133 1

219 5149 269 5187 nes
282 5136 394 5202 attracti,
409 5141 437 5189 et
454 5142 590 5190 recentem
611 5135 780 5210 introrecipi
798 5138 948 5203 desiderst;
968 5140 1017 5196 vix
1055 5141 1162 5195 Inventi
1183 5141 1266 5194 etiarn
1287 5147 1350 5195 sunt
1373 5140 1434 5209 (sed
1452 5141 1527 5207 raro)
1547 5138 1643 5210 aliqui,
1662 5140 1720 5211 qni,
1734 5141 1849 5212 quodam
1883 5138 1884 5215 1

220 5221 291 5267 certe
301 5213 336 5266 ad
350 5216 458 5269 tertiam
468 5223 574 5285 partem
588 5213 706 5270 minute.
1053 5228 1158 5276 nutura
1172 5219 1311 5284 miraculo,
1326 5219 1385 5274 sine
1405 5218 1468 5274 cibo
1480 5226 1509 5274 et
1521 5224 1589 5291 potu
1608 5218 1647 5273 ad
1666 5227 1776 5291 tempas
1796 5235 1850 5274 nun

263 5291 308 5346 16.
330 5293 435 5348 Rursus
460 5293 555 5364 pulsus
579 5292 739 5348 arteriarum
761 5302 789 5350 et
808 5303 897 5352 motus
917 5298 1014 5364 cordis,
1054 5300 1189 5355 mediocre
1202 5298 1339 5354 vixerunt.

220 5370 335 5436 systoles
348 5378 376 5426 et
388 5373 523 5437 diastoles,
539 5371 621 5443 triplo
633 5371 750 5429 velocior
760 5392 843 5445 quarn
856 5377 1014 5447 respirati03
1093 5380 1141 5433 24.
1162 5378 1284 5448 Corpora
1297 5384 1410 5442 mortus,
1424 5377 1448 5431 si
1468 5393 1523 5431 non
1544 5376 1756 5448 intercipiantur
1768 5393 1785 5430 a
1798 5393 1849 5447 pn·

220 5447 288 5501 adco
301 5456 337 5512 ut,
353 5452 375 5504 si
390 5452 448 5505 ficri
463 5461 560 5523 posset,
571 5459 602 5506 ut
614 5450 661 5507 ille
672 5459 761 5508 motus
774 5455 803 5509 in
817 5455 897 5509 corde
911 5456 1015 5528 absque
1054 5456 1340 5526 tredine,diutiussine
1349 5456 1464 5512 notabili
1478 5456 1670 5527 absumptione
1683 5456 1847 5511 rubdncnu
1883 5526 1884 5529 Ἴ
