3800 5875
66 291 131 351 Lis.
148 292 188 350 ll.
701 292 841 350 NOVUM
862 293 1062 349 ORGANUM.
1634 292 1692 354 497

65 453 136 508 bene
144 451 246 515 locata,
257 456 286 506 et
300 457 454 507 tamennon
468 466 578 521 prorsus
592 452 665 507 male
679 468 709 506 se
723 452 863 518 habentia,
901 448 1342 524 etminoraspatia)talsamesse.
1381 452 1432 508 Est
1445 453 1517 507 enim
1530 451 1693 523 planepticn

65 540 203 602 perpetuo
211 530 571 601 trepidantctirrequietese
579 538 729 600 agrmt,nec
737 539 808 587 statu
816 549 865 587 suo
901 534 1022 585 materiae
1031 532 1220 603 complicantis
1230 540 1257 587 et
1266 531 1458 603 replicantisse
1468 533 1613 602 perspatia
1622 532 1692 586 inter

64 619 206 674 contenta,
221 626 271 664 nec
285 609 400 663 ulterius
413 625 481 663 ausa
493 611 630 681 progredi.
671 610 747 665 Talis
760 612 865 666 inveni·
901 618 989 665 certos
1010 611 1077 664 fines
1097 610 1197 681 absque
1213 611 1415 682 interpositione
1428 612 1523 666 vacui:
1543 628 1632 681 neque
1650 618 1693 665 est

65 697 110 744 tur
123 697 217 743 motus
231 689 260 743 in
270 689 350 743 corde
359 696 386 743 et
394 687 518 758 pulsibus
526 688 700 753 animalium
715 698 743 744 et
752 707 863 744 necesse
901 690 930 743 iu
951 692 1023 752 aire,
1045 706 1081 744 ex
1096 706 1188 754 vacuo,
1207 690 1250 743 bis
1272 688 1372 745 millies
1390 688 1512 763 (tantum
1536 690 1610 744 enim
1632 706 1691 745 esse

65 776 152 823 estut
167 768 386 822 sitinomnibus
406 768 571 837 corporibus,
586 785 646 840 qum
662 775 733 822 statu
747 769 863 840 ancipiti
901 764 1021 842 oportet)
1035 768 1097 838 plus
1115 786 1195 840 qnam
1208 769 1238 821 in
1252 786 1325 825 auro.
1368 768 1399 823 ld
1417 769 1490 840 quod
1506 786 1542 824 ex
1559 770 1690 839 potentis·

65 848 107 900 ita
118 846 224 917 degunt
234 848 304 902 inter
312 846 489 903 commodaet
502 847 680 911 incommoda,
691 854 722 901 nt
735 847 864 902 distracta
901 847 978 902 simis
986 864 1128 917 corporum
1136 848 1368 917 pneumaticorum
1377 848 1519 902 virtutibus
1525 845 1603 921 (qum
1611 848 1692 901 aliter

65 925 185 981 liberare
204 942 234 980 se
249 933 359 991 tentent,
373 932 401 980 et
420 926 509 979 denuo
526 925 662 997 repulsam
678 928 821 997 patiantur,
836 934 864 981 et
901 932 1030 996 tanquam
1043 926 1169 996 pulveres
1182 926 1278 980 minuti
1288 934 1412 981 natarent
1424 927 1452 980 in
1466 922 1568 999 vacuo)
1580 934 1608 981 et
1620 927 1690 980 mul·

66 1013 158 1060 tamen
172 1014 306 1076 perpetuo
316 1005 497 1075 experiantur.
901 1006 936 1058 tis
949 1004 1010 1058 aliis
1020 1005 1300 1069 demonstrationibus,
1311 1006 1391 1061 nobis
1401 1004 1467 1059 satis
1481 1006 1575 1076 liquet.
1617 1005 1690 1060 Reli·

107 1085 150 1140 Sit
163 1092 254 1138 motus
267 1084 387 1139 decimus
400 1100 487 1137 nonus
501 1090 528 1137 ct
541 1088 700 1152 postremus,
714 1090 803 1138 motus
815 1084 862 1138 ille
901 1083 1025 1154 quivero
1045 1094 1131 1138 motus
1145 1092 1244 1154 regunt
1255 1092 1283 1138 et
1295 1092 1423 1156 reguntur
1441 1084 1565 1148 invicem,
1582 1100 1632 1153 pro
1644 1102 1689 1138 ra·

67 1164 111 1219 eni
124 1164 175 1217 six
196 1180 296 1218 nomen
315 1170 404 1217 motus
421 1162 558 1232 competit,
571 1168 600 1216 et
615 1169 705 1216 tamen
719 1170 761 1217 est
780 1163 862 1234 plane
900 1162 1019 1216 tionibus
1039 1162 1151 1234 vigoris,
1176 1164 1276 1233 quanti,
1299 1162 1470 1226 incitationis,
1494 1162 1688 1231 ejaculationis,

66 1252 176 1297 motus:
198 1259 280 1312 quem
296 1249 406 1305 motum,
420 1250 516 1295 nonen
529 1242 677 1305 decutitur,
691 1242 750 1296 sive
767 1252 863 1296 notun
899 1257 1005 1296 necnon
1017 1249 1073 1296 tum
1094 1242 1264 1306 auxiliorum,
1279 1249 1335 1297 tum
1354 1242 1613 1313 impedimentorum,
1628 1260 1688 1314 quae

67 1323 247 1376 enimenta
267 1330 359 1386 notus,
372 1337 470 1375 vocare
490 1319 563 1375 licet.
603 1319 658 1374 Per
674 1320 747 1375 hunc
760 1331 861 1375 motum
899 1328 1048 1374 occurrtmt.

67 1408 140 1455 terra
151 1408 209 1455 stat
222 1399 293 1454 mole
311 1399 550 1465 commoventibus
565 1416 594 1453 se
615 1400 745 1454 extremis
763 1400 820 1454 suis
833 1402 860 1454 in
939 1399 1066 1470 Exempli
1080 1399 1181 1470 gratiae
1202 1416 1314 1471 magnes
1328 1407 1447 1455 armatus
1459 1398 1604 1454 nonnullus
1616 1399 1686 1454 deti·

67 1481 204 1543 mediumr
225 1496 280 1533 non
293 1478 742 1549 adcenmtmimaginatimmsed
756 1479 791 1532 ad
804 1480 861 1533 uui-
898 1484 946 1532 net
962 1485 990 1532 et
1011 1479 1151 1550 suspendit
1174 1479 1275 1533 ferrum
1296 1479 1330 1532 ed
1353 1478 1561 1551 sexagecuplum
1582 1479 1687 1549 pondus

67 1575 157 1613 onem.
200 1558 255 1613 Per
269 1555 340 1613 hunc
358 1557 441 1612 etiam
458 1557 608 1627 appetitum
625 1558 717 1611 omnia
729 1558 860 1627 majorem
898 1556 1002 1627 ipsiuse
1030 1573 1063 1611 so
1082 1573 1168 1628 usqne
1189 1558 1342 1613 dominatur
1360 1567 1450 1612 motus
1469 1560 1687 1629 congregationis

67 1638 96 1691 in
110 1638 221 1692 modum
235 1638 399 1691 condensata
412 1645 514 1691 motum
528 1636 690 1700 exhorrent,
711 1644 791 1707 atque
805 1637 860 1692 illis
897 1637 1009 1691 minoris
1022 1652 1103 1707 super
1115 1643 1218 1691 motum
1231 1639 1448 1708 congregationis
1461 1640 1592 1706 majoris:
1615 1637 1686 1707 quod

67 1733 117 1786 pro
130 1718 206 1771 omni
230 1717 351 1786 appetitu
364 1723 473 1770 estnon
491 1715 609 1780 moveri;
630 1722 659 1769 et
671 1714 735 1769 licet
748 1716 861 1770 infinitis
899 1714 1023 1784 simajus
1037 1714 1117 1770 tuerit
1130 1716 1243 1787 pondus,
1256 1715 1414 1771 succumbit.
1455 1714 1549 1770 Vectis
1563 1717 1629 1770 tanti
1643 1733 1686 1770 ro·

67 1796 155 1849 modia
169 1795 329 1849 vellicentur
347 1803 375 1849 et
399 1801 578 1865 provocentur
592 1795 626 1849 ad
645 1802 756 1859 motum,
770 1803 860 1849 tamen
898 1792 971 1847 boris
984 1793 1138 1849 sublevabit
1156 1801 1258 1849 tantum
1275 1795 1397 1865 pondus;
1418 1812 1452 1849 eo
1464 1811 1550 1865 usque
1563 1795 1686 1849 domina·

67 1884 195 1930 naturam
219 1890 298 1929 susm
318 1875 419 1945 (quoad
437 1875 564 1943 possunt)
582 1880 697 1928 tuentur.
738 1873 859 1934 Quodsi
898 1878 941 1926 tur
966 1880 1054 1927 motus
1080 1874 1214 1927 libertatis
1241 1890 1322 1944 super
1340 1880 1443 1929 motum
1468 1875 1686 1945 congregationis

67 1954 103 2007 ad
121 1964 227 2007 motum
248 1952 449 2023 compellantur,
469 1958 561 2007 tamen
581 1951 634 2006 hoc
653 1968 735 2022 agere
753 1969 861 2023 semper
897 1954 1028 2021 majoris,-
1048 1953 1091 2006 sin
1103 1953 1191 2021 majus
1205 1952 1288 2007 fuerit
1306 1953 1418 2022 pondus,
1432 1953 1589 2007 succumbit.
1631 1951 1685 2006 Co-

66 2033 200 2096 rideutur,
214 2040 245 2086 ut
259 2032 380 2105 quietem
391 2040 419 2086 et
432 2037 531 2085 statum
545 2048 623 2086 suum
636 2040 801 2102 recuperent,
815 2048 860 2086 ne·
898 2030 968 2084 rium
982 2038 1088 2085 tensum
1102 2033 1136 2086 ad
1153 2039 1289 2087 tensuram
1308 2031 1390 2086 talem
1409 2048 1464 2086 non
1484 2030 1630 2101 rumpiture
1651 2049 1685 2085 eo

68 2129 120 2183 que
141 2112 262 2182 amplius
280 2118 416 2165 moveant.
465 2111 554 2182 Atque
575 2110 648 2164 circa
667 2109 720 2164 hoc
738 2119 811 2165 certe
831 2128 860 2165 se
897 2125 983 2181 usque
996 2109 1147 2165 dominatur
1166 2119 1255 2165 motus
1268 2112 1477 2165 continuationis
1491 2126 1571 2181 super
1583 2104 1686 2164 motuni

66 2192 152 2262 agilia
168 2191 299 2260 praebent,
314 2197 342 2243 et
355 2189 421 2245 satis
440 2189 585 2260 perniciter
599 2197 627 2243 et
639 2190 731 2258 rapide
746 2191 790 2260 (ut
802 2206 861 2260 per·
898 2196 1040 2249 tonsurae:
1060 2189 1170 2261 quodsi
1188 2189 1300 2245 ulterior
1320 2190 1403 2245 fuerit
1422 2197 1537 2254 teneura,
1551 2190 1684 2259 rumpitur

67 2269 455 2340 taesaetimpstieutiaomnis
467 2262 567 2342 morin)
582 2269 757 2323 contendunt.
800 2270 860 2324 Hu·
898 2268 1008 2333 corium,
1023 2276 1049 2322 et
1069 2269 1217 2324 succumbit
1236 2276 1325 2324 motus
1345 2269 1565 2323 continuationis.
1605 2268 1686 2339 Aqua

64 2350 110 2417 jus
123 2357 216 2404 autem
238 2347 377 2418 appetitus
400 2348 492 2417 imago
508 2365 544 2402 ex
563 2355 639 2417 parte
660 2354 763 2401 tantum
786 2348 859 2403 cerui
897 2363 947 2417 per
961 2347 1057 2402 rimam
1068 2347 1438 2419 perforationistuliseffluit3
1459 2363 1587 2420 eousque
1601 2347 1685 2401 domi·

66 2436 175 2498 potest;
197 2428 263 2498 quia
276 2426 322 2481 bic
336 2427 408 2497 apud
422 2443 479 2491 nos,
494 2443 530 2481 ex
540 2426 696 2481 subactione
710 2434 738 2480 et
750 2443 860 2483 concoc·
897 2433 976 2480 natur
1001 2434 1091 2482 motus
1111 2429 1328 2498 congregationis
1350 2428 1461 2496 majoris
1481 2444 1563 2497 super
1581 2434 1685 2481 motum

66 2508 139 2562 tione
153 2507 314 2571 scelestium
326 2522 405 2560 omne
412 2506 544 2576 tangibile
551 2522 605 2559 non
617 2512 719 2561 tantum
732 2522 786 2560 non
797 2523 860 2560 con·
898 2507 1107 2560 continuationis
1115 2526 1126 2566 ‚-
1147 2506 1255 2577 quodsi
1269 2507 1357 2560 minor
1375 2506 1455 2560 tuerit
1470 2506 1547 2569 rirna,
1561 2522 1684 2559 succum·

66 2587 210 2641 densatum
225 2593 267 2640 est
280 2584 508 2650 adultimitatem,
522 2585 571 2640 sed
586 2584 670 2640 etiam
683 2602 745 2640 cum
763 2585 861 2656 spiritu
897 2583 954 2648 bit,
976 2585 1093 2639 steincit
1106 2592 1193 2639 motus
1206 2586 1425 2639 continuationis.
1467 2585 1499 2639 In
1511 2586 1622 2655 pulvere
1632 2584 1685 2639 sul-

66 2665 197 2720 nonnullo
211 2666 347 2719 miscetur.
898 2663 994 2732 phuris
1009 2662 1093 2718 solim
1107 2664 1221 2718 immissi
1236 2664 1265 2717 in
1279 2663 1427 2734 sclopetnm
1441 2680 1501 2718 cum
1520 2662 1585 2733 pila,
1600 2670 1627 2717 et
1640 2664 1684 2717 ad·

106 2744 303 2814 Proposuimus
324 2743 416 2814 itaque
437 2742 496 2812 jam
518 2744 631 2813 species,
647 2743 704 2796 sire
726 2743 861 2798 elementa
897 2749 971 2796 moto
983 2742 1056 2812 igne,
1069 2758 1125 2797 non
1139 2742 1271 2796 emittitur
1291 2741 1364 2813 pila;
1385 2742 1413 2796 iu
1428 2758 1461 2796 eo
1474 2751 1563 2796 motus
1577 2759 1686 2814 congre-

65 2824 205 2893 simplieia
228 2830 359 2887 motuum,
374 2823 551 2893 appetituum,
571 2830 598 2877 et
617 2823 745 2877 virtutum
763 2822 861 2876 activa
894 2822 1018 2892 gationis
1028 2824 1139 2890 majoris
1149 2820 1232 2875 vincit
1245 2828 1347 2876 motum
1359 2821 1442 2890 hyles.
1484 2820 1521 2874 At
1530 2821 1559 2874 in
1573 2821 1684 2891 pulvere

67 2920 134 2966 rum,
149 2920 211 2975 quar
226 2909 290 2956 sunt
306 2901 336 2955 in
347 2908 444 2957 natura
463 2902 581 2956 maxime
601 2900 752 2957 catholica:
772 2917 859 2972 neque
897 2899 976 2970 pyrio
990 2900 1088 2955 emisso
1095 2901 1178 2956 vincit
1188 2907 1276 2955 motus
1289 2901 1363 2970 tylen
1376 2900 1405 2957 iu
1414 2900 1556 2972 sulphure;
1577 2900 1684 2970 adjutus

66 2999 162 3052 parum
185 2981 308 3036 scientiae
329 2980 460 3036 naturalis
474 2982 525 3036 sub
537 2980 592 3035 illis
613 2981 797 3035 adumbratum
811 2989 859 3036 est
897 2980 1014 3034 motibus
1033 2981 1107 3050 hyles
1121 2988 1148 3035 et
1159 2984 1244 3054 sugoe
1257 2981 1286 3034 in
1300 2981 1377 3034 nitro.
1418 2981 1454 3034 Et
1473 2981 1511 3035 sic
1525 2980 1559 3035 de
1572 2980 1683 3035 esteris.

66 3062 130 3115 Non
149 3077 284 3132 negamus
304 3067 402 3125 tamen,
417 3067 446 3115 et
458 3059 527 3115 alias
545 3060 650 3131 species
671 3060 784 3113 tortasse
798 3061 859 3115 addi
897 3058 1007 3113 Etenim
1021 3062 1161 3114 instantia
1175 3062 1256 3115 iactae
1270 3061 1345 3130 (qum
1358 3059 1477 3114 iudicant
1483 3060 1685 3131 pradoninan·
1703 3073 1708 3082 ⁴

66 3155 163 3210 posse,
184 3148 267 3210 atque
281 3140 347 3194 istas
364 3138 439 3209 ipsas
451 3139 597 3193 divisiones
611 3138 758 3193 secundum
771 3138 860 3193 verio-
897 3140 963 3192 tiam
976 3139 1111 3204 virtutum,
1126 3146 1154 3193 et
1168 3139 1314 3193 secundum
1324 3156 1391 3210 quus
1404 3140 1522 3193 rationes
1532 3146 1559 3193 et
1567 3137 1684 3194 calculos

68 3236 111 3272 res
130 3236 223 3274 rerum
243 3234 328 3272 venus
350 3217 505 3282 transferri3
532 3218 650 3289 denique
674 3217 704 3272 in
726 3218 860 3274 minorem
897 3218 1124 3287 praedomiuentur
1137 3226 1165 3272 et
1183 3218 1372 3285 succumbant)
1386 3218 1442 3273 acri
1463 3228 1491 3273 et
1510 3217 1603 3273 sedula
1622 3217 1685 3271 dill-

67 3315 210 3353 nmnerum
225 3313 306 3366 posse
326 3296 421 3368 redigi.
460 3297 559 3368 Neque
573 3304 664 3350 tamen
677 3296 776 3350 bocde
790 3296 860 3352 divi·
897 3298 992 3368 gentis
1003 3297 1121 3369 undique
1135 3303 1199 3352 sunt
1212 3297 1410 3369 conquirendas.

67 3377 189 3431 sionibus
206 3375 344 3447 aliquibus
361 3375 505 3430 abstractis
525 3374 718 3447 intelligimus:
738 3376 822 3432 veluti
836 3378 860 3432 si
936 3376 1029 3431 Etiam
1046 3376 1118 3431 modi
1133 3385 1160 3432 et
1172 3377 1290 3432 rationes
1306 3377 1391 3454 ipsius
1405 3377 1612 3431 succumbentis
1625 3393 1684 3431 mo·

68 3456 127 3526 quis
140 3455 224 3520 dicat,
239 3471 352 3525 corpora
364 3461 492 3525 appetere
505 3453 550 3509 vel
562 3455 802 3520 comervationem,
816 3457 861 3511 vel
897 3463 973 3510 tuum
998 3455 1142 3527 diligenter
1164 3463 1227 3510 suut
1247 3456 1472 3527 introspiciendas.
1513 3457 1628 3526 Nempe,
1649 3473 1685 3510 nn

67 3535 271 3597 exaltationem,
285 3533 328 3588 vel
342 3534 571 3604 propagationem,
586 3534 630 3588 rel
644 3534 798 3589 fruitionem
811 3552 860 3590 na·
898 3535 1009 3589 omnino
1021 3546 1133 3600 cessent,
1144 3534 1188 3589 vel
1201 3536 1290 3606 potius
1302 3552 1386 3607 usque
1399 3536 1527 3599 nitantur,
1538 3534 1586 3590 sed
1598 3535 1685 3605 ligen-

68 3622 133 3669 ture
146 3630 226 3668 snare
246 3613 403 3684 autsiquis
412 3612 492 3678 dicat,
503 3621 591 3669 motus
601 3630 690 3669 rerum
704 3614 812 3669 tendere
826 3615 861 3669 sd
897 3621 949 3670 tur.
989 3614 1307 3685 Etenimincorporibus
1320 3614 1366 3668 hic
1384 3614 1454 3684 apud
1471 3631 1521 3668 nos
1534 3613 1685 3668 nullavera

67 3692 301 3748 conservationem
308 3698 335 3746 et
348 3692 458 3758 bonum
467 3692 511 3747 vel
519 3693 645 3759 universi,
657 3701 687 3748 ut
699 3695 860 3765 antitypian
897 3700 938 3747 est
951 3693 1037 3765 quies,
1051 3709 1101 3748 nec
1115 3694 1144 3747 in
1157 3693 1279 3764 integris,
1293 3694 1386 3748 necin
1400 3693 1538 3763 partibus;
1559 3692 1606 3747 sed
1624 3701 1685 3747 tau·

68 3780 95 3825 et
111 3790 229 3826 necasse
250 3770 295 3824 vel
315 3771 521 3827 universitatum
542 3789 711 3843 magnarum,
724 3780 755 3827 ut
771 3783 860 3828 motns
898 3779 955 3827 tum
969 3773 1116 3827 secundum
1135 3773 1331 3843 apparentiam.
1372 3772 1454 3833 Quies
1468 3779 1559 3826 autem
1573 3773 1686 3843 istaap-

68 3851 287 3927 congregationis
311 3849 428 3920 majoris,
455 3852 604 3916 rotationis,
633 3857 661 3905 et
683 3852 858 3907 colementis
897 3860 1136 3922 parens,cansatur
1149 3852 1465 3923 autperoeqniiibriam:
1486 3859 1532 3905 aut
1545 3852 1686 3922 perabsu-

68 3939 171 3990 naas:
193 3928 239 3983 vel
248 3928 395 3984 formsmm
408 3929 575 4000 specialium,
585 3938 616 3986 ut
627 3929 755 4001 reliquos.
784 3930 860 3985 Licet
897 3930 981 3985 lutam
990 3931 1242 4002 pradoninanticm
1261 3938 1388 3985 motuum.
1429 3930 1483 3985 Per
1496 3933 1684 4001 equilibriun,

68 4010 141 4065 enim
154 4009 291 4064 hanovere
304 4009 366 4072 sint,
377 4016 467 4063 tamen
480 4009 534 4063 nisi
549 4010 725 4064 terminentur
737 4010 766 4064 in
777 4017 861 4064 mate·
897 4017 926 4063 nt
944 4009 975 4063 in
989 4008 1149 4073 bilancibus,
1170 4025 1231 4079 qum
1251 4018 1330 4074 stant,
1345 4010 1370 4064 si
1384 4027 1463 4081 aequa
1485 4010 1540 4064 siut
1557 4011 1684 4082 pondera.

69 4089 109 4142 ria
128 4096 157 4144 et
178 4089 283 4142 norica
307 4087 453 4143 secundum
477 4103 556 4142 veras
578 4089 672 4152 lineas,
695 4088 861 4159 speculativa
897 4087 950 4142 Per
966 4089 1226 4159 praedonr'nuntiom,
1245 4095 1274 4143 ut
1292 4089 1321 4143 in
1342 4088 1445 4158 hydriis
1465 4089 1617 4160 perforatis,
1638 4090 1685 4145 ubi

69 4175 136 4229 sunt,
161 4175 189 4221 et
210 4167 303 4222 minus
325 4166 413 4221 utilia
461 4168 573 4221 Interim
593 4168 733 4232 sufficient,
750 4175 778 4222 et
796 4167 859 4222 boni
898 4168 1015 4237 quiescit
1033 4183 1112 4239 aqua,
1132 4175 1161 4222 et
1180 4167 1315 4222 detinetur
1327 4186 1344 4222 a
1358 4168 1457 4223 decusa
1472 4185 1522 4238 per
1538 4171 1686 4241 praedoni-

69 4254 145 4301 eruut
158 4263 233 4311 usus,
248 4246 283 4298 ad
297 4245 717 4317 pensitandasproedominantias
725 4248 860 4312 virtutum,
897 4249 1018 4301 nuntians
1039 4256 1128 4302 motus
1149 4265 1243 4301 nem,
1291 4247 1448 4302 Notandum
1467 4255 1559 4302 tamen
1580 4256 1622 4303 est
1643 4253 1686 4318 (ut

68 4334 97 4378 et
121 4324 306 4396 exquirendas
333 4326 480 4380 instantias
508 4324 609 4385 iuctaer
637 4325 666 4380 id
692 4326 764 4396 quod
789 4343 860 4381 nune
897 4325 1028 4395 diximus)
1039 4335 1172 4399 quatenus
1186 4329 1306 4381 nitantur
1315 4335 1404 4382 motus
1417 4326 1460 4381 illi
1474 4329 1684 4383 succumbentes.

68 4405 170 4474 agitur.
898 4405 1006 4461 Etenim
1014 4407 1038 4460 si
1045 4407 1105 4478 quis
1111 4423 1160 4476 per
1167 4405 1268 4460 luctam
1275 4406 1426 4460 deducatur
1431 4413 1557 4462 extensus
1568 4407 1596 4461 in
1605 4415 1685 4471 terra,

107 4482 219 4537 Etenim
237 4498 273 4536 ex
294 4481 346 4547 his,
366 4499 434 4554 quos
452 4482 648 4554 proposuimus,
669 4484 795 4548 motibus,
814 4483 861 4538 alii
897 4484 1017 4540 brachiis
1034 4495 1061 4540 et
1079 4486 1153 4540 tibiis
1165 4485 1270 4550 vinctis,
1284 4492 1332 4539 aut
1353 4484 1431 4539 aliter
1451 4486 1582 4551 detentis;
1604 4495 1686 4558 atque

68 4578 180 4631 prorsus
192 4568 257 4616 sunt
271 4561 454 4625 invincibilem
476 4561 524 4616 alii
538 4562 600 4617 aliis
614 4572 676 4617 sunt
687 4563 822 4628 fortiores,
834 4570 862 4617 et
897 4562 944 4618 ille
965 4571 1055 4620 tamen
1075 4565 1137 4618 totis
1151 4564 1253 4618 viribus
1272 4581 1412 4636 resurgere
1431 4566 1547 4630 nitatur;
1568 4582 1622 4620 non
1643 4573 1687 4620 cst

69 4640 130 4694 illos
150 4640 247 4712 ligant,
270 4640 392 4705 frenant,
416 4640 579 4711 disponente
605 4640 653 4695 alii
675 4641 737 4697 aliis
752 4642 861 4712 longius
898 4645 986 4697 minor
1003 4645 1091 4708 ninus,
1105 4644 1169 4697 licet
1183 4660 1240 4698 non
1258 4644 1390 4714 proficiat.
1433 4644 1523 4716 Hujus
1542 4654 1631 4700 autem
1645 4646 1686 4700 rei

66 4719 236 4787 iaculantum
257 4718 305 4773 alii
324 4718 392 4774 alios
412 4728 532 4790 tempore
547 4728 575 4774 et
592 4719 727 4775 celeritate
748 4738 862 4792 praeser-
898 4723 1016 4777 conditio
1029 4719 1148 4795 (scilicet
1160 4731 1248 4777 utrum
1262 4739 1311 4792 per
1327 4725 1579 4794 praedoninontiom
1597 4730 1685 4779 motus

70 4806 144 4862 trmt;
157 4797 205 4852 alii
216 4797 285 4852 alios
295 4799 395 4864 fovent,
406 4799 540 4862 roborant,
550 4799 690 4869 ampliant,
701 4800 861 4855 accelerant.
898 4802 1075 4856 succumbens
1093 4802 1170 4872 quasi
1188 4801 1371 4868 annihiletur;
1393 4820 1428 4857 an
1447 4804 1537 4875 potius
1550 4804 1686 4858 continue-

106 4877 203 4932 Motus
212 4878 359 4950 umrtypioe
369 4878 482 4933 omnino
492 4887 534 4933 est
544 4878 733 4933 adamantinus
742 4887 769 4933 et
777 4879 862 4934 invin-
899 4888 942 4936 tur
954 4881 1045 4946 nixus,
1058 4879 1124 4933 licet
1142 4896 1196 4934 non
1215 4881 1408 4953 conspiciatur)
1423 4900 1484 4953 qum
1502 4882 1569 4937 latet
1583 4883 1611 4936 in
1624 4898 1686 4935 con·

69 4956 174 5011 sibilis:
195 4964 287 5010 nuum
300 4972 366 5010 vero
379 4965 468 5012 motus
480 4975 567 5014 riam
580 4958 619 5012 ait
631 4957 803 5022 invincibilis,
817 4959 862 5013 ad·
898 4959 1022 5024 flictibus,
1034 4959 1175 5029 apparebit
1185 4960 1297 5015 fortasse
1308 4962 1337 5016 in
1347 4962 1546 5016 concurrentiis.
1587 4962 1686 5015 Exem-

69 5034 121 5090 huc
134 5036 281 5091 haeremna.
320 5036 419 5108 Neque
442 5037 515 5091 enim
530 5053 580 5106 pro
599 5045 674 5092 certo
691 5037 863 5092 affirmaveri-
898 5038 939 5109 pli
965 5039 1067 5108 gratia3
1093 5039 1141 5091 fiat
1161 5039 1375 5108 experimentum
1393 5043 1423 5095 in
1443 5040 1577 5108 sclopetis,
1598 5047 1686 5093 utrum

69 5132 137 5178 mus,
158 5124 249 5169 unum
267 5113 344 5169 detur
365 5133 487 5178 vacuum,
507 5115 564 5169 sive
589 5123 784 5181 coacervatum,
805 5116 862 5171 sive
898 5116 1042 5187 sclopems,
1051 5132 1101 5187 pro
1109 5124 1183 5171 muto
1190 5118 1286 5187 spatio,
1295 5136 1351 5190 quo
1358 5120 1463 5174 emittat
1476 5117 1559 5189 pilam
1572 5118 1601 5171 in
1614 5117 1688 5172 linea

69 5195 237 5262 permistum.
278 5193 362 5247 Atde
382 5195 432 5249 illo
445 5194 525 5249 nobis
542 5202 665 5260 constat3
686 5196 819 5250 rationem
832 5194 863 5249 il·
899 5196 1009 5261 directa,
1023 5197 1133 5262 sive(ut
1152 5197 1234 5267 vulgo
1248 5196 1408 5268 loquuntur)
1421 5198 1451 5251 in
1470 5203 1569 5266 puncto
1582 5195 1686 5262 blanco,

69 5272 131 5336 lam,
146 5280 258 5343 propter
279 5289 360 5343 quarn
381 5273 562 5328 introductum
582 5281 624 5328 est
636 5291 749 5331 vacuum
763 5292 781 5329 a
794 5274 863 5329 Leu·
899 5275 1057 5330 debiliorem
1077 5274 1139 5328 edat
1157 5276 1357 5345 percussionem
1376 5275 1534 5345 ejaculanda
1553 5275 1581 5328 in
1597 5292 1686 5344 supra,

69 5351 158 5422 cippo,
171 5359 199 5405 et
220 5351 376 5406 Democrito
390 5350 532 5427 (videlicet
552 5353 623 5423 quod
644 5355 746 5424 absque
760 5370 793 5409 co
807 5370 863 5407 non
899 5354 943 5409 ubi
956 5363 1045 5409 motus
1052 5355 1121 5408 ictus
1132 5364 1172 5408 est
1183 5354 1307 5425 simplex,
1319 5373 1400 5427 quam
1411 5354 1533 5424 desuper,
1541 5354 1586 5408 ubi
1598 5362 1688 5410 motus

70 5439 180 5500 possent
193 5431 289 5485 eadem
303 5447 416 5503 corpora
429 5430 573 5563 co2mplecti
588 5439 615 5486 et
633 5433 746 5503 implere
760 5434 863 5502 majora
899 5434 1041 5505 gravitatis
1055 5436 1189 5488 concurrit
1198 5451 1259 5488 cum
1274 5435 1337 5490 ictu.

111 5524 174 5564 vos.
196 5525 226 5564 tr.
492 5526 510 5564 r
