3800 5875
606 303 790 361 HISTORIA
810 303 909 361 VITAE
929 304 978 361 ET
999 304 1152 361 nonnis.
1633 306 1690 359 563

56 463 227 528 expostum,
240 458 324 515 cidus
342 459 495 532 rubiginem
515 462 682 528 contrahere,
696 462 731 516 ad
751 471 859 533 septen·
895 481 945 533 per
962 464 1154 529 detentionem,
1169 472 1299 534 tauquam
1321 470 1507 532 spontaneam.
1549 461 1637 534 Atque
1658 480 1692 518 ea

56 536 177 591 tribuens
191 538 303 604 tardius,
317 546 348 594 ut
361 540 390 593 iu
403 539 510 594 bacillis
529 540 585 595 illis
604 541 701 596 ferreis
719 549 767 596 sut
779 543 858 597 crati·
896 544 1001 597 mansio
1015 543 1098 597 etiam
1111 541 1211 613 duplici
1233 543 1336 596 ratione
1356 541 1499 605 invitatur,
1520 540 1652 608 videlicet,
1665 544 1690 596 si

56 615 118 681 bus,
132 633 197 687 quas
211 618 248 671 ad
261 618 394 673 fenestras
407 628 586 690 apponuntur,
600 620 694 691 liquet.
734 621 762 675 N
765 638 796 674 ec
809 623 858 675 mi·
895 622 1008 690 spiritus
1021 622 1080 691 ipse
1093 639 1148 675 non
1162 623 1197 678 sit
1209 621 1319 676 mobilis
1333 620 1486 685 admodum,
1501 627 1548 673 aut
1560 638 1637 686 acer;
1652 630 1691 676 at·

56 711 127 760 mua,
141 712 207 751 cum
220 696 250 751 in
264 698 338 752 omni
350 697 550 768 putrefactione
571 699 672 771 (qualis
685 708 728 755 est
745 700 857 772 mbigo)
895 718 948 770 que
959 702 984 755 ai
998 702 1108 770 insuper
1120 702 1156 754 ab
1165 704 1229 755 aare
1243 701 1378 754 ambiente
1392 700 1483 753 minna
1492 699 1643 755 solicitatur
1656 701 1691 754 ad

56 773 212 830 humiditas
235 777 368 831 acceleret
387 775 609 844 dissolutionem
640 779 670 833 in
692 779 857 835 arefactione
895 780 1058 834 exeundum.
1100 781 1194 850 ltaque
1216 780 1270 833 duo
1290 778 1518 842 instaurabitis,
1540 779 1644 844 durum,
1662 792 1691 834 et

56 853 189 924 simplici,
205 856 326 911 siccitas.
895 858 1033 922 oleosum
1054 859 1150 913 durum
1165 859 1326 928 constringit
1337 858 1475 928 spiritam,
1497 857 1618 914 oleosum
1631 877 1691 929 par·

96 933 126 987 5.
149 933 185 988 ln
199 934 400 1006 vegetabilibus
413 935 563 1007 (loquimur
575 936 609 991 de
623 935 725 991 avulsis
740 954 791 992 nec
810 956 858 993 ve·
896 939 944 992 tim
966 938 1100 992 demulcet
1114 938 1245 1007 spiritum,
1260 938 1358 1007 partim
1378 937 1534 1004 hujusmodi
1548 945 1596 1002 est,
1611 945 1641 991 nt
1655 938 1691 992 ab

55 1013 232 1083 getantibus)
241 1021 389 1069 stemmata
398 1015 526 1069 arborum
535 1016 681 1080 duriorum,
693 1017 751 1070 sive
760 1019 856 1082 munci,
896 1021 958 1071 adra
978 1018 1068 1071 miuus
1082 1016 1245 1072 solicitatur:
1266 1021 1314 1071 ae'r
1326 1016 1400 1070 enim
1415 1033 1493 1086 aqum
1512 1017 1689 1072 consubstan-

55 1099 140 1162 atque
155 1092 242 1164 ligna,
256 1101 285 1148 et
297 1094 423 1148 materies
437 1110 473 1149 ex
486 1095 562 1166 ipsis,
576 1112 625 1165 per
639 1095 732 1150 secula
744 1097 857 1151 nonnul·
895 1096 976 1160 tialis,
990 1097 1100 1151 flamma
1119 1105 1208 1151 autem
1229 1095 1298 1150 oleo.
1338 1095 1428 1166 Atque
1450 1096 1483 1149 de
1502 1104 1597 1151 natura
1613 1096 1691 1151 dura·

55 1169 84 1223 la
97 1171 208 1227 duram.
240 1172 338 1228 Partes
352 1182 444 1227 autem
457 1174 608 1229 stemmatis
617 1174 692 1229 vane
702 1175 841 1231 sehabeut
848 1199 856 1243 ς
895 1175 959 1230 bilia
972 1185 1000 1230 et
1013 1177 1103 1230 ruiana
1116 1176 1246 1231 durabilia
1260 1176 1289 1229 in
1305 1175 1471 1239 inanimatis,
1485 1174 1545 1229 haec
1558 1176 1690 1245 inquisita

55 1258 121 1303 aaut
133 1251 211 1306 enirn
231 1253 356 1323 quadam
376 1253 485 1309 arbores
505 1255 642 1319 fistulosa,
656 1261 688 1309 ιιι
706 1255 857 1321 sambucus,
896 1255 961 1309 aiut.

54 1329 85 1382 in
104 1331 208 1400 quibua
229 1331 313 1403 pulpa
326 1332 356 1386 in
375 1332 467 1387 medio
486 1332 593 1387 mollior
611 1334 654 1398 sit,
676 1335 797 1389 exterius
811 1335 857 1391 du·
938 1335 983 1388 13.
1006 1334 1116 1398 Herba,
1130 1352 1192 1406 quta
1210 1333 1346 1388 habentur
1364 1351 1400 1388 ex
1418 1333 1493 1402 frigi·
1569 1384 1573 1392 ,

55 1409 131 1473 rius,
153 1417 185 1463 at
197 1410 228 1464 in
242 1411 384 1466 arboribus
398 1411 498 1477 solidis,
513 1412 601 1482 qualis
614 1424 656 1467 est
669 1430 792 1484 quercus,
813 1415 857 1467 in·
895 1413 1023 1476 dioribns,
1038 1430 1134 1469 annuae
1148 1421 1218 1478 sunt,
1226 1422 1252 1467 et
1262 1414 1406 1483 quotannis
1416 1411 1495 1466 mori·
1544 1383 1651 1427 mm·

55 1488 143 1543 terius
157 1489 246 1560 (quod
259 1508 306 1545 cor
320 1491 423 1546 arboris
438 1494 548 1560 vocant)
562 1492 640 1546 durat
654 1493 750 1563 magis.
894 1502 985 1557 untur,
1000 1500 1057 1546 tam
1070 1493 1160 1547 radice
1179 1510 1259 1564 qnam
1273 1492 1368 1547 caule:
1389 1502 1421 1546 ut
1433 1492 1546 1555 lactuca,
1566 1493 1687 1561 portula·

96 1567 126 1622 o.
148 1568 232 1623 Folia
244 1569 396 1640 plantarum
411 1578 439 1624 et
447 1572 535 1637 flores,
546 1574 629 1626 etiam
638 1571 737 1640 caules,
749 1572 857 1644 exiguae
895 1589 942 1636 ca;
964 1572 1047 1626 etiam
1061 1572 1188 1636 triticum,
1203 1581 1231 1626 et
1250 1571 1378 1628 frumenti
1398 1588 1478 1625 omne
1499 1587 1602 1640 genus:
1623 1582 1688 1626 sunt

55 1656 121 1701 snut
134 1647 295 1713 durationis,
309 1651 357 1704 sed
377 1649 518 1707 solvuntur
534 1652 562 1704 iu
580 1651 728 1721 pulverem,
743 1668 857 1723 seseque
895 1659 984 1706 tamen
999 1651 1082 1705 etiam
1101 1668 1137 1706 ex
1156 1653 1270 1722 frigidis,
1285 1669 1346 1722 quta
1364 1668 1413 1721 per
1434 1662 1488 1704 tres
1507 1661 1553 1704 aut
1574 1658 1688 1719 quatuor

54 1726 221 1792 incinctam,
235 1730 289 1783 uisi
311 1731 473 1799 putrefiant,
494 1730 599 1786 radices
617 1737 708 1786 autern
722 1739 857 1786 suntme·
895 1747 980 1784 annos
993 1730 1097 1795 durant,
1112 1731 1234 1794 utviola,
1250 1731 1374 1802 hagana
1388 1729 1556 1800 pimpinella,
1571 1731 1688 1799 primula

55 1805 102 1877 gis
115 1807 265 1863 durabiles.
894 1811 974 1873 veris,
989 1817 1096 1864 acetosa
1104 1834 1111 1875 3
1133 1817 1162 1865 at
1175 1811 1285 1882 borago,
1300 1818 1328 1864 et
1341 1808 1477 1879 buglossa,
1491 1825 1553 1862 cum
1573 1810 1687 1864 videan-

97 1884 127 1946 7·
149 1887 222 1941 Ossa
241 1888 401 1943 animalium
422 1888 469 1944 din
489 1889 592 1955 durant,
606 1898 636 1944 ut
653 1889 745 1944 videre
764 1898 807 1944 est
827 1891 856 1944 in
894 1896 938 1943 tur
951 1890 1020 1943 vives
1033 1898 1090 1942 tarn
1104 1890 1215 1954 similes,
1229 1899 1314 1944 morte
1335 1889 1476 1953 differunt3
1497 1888 1600 1959 borago
1612 1890 1687 1945 enim

55 1966 198 2031 arsamum,
219 1967 323 2023 scilicet
342 1968 511 2039 repositoriis
530 1968 633 2024 maium
651 1969 855 2024 defunctorum:
894 1985 993 2034 annua,
1006 1968 1135 2037 buglossa
1147 1985 1220 2023 auno
1232 1979 1378 2040 superstes.

55 2062 162 2100 cornus
176 2047 259 2101 etiarn
272 2047 350 2102 valde
364 2049 461 2102 durant
471 2071 479 2114 ς
499 2064 605 2103 necumr
625 2048 726 2114 dentes,
741 2049 810 2103 sicut
828 2049 857 2103 in
937 2047 982 2103 14.
1003 2047 1041 2102 At
1063 2048 1156 2104 herbae
1175 2048 1270 2103 subdas
1290 2047 1414 2118 plurimrs
1433 2053 1540 2102 etatem
1560 2055 1589 2101 et
1601 2063 1687 2102 annos

56 2125 150 2191 ebore,
164 2134 194 2180 et
206 2126 332 2182 dentibus
345 2128 410 2197 eqni
422 2127 529 2182 marini.
895 2127 987 2182 ferunt
996 2151 1003 2192 ;
1012 2176 1015 2184 .
1023 2127 1166 2198 hyssopus,
1177 2128 1295 2197 thymus,
1307 2127 1431 2189 satureia,
1442 2127 1582 2195 maiorana
1592 2126 1686 2191 altera,

96 2203 126 2259 8.
147 2205 242 2261 Pelles
262 2207 347 2264 etiarn
366 2214 396 2262 et
415 2208 520 2262 corium
539 2205 617 2260 valde
631 2206 738 2271 durant,
752 2213 783 2262 nt
796 2224 854 2262 cer·
894 2206 1013 2271 melissa,
1036 2207 1218 2276 absynthium,
1242 2207 1419 2276 chammdrys,
1440 2204 1533 2272 salvia,
1555 2213 1608 2262 etc.
1650 2206 1688 2260 At

56 2301 123 2339 nere
137 2285 226 2339 estin
238 2287 411 2358 pergamenis
424 2288 597 2358 antiquorum
610 2286 758 2341 librorum:
780 2288 857 2358 quin·
895 2286 1054 2341 foenictrlum
1074 2285 1152 2341 caule
1173 2288 1295 2351 moritur,
1314 2287 1404 2341 radice
1423 2284 1589 2355 repullulat:
1621 2298 1686 2356 ocy-

55 2364 142 2419 etiam
155 2381 280 2435 papyrus
293 2366 433 2436 complura
446 2365 539 2421 secula
557 2365 662 2431 tolerat,
677 2366 741 2420 licet
758 2383 857 2437 perga·
895 2382 970 2419 mum
983 2382 1054 2429 vero,
1069 2374 1096 2420 et
1108 2366 1247 2434 majoraua
1264 2363 1364 2440 (quam
1383 2360 1497 2437 vocant)
1519 2366 1618 2431 suavis,
1632 2382 1688 2421 noa

55 2460 147 2499 meuse
160 2444 302 2499 duratione
316 2445 404 2500 cedat.
895 2453 952 2499 tam
973 2446 1061 2499 atatis
1083 2461 1165 2516 quam
1191 2445 1290 2499 hiemis
1311 2454 1374 2499 sunt
1396 2445 1589 2514 impatientes,
1621 2453 1688 2501 sata

96 2520 128 2576 9.
152 2524 251 2594 Ignem
271 2541 351 2594 passa
370 2525 417 2580 din
437 2524 542 2589 durant,
565 2531 596 2580 nt
618 2524 724 2590 vitrum,
744 2523 856 2589 lateres,
895 2525 968 2578 enim
981 2524 1011 2578 in
1023 2523 1085 2578 loco
1094 2524 1172 2579 valde
1180 2526 1285 2578 munito
1295 2523 1429 2594 ettepido,
1440 2524 1600 2593 superstites
1611 2533 1686 2579 sunt:

55 2602 144 2657 etiam
157 2619 255 2658 carues
267 2612 295 2658 et
307 2604 417 2668 metus,
431 2603 524 2675 iguem
542 2605 624 2674 passi,
638 2604 740 2658 diutius
760 2604 857 2659 durant
895 2611 968 2658 certe
981 2612 1076 2658 notum
1090 2610 1133 2658 est
1145 2603 1257 2658 schema
1270 2601 1412 2679 (qualibus
1425 2603 1455 2656 iu
1469 2603 1555 2658 hortis
1574 2610 1687 2658 utuntur

56 2698 142 2752 quam
155 2682 249 2747 crudi3
269 2699 358 2756 neque
378 2683 414 2738 ob
429 2683 459 2738 id
480 2690 593 2749 tantum,
608 2683 681 2756 quod
700 2683 857 2753 hujusmodi
895 2682 929 2736 ad
944 2678 1147 2756 ornamentum)
1161 2700 1197 2738 ex
1209 2683 1337 2753 hyssopo,
1352 2683 1499 2754 quotannis
1511 2682 1555 2737 bis
1570 2690 1686 2747 tonsum,

56 2761 149 2816 coctio
168 2770 262 2817 arceat
281 2763 451 2834 putredinem
461 2785 470 2828 t
491 2763 540 2818 sed
559 2765 644 2818 etism
664 2763 742 2833 quod,
757 2763 857 2817 emisso
894 2779 981 2834 usqne
995 2761 1029 2814 ad
1044 2763 1222 2834 quadraginta
1235 2778 1321 2816 annos
1330 2762 1449 2816 durasse

57 2838 175 2896 humore
189 2858 285 2913 nqueo,
298 2843 397 2898 humor
410 2842 518 2898 oleosns
530 2843 632 2898 diutina
646 2859 675 2897 se
689 2842 843 2897 sustineat·
937 2841 981 2896 15.
1003 2842 1134 2905 Frutices,
1149 2848 1177 2895 et
1190 2841 1299 2896 arbores
1312 2839 1480 2905 humiliores,
1493 2840 1529 2894 ad
1550 2842 1688 2912 sexagesi-

101 2919 147 2976 to.
169 2920 251 2993 Aqua
260 2923 381 2979 omnium
391 2922 528 2994 liquorum
541 2922 673 2979 citissime
686 2921 811 2978 sorbetur
822 2921 858 2976 ab
895 2940 971 2977 mum
984 2939 1092 2986 anunm,
1106 2921 1162 2975 alia
1175 2921 1256 2976 etiarn
1270 2919 1353 2993 duplo
1366 2921 1462 2992 magis,
1473 2920 1574 2975 nsunt,
1615 2919 1687 2977 Vitia

58 3003 132 3066 sire,
145 3000 238 3056 oleum
250 3012 345 3058 conus
357 3003 459 3059 tardius
472 3011 619 3073 evaporat,
639 3011 670 3058 ut
682 3019 792 3057 cernere
806 3010 856 3068 est,
895 3002 1075 3072 sexagenaria
1084 3019 1143 3056 esse
1155 3007 1251 3072 potest,
1266 3009 1293 3054 et
1309 3002 1386 3055 ferax
1400 3008 1441 3054 est
1454 3002 1536 3054 etiam
1551 3000 1581 3054 in
1595 3016 1688 3054 senec·

56 3096 115 3135 nou
128 3081 217 3136 mlum
234 3081 264 3136 in
277 3082 426 3154 liquoribus
445 3083 521 3153 ipsis,
535 3100 628 3138 verum
647 3083 730 3137 edam
743 3081 773 3136 in
785 3081 857 3136 mix·
895 3089 960 3135 tute.
1003 3081 1187 3146 Bosmarinus,
1201 3080 1319 3135 feliciter
1337 3080 1492 3143 collocatus,
1507 3079 1589 3134 etiam
1607 3095 1687 3134 sexa-

59 3160 111 3214 tier
139 3161 243 3215 etenim
263 3178 391 3233 papyrus,
410 3179 480 3234 aqua
502 3163 663 3227 madefacta,
688 3169 770 3234 atque
793 3161 856 3215 iude
895 3161 1030 3232 gesimum
1052 3177 1154 3216 annum
1176 3159 1311 3230 complete
1333 3168 1361 3214 at
1382 3160 1515 3213 acanthus
1535 3165 1563 3213 et
1586 3159 1688 3213 hedera

59 3240 189 3296 munihit
208 3240 421 3310 diaphaneitatis
440 3250 528 3306 nacta,
550 3242 714 3313 paulopost
733 3241 856 3306 albescit,
896 3239 967 3294 ultra
980 3239 1156 3294 centesimum
1170 3239 1274 3294 durant
1316 3239 1370 3294 Sed
1383 3241 1442 3293 rubi
1456 3247 1587 3294 aetasuon
1600 3238 1688 3309 perci·

58 3327 87 3372 et
113 3319 346 3389 diaphaneitatem
367 3338 445 3376 suam
467 3322 586 3392 deponit,
611 3321 759 3376 exhalante
783 3319 857 3375 scili·
894 3320 976 3389 pitur,
991 3321 1056 3391 quia
1073 3318 1207 3374 flectendo
1225 3320 1349 3389 caputia
1367 3328 1468 3373 terram
1484 3334 1568 3372 novas
1581 3319 1688 3373 nancis-

58 3408 102 3452 cet
123 3415 225 3470 sapore
247 3416 339 3471 aqum,
360 3411 389 3456 at
408 3409 510 3465 contra,
532 3419 661 3472 papyrus,
683 3400 743 3454 oleo
764 3400 856 3465 tincta,
895 3399 966 3453 citur
983 3399 1096 3465 radices,
1114 3405 1144 3453 ut
1159 3407 1279 3453 veterem
1299 3416 1316 3453 a
1335 3415 1406 3452 nova
1425 3398 1592 3469 distinguere
1614 3396 1689 3452 haud

58 3478 107 3532 diu
126 3477 360 3549 diophaneitatem
374 3489 470 3544 servat,
484 3480 596 3536 minime
610 3479 757 3536 exhalante
779 3479 855 3534 oleo:
895 3478 976 3532 facile
990 3479 1033 3533 sit

59 3557 133 3614 ιιιιᾶο
146 3559 197 3629 qui
210 3559 395 3630 chirographa
416 3559 576 3624 adulterant,
591 3577 725 3632 papyrum
738 3558 857 3613 oleatum
938 3557 982 3613 16.
1002 3559 1048 3612 Ex
1061 3557 1202 3612 arboribus
1223 3555 1412 3629 grandioribus
1425 3555 1613 3609 annosissima
1626 3564 1690 3609 sunt

59 3638 235 3708 autographo
254 3638 414 3709 imponuntc
435 3648 518 3711 atque
541 3640 594 3694 hac
617 3639 749 3700 industria
769 3638 857 3692 lineas
896 3654 1018 3709 quercus,
1031 3637 1096 3702 ilex,
1114 3647 1203 3700 ornus,
1216 3636 1314 3699 ulmus,
1334 3637 1420 3706 fagus,
1443 3643 1576 3697 emtanea,
1599 3633 1689 3705 plata-

59 3715 168 3770 trahere
183 3726 293 3772 tentam
895 3734 954 3782 nna,
969 3717 1036 3772 ficus
1049 3715 1198 3780 ruminalis,
1212 3715 1291 3781 lotos,
1305 3716 1427 3777 oleaster,
1443 3713 1511 3777 olea,
1525 3713 1624 3783 palma,
1633 3729 1690 3766 mo

102 3795 147 3850 ll.
170 3792 286 3852 Gummi
299 3798 391 3854 omnia
404 3798 482 3854 valde
495 3799 542 3853 diu
555 3800 670 3862 duraut;
691 3797 775 3852 etiarn
785 3813 855 3862 cera,
895 3813 957 3851 rus:
978 3814 1014 3851 ex
1028 3796 1072 3850 his
1085 3795 1222 3850 nonnullae
1233 3812 1318 3867 usque
1329 3795 1364 3848 ad
1378 3794 1630 3864 octingentesimum
1644 3809 1691 3845 an·

59 3876 165 3930 etmel
894 3892 977 3940 num;
998 3877 1080 3930 etiam
1095 3893 1189 3929 earum
1210 3875 1300 3929 rninns
1313 3874 1429 3937 vivaces,
1443 3889 1529 3943 usquc
1544 3871 1579 3924 ad
1592 3872 1690 3926 ducen-

102 3952 147 4010 ta.
171 3955 207 4009 At
217 3957 360 4027 aequalitas
368 3964 396 4011 et
404 3956 575 4028 inaequalitas
583 3973 683 4020 eorum,
692 3973 755 4028 qum
764 3972 856 4025 corpo·
896 3957 1023 4009 tesimum
1037 3955 1206 4025 perveniunt.

59 4034 134 4089 nbtra
147 4036 282 4100 aoeidnnt,
295 4053 349 4090 uon
363 4038 453 4092 minus
466 4054 548 4108 qnam
568 4054 612 4091 res
632 4038 708 4105 ipsa,
724 4035 758 4088 ad
779 4035 856 4089 dura·
938 4035 980 4096 17.
1002 4034 1039 4087 At
1053 4034 1163 4088 arbores
1176 4034 1294 4087 odoratae
1307 4040 1335 4085 et
1356 4032 1491 4094 resinosoe,
1505 4030 1619 4084 materia
1640 4047 1691 4085 sua

60 4114 164 4168 tionem
178 4123 224 4169 sut
243 4115 449 4171 dissolutionem
469 4117 577 4170 valent:
597 4133 662 4170 nam
682 4115 765 4185 ligna,
785 4114 856 4184 lapi·
895 4113 952 4167 sive
961 4113 1045 4184 ligno,
1056 4114 1139 4167 etiam
1147 4112 1210 4176 illis,
1222 4128 1289 4183 quas
1299 4111 1425 4172 diximus,
1438 4111 1526 4181 magis
1535 4109 1689 4174 durabiles,

59 4191 116 4258 dea
127 4194 192 4258 alia,
200 4194 246 4249 vel
258 4194 288 4249 iu
302 4212 381 4267 aqna,
392 4195 436 4250 vel
449 4196 479 4249 in
492 4195 555 4251 aare
568 4203 700 4266 perpetuo
709 4192 855 4258 manentia,
895 4201 973 4247 aetate
987 4192 1069 4262 paulo
1082 4193 1172 4247 minus
1185 4193 1309 4254 vivaces,
1331 4206 1481 4260 cupressus,
1496 4190 1579 4253 abies,
1598 4191 1689 4259 pinus,

59 4270 243 4341 plusdnrant,
258 4276 377 4345 quamsi
392 4275 552 4346 quandoque
573 4274 717 4338 allnantur,
733 4274 855 4344 qnando-
895 4272 991 4336 buxus,
1010 4272 1167 4342 juniperum
1188 4279 1218 4325 at
1237 4270 1341 4332 cedrus,
1360 4269 1481 4340 corporis
1501 4269 1690 4339 magnitudine

60 4369 114 4422 que
133 4352 269 4409 afflantur.
311 4352 400 4425 Atque
419 4354 526 4425 lapidea
547 4355 624 4418 eruti,
639 4361 667 4409 et
683 4355 712 4407 in
733 4353 856 4407 editions
896 4352 1014 4420 adjutus,
1028 4351 1110 4405 etiam
1124 4351 1279 4421 superiores
1293 4349 1350 4403 fere
1364 4357 1462 4420 aequat

59 4432 152 4500 positi,
166 4432 271 4487 diutina
288 4433 429 4498 duruntsi
450 4434 546 4489 eodeni
565 4435 626 4498 situ,
641 4440 668 4487 et
690 4434 726 4486 sd
746 4432 856 4487 easdem
937 4430 982 4484 18.
1004 4431 1147 4494 Fraxinus,
1162 4436 1295 4500 proventu
1317 4428 1414 4482 alacris
1432 4436 1459 4482 et
1475 4427 1564 4492 velox,
1579 4435 1691 4482 atatem

59 4508 122 4564 emti
135 4510 234 4583 plagas
253 4522 395 4583 ponantur,
410 4515 508 4584 quibus
525 4514 653 4583 jacebant
675 4513 704 4566 in
724 4512 855 4566 minerisc
894 4510 929 4563 ad
943 4510 1121 4565 centesimum
1136 4526 1246 4574 anuum,
1261 4517 1308 4562 ant
1324 4507 1451 4562 nonnihil
1464 4507 1535 4561 ultra
1547 4507 1688 4578 producit;

59 4589 90 4643 id
109 4591 184 4662 quod
203 4590 305 4661 plantis
324 4592 444 4658 etiam,e
460 4593 522 4647 loco
540 4594 629 4659 motis,
644 4600 673 4646 et
693 4591 748 4646 alio
768 4599 856 4646 mans
895 4590 1063 4662 quodetiam
1080 4589 1241 4660 quandoque
1262 4587 1329 4641 facit
1350 4587 1444 4652 ferula,
1459 4595 1487 4641 et
1506 4604 1577 4651 acer,
1591 4595 1618 4641 et
1631 4602 1689 4640 sor·

59 4668 197 4738 phatatis,
211 4670 319 4727 candit.
894 4670 961 4734 bus;
983 4676 1011 4723 at
1025 4669 1147 4739 populus,
1166 4677 1195 4722 et
1216 4668 1281 4732 tilia,
1296 4675 1323 4720 et
1336 4665 1415 4730 salix,
1429 4673 1457 4721 et
1477 4669 1573 4737 (quam
1592 4664 1689 4735 appel·

894 4748 964 4814 lant)
985 4764 1149 4817 sycomorus,
1163 4755 1192 4801 et
1207 4747 1325 4818 juglans,
1339 4762 1394 4800 uon
1412 4747 1481 4800 adeo
1498 4747 1604 4798 vivaces
1618 4752 1688 4798 sunt.

937 4825 982 4882 19.
1003 4826 1103 4890 Malus,
1123 4843 1215 4897 pyram,
1235 4841 1345 4896 prunus,
1365 4826 1453 4880 malus
1470 4823 1581 4887 Punica,
1601 4822 1690 4876 malus

99 4898 162 4975 (l.)
183 4901 258 4957 Loco
278 4905 412 4975 assumpti
434 4912 558 4975 ponatur,
581 4905 652 4976 quod
674 4905 856 4959 certissimum
896 4906 1014 4970 Medica,
1030 4905 1152 4970 etcitria,
1166 4904 1304 4976 mespilus,
1318 4921 1424 4970 cornus,
1439 4920 1547 4958 cerasus
1560 4901 1595 4955 ad
1609 4902 1688 4971 quin-

60 4989 117 5044 αις
151 4981 241 5036 inesse
268 4984 342 5038 omni
369 4983 496 5056 tangibili
522 4984 648 5053 spiritum
674 4985 731 5039 aive
758 5001 857 5054 corpus
895 4988 1084 5057 quagesimum
1098 4985 1466 5056 autsexagesimumanunm
1476 4981 1689 5053 pervenirepos·

60 5062 270 5129 pneumaticum,
284 5062 407 5132 partibus
425 5063 603 5135 tangibilibus
617 5065 762 5128 obtectum,
777 5072 804 5119 et
816 5064 856 5117 in·
895 5077 973 5128 sunt;
995 5065 1146 5136 prasertim
1159 5065 1183 5118 si
1197 5081 1214 5117 a
1228 5080 1328 5129 musco,
1338 5062 1483 5117 nonnullas
1495 5061 1616 5131 ipsarum
1630 5075 1689 5114 ves·

59 5137 183 5204 clnsnm;
209 5149 292 5212 atque
315 5159 352 5197 ex
373 5142 423 5197 illo
443 5143 542 5213 spiritu
563 5144 662 5197 initum
684 5144 745 5214 capi
768 5143 856 5197 omnis
894 5146 987 5207 tienne,
1002 5142 1147 5215 aliquando
1160 5155 1316 5214 purgentur.

60 5217 246 5274 dudnnonia
259 5229 288 5274 et
301 5222 528 5291 consumptionis,
549 5223 643 5294 itaque
653 5223 798 5277 earundem
810 5239 856 5275 an·
934 5223 982 5277 20.
1004 5222 1173 5277 Generaliter
1186 5222 1344 5293 magnitudo
1357 5220 1477 5291 corporis
1490 5219 1519 5271 in
1537 5217 1688 5279 arboribus,

60 5297 176 5353 fidolum
189 5308 232 5354 est
243 5300 364 5356 detentio
376 5302 495 5371 spiritns.
894 5320 957 5357 curn
983 5301 1157 5357 diuturnitate
1180 5303 1244 5356 vitre
1268 5299 1389 5377 (caeteris
1413 5293 1539 5369 paribus)
1562 5296 1690 5350 nonnihil

98 5377 156 5447 (2.)
177 5378 294 5450 Spiritus
318 5380 453 5435 detinetur
478 5379 582 5452 duplici
607 5381 705 5444 modos
736 5389 784 5435 ant
806 5397 856 5450 per
893 5381 1144 5444 habetcommune3
1166 5392 1193 5435 et
1204 5380 1330 5435 similiter
1339 5379 1452 5433 durities
1463 5377 1601 5431 materiae:
1622 5376 1690 5448 quin

61 5459 290 5528 mprudonem
312 5467 425 5523 arctam,
449 5467 579 5530 tanquam
602 5460 632 5516 iu
654 5477 780 5526 carcere3
808 5465 856 5513 aut
894 5469 922 5515 et
936 5461 1047 5517 arbores
1061 5460 1228 5532 glandifera,
1241 5468 1268 5515 et
1279 5457 1417 5523 nucifera,
1426 5455 1573 5512 fructiferis
1587 5463 1614 5510 et
1627 5456 1690 5510 bac·

414 5541 433 5593 2
454 5538 511 5592 02

263 4810 494 4850 OBmVA'l'IONES
516 4811 657 4850 aaronita.
