3800 5875
1070 61 1087 117 t

350 328 607 397 sauuaurum,
629 328 788 397 usiasu,
808 329 857 385 ar
877 319 1094 385 uuuocarri
1116 299 1386 385 ruinososffl's.
1623 326 1682 390 aaa

70 490 167 546 censeri
181 488 274 560 possit.
316 489 370 543 Sed
387 488 473 554 iniis,
488 505 549 561 quas
562 488 702 543 subdititia
717 495 789 553 sunt,
803 488 852 542 mi·
889 487 985 559 maffl's.
1026 488 1134 552 Quarta,
1148 488 1208 558 ipse
1223 488 1299 552 fluor,
1314 504 1377 542 eum
1397 502 1495 557 corpus
1513 487 1624 558 spiritus
1638 487 1681 541 in·

69 586 116 624 nm
130 569 293 623 morandum.
334 568 486 623 Videndum
506 569 592 640 igitur
610 567 746 638 deinceps,
761 566 852 639 qualia
889 568 996 621 terioris
1010 568 1147 637 particeps
1159 567 1187 619 in
1203 575 1277 620 motu
1290 575 1413 620 versatur
1425 565 1512 620 libens
1523 573 1550 620 et
1563 567 1682 637 seipsum

70 650 121 704 sint
132 665 171 712 ea,
185 665 247 719 qum
263 664 281 700 a
294 646 403 702 Telesio
416 647 540 701 dicuntur
556 647 627 700 circa
647 647 851 717 dispositionem
891 648 1021 716 sequitur,
1031 653 1112 716 atque
1126 662 1198 715 aegre
1212 645 1347 710 delinitur,
1362 654 1409 700 aut
1421 644 1554 699 consistit.
1575 645 1681 710 Quinta,

70 728 188 793 materies,
201 728 229 781 in
244 740 326 797 quam
347 725 421 780 calor
441 734 523 797 agen
544 726 622 794 cnjus
642 740 675 779 ea
697 732 738 779 est
757 725 806 789 vis,
821 732 852 780 ut
890 741 981 795 vapor,
1008 741 1070 778 cnm
1097 741 1194 794 corpus
1222 731 1378 778 attenuatur
1401 724 1429 777 in
1455 723 1583 787 intactile,
1612 725 1684 795 quod

70 806 194 860 actionem
212 806 300 875 ipsam
314 805 413 859 caloris
426 814 590 875 promoveat,
605 804 742 875 impediat,
756 804 852 858 imma:
890 806 974 857 etiam
988 805 1090 873 majore
1104 820 1167 857 cum
1181 803 1304 874 agilitate
1319 809 1346 856 et
1359 802 1510 857 mobilitate
1525 802 1604 866 cedit,
1614 803 1681 868 fluit,

70 893 112 940 tet.
148 884 214 953 Ejus
225 884 294 939 ratio
308 884 486 955 quadruplex.
527 884 620 938 Prinm
637 883 789 938 differentia
807 901 852 937 su·
890 882 1010 946 undulat,
1037 882 1161 952 trepidat.
1202 882 1294 946 Sexta,
1321 881 1431 946 halitus,
1459 883 1505 952 qui
1529 896 1614 952 vapor
1640 889 1683 935 est

71 965 144 1019 mitur
161 981 196 1018 ex
208 963 297 1017 calore
319 964 547 1033 prasinexistente,
562 968 675 1017 autnon
696 962 852 1033 praeiuexis·
891 962 1000 1032 quidam
1013 962 1101 1032 magis
1114 968 1206 1015 coctus
1220 969 1248 1014 et
1261 967 1390 1025 maturus,
1405 967 1432 1014 et
1452 960 1486 1013 ad
1503 961 1614 1031 igneam
1633 976 1683 1013 na·

70 1050 144 1098 lente.
184 1042 317 1107 Secunda,
335 1059 371 1097 ex
394 1042 473 1112 copia
494 1049 541 1096 aut
563 1043 699 1112 paucitate
722 1041 851 1095 materia.
891 1047 979 1094 turam
998 1040 1182 1110 recipiendam
1206 1041 1340 1094 subactus.
1382 1039 1511 1110 Septima,
1533 1039 1581 1094 aer
1603 1040 1681 1110 ipse;

69 1122 161 1187 Tertia,
180 1139 217 1177 ex
238 1122 366 1193 gradibus
385 1121 559 1175 subactionis.
600 1120 708 1186 Quarta,
723 1137 759 1174 ex
781 1119 853 1174 clsn·
891 1119 982 1174 adrem
1011 1126 1102 1173 autem
1133 1119 1270 1173 contendit
1296 1118 1421 1173 Telesius
1448 1118 1559 1173 omnino
1592 1118 1681 1173 calore

69 1216 132 1266 eura,
159 1200 203 1255 vel
233 1209 359 1270 apertura
385 1201 506 1271 corporis
535 1200 647 1255 subacti.
714 1199 791 1260 Quod
818 1200 852 1253 ad
890 1199 1091 1270 nativo,neque
1105 1214 1138 1251 eo
1152 1196 1681 1268 parvoautimpotenti,praeditumesse;

69 1281 175 1350 primam
195 1280 298 1345 attinet,
312 1280 441 1349 supponit
459 1279 583 1334 Telesina
602 1278 632 1333 in
646 1278 770 1333 omnibus
782 1278 853 1332 enti·
891 1278 1059 1347 quodetiam
1072 1277 1102 1330 in
1116 1277 1299 1348 frigidissimis
1313 1277 1469 1347 regionibus
1483 1276 1530 1330 ιιι
1542 1293 1682 1347 nunquam

68 1360 120 1421 baa
134 1359 285 1429 quasnobie
298 1359 407 1430 cognita
426 1365 494 1424 sunt,
509 1358 619 1413 subesse
640 1366 722 1428 atque
744 1357 852 1411 latitare
890 1356 1051 1428 congelatur
1071 1363 1117 1409 aut
1142 1357 1299 1410 concrescit.
1350 1356 1441 1410 Etiam
1469 1355 1537 1409 illud
1564 1355 1681 1410 evidenti

68 1438 177 1493 calorem
190 1438 356 1502 nonnullum,
376 1437 440 1491 licet
458 1438 494 1491 ad
514 1444 614 1491 tactum
630 1438 742 1491 minime
756 1437 852 1506 depre·
890 1434 991 1490 indicio
1004 1451 1072 1499 esse,
1087 1438 1177 1489 aerem
1193 1435 1221 1488 in
1235 1442 1333 1490 natura
1354 1435 1464 1505 propria
1481 1433 1598 1488 calidum
1611 1450 1680 1498 esse,

68 1517 253 1588 hendatur,qui
264 1516 338 1571 calor
347 1523 540 1571 cumnovoaut
551 1517 756 1587 superveniente
764 1515 852 1570 calore
891 1515 963 1585 quod
984 1514 1071 1568 omnis
1094 1512 1143 1568 adr
1164 1513 1278 1579 clausus,
1301 1521 1328 1568 et
1352 1512 1386 1566 ab
1410 1514 1585 1567 universitate
1609 1512 1682 1568 a'e‘ris

68 1596 244 1667 conjungiturr
266 1597 331 1667 quin
346 1596 442 1666 etipse
453 1596 592 1650 abeodem
603 1595 751 1649 adventitio
763 1594 852 1648 calore
890 1593 1018 1658 divulsus,
1033 1600 1061 1647 et
1077 1593 1129 1646 sibi
1144 1594 1299 1663 permissus,
1314 1600 1434 1663 teporem
1448 1594 1590 1647 manifeste
1604 1592 1681 1647 colli-

69 1676 98 1729 ad
110 1676 301 1729 actionessuas
312 1676 483 1745 peragendas
494 1676 576 1729 etiam
586 1675 615 1728 in
623 1675 734 1744 proprio
742 1674 852 1728 modulo
891 1672 939 1742 git,
960 1680 989 1726 ut
1009 1674 1038 1727 in
1058 1671 1121 1725 lana
1143 1680 1171 1726 et
1195 1673 1275 1726 rebus
1296 1672 1411 1727 fibrosis.
1452 1672 1542 1726 Etiam
1562 1672 1592 1725 in
1613 1670 1681 1725 locis

69 1755 192 1809 excitatur
205 1762 287 1827 atque
301 1754 465 1809 incenditur.
506 1755 596 1823 Hujus
611 1755 650 1808 rei
662 1759 851 1825 argumentum
890 1752 990 1806 clausis
1011 1759 1038 1807 et
1056 1751 1179 1822 angustis
1199 1750 1291 1806 adrem
1311 1751 1345 1805 ad
1364 1750 1571 1820 respirationem
1584 1750 1680 1805 sentiri

69 1851 121 1888 ease
131 1834 245 1905 insigne,
257 1835 330 1904 quod
339 1833 443 1888 nullum
452 1834 557 1888 scilicet
570 1834 606 1887 sit
620 1850 656 1887 ex
669 1833 785 1896 entibus,
798 1849 852 1887 non
891 1831 1007 1902 quodam
1020 1831 1100 1886 modo
1113 1831 1308 1894 suffocativum,
1317 1830 1389 1902 quod
1398 1846 1415 1883 a
1425 1829 1513 1884 calido
1521 1836 1570 1884 est.
1591 1829 1680 1901 Atque

69 1913 205 1977 metallum,
219 1928 275 1967 non
289 1913 367 1983 lapis,
377 1929 432 1966 non
445 1930 524 1984 aqua,
535 1928 589 1966 non
603 1915 658 1977 adr,
671 1913 742 1983 quod
751 1928 805 1965 non
817 1928 853 1967 ex
890 1908 950 1964 haec
966 1918 1111 1980 propterea
1125 1909 1183 1964 fieri
1198 1911 1270 1981 quod
1284 1909 1331 1964 aiir
1343 1910 1459 1973 clausus,
1470 1925 1517 1962 sua
1531 1916 1627 1963 natura
1641 1910 1681 1964 uti

69 1998 169 2058 abacto,
179 1999 262 2063 atque
274 1993 356 2047 etiam
366 1992 401 2045 ab
415 1991 569 2047 admotione
579 1991 660 2062 ignis,
672 2000 719 2046 aut
732 1992 852 2062 corporis
889 1988 1010 2060 incipiat,
1025 2006 1086 2043 cum
1100 1988 1147 2044 ιιι
1164 1989 1237 2043 foras
1250 1997 1277 2043 et
1296 1989 1346 2044 sub
1361 1989 1407 2042 dio
1419 1989 1593 2059 refrigeretur
1606 2005 1623 2041 a
1637 1988 1682 2043 fri·

68 2070 149 2136 calidi,
171 2070 299 2126 calescat.
348 2071 425 2132 Quod
446 2071 546 2127 factum
570 2071 605 2125 iri
628 2070 775 2125 verisimile
798 2087 851 2124 non
891 2084 965 2137 gore,
980 2069 1052 2140 quod
1062 2067 1159 2139 globus
1174 2075 1253 2122 terrea
1271 2077 1402 2139 perpetuo
1420 2068 1544 2122 immittit
1557 2075 1584 2122 et
1597 2067 1679 2123 efflat.

69 2157 112 2215 est,
129 2150 181 2205 nisi
201 2151 278 2205 calor
299 2150 506 2220 prminexistens
528 2160 556 2205 et
575 2149 669 2214 latens,
692 2150 853 2219 preparatio
891 2147 1057 2208 Quinetiam
1070 2146 1469 2202 aeremnostvumcommunem
1481 2146 1553 2202 tenui
1565 2148 1681 2217 quadam

70 2229 182 2299 quedam
202 2236 278 2284 esset
298 2230 333 2283 ed
357 2228 474 2284 calorem
494 2246 595 2284 novum
618 2236 647 2283 et
670 2228 853 2283 manifestum.
890 2226 1040 2281 coelestium
1056 2227 1118 2282 dote
1132 2227 1266 2298 insigniri,
1282 2244 1343 2282 cum
1357 2227 1458 2281 habeat
1470 2224 1595 2281 nonnihil
1609 2226 1638 2280 in
1651 2243 1681 2281 se

69 2307 229 2364 Etiamillud
243 2309 333 2380 magis
347 2317 374 2363 et
393 2309 491 2374 minus,
505 2324 603 2379 nempe
625 2307 786 2362 facilitatem
807 2315 853 2360 aut
890 2304 976 2370 lucis3
998 2307 1069 2377 quod
1092 2323 1128 2360 ex
1148 2307 1208 2360 visu
1228 2306 1395 2373 animalium,
1421 2323 1482 2377 ques
1504 2312 1584 2358 noctu
1604 2313 1631 2359 et
1652 2307 1681 2359 in

69 2389 211 2443 tarditatem
232 2388 263 2443 in
286 2388 375 2443 calore
398 2388 582 2458 concipiendo,
608 2389 680 2458 quod
698 2387 727 2441 in
746 2388 853 2441 entibus
890 2383 958 2440 locis
979 2385 1099 2441 obscuris
1121 2402 1232 2440 cernere
1251 2394 1371 2456 possunt,
1394 2384 1552 2439 ostenditur.
1592 2384 1681 2456 Atque

69 2466 201 2532 invenitur,
222 2468 372 2523 secundum
393 2468 501 2522 modum
528 2466 625 2522 calone
644 2466 853 2537 praeinexisten·
891 2463 953 2518 telis
980 2472 1021 2518 est
1040 2464 1149 2519 Telesio
1175 2464 1360 2535 dispositionis
1387 2465 1507 2518 materias
1533 2463 1625 2528 series,
1652 2465 1682 2518 in

69 2544 100 2601 tis
113 2555 271 2618 competere.
309 2545 410 2602 Aiirem
425 2548 498 2602 enim
511 2563 595 2617 parvo
607 2546 696 2599 calore
706 2551 852 2616 tepescere,
891 2543 988 2597 mediis
1010 2544 1152 2607 videlicet;
1177 2543 1311 2615 siquidem
1338 2551 1467 2608 extrema,
1494 2542 1619 2597 videlicet
1646 2561 1682 2598 ex

70 2634 141 2697 atque
161 2644 202 2693 eo,
227 2627 327 2698 quiin
351 2643 464 2697 corpore
492 2643 571 2697 aquas
597 2638 654 2679 non
680 2625 852 2695 percipiatur,
891 2622 978 2676 altera
990 2631 1068 2694 parte
1082 2624 1274 2692 corporsdura
1294 2630 1321 2675 et
1339 2622 1434 2694 rigida,
1449 2639 1486 2676 ex
1499 2621 1594 2686 altera,
1608 2622 1682 2696 ignis

71 2707 112 2759 sed
132 2723 243 2761 sensum
266 2706 366 2777 lugiet:
387 2706 470 2760 etism
489 2721 588 2776 aquam
608 2705 688 2759 citius
707 2711 852 2774 tepescere,
891 2702 959 2771 ipse,
975 2710 1103 2772 tanquam
1125 2702 1232 2755 termini
1255 2702 1404 2755 mediomm
1425 2717 1480 2754 non
1501 2711 1681 2757 recensentur.

71 2796 141 2855 quem
149 2785 277 2856 lapidem,
288 2794 336 2839 aut
350 2784 499 2849 metallum,
507 2792 552 2839 aut
561 2785 669 2839 vitrum.
701 2780 853 2854 Namquod
892 2781 946 2835 Sed
959 2790 1057 2850 praeter
1076 2781 1159 2835 hosce
1179 2780 1278 2852 gradm
1297 2781 1435 2851 simplices
1455 2797 1582 2850 magnam
1603 2797 1683 2834 aucu-

70 2864 170 2937 aliquod
191 2882 226 2920 ex
241 2866 310 2928 istis,
324 2864 463 2920 metallum
484 2864 587 2920 scilicet
609 2870 656 2919 aut
674 2862 753 2932 lapis,
774 2863 854 2917 citius
892 2868 973 2930 patur
990 2860 1171 2915 diversitatem
1192 2861 1220 2913 in
1239 2860 1414 2931 dispositione
1433 2859 1554 2913 materiae
1573 2876 1609 2913 ex
1622 2876 1681 2913 cor·

71 2952 197 3014 tepescere
204 2946 329 3001 videetur
339 2961 419 3017 quam
428 2962 506 3015 aqua,
516 2945 545 2999 id
556 2951 659 2998 tantum
673 2943 702 2997 iu
712 2943 853 3014 superficie
892 2956 958 3010 pore
980 2941 1093 2995 similari
1114 2948 1142 2996 et
1162 2941 1325 3004 dissimilari,
1342 2957 1402 2994 curn
1421 2939 1524 2993 scilicet
1543 2940 1682 3008 portiones

70 3024 192 3088 lieri,non
204 3026 235 3080 in
247 3024 396 3095 profundo;
412 3025 476 3094 quia
488 3041 602 3094 corpora
617 3022 790 3077 consistentia
805 3023 854 3076 mi·
893 3020 1011 3075 materiae
1032 3021 1061 3074 in
1081 3037 1137 3075 uno
1158 3037 1270 3090 corpore
1293 3019 1451 3089 composita
1473 3026 1500 3072 et
1516 3018 1681 3082 coadunatis,

70 3117 114 3157 nus
131 3103 368 3159 communicabilis
390 3112 452 3158 sunt
471 3104 499 3157 in
513 3103 636 3172 partibus
649 3102 713 3165 suis,
728 3119 810 3173 quam
823 3102 854 3156 li·
892 3100 935 3154 vel
949 3101 985 3154 ad
1005 3116 1087 3154 uuam
1101 3116 1137 3155 ex
1157 3099 1285 3171 gradibus
1306 3098 1465 3169 supradietis
1479 3096 1620 3168 aequaliter
1638 3114 1681 3151 re-

70 3183 151 3252 quida.
192 3185 289 3255 Itaque
311 3183 414 3238 extima
428 3181 530 3237 metalli
544 3183 624 3236 citius
638 3180 756 3235 calefieri
772 3197 853 3253 quam
892 3179 956 3234 ferri
971 3187 1091 3249 possunt,
1106 3179 1151 3233 vel
1161 3179 1195 3232 ad
1209 3179 1314 3234 diversa
1328 3177 1477 3248 impariter.
1498 3176 1593 3246 Longe
1608 3177 1681 3231 enim

71 3263 164 3316 extima
176 3279 263 3335 aquae,
278 3263 431 3317 universam
443 3269 533 3316 autem
543 3261 649 3323 molem,
661 3261 773 3315 tardius.
805 3261 854 3316 Se·
892 3259 1040 3314 maximam
1055 3259 1117 3314 inde
1132 3258 1209 3329 sequi
1230 3259 1259 3312 in
1273 3258 1429 3329 operatione
1443 3255 1541 3311 caloris
1555 3257 1682 3309 differen-

70 3342 314 3398 euudsdifferentia
327 3342 435 3413 ponitur
448 3342 488 3406 in
498 3341 699 3395 coacervatione
712 3350 740 3394 et
759 3357 854 3410 expor-
893 3339 967 3393 tiam
1008 3338 1102 3410 ltaque
1113 3346 1234 3408 quartam
1246 3337 1321 3392 illam
1336 3337 1517 3392 differentiam
1530 3336 1683 3390 necessario

70 3422 318 3478 rectionematerim.
338 3422 381 3476 Ea
393 3420 855 3486 sideneafueritfitutcalorisvires
893 3418 1016 3472 adhiberi
1039 3434 1075 3472 ex
1096 3426 1191 3471 natura
1212 3434 1243 3472 ac
1264 3417 1347 3472 etiam
1367 3416 1490 3487 positura
1510 3416 1639 3485 corporis,
1652 3415 1683 3470 in

71 3502 150 3571 magis
162 3503 298 3567 uniantur,
312 3509 340 3556 et
353 3518 403 3572 per
416 3501 544 3555 unionem
562 3500 650 3570 magis
665 3509 815 3570 augeantur
828 3508 855 3553 et
893 3499 964 3568 quod
991 3496 1065 3552 calor
1091 3503 1163 3568 agat,
1191 3496 1291 3561 clausa,
1318 3505 1365 3552 aut
1395 3512 1493 3567 porosa
1519 3502 1548 3548 et
1578 3501 1681 3565 aperta.

70 3577 249 3644 intendentem
272 3588 372 3644 contra,
382 3580 405 3635 si
415 3578 503 3635 laxior
513 3579 602 3644 fuerit,
612 3587 642 3634 ut
652 3579 740 3649 magis
753 3578 854 3650 disgre·
893 3577 1006 3638 Quando
1020 3576 1094 3631 enim
1114 3577 1143 3630 in
1164 3586 1258 3646 aperta
1270 3584 1298 3632 et
1317 3576 1443 3648 exposita
1457 3581 1584 3644 operatur
1597 3574 1678 3637 calor,

71 3666 166 3726 gantur,
180 3670 208 3716 et
225 3677 276 3731 per
294 3660 523 3730 disgregationem
543 3659 632 3731 magis
651 3658 807 3712 minuantur
828 3666 856 3712 et
892 3665 1018 3726 operatur
1031 3656 1152 3710 seriatim
1163 3664 1192 3709 et
1205 3673 1254 3725 per
1264 3655 1378 3726 singula,
1389 3653 1551 3708 auenuando
1562 3660 1589 3706 et
1601 3652 1682 3707 mmul

71 3748 237 3795 enerventur.¹
274 3739 368 3810 ltaque
379 3738 515 3794 fortiorem
526 3755 586 3793 esse
599 3737 716 3792 calorem
730 3737 854 3792 metallo·
893 3735 1031 3790 educendo
1054 3744 1081 3789 et
1102 3735 1261 3805 separando.
1301 3735 1371 3789 Cum
1388 3750 1453 3788 vero
1474 3734 1504 3786 in
1526 3730 1634 3786 occlusa
1655 3740 1683 3785 et

70 3831 124 3871 rum
143 3819 298 3889 ignitorum,
317 3836 399 3889 quam
421 3834 498 3889 aquea
522 3817 656 3881 ferventis,
671 3817 753 3870 etiam
773 3834 854 3888 quam
892 3823 1033 3885 compacta
1055 3822 1184 3884 operatur
1204 3814 1350 3869 secundum
1372 3820 1464 3876 totum,
1486 3820 1514 3865 et
1534 3811 1683 3865 secundum

71 3894 179 3951 flammae
191 3898 286 3968 ipsius,
300 3896 354 3951 nisi
369 3896 440 3969 quod
453 3899 563 3950 flamme
574 3914 623 3966 per
632 3895 790 3951 tenuitatem
800 3914 854 3950 ma·
892 3911 1019 3959 massam,
1032 3894 1108 3948 nulla
1121 3894 1193 3948 faeta
1211 3895 1316 3962 jactura
1329 3892 1434 3956 caloris,
1450 3892 1497 3945 sed
1510 3888 1599 3944 calore
1612 3905 1684 3944 novo

72 3974 110 4043 gis
122 3975 267 4031 subintret·
303 3978 377 4031 Nam
388 3977 526 4031 flammam
539 3976 687 4030 carbonum
698 3976 754 4029 sive
768 3975 855 4046 ligno
893 3981 920 4028 et
931 3980 1020 4029 vetere
1033 3990 1063 4028 se
1075 3974 1302 4044 conjungentibus
1315 3979 1342 4026 et
1355 3972 1435 4041 plane
1450 3970 1682 4040 conspirantibus3

71 4068 132 4118 rum,
145 4056 197 4109 nisi
211 4057 276 4110 fletu
291 4057 431 4120 excitetur,
445 4064 474 4110 ut
495 4071 544 4124 per
558 4062 659 4108 motum
679 4055 786 4109 facilius
806 4054 854 4109 im·
892 4054 963 4108 unde
978 4053 1007 4107 fit
1018 4061 1046 4107 ut
1059 4054 1224 4122 potentiores
1238 4061 1265 4105 et
1278 4052 1365 4121 magis
1375 4051 1535 4104 intrinsecas
1546 4057 1572 4103 et
1586 4049 1683 4120 exqui-

71 4131 180 4201 pellutur
193 4143 221 4189 et
235 4141 368 4204 penetret,
382 4151 436 4188 uon
454 4134 597 4189 admodum
618 4134 726 4188 furere:
747 4134 854 4204 quinat
892 4133 958 4187 sitas
972 4131 1147 4187 alterationes
1168 4138 1195 4185 et
1214 4131 1383 4185 subactiones
1404 4129 1538 4184 conficiat
1580 4129 1683 4183 Verum

71 4213 205 4268 nonnullas
225 4215 350 4269 flammas
362 4213 464 4284 (qualis
483 4221 525 4267 est
543 4213 652 4284 spiritus
668 4212 733 4277 vini,
747 4212 854 4267 inflam-
892 4212 926 4265 de
939 4211 992 4265 hoc
1006 4211 1083 4280 plura
1096 4228 1162 4266 mox
1175 4211 1305 4275 dicentur,
1314 4227 1374 4264 cum
1384 4209 1417 4262 de
1428 4209 1507 4263 modo
1517 4208 1683 4264 subactionis

72 4292 132 4345 meti
155 4295 305 4362 praesertim
328 4294 356 4347 in
376 4293 476 4364 exigua
498 4294 648 4364 quantitate
669 4299 696 4346 et
718 4291 854 4362 dispersa)
893 4292 1063 4345 disseremus.
1106 4291 1159 4345 Sed
1173 4291 1280 4344 interim
1295 4289 1394 4359 satagit
1408 4295 1539 4342 etaestuat
1551 4286 1682 4353 Telesina,

72 4369 134 4425 adeo
145 4371 214 4427 lenis
228 4373 326 4427 caloris
340 4389 407 4436 esse,
421 4380 451 4426 ut
465 4371 500 4425 ad
513 4388 624 4426 manum
644 4371 700 4427 fere
718 4370 852 4426 toleretur.
893 4378 921 4424 et
946 4371 1023 4425 miris
1049 4370 1137 4424 modis
1164 4369 1325 4440 implicatur,
1353 4377 1383 4422 ut
1414 4367 1543 4436 expediat
1573 4367 1683 4421 modum

71 4444 155 4504 Tertia
167 4452 328 4516 differentia,
343 4469 403 4523 quse
416 4452 532 4505 sumitur
549 4468 585 4505 ex
599 4450 755 4505 subactione
770 4458 854 4505 mute·
893 4450 1001 4504 divortii
1016 4457 1044 4503 et
1053 4449 1232 4520 separationis
1243 4447 1402 4519 qualitatum
1412 4463 1520 4500 suarum
1536 4447 1684 4517 primarum

71 4525 122 4592 riis,
134 4530 279 4601 multiplex
293 4538 352 4596 est3
374 4531 473 4602 gradus
487 4531 558 4584 enim
576 4529 741 4585 subactionis
754 4547 855 4585 memo
892 4530 1115 4593 connaturalium,
1124 4528 1230 4591 caloris,
1238 4527 1314 4592 lucis,
1323 4525 1468 4590 tenuitatis,
1479 4533 1506 4579 et
1516 4525 1683 4590 mobilitatis,

73 4616 158 4663 rmrur
180 4611 216 4665 ab
240 4628 273 4666 eo
297 4612 373 4682 quasi
402 4616 522 4680 septem;
544 4626 658 4680 quorum
680 4608 784 4679 primns
805 4616 853 4673 est,
892 4625 924 4661 ac
939 4608 1126 4680 quatemioois
1139 4607 1272 4678 oppositae
1286 4612 1364 4675 prout
1375 4604 1533 4676 corporibus
1543 4605 1682 4668 acciduntc

72 4682 157 4750 lentor,
167 4690 212 4759 qui
224 4698 265 4745 est
279 4690 422 4761 dispositio
433 4689 553 4743 materiae
567 4688 701 4743 exhibens
710 4704 808 4758 corpus
820 4689 855 4743 ad
893 4704 953 4743 cum
967 4703 1080 4757 corpora
1092 4686 1147 4740 alia
1160 4685 1331 4740 inveniantur
1344 4685 1439 4749 calida,
1457 4692 1503 4740 aut
1517 4684 1551 4737 ad
1565 4684 1684 4737 calorem

72 4767 194 4833 majorem
208 4768 364 4823 violentiam
377 4767 504 4823 nonnihil
512 4767 671 4839 obsequens,
682 4778 709 4820 et
722 4783 854 4836 comprea
893 4767 995 4837 optime
1016 4773 1174 4836 praeparata,
1195 4764 1243 4819 sed
1267 4764 1362 4818 eadem
1383 4765 1555 4819 inveniantur
1576 4779 1683 4833 quoque

72 4843 158 4910 simis,
184 4853 213 4901 et
241 4848 377 4918 praecipue
404 4847 570 4902 extensionis
597 4848 711 4918 patiens,
733 4846 854 4901 flexibile
892 4847 984 4910 densa,
1009 4846 1110 4917 quieta,
1134 4844 1229 4915 nigra;
1250 4843 1304 4897 alia
1327 4844 1427 4908 tenuia,
1447 4842 1566 4907 mobilia,
1585 4842 1683 4907 lucida,

72 4920 180 4996 deniqne
193 4932 240 4980 aut
257 4926 367 4981 ductile.
410 4926 556 4991 Secundus,
570 4925 707 4989 mollities,
720 4942 782 4979 cum
797 4943 855 4979 ma·
893 4926 949 4980 sive
963 4925 1033 4988 alba,
1048 4924 1096 4978 sed
1115 4933 1206 4977 tamen
1221 4923 1334 4993 frigidu;
1349 4929 1378 4977 et
1388 4921 1513 4977 similiter
1522 4921 1556 4975 de
1570 4921 1683 4985 cacteris,
1784 4959 1786 4964 .

69 4999 123 5066 jore
143 5004 271 5060 violentia
288 5005 329 5060 nil
348 5021 417 5075 opus
435 5013 485 5070 est,
505 5006 552 5060 sed
574 5022 671 5076 corpus
694 5004 777 5058 etiam
800 5004 854 5058 levi
893 5020 947 5059 una
966 5004 1094 5076 quapiam
1113 5002 1242 5074 qualitate
1264 5002 1293 5057 in
1314 5002 1397 5057 rebus
1417 5002 1557 5064 existente,
1571 4999 1684 5070 reliquis

72 5078 227 5149 impulsione
253 5094 335 5157 atque
356 5085 391 5139 ad
416 5091 518 5139 tactum
543 5085 633 5155 ipsum
661 5083 717 5138 sive
745 5100 853 5137 manum
893 5099 945 5136 non
957 5083 1185 5153 competentibus,
1201 5082 1256 5136 alia
1266 5099 1329 5135 vero
1339 5081 1442 5136 duabus
1457 5097 1493 5133 ex
1506 5079 1566 5133 istis
1580 5079 1684 5135 naturis

72 5160 138 5213 cedit
151 5162 253 5234 absque
269 5164 387 5220 evidenti
406 5164 557 5219 renitentia.
597 5164 698 5227 Tertia,
712 5163 855 5217 viscositas
893 5162 1063 5232 participent,
1075 5162 1178 5216 duabus
1192 5170 1284 5216 contra
1294 5162 1441 5230 priventur,
1451 5159 1526 5213 varia
1539 5157 1685 5215 admodum

72 5237 124 5292 sive
138 5243 274 5308 tenacitas,
290 5261 351 5315 qaae
365 5250 407 5298 est
420 5243 585 5313 principium
599 5243 732 5313 quoddam
749 5242 852 5297 fluoris.
893 5243 1089 5313 permutatione
1112 5249 1140 5295 et
1159 5242 1301 5295 consortio.
1342 5239 1401 5300 Qua
1414 5240 1442 5293 in
1464 5247 1541 5308 parte
1560 5236 1685 5292 ‘l'elesius

72 5314 179 5373 Videtur
188 5321 260 5375 enim
273 5339 371 5393 corpus
383 5322 519 5377 viscosum
532 5322 566 5375 ad
580 5330 732 5377 contactum
742 5328 769 5375 et
782 5338 854 5375 corn·
893 5336 946 5374 non
961 5320 1104 5374 admodum
1119 5319 1235 5374 feliciter
1248 5319 1425 5390 perfungitur,
1440 5317 1488 5372 sed
1502 5334 1575 5371 more
1590 5317 1685 5375 adver-

72 5395 177 5463 plexum
185 5399 296 5455 alterius
307 5402 428 5471 corporis
437 5402 556 5471 incipere
568 5401 650 5455 fluere
659 5409 686 5455 et
694 5401 853 5465 continuari,
893 5400 1024 5454 sanorum
1038 5416 1149 5454 suorum
1162 5416 1192 5454 se
1206 5400 1294 5469 gerit,
1312 5399 1359 5468 qui
1373 5414 1436 5452 cum
1451 5398 1525 5466 prius
1539 5397 1685 5467 opinantur

73 5489 117 5527 uec
132 5494 161 5530 se
174 5479 236 5547 ipso
249 5480 327 5542 finiri,
342 5480 407 5535 licet
420 5487 516 5551 sponte
530 5487 558 5534 et
571 5497 606 5534 ex
619 5497 679 5535 sese
697 5497 751 5534 non
771 5480 853 5534 fluat:
893 5497 974 5551 quam
994 5480 1178 5549 experiuntur,
1197 5478 1243 5532 ubi
1263 5476 1298 5530 ad
1320 5493 1364 5530 res
1384 5476 1562 5546 particulares
1575 5483 1686 5530 ventum

73 5552 178 5611 fluidum
207 5556 280 5612 enim
307 5558 348 5614 sui
375 5575 479 5631 sequax
504 5565 554 5625 est,
581 5559 717 5617 sucosam
744 5558 854 5617 alterius
893 5566 941 5628 est,
956 5559 1066 5632 ingenio
1076 5566 1103 5615 et
1118 5558 1197 5614 rebus
1211 5556 1363 5623 abutuntur,
1378 5565 1459 5628 atque
1474 5564 1529 5612 tom
1537 5556 1685 5628 ingenium,
