3800 5875
611 273 796 331 HISTORIA
816 275 917 332 vl‘rAE
938 277 988 334 ΕΤ
1009 276 1164 335 alonna.
1645 281 1707 344 ’587

53 433 128 500 nus)
144 439 247 499 tamen,
262 434 328 505 quia
341 432 472 489 alimenta
484 432 574 505 magis
592 440 707 490 evocant
726 451 809 505 quam
830 436 870 490 in·
947 436 1106 509 anaeque
1133 443 1255 494 vetustru
1272 439 1329 494 sini
1357 447 1405 495 aut
1432 446 1514 511 potus
1534 441 1587 496 boc
1614 442 1706 510 habet,

54 512 174 580 durant,
188 523 285 584 postea
298 531 348 568 suo
361 515 423 569 loco
435 513 615 585 inquiremus.
906 516 981 587 quod
995 517 1173 572 subtilitatem
1185 527 1300 590 generat
1312 519 1342 573 in
1362 521 1486 590 partibus
1498 521 1621 592 liquoris,
1635 524 1706 577 acri·

102 591 154 648 la.
179 593 317 649 Jamvero
325 611 387 648 curn
400 594 434 648 ds
445 593 545 648 duritie
559 609 700 649 succorum
711 594 812 649 dictum
824 595 868 661 sit,
906 598 1028 651 moniam
1040 597 1070 650 in
1085 597 1228 668 spiritibus
1239 621 1246 664 ς
1259 616 1375 670 qnorum
1388 600 1508 670 primum
1522 600 1597 667 utile,
1612 618 1707 658 secun·

55 672 232 728 veniendum
247 675 282 728 ad
303 673 474 729 oleositatem
488 673 546 728 sire
566 674 777 729 roscidationem
796 676 869 745 ipso-
906 676 972 730 dum
986 677 1118 742 noxium,
1139 678 1233 749 itaque
1248 678 1283 732 ad
1302 677 1374 733 hanc
1389 679 1629 751 complicationem
1641 698 1706 737 cno-

57 766 142 817 rum3
158 771 223 824 quas
235 754 383 825 perfectior
397 761 425 809 et
443 753 579 824 potentior
592 762 635 808 est
646 754 770 820 intentio,
785 771 868 824 quam
906 754 1026 810 dandam
1049 756 1174 811 mittatur
1197 759 1228 811 in
1254 757 1365 823 dolium,
1388 759 1548 830 priusquam
1571 762 1706 817 resederit

58 830 221 898 induratioe
250 835 316 906 quia
345 849 401 889 non
427 833 513 888 habet
539 833 749 897 incommodum,
778 849 867 905 neque
906 836 1032 890 nonnihil
1053 837 1147 891 vinum
1169 854 1187 889 a
1210 845 1307 903 musto,
1328 854 1393 893 caro
1415 839 1508 905 suilla,
1527 846 1575 894 aut
1594 841 1706 896 cervina

59 910 168 966 malum
188 915 399 984 complicatum:
413 914 506 969 omnia
519 913 601 976 enirn,
616 931 678 985 quas
690 914 725 968 ad
738 913 867 968 duritiem
906 914 976 969 bene
990 924 1074 980 cocta,
1089 923 1120 970 ut
1133 915 1255 971 habeant
1268 918 1382 987 spiritus
1400 919 1465 983 vini,
1482 920 1554 990 quod
1567 922 1706 976 mminent

59 1007 208 1045 succorum
223 994 369 1062 pertinent,
384 993 518 1063 ejusmodi
532 999 606 1060 sunt,
621 1002 653 1046 ut
665 1010 728 1047 cum
742 992 867 1048 alimenti
905 1001 934 1048 et
943 995 1081 1060 mandant,
1091 1005 1172 1066 atque
1181 996 1245 1051 inde
1255 998 1461 1052 mordacitatem
1471 1000 1704 1071 suamdepouant.

59 1069 285 1142 absumptionem
308 1073 479 1145 prohibeant,
501 1072 585 1128 etiam
606 1072 728 1141 ejusdem
755 1089 866 1143 repara-
945 1075 993 1131 24.
1014 1075 1147 1130 Similiter
1160 1077 1185 1130 si
1198 1077 1312 1146 recipiat
1324 1077 1504 1132 cervisianon
1516 1078 1604 1133 solum
1618 1095 1705 1151 grana

58 1150 168 1205 tionem
176 1152 345 1222 impediant3
359 1154 431 1208 uude
441 1154 472 1207 fit
481 1152 688 1208 utdiutumitati
696 1153 760 1206 vitm
770 1151 865 1207 eadem
905 1154 996 1221 tritici,
1018 1155 1123 1222 hordei,
1144 1171 1299 1222 arenarum,
1323 1157 1453 1228 pisarum,
1475 1165 1528 1212 etc.
1549 1159 1703 1213 sedetiam

59 1237 88 1282 et
101 1232 213 1300 prosint
226 1239 255 1287 et
268 1233 375 1298 obsint,
391 1242 419 1288 at
432 1250 494 1304 quae
507 1233 542 1287 ad
552 1232 760 1286 roscidationem
775 1249 866 1287 succo
903 1243 1012 1304 partem
1028 1237 1108 1304 (puta
1121 1236 1243 1306 tertiam)
1264 1252 1301 1291 ex
1314 1236 1452 1292 radicibus
1466 1248 1513 1291 aut
1534 1238 1625 1308 pulpis
1639 1238 1703 1307 pin-

58 1326 122 1363 rum
136 1312 285 1380 pertinent,
294 1330 330 1367 ex
338 1321 451 1384 utraque
463 1319 541 1383 parte
552 1313 668 1380 J'uvant;
683 1328 745 1366 cum
753 1312 867 1366 reddant
904 1315 1004 1385 quibus
1019 1316 1126 1387 (qualia
1139 1324 1203 1370 sunt
1215 1316 1322 1371 radices
1336 1316 1437 1386 potadi,
1451 1316 1579 1372 medullae
1598 1318 1703 1389 artipli·

59 1389 228 1446 alimentum
241 1400 269 1447 ct
281 1393 371 1446 minus
384 1391 552 1463 dissipabile,
563 1397 591 1446 et
601 1391 690 1461 magis
701 1391 864 1462 reparabile.
903 1395 952 1459 cis,
963 1396 1069 1450 radices
1082 1394 1218 1462 bardans,
1226 1405 1274 1452 aut
1287 1395 1349 1450 alia
1363 1396 1468 1451 radices
1481 1397 1576 1452 dulces
1590 1407 1617 1451 et
1627 1414 1703 1453 escu-

106 1469 153 1524 15.
177 1471 249 1525 Cum
274 1489 339 1526 vero
370 1471 495 1538 dicimus,
521 1472 594 1542 quod
621 1487 717 1525 succus
744 1472 865 1542 corporis
904 1473 998 1544 lenta)
1014 1474 1154 1531 utiliorem
1165 1476 1222 1530 fore
1237 1482 1332 1547 potum
1346 1476 1381 1529 ad
1394 1475 1599 1548 longaevitatem
1609 1478 1702 1532 existi·

59 1548 162 1603 debeat
179 1550 238 1604 fieri
259 1551 381 1606 roscidus
400 1559 429 1606 et
447 1552 566 1623 pinguis,
580 1551 728 1606 notandum
748 1558 797 1617 est,
812 1551 865 1606 hoc
903 1570 1019 1620 mamus,
1034 1571 1117 1626 quam
1131 1556 1275 1611 cervisiam
1285 1572 1321 1610 ex
1331 1557 1425 1627 granis
1440 1563 1554 1612 tantum.

59 1643 112 1683 nos
125 1645 182 1684 non
194 1629 350 1702 intelligere
368 1631 403 1685 de
416 1632 590 1703 pinguedine,
609 1638 658 1685 aut
676 1630 756 1701 adipe
776 1632 865 1686 mani·
942 1634 992 1689 25.
1013 1635 1105 1690 Etiam
1133 1652 1195 1706 quae
1221 1636 1251 1690 in
1278 1635 1401 1706 partibus
1423 1637 1480 1690 suis
1500 1636 1579 1691 valde
1607 1636 1702 1692 tenuia

61 1708 140 1772 festo,
160 1710 209 1764 sed
230 1710 264 1765 de
285 1728 346 1766 rore
360 1712 472 1782 perfuso
486 1719 514 1766 et
527 1710 564 1784 (si
585 1711 690 1782 placet)
708 1710 821 1765 rediculi
835 1712 864 1765 in
903 1723 972 1778 sunt,
984 1724 1011 1769 et
1019 1715 1196 1770 nihilominus
1209 1714 1286 1770 nulla
1299 1731 1410 1785 prorsus
1424 1716 1644 1771 suntacrimonia
1654 1724 1702 1771 aut

60 1787 124 1859 ipsa
136 1790 261 1861 corporis
271 1791 432 1847 substantia.
903 1794 1087 1860 mordacitate,
1112 1795 1192 1849 utilia
1216 1802 1280 1850 sunt
1305 1794 1334 1848 in
1357 1795 1538 1850 condimentis
1561 1796 1699 1862 ciborume

105 1868 151 1923 16.
175 1866 275 1941 Neque
295 1888 389 1926 rursus
403 1869 543 1925 existimet
555 1870 691 1941 quispiam
705 1869 803 1934 oleum,
818 1877 865 1924 aut
903 1873 1015 1943 qualem
1035 1875 1164 1929 virtutem
1186 1875 1278 1930 inesse
1300 1874 1529 1943 deprehendimus
1553 1877 1583 1930 in
1602 1878 1700 1947 paucis

60 1947 179 2019 pinguia
189 1950 319 2015 ciborum,
332 1959 379 2006 aut
389 1949 530 2014 medullas,
541 1949 642 2005 similia
656 1950 708 2004 sibi
722 1966 862 2021 generare,
902 1952 1065 2024 quibusdam
1075 1971 1111 2009 er
1121 1954 1249 2021 ficubus,
1261 1954 1373 2008 floribus
1381 1955 1486 2009 scilicet
1493 1955 1609 2021 hederae,
1616 1957 1701 2027 quiin

62 2033 145 2099 atque
159 2028 306 2084 intentioni
317 2037 417 2085 nostrae
430 2030 602 2095 mtisfacere3
617 2046 706 2099 neque
720 2030 792 2083 enim
802 2047 863 2101 quse
902 2041 980 2088 aceto
993 2033 1076 2088 infusi
1087 2034 1172 2089 etiam
1182 2034 1274 2105 gustui
1285 2034 1407 2104 placent;
1422 2035 1534 2089 fioribus
1542 2035 1699 2102 calenduloe,

62 2107 186 2175 perfecta
204 2109 290 2164 semel
303 2117 374 2176 sunt,
388 2117 463 2164 retro
476 2117 608 2181 aguntur,
623 2110 671 2163 sed
684 2108 751 2163 talia
765 2108 864 2163 debent
903 2113 950 2182 qui
977 2113 1007 2168 in
1026 2130 1078 2169 usu
1100 2121 1165 2168 sunt
1186 2114 1216 2167 in
1238 2113 1357 2178 brodiis;
1380 2121 1408 2168 et
1427 2115 1539 2170 floribus
1558 2115 1699 2171 betonicae.

62 2187 344 2260 essealimenmquae
357 2196 420 2261 post
429 2190 609 2260 digestionem
617 2198 645 2243 et
653 2188 863 2243 maturationem
902 2192 993 2263 Atque
1021 2193 1055 2248 de
1083 2194 1242 2264 operatione
1270 2211 1353 2266 super
1375 2211 1471 2251 succos
1495 2196 1617 2266 corporis
1639 2195 1700 2250 brac

62 2273 119 2320 tum
133 2268 245 2323 demum
260 2268 431 2324 oleositatem
444 2269 475 2323 in
488 2269 576 2324 succis
587 2269 757 2340 ingenerant.
902 2272 1035 2344 inquisita
1049 2282 1121 2328 sunt.

105 2344 151 2408 17.
176 2346 275 2419 Neque
293 2365 387 2405 rursus
408 2349 549 2404 existimet
567 2348 703 2420 quispiam
722 2347 819 2412 oleum,
835 2355 863 2401 et

61 2425 165 2498 pingue
180 2435 377 2495 coacervatum,
392 2436 420 2484 et
433 2428 560 2498 simplex,
574 2427 691 2482 difficilis
707 2444 767 2482 esse
782 2427 862 2481 dissi·
1286 2431 1314 2471 V·

61 2507 198 2575 potionis,
219 2507 247 2562 in
272 2509 400 2563 mistione
423 2515 515 2562 autern
534 2524 590 2562 non
611 2509 726 2562 eandem
745 2509 863 2561 retinere
926 2545 1067 2586 omfflo
1088 2546 1179 2588 ,um
1200 2546 1318 2587 mem
1339 2544 1377 2585 A„
1398 2546 1600 2586 mmm„
1621 2547 1680 2586 ω,

61 2593 187 2641 naturam
195 2609 203 2653 ς
218 2589 319 2643 etenim
330 2587 556 2660 quemadmodum
566 2588 657 2642 oleum
671 2603 764 2658 perse
777 2586 865 2640 multo
1244 2627 1350 2667 mn·

62 2667 150 2721 serius
171 2668 339 2722 consumitur
361 2685 444 2740 quam
464 2684 543 2740 aqua,
558 2670 599 2721 ita
612 2668 696 2721 etiam
708 2667 738 2720 in
750 2682 862 2736 papyro,

62 2751 108 2800 aut
121 2746 243 2812 sudario,
258 2747 361 2803 diutius
375 2747 470 2814 haeret,
486 2755 514 2802 et
527 2746 630 2801 tardius
643 2746 812 2811 desiccatur,
833 2753 864 2800 ut
945 2735 1503 2809 1·01ω111111811111>111111111111,111111
1537 2782 1645 2825 mm

61 2827 138 2895 prinu
151 2826 317 2881 notavimus,
902 2818 1087 2872 concoctionis
1113 2819 1201 2873 fontes
1228 2825 1298 2882 sunt,
1321 2816 1502 2882 stomachum,

105 2903 152 2962 18.
175 2905 219 2962 Ad
231 2906 422 2962 irrorationem
436 2906 559 2977 <rumoris
579 2904 677 2961 melius
691 2904 796 2960 faciunt
808 2905 863 2960 cibi
901 2895 997 2968 1111111,
1007 2912 1061 2963 101,
1068 2898 1219 2965 cerebrum»
1233 2895 1610 2968 1111111101111111111110111
1624 2912 1700 2952 1111·

62 2987 153 3052 amu,
164 2992 212 3041 aut
226 2986 306 3041 fumo
319 2988 397 3051 0005,
407 3003 489 3059 quum
500 2985 586 3041 elixi:
601 2992 683 3058 utque
694 2985 782 3040 omniu
796 3003 864 3057 pm.
901 2978 1002 3033 cendas
1022 2979 1182 3045 confortant,
1198 2979 1283 3053 (uude
1304 2977 1435 3032 alimenta
1453 2978 1484 3031 in
1502 2983 1594 3047 partes
1609 2976 1700 3031 distri-

61 3066 171 3135 paratio
191 3066 314 3121 ciborum
335 3085 397 3120 cum
419 3083 492 3137 aqua
512 3064 682 3120 incommoda
702 3073 764 3130 ρης
787 3065 864 3137 quin.
901 3056 1029 3124 buuntur,
1051 3059 1163 3129 spiritus
1184 3064 1356 3131 sparguntur,
1378 3065 1461 3129 atque
1481 3056 1545 3111 inde
1564 3057 1702 3126 reparatio

61 3144 146 3199 etiam
160 3154 191 3199 et
203 3145 296 3201 oleum
306 3146 443 3217 copiosius
453 3145 516 3200 elici
525 3145 648 3200 videmus
659 3161 695 3199 ex
704 3145 863 3216 corporibus
900 3139 1023 3208 1111110111
1038 3139 1122 3194 foliot
1136 3140 1318 3210 1111181111)
1333 3154 1351 3191 11
1369 3137 1490 3202 1111111111,
1506 3144 1589 3208 &tque
1606 3153 1701 3191 10111111

60 3224 151 3288 uineis,
168 3242 250 3296 quum
265 3243 301 3280 ex
315 3225 444 3281 humidis,
901 3217 1044 3287 descriptis
1058 3227 1088 3273 et
1100 3218 1230 3282 consiliis,
1245 3218 1365 3288 petenda
1377 3224 1450 3272 sunt.

103 3302 150 3358 19.
174 3304 347 3359 Generaliter
361 3305 395 3358 ad
409 3305 598 3360 irrorationem
616 3302 737 3375 corporis
752 3303 863 3374 prodest
941 3296 969 3351 2·
990 3298 1033 3352 Do
1049 3298 1151 3369 splene,
1166 3298 1239 3363 11111,
1258 3297 1380 3362 renibus,
1399 3296 1573 3361 11111111θῆ0,
1593 3295 1702 3360 11111111

60 3384 164 3438 multus
173 3401 240 3439 usus
253 3383 381 3450 dulcium,
397 3384 530 3450 sacchari,
544 3383 642 3448 mellis,
656 3382 862 3456 amygdalarum
901 3375 1309 3450 1111101ίῦ111101110111111111111
1324 3383 1388 3432 111111
1397 3375 1702 3431 1111111111111111111111·

59 3462 191 3528 dulcium,
205 3463 357 3536 pinearum,
368 3465 551 3534 pistaciorum,
559 3463 736 3535 dactylorum,
748 3480 863 3518 uvarum
901 3457 1002 3511 1111111111
1015 3456 1228 3528 principalibus,
1249 3465 1332 3529 atque
1347 3473 1409 3512 111111
1423 3456 1457 3510 de
1472 3457 1589 3510 1111111111
1603 3462 1702 3509 mm·

58 3559 215 3614 passarnm,
228 3560 342 3599 uvarum
364 3543 499 3607 Corinthi,
514 3544 623 3608 ficuum,
639 3550 667 3598 et
688 3542 861 3612 hujumodi:
901 3542 955 3599 tur,
968 3536 998 3590 in
1020 3536 1267 3592 considerationem
1284 3535 1330 3591 vel
1351 3536 1519 3608 praecipuam
1539 3534 1700 3606 quandoque

58 3632 164 3687 conus,
189 3624 283 3677 omnia
304 3623 390 3688 acida,
410 3630 438 3678 et
460 3623 576 3678 nimium
600 3621 680 3687 salsa
700 3630 727 3676 et
746 3623 863 3677 nimium
900 3616 1031 3680 veninntr
1055 3617 1121 3687 quio
1142 3617 1283 3686 minatur
1302 3616 1412 3689 singula
1432 3632 1496 3671 suos
1516 3613 1633 3678 morbos,
1653 3614 1701 3686 qui

59 3703 142 3767 acria,
158 3710 223 3757 suut
234 3703 402 3774 generationi
417 3703 490 3758 succi
505 3702 605 3756 roscidi
619 3702 753 3774 oppositu„
900 3695 955 3748 nisi
964 3703 1100 3761 curentur,
1115 3696 1197 3751 etiam
1211 3697 1240 3751 in
1250 3698 1355 3751 viscera
1368 3694 1532 3768 principalia
1541 3695 1699 3751 incurrunt:

100 3782 150 3838 2⁰.
172 3782 273 3854 Neque
297 3781 461 3836 Manicbaeia
486 3798 634 3853 eorumque
657 3782 747 3835 diaetae
771 3780 862 3836 favere
901 3784 1036 3846 quatenus
1057 3792 1122 3831 vero
1143 3776 1178 3830 ad
1201 3775 1437 3849 prolongationem
1454 3775 1526 3840 vitoe,
1547 3781 1577 3827 et
1592 3790 1701 3844 repara-

60 3862 288 3926 existimabimur,
304 3863 328 3916 si
346 3862 452 3916 semina
469 3878 591 3932 quasque,
605 3868 635 3916 et
646 3860 765 3924 nucleos,
780 3868 863 3915 etra-
901 3855 1005 3909 tionem
1032 3873 1083 3926 per
1110 3856 1248 3921 alimenta,
1272 3864 1302 3910 et
1327 3855 1539 3911 retardationem
1564 3854 1701 3924 atrophia

59 3942 134 3995 dices
149 3942 179 3995 in
194 3941 263 3995 cibis
277 3950 323 3995 aut
337 3958 431 3996 eorum
441 3941 621 3995 condimentis
634 3939 789 4012 frequentia
802 3955 861 3995 esse
901 3934 1003 4000 senilis,
1026 3935 1049 3988 si
1074 3936 1264 3991 concoctiones
1288 3942 1316 3990 et
1339 3934 1504 4006 principalis
1522 3933 1573 3988 illa
1595 3934 1702 3989 macera

60 4021 160 4075 debere
173 4020 313 4085 dicamus;
336 4020 555 4093 quandoquidem
570 4020 658 4074 omnis
673 4020 752 4090 panis
768 4021 861 4090 (panis
900 4013 970 4069 bene
984 4032 1014 4069 se
1028 4015 1157 4082 habeant,
1172 4022 1272 4071 caetern
1285 4015 1406 4070 maxima
1419 4033 1455 4070 ex
1468 4021 1546 4086 parte
1560 4013 1596 4067 ad
1608 4020 1701 4070 uotum

60 4107 152 4154 autern
174 4100 297 4155 ciborum
317 4101 518 4155 firmamentum
532 4099 588 4170 est)
602 4110 649 4156 aut
663 4116 699 4155 ex
712 4099 862 4154 seminibus
900 4102 1058 4165 sequentur.

60 4188 109 4243 est,
124 4187 173 4233 aut
186 4197 222 4233 ex
232 4179 377 4235 radicibus.
941 4175 968 4229 3.
984 4174 1073 4246 Atque
1083 4192 1119 4231 ex
1126 4176 1293 4231 medicorum
1301 4174 1388 4241 libris,
1396 4174 1443 4246 qui
1450 4174 1483 4228 de
1493 4182 1609 4246 quatuor
1617 4190 1702 4229 mern·

99 4260 147 4313 21.
170 4258 241 4313 Ante
265 4259 358 4314 omnia
378 4276 444 4314 vero
470 4261 506 4314 ad
529 4259 717 4314 irrorationem
740 4260 862 4331 corporis
901 4254 1011 4309 brorum
1024 4256 1218 4327 principalium
1231 4254 1426 4310 confortatione
1444 4262 1472 4310 et
1485 4254 1633 4309 commodis
1647 4270 1702 4308 ser·

59 4339 181 4393 maxime
197 4338 263 4392 facit
282 4346 381 4394 natura
401 4347 491 4411 potus,
507 4340 553 4410 qui
568 4339 690 4393 ciborum
703 4339 862 4394 vehiculum
900 4351 997 4389 mones
1017 4335 1128 4401 faciunt,
1147 4336 1318 4407 decerpenda
1330 4342 1393 4390 sunt
1412 4352 1447 4390 ea
1465 4335 1619 4405 unicuique,
1639 4351 1700 4404 qnae

59 4426 118 4472 est:
140 4419 235 4489 itaque
249 4418 279 4472 in
293 4436 345 4473 usu
360 4421 414 4473 sint
432 4428 513 4490 potus
533 4418 584 4483 illi,
600 4420 648 4489 qui
669 4418 771 4488 absque
786 4420 860 4473 omni
900 4432 951 4486 pro
964 4416 1068 4471 ratione
1081 4423 1166 4471 status
1179 4416 1301 4487 corporis
1315 4414 1416 4487 proprii
1432 4415 1462 4469 in
1473 4415 1583 4470 diaetam
1593 4421 1621 4468 et
1629 4414 1702 4484 regi-

59 4498 220 4566 acrimonia,
242 4504 290 4552 aut
309 4499 430 4564 acediae,
446 4499 561 4553 subtiles
576 4506 666 4552 tamen
690 4497 752 4563 sint,
767 4499 861 4569 quales
900 4513 963 4550 men
978 4495 1043 4550 ritae
1056 4496 1198 4551 transferri
1212 4497 1350 4566 poterint:
1373 4496 1474 4550 etenim
1491 4494 1597 4549 sanitas
1614 4493 1701 4548 medi·

60 4584 124 4631 sunt
144 4577 211 4631 vina
226 4579 271 4649 (ut
288 4578 328 4632 ait
350 4596 418 4632 anus
439 4578 510 4648 apud
529 4578 672 4645 Plautum)
698 4583 714 4609 “
727 4585 862 4633 vetustate
899 4576 970 4631 cinis
979 4576 1175 4647 temporalibus
1188 4575 1349 4647 plemmque
1363 4575 1481 4646 indigete
1497 4581 1526 4628 at
1536 4574 1700 4628 diuturnitas

60 4656 216 4721 edentula,”
231 4665 261 4710 et
274 4658 518 4726 cervisiaey'usdem
533 4657 651 4729 generis.
899 4656 962 4710 vitae
990 4673 1026 4710 ex
1047 4656 1134 4711 victrrs
1160 4656 1274 4721 ratione,
1298 4666 1326 4710 et
1348 4655 1484 4710 constanti
1504 4654 1701 4709 medicinarum

99 4737 148 4791 22.
171 4735 325 4805 Hydromel
348 4740 391 4806 (ut
404 4737 579 4808 arbitramur)
592 4753 647 4790 non
661 4735 732 4790 foret
750 4735 860 4801 malurn,
897 4734 1052 4802 juvantium
1080 4736 1159 4799 serie,
1187 4735 1323 4805 speranda
1350 4742 1409 4790 estc
1437 4751 1487 4789 nos
1510 4750 1576 4789 vero
1602 4749 1699 4804 pauca,

59 4816 84 4870 si
98 4816 181 4871 fuerit
197 4816 267 4870 forte
282 4824 311 4870 et
324 4823 419 4881 vetus;
441 4824 561 4870 attamen
572 4817 702 4888 quoniam
715 4831 796 4869 omne
806 4816 862 4870 mel
901 4832 987 4887 eaque
1000 4814 1101 4872 selecta
1111 4822 1140 4870 et
1153 4816 1256 4885 optima
1269 4830 1462 4886 proponemus.

59 4894 144 4950 habet
173 4894 279 4966 aliquid
306 4902 415 4950 acutum
439 4898 484 4964 (ut
506 4905 581 4967 patet
602 4913 637 4950 ex
659 4895 791 4949 acerrima
812 4896 861 4949 illa

60 4992 139 5047 aqua,
161 4974 245 5047 quarn
266 4974 384 5029 chemici
404 4993 440 5030 ea
460 4994 494 5029 eo
516 4975 673 5037 extrahunt,
697 4992 758 5044 quse
778 4974 861 5029 etiarn
940 4975 967 5029 4.
990 4972 1175 5038 Stomachum,
1188 4973 1259 5045 (qui,
1273 4974 1393 5040 utaiunt,
1403 4982 1446 5029 est
1454 4970 1658 5045 paterfamilias,
1672 4975 1701 5023 et

59 5054 170 5108 metalla
184 5053 279 5123 solvit)
294 5054 393 5109 melius
407 5054 483 5121 foret,
499 5056 522 5109 si
536 5056 613 5109 fieret
626 5054 724 5108 similia
738 5054 813 5124 potio
826 5070 862 5109 ex
900 5054 979 5122 cujus
992 5054 1075 5109 robur
1088 5054 1123 5108 ad
1140 5053 1261 5125 reliquas
1274 5055 1462 5110 concoctiones
1481 5060 1522 5106 est
1543 5051 1700 5106 fundamen·

59 5135 200 5198 sarabara,
223 5151 279 5188 non
304 5135 395 5189 infuso
419 5134 521 5199 leviter,
545 5135 594 5189 sed
616 5134 656 5187 ita
679 5134 861 5203 incorporato,
900 5134 976 5200 tale,)
991 5133 1032 5187 itu
1044 5134 1150 5188 munire
1165 5134 1243 5189 decet
1262 5142 1290 5189 et
1309 5136 1476 5197 confirmare,
1490 5139 1522 5187 ut
1538 5132 1575 5185 sit
1595 5129 1699 5199 absque

61 5214 291 5284 quemadmodum
315 5215 370 5268 mel
399 5214 468 5268 solet
491 5231 550 5268 esse
572 5216 602 5268 in
624 5212 812 5283 hydromelite,
834 5220 863 5267 et
900 5213 1063 5283 intemperie
1089 5214 1210 5279 calidus3
1232 5214 1331 5269 deinde
1358 5214 1491 5276 astrictus,
1519 5227 1575 5265 non
1598 5210 1698 5274 laxus,

60 5311 119 5364 quae
133 5293 406 5349 babeatvetustatem
421 5294 484 5347 anni
499 5301 546 5348 aut
560 5311 610 5348 sex
623 5293 757 5346 mensium
769 5316 776 5359 3
790 5293 862 5347 unde
900 5293 984 5347 etiam
997 5293 1124 5358 mundus,
1139 5311 1197 5349 non
1206 5294 1351 5349 humorum
1365 5292 1482 5346 fastidiis
1493 5306 1655 5362 oppressum
1671 5296 1701 5343 ct

61 5389 130 5445 aqua
142 5374 306 5430 cruditatem
320 5375 448 5446 deponat,
464 5380 492 5428 et
506 5374 669 5429 saccharum
685 5372 863 5428 subtilitatem
899 5373 1081 5428 nihilominus
1096 5376 1171 5443 (cum
1186 5391 1222 5429 cx
1236 5375 1335 5444 seipso,
1350 5372 1440 5442 potius
1458 5388 1540 5440 qnam
1563 5387 1599 5424 ex
1612 5369 1699 5434 venis,

61 5453 191 5525 acquirat.
900 5450 1046 5525 nutriatur)
1054 5454 1167 5509 minime
1179 5468 1291 5526 prorsus
1304 5451 1449 5506 inanisaut
1459 5451 1583 5527 ieJunus3
1596 5456 1701 5522 postre-
