3800 5875
52 312 116 367 Lis.
136 311 157 365 1.
691 304 830 361 NOVUM
852 306 1053 361 OllGrlNUM.
1628 307 1683 360 441

51 470 174 524 tionibus
189 466 401 528 substitutiones,
411 463 527 518 fallaciis
537 463 744 519 rectificationes
754 465 852 519 deben-
890 465 958 536 gan',
974 473 1104 535 tanquam
1125 463 1159 519 de
1179 462 1252 518 mala
1270 463 1509 529 demonstratione,
1525 470 1629 519 tantum
1649 465 1688 518 lo-

54 560 104 603 tar.
148 547 283 609 Secundo,
297 546 421 599 notiones
440 544 476 597 ab
489 542 712 613 impressionibus
725 561 852 598 sensuum
890 544 954 599 cuti.
1005 543 1069 596 dam
1096 560 1161 597 vero
1184 541 1304 613 postulat
1327 543 1393 596 ordo
1414 560 1513 609 rerum,
1537 553 1566 596 ut
1589 544 1622 598 de
1644 546 1687 608 iis,

55 628 126 681 male
140 626 351 687 abstrahunturr
373 632 401 677 et
413 624 593 677 interminatae
606 631 635 675 et
647 623 767 677 confirsac
780 632 851 688 sunt,
891 639 1005 693 quorum
1019 623 1102 692 paulo
1114 631 1177 676 anta
1190 623 1354 677 mentionem
1368 623 1490 687 fecimus,
1501 624 1588 693 signis
1602 625 1692 694 (quod

55 725 122 777 quas
138 707 299 759 terminatas
313 712 340 757 et
352 703 421 757 bene
436 703 525 756 finitas
540 718 600 755 esse
619 703 746 772 oportuit.
787 702 851 756 Ter·
891 701 1075 772 philosophice
1088 709 1117 755 et
1129 701 1374 771 contemplationes
1387 701 1416 755 in
1429 718 1480 757 usu
1500 701 1571 756 male
1589 720 1618 756 se
1637 703 1687 757 ha·

54 788 99 849 tio,
113 786 239 839 inductio
251 782 325 837 mala
338 791 387 847 est,
403 799 465 851 quae
477 797 528 850 per
541 782 773 835 enumerationem
790 783 852 835 sim·
890 780 985 849 bearn)
1000 780 1075 835 etde
1091 783 1180 834 causis
1193 782 1234 834 rei
1254 780 1343 850 primo
1363 781 1463 836 intuitu
1483 790 1538 835 tam
1553 781 1686 836 mirabilis

54 866 156 935 plieem
170 863 310 934 principia
323 861 459 915 concludit
472 860 656 924 scientiarum,
669 876 724 913 non
745 860 852 914 adhibi·
891 868 920 914 et
945 859 1122 923 incredibilis,
1148 860 1271 930 quiedam
1296 860 1500 931 subiungamus.
1543 860 1688 931 Signorum

54 946 89 998 tis
103 942 311 998 exclusionibus
325 948 353 994 et
365 940 552 1003 solutionibus,
565 939 624 992 sive
638 939 853 1008 separationibus
892 938 966 993 enim
979 939 1053 993 notio
1066 949 1200 1009 praeparat
1214 956 1375 993 assensum:
1396 956 1537 994 carisamm
1554 957 1618 994 rero
1638 958 1688 995 ex·

55 1032 160 1078 naturae
183 1022 293 1076 debitis
334 1019 485 1082 Postremo,
509 1018 606 1072 modus
628 1018 675 1072 ille
697 1019 852 1073 inveniendi
891 1018 1006 1088 plicatio
1017 1017 1088 1071 tollit
1098 1019 1272 1072 miraculum:
1288 1035 1349 1087 qum
1362 1018 1416 1073 dno
1429 1020 1464 1073 ad
1478 1019 1687 1089 extirpationem

54 1114 82 1155 et
102 1101 247 1173 probandi,
265 1107 295 1153 ut
316 1099 404 1168 primo
422 1099 557 1168 principia
573 1098 692 1152 maxime
715 1098 854 1168 generalia
891 1096 1024 1151 idolorum
1044 1115 1080 1151 ex
1101 1097 1242 1152 intellectu
1265 1097 1416 1153 faciliorem
1438 1105 1467 1152 et
1485 1098 1687 1155 clementiorem

53 1183 264 1243 constituantur,
279 1177 375 1232 deinde
393 1177 485 1231 medis
504 1178 643 1231 axiomata
664 1177 699 1230 ad
717 1194 750 1230 ea
764 1178 853 1247 appli·
892 1177 1004 1231 multum
1012 1178 1118 1245 juvant.

52 1270 151 1315 centur
170 1269 200 1313 et
213 1259 368 1329 probentur,
383 1272 503 1311 errorum
520 1264 607 1309 mater
628 1265 675 1317 est,
690 1265 717 1309 et
730 1258 853 1309 scientia-

53 1359 115 1394 rum
129 1341 254 1393 omnium
268 1335 416 1390 calamitas.
457 1336 558 1389 Verum
579 1335 612 1389 de
634 1336 701 1398 istis,
716 1354 776 1406 quae
795 1337 853 1403 jam

52 1421 143 1474 obiter
169 1416 386 1489 perstringimus,
413 1415 499 1468 fusius
522 1415 650 1478 dicemus,
675 1432 737 1468 cum
761 1432 854 1468 reram
932 1408 1066 1473 Scientiae,
1081 1426 1148 1480 quas
1167 1409 1308 1473 habemus,
1323 1409 1378 1463 lere
1393 1426 1410 1461 a
1425 1409 1528 1464 Graccis
1542 1410 1686 1465 fluxerunt

51 1497 379 1569 interpretandrenaturae
393 1494 854 1564 nam,absolutieistisexpistioni·
893 1487 959 1548 Qum
981 1489 1053 1542 enim
1074 1491 1218 1559 scriptores
1239 1489 1363 1553 Romani,
1384 1494 1432 1542 aut
1452 1488 1564 1554 Arabes,
1579 1497 1626 1542 aut
1646 1507 1688 1545 re·

52 1580 104 1633 bns
119 1588 148 1632 et
161 1575 407 1648 expurgationibus
421 1574 528 1637 mentis,
542 1589 730 1644 proponemus.
892 1567 1027 1622 centiores
1051 1569 1227 1631 addiderunt3
1250 1584 1304 1621 non
1327 1567 1419 1632 mults,
1443 1577 1490 1622 aut
1513 1569 1606 1639 magni
1629 1586 1687 1623 mo-

892 1648 976 1700 menti
990 1655 1067 1711 sunt;
1089 1657 1116 1701 et
1130 1647 1327 1718 qualiacunque
1349 1648 1412 1711 sint,
1430 1647 1543 1701 fundata
1561 1657 1624 1702 sunt
1640 1666 1687 1703 su·

893 1742 942 1795 per
955 1726 1034 1780 basin
1047 1744 1140 1780 eorum
1155 1745 1215 1796 qum
1229 1728 1338 1781 inventa
1353 1734 1416 1781 sunt
1436 1744 1452 1779 a
1470 1729 1580 1782 Graecis.
1621 1727 1688 1781 Erat

91 1811 149 1865 Sed
167 1807 364 1863 demonstratio
382 1807 462 1877 longe
483 1807 587 1878 optima
606 1814 649 1861 est
666 1806 853 1876 experientia;
893 1814 984 1859 autem
997 1807 1132 1874 sapientia
1147 1806 1302 1861 Graecorum
1318 1805 1486 1875 professoria,
1500 1816 1527 1860 et
1547 1808 1575 1860 in
1595 1808 1685 1877 dispu-

53 1891 137 1944 modo
154 1890 262 1943 haereat
280 1887 309 1941 in
324 1888 385 1957 ipso
402 1887 597 1957 experimento.
638 1887 711 1940 Nam
726 1887 749 1939 si
764 1885 854 1939 tradu-
894 1885 1009 1939 tationes
1024 1885 1129 1940 effusa:
1144 1885 1216 1956 quod
1226 1902 1312 1956 genus
1325 1885 1493 1955 inquisitioni
1507 1887 1628 1941 veritatis
1640 1886 1687 1939 ed·

52 1980 131 2024 catur
145 1969 180 2023 ad
196 1966 260 2030 alia,
274 1985 335 2038 quae
356 1966 457 2021 similia
477 1966 675 2029 existimantur,
689 1966 742 2019 nisi
762 1965 812 2018 rite
828 1971 854 2018 et
893 1964 1077 2018 versissimum
1091 1973 1142 2019 est.
1183 1966 1277 2036 ltaque
1295 1981 1394 2019 nomen
1412 1964 1480 2019 illud
1497 1965 1687 2035 sophistarum,

52 2050 148 2102 ordine
163 2049 214 2101 fiat
228 2047 277 2100 illa
291 2046 433 2109 traductio,
448 2062 492 2098 res
508 2044 594 2099 fallax
613 2052 662 2100 est.
704 2045 741 2097 At
760 2044 855 2099 modus
894 2044 966 2113 quod
976 2060 1025 2112 per
1038 2043 1390 2115 contemptum,abiis,qui
1405 2061 1434 2098 se
1447 2043 1624 2114 philosophos
1637 2045 1687 2098 ha·

53 2127 227 2198 experiendi,
242 2142 296 2196 quo
309 2125 436 2179 homines
455 2141 526 2178 nunc
540 2132 656 2187 utuntur,
670 2140 758 2177 caecus
771 2132 814 2177 est
827 2132 855 2177 et
894 2123 951 2176 beri
966 2124 1115 2188 voluerunt,
1129 2126 1157 2177 iu
1172 2125 1297 2195 antiquos
1310 2123 1432 2178 rhetores
1447 2125 1577 2191 rejectum
1595 2134 1624 2178 et
1636 2132 1688 2178 trs-

53 2207 190 2277 stnpidns.
234 2206 329 2275 ltaque
343 2222 405 2257 cum
418 2211 510 2257 errant
523 2214 550 2257 et
569 2210 703 2274 vagantur
722 2202 797 2257 nulla
811 2203 855 2256 via
894 2203 1001 2257 ductum
1012 2211 1063 2267 est,
1076 2203 1214 2275 Gorgiam,
1226 2202 1410 2273 Protagoram,
1423 2203 1564 2273 Hippiam,
1573 2202 1686 2267 Polums

54 2296 135 2349 certa,
151 2285 202 2339 sed
224 2301 261 2338 ex
282 2301 395 2338 occursu
413 2301 503 2337 rerum
522 2292 626 2337 tantum
648 2283 791 2337 consilium
813 2300 856 2336 ea·
894 2283 978 2335 etiam
998 2283 1124 2337 universo
1144 2284 1236 2353 generi
1258 2284 1382 2352 competi,
1399 2282 1515 2346 Platoni,
1537 2283 1687 2347 Aristoteli,

53 2367 141 2436 pium,
158 2363 388 2418 circumfemntur
405 2363 439 2416 ad
459 2362 552 2426 multa,
570 2363 617 2416 sed
635 2379 729 2431 parum
751 2379 856 2432 promo
895 2362 1006 2425 Zenoni,
1017 2361 1143 2430 Epicuro,
1154 2361 1360 2432 Theophrasto;
1382 2371 1410 2416 et
1424 2378 1516 2416 eorum
1528 2363 1688 2417 successori·

53 2456 136 2511 rent,
163 2451 194 2499 et
208 2442 371 2513 quandoque
385 2442 512 2512 gestiunt,
528 2443 687 2512 quandoque
702 2441 855 2495 distrahun·
895 2442 953 2505 bus,
978 2440 1141 2511 Chrysippo,
1166 2441 1308 2505 Carneadi,
1335 2441 1454 2513 reliquis.
1497 2443 1558 2496 Hoc
1583 2452 1688 2497 tantum

54 2534 114 2589 tur,
151 2532 181 2577 et
206 2539 315 2591 semper
336 2522 475 2575 inveniunt
496 2521 567 2592 quod
589 2522 703 2575 ulterius
727 2533 855 2591 quaerant
894 2521 1037 2585 intererat3
1059 2521 1130 2592 quod
1144 2520 1220 2592 prius
1233 2537 1319 2591 genus
1333 2538 1432 2591 vagum
1446 2522 1528 2576 fuerit
1541 2531 1568 2575 ct
1589 2539 1688 2576 merce·

54 2604 124 2658 Fere
138 2610 235 2656 antem
250 2603 289 2654 ita
313 2602 354 2667 fit,
369 2610 400 2654 ut
419 2600 543 2654 homines
564 2601 659 2655 leviter
679 2608 708 2654 et
728 2610 856 2670 tauquam
894 2601 1010 2664 narium,
1038 2600 1164 2654 civitates
1193 2600 1433 2663 circumcursando,
1462 2610 1491 2655 et
1524 2602 1687 2672 sapientiam

55 2701 105 2753 per
127 2681 225 2736 ludum
248 2680 429 2749 experiantur,
442 2681 572 2735 variando
589 2681 728 2751 paululum
748 2681 857 2748 experi-
895 2696 972 2732 suam
994 2680 1160 2744 ostentando,
1181 2686 1209 2732 et
1229 2680 1380 2733 mercedem
1402 2680 1551 2750 exigendo,
1572 2680 1688 2735 alterum

56 2770 147 2816 menta
158 2759 222 2836 jam
232 2760 358 2830 cognita,
373 2768 407 2823 et,
418 2761 441 2812 si
450 2777 492 2813 res
506 2776 559 2812 non
573 2761 705 2824 succedat,
716 2759 855 2814 fastidien-
894 2775 959 2812 vero
977 2759 1115 2813 solennius
1129 2767 1157 2813 et
1170 2759 1336 2829 generosius,
1352 2760 1451 2829 quippe
1473 2777 1566 2814 corum
1587 2761 1633 2830 qui
1647 2777 1688 2814 se-

57 2844 99 2903 do,
114 2850 143 2894 et
157 2849 287 2893 conatum
306 2839 462 2893 deserendo.
505 2839 580 2900 Quod
594 2841 617 2893 si
631 2841 719 2909 magis
739 2840 810 2893 serio
830 2848 857 2893 et
895 2840 942 2891 des
956 2838 1024 2893 fixas
1039 2838 1197 2903 habuerunt,
1212 2846 1241 2893 et
1254 2838 1362 2892 scholas
1375 2848 1544 2909 aperuerunt,
1560 2847 1588 2893 et
1602 2840 1687 2909 gratis

55 2928 212 2976 constanter
222 2937 256 2972 ac
270 2918 404 2973 laboriose
419 2919 452 2973 ad
463 2920 648 2989 experimenta
658 2919 855 2990 seaccingant;
895 2917 1078 2990 philosophati
1098 2926 1167 2974 sunt
1208 2917 1263 2973 Sed
1277 2926 1367 2973 tamen
1381 2926 1525 2991 utmmque
1539 2937 1626 2989 genus
1641 2919 1685 2988 (li-

57 3001 196 3055 tamenin
209 3015 266 3053 uno
286 2997 379 3069 aliquo
400 3001 589 3070 experimento
607 3000 724 3054 eruendo
746 3015 856 3070 operam
895 3007 939 3053 cet
958 3008 1056 3053 caetera
1073 2999 1176 3069 dispar)
1191 2999 1383 3069 professoriam
1398 3007 1462 3062 erat,
1477 2999 1552 3053 etad
1566 3000 1687 3068 disputa-

56 3081 211 3142 collocant,
247 3079 472 3147 quemadmodum
500 3078 637 3132 Gilbertus
664 3080 693 3132 in
720 3087 855 3149 magnete,
895 3078 983 3132 tiones
996 3096 1055 3132 rem
1069 3079 1225 3143 deducebat,
1241 3089 1268 3133 et
1281 3087 1370 3133 sectas
1390 3079 1520 3149 quasdam
1539 3086 1619 3150 atque
1633 3078 1687 3132 hre-

56 3160 177 3214 ehemiei
205 3160 235 3210 in
263 3174 338 3212 auro.
388 3159 448 3212 Hoc
477 3167 567 3212 autern
594 3158 697 3212 faciunt
723 3158 855 3223 homines,
895 3174 969 3211 reses
990 3158 1173 3229 philosophiae
1192 3158 1351 3212 instituebat
1373 3167 1402 3213 et
1423 3158 1627 3228 propugnabat;
1658 3166 1688 3212 ut

55 3240 184 3292 instituto
204 3254 261 3290 non
283 3238 372 3291 minus
392 3239 525 3307 imperito,
540 3253 622 3308 quam
639 3238 723 3291 tenui.
765 3238 856 3292 Nemo
895 3237 1055 3291 essentfere
1069 3238 1198 3292 doctrinm
1212 3255 1305 3292 eorum
1321 3238 1406 3308 (quod
1426 3254 1481 3292 non
1494 3236 1565 3292 male
1579 3237 1688 3292 cavilla·

57 3321 130 3372 enim
142 3317 263 3386 alicujus
284 3318 324 3370 rei
343 3324 467 3370 naturam
481 3318 511 3371 in
530 3318 592 3386 ipsa
612 3334 641 3370 re
661 3317 776 3370 feliciter
796 3333 856 3387 per·
895 3323 938 3370 tus
951 3325 994 3370 est
1012 3316 1160 3387 Dionysius
1179 3318 1209 3372 in
1230 3317 1386 3388 Platonem)
1400 3317 1517 3371 “Verba
1539 3318 1688 3372 otiosorum

57 3406 209 3460 scrutatum
241 3396 290 3450 sed
312 3395 467 3466 amplianda
487 3403 528 3450 est
546 3396 687 3466 inquisitio
710 3396 745 3449 ad
768 3397 856 3468 magis
895 3412 991 3450 senum
1010 3397 1045 3450 ad
1064 3397 1204 3468 imperitos
1225 3397 1366 3464 iuvenes.”
1407 3395 1443 3450 At
1464 3396 1628 3467 antiquiores
1645 3397 1686 3450 illi

58 3478 227 3531 eommunia.
895 3491 931 3529 ex
945 3476 1055 3539 Groecis,
1064 3476 1251 3545 Empedocles,
1263 3476 1447 3547 Anaxagoras,
1457 3476 1620 3547 Leucippus,
1634 3475 1688 3530 De-

95 3556 215 3618 Quodsi
230 3556 313 3610 etiam
327 3554 469 3608 scientiam
483 3555 618 3625 quandam
631 3563 659 3608 et
677 3555 806 3626 dogmata
821 3573 856 3610 ex
895 3556 1032 3619 mneritas,
1069 3555 1252 3619 Parmenides,
1290 3555 1454 3621 Heraclitus,
1491 3555 1687 3625 Xenophanes,

58 3637 257 3707 experimentis
275 3634 434 3697 molientum
455 3643 546 3688 tamen
566 3651 675 3705 semper
694 3635 749 3687 fere
768 3635 857 3690 studio
896 3634 1045 3699 Philolaus,
1060 3634 1157 3706 reliqui
1173 3641 1249 3703 (nam
1270 3635 1461 3705 Pythagoram,
1476 3645 1506 3689 ut
1518 3636 1687 3704 superstitio·

59 3732 237 3786 praepropero
261 3723 288 3767 et
311 3714 501 3783 intempestivo
522 3714 667 3768 deflectunt
687 3714 722 3767 ad
742 3717 855 3783 praxis:
895 3730 963 3777 sum,
978 3715 1139 3781 omittimus)
1154 3714 1263 3769 scholas
1278 3715 1362 3786 (quod
1375 3714 1510 3782 novimus)
1524 3731 1579 3768 non
1593 3731 1687 3784 aperu-

59 3811 114 3848 non
128 3803 237 3849 tantum
251 3801 362 3863 propter
375 3810 454 3846 nsum
468 3801 495 3846 et
505 3793 622 3847 fructum
631 3794 763 3861 ejusmodi
777 3811 856 3864 prax·
896 3803 990 3857 erunt3
1012 3794 1060 3848 sed
1074 3796 1175 3863 majore
1186 3794 1301 3859 silentio,
1313 3803 1339 3848 et
1352 3794 1473 3848 severius
1486 3801 1513 3847 et
1526 3793 1685 3864 simplicius,

59 3891 120 3936 eos;
143 3874 194 3927 sed
207 3882 239 3926 ut
253 3875 281 3925 in
296 3889 377 3941 opere
399 3870 490 3943 aliquo
510 3888 581 3926 novo
594 3872 677 3926 veluti
691 3874 790 3943 pignus
803 3874 855 3927 sibi
895 3872 922 3926 id
943 3881 993 3936 est,
1009 3874 1113 3927 minore
1133 3891 1195 3927 eum
1216 3873 1388 3927 affectatione
1408 3881 1435 3927 et
1451 3874 1637 3939 ostentatione,
1652 3876 1687 3929 ad

60 3954 203 4024 arripiant,
227 3970 257 4006 ae
281 3968 336 4004 non
353 3951 483 4004 inutiliter
503 3952 532 4004 in
553 3950 665 4021 reliquis
687 3961 855 4006 versaturus:
895 3951 1098 4023 inquisitionem
1120 3953 1242 4006 veritatis
1263 3969 1292 4006 se
1316 3952 1494 4007 contulerunt.
1544 3952 1638 4024 ltaque
1659 3962 1688 4008 et

61 4041 141 4104 atque
164 4033 252 4086 etiam
273 4029 336 4084 aliis
356 4046 385 4084 se
405 4030 552 4094 venditent,
573 4030 607 4082 ad
628 4032 854 4085 existimationem
895 4032 1001 4094 melius,
1016 4039 1046 4085 ut
1060 4032 1229 4096 arbitramur,
1244 4048 1272 4085 se
1284 4041 1437 4103 gesseruntt
1452 4032 1504 4085 nisi
1519 4032 1590 4103 qnod
1604 4049 1688 4103 opera

60 4111 202 4165 meliorem
223 4109 433 4179 comparandam
451 4110 485 4162 de
508 4110 542 4163 iis
561 4110 589 4163 in
614 4111 712 4181 quibus
732 4112 856 4180 occupati
895 4110 1169 4165 commalevioribus
1179 4112 1246 4175 istis,
1258 4112 1304 4182 qui
1313 4110 1418 4182 vulgari
1433 4112 1523 4181 captui
1537 4121 1564 4166 et
1578 4112 1687 4167 affectui

61 4201 129 4244 aunt
175 4192 217 4244 lta
231 4191 268 4253 fit,
280 4198 318 4252 ut,
334 4206 407 4242 more
421 4188 560 4253 Atalantae,
574 4189 608 4242 de
621 4191 665 4243 sia
679 4189 808 4244 decedant
822 4191 856 4244 ad
894 4191 983 4260 magis
996 4191 1158 4259 respondent
1171 4208 1203 4243 ac
1217 4191 1333 4260 placent,
1344 4199 1430 4245 tractu
1442 4192 1570 4262 temporis
1584 4193 1688 4247 extinc-

1249 1318 1333 1358 Lxxl.

427 1712 496 1751 Lxx.

61 4270 212 4324 tollendum
234 4285 348 4323 aureum
370 4285 495 4337 pomum,
530 4269 639 4323 interim
660 4286 724 4323 vero
748 4287 856 4324 cursum
894 4271 1008 4324 tarint:
1030 4279 1151 4340 ternpore
1165 4267 1210 4346 (ut
1222 4265 1321 4343 fluvio)
1336 4270 1437 4324 leviora
1451 4277 1479 4324 et
1490 4272 1579 4342 magis
1592 4272 1688 4327 inflata

61 4350 265 4418 intermmpant,
295 4356 322 4401 et
354 4348 494 4403 victoriam
527 4349 652 4402 emittant
678 4365 693 4401 e
721 4350 854 4403 manibus.
897 4348 931 4401 ad
942 4366 993 4402 nos
1007 4348 1165 4412 devehente,
1176 4350 1300 4419 graviora
1313 4357 1340 4403 et
1354 4350 1440 4404 solida
1451 4359 1599 4422 mergente.
1632 4353 1688 4407 Ne·

62 4429 162 4483 Verum
177 4429 207 4481 in
222 4427 400 4497 experientiae
413 4444 477 4480 vero
490 4427 630 4492 curriculo,
642 4445 727 4498 ecque
740 4428 773 4481 ad
787 4445 857 4482 nova
895 4445 948 4499 que
970 4437 1061 4481 tamen
1086 4429 1131 4481 isti
1152 4445 1170 4481 s
1192 4429 1309 4482 nationis
1331 4430 1398 4484 vitio
1421 4446 1530 4499 prorsus
1553 4432 1687 4487 immunes

61 4524 143 4578 opera
157 4506 340 4578 producendo,
354 4507 445 4560 divina
458 4507 601 4575 pmdentia
619 4509 729 4561 omnino
747 4515 773 4561 et
791 4508 857 4561 ordo
897 4515 987 4571 erant;
1009 4508 1057 4562 sed
1073 4508 1102 4560 in
1124 4508 1298 4561 ambitionem
1318 4517 1346 4561 et
1364 4510 1510 4563 vanitatem
1530 4518 1687 4566 sectoecon-

61 4603 111 4656 pro
124 4587 277 4656 exemplari
299 4587 429 4640 sumenda
449 4593 520 4639 sunt.
560 4587 635 4641 Deus
656 4596 747 4641 autem
769 4588 856 4656 primo
894 4587 1036 4649 dendae,et
1049 4605 1122 4641 surm
1136 4586 1274 4657 popularis
1288 4589 1436 4656 captandae,
1450 4589 1565 4644 nimium
1574 4607 1686 4660 propen-

61 4666 105 4719 die
121 4666 269 4721 mentiosus
283 4664 371 4719 lucem
385 4673 489 4719 tantum
503 4667 612 4729 creavit,
626 4668 704 4735 eique
727 4667 801 4735 operi
815 4668 855 4720 di·
894 4665 1003 4720 debant.
1045 4666 1098 4721 Pro
1111 4667 1253 4736 desperata
1267 4674 1356 4720 autem
1370 4667 1496 4722 habenda
1510 4678 1552 4723 est
1566 4671 1687 4723 veritatis

62 4763 105 4800 em
118 4747 256 4815 integrum
270 4745 409 4808 attribuit;
431 4761 480 4798 nec
494 4744 597 4816 aliquid
611 4747 745 4799 materiati
765 4746 855 4816 operis
895 4746 1043 4816 inquisitio,
1058 4763 1120 4799 cunr
1131 4745 1165 4798 sd
1177 4744 1331 4812 hujusmodi
1346 4746 1438 4800 inania
1451 4747 1584 4802 deflectat.
1626 4748 1686 4802 Eti-

62 4843 95 4879 eo
107 4825 152 4879 die
165 4825 278 4878 crearit.
320 4824 451 4878 Similiter
472 4833 499 4877 et
519 4841 555 4878 ex
576 4826 729 4878 omnimoda
748 4827 855 4895 experi-
895 4842 939 4877 am
955 4824 1321 4879 nonomittendumridetur
1338 4826 1470 4893 judicium
1484 4826 1557 4891 illud,
1572 4827 1629 4882 sive
1643 4843 1688 4880 va·

62 4906 143 4969 entia,
158 4906 277 4974 primum
292 4903 412 4957 inventio
425 4920 566 4958 causarum
580 4913 607 4957 et
621 4905 787 4958 axiomatum
809 4922 856 4959 se·
894 4904 1017 4958 ticinium
1025 4904 1116 4973 potius
1124 4903 1270 4957 sacerdotis
1279 4904 1402 4975 AEgyptii
1412 4906 1446 4961 de
1456 4906 1574 4961 Graecis:
1588 4913 1603 4937 ‘⁴
1611 4906 1688 4967 Quod

61 5001 151 5038 rorum
169 4983 304 5037 elicienda
325 4989 382 5048 est;
404 4990 433 5037 et
452 4982 565 5037 lucifera
587 4983 780 5052 experimenta,
798 5001 853 5037 non
894 5000 1001 5052 semper
1021 4984 1097 5052 pueri
1118 4990 1223 5047 esseut;
1244 4998 1334 5055 neque
1355 4984 1487 5039 haberent
1500 4985 1687 5055 antiquitatem

62 5063 201 5117 fructifera
215 5063 369 5134 quaerenda
404 5063 732 5117 Axiomataautemrecte
746 5065 856 5117 inventa
894 5063 1023 5126 scientiae,
1038 5069 1084 5116 aut
1103 5063 1243 5116 scientiam
1264 5065 1457 5136 antiquitatis.”
1498 5065 1534 5117 Et
1551 5072 1622 5117 certe
1637 5064 1687 5117 hs-

63 5144 249 5197 eteonstituta
271 5142 370 5212 praxin
391 5157 445 5195 non
459 5143 582 5204 strictim,
596 5144 643 5196 sed
657 5143 799 5197 confertim
813 5144 855 5196 in·
894 5142 960 5196 bent
987 5142 1015 5195 id
1041 5142 1114 5212 quod
1140 5159 1285 5213 puerorum
1313 5151 1367 5208 esta
1402 5152 1432 5198 ut
1455 5143 1490 5197 ed
1515 5144 1688 5213 garriendum

64 5229 183 5287 almeon
205 5231 235 5276 et
247 5239 362 5292 operum
379 5221 489 5292 agmina
509 5239 540 5274 ae
561 5231 661 5276 tunnas
682 5232 743 5291 post
759 5240 788 5276 se
802 5231 855 5276 tra-
895 5222 1014 5290 prompti
1029 5222 1091 5284 sint,
1100 5237 1231 5292 generare
1242 5231 1333 5277 autent
1346 5224 1533 5293 nonpossint:
1553 5239 1616 5277 nam
1630 5239 1688 5276 ver·

64 5303 138 5357 liunt.
180 5303 283 5355 Verum
305 5300 339 5354 de
359 5300 517 5370 experiendi
539 5301 597 5364 viis,
613 5319 673 5372 quan
693 5318 746 5354 non
765 5301 856 5355 minus
894 5300 1602 5372 bosavidetursapientiaeorum,etoperumsterilis.
1636 5303 1689 5355 lta·

65 5399 142 5451 qnam
157 5383 209 5435 riae
220 5380 361 5448 judicandi
376 5381 493 5433 obsessae
508 5389 569 5435 sunt
583 5389 609 5434 et
623 5379 782 5445 interclusae,
797 5397 857 5450 pos-
894 5397 946 5450 que
969 5397 1004 5433 ex
1019 5388 1077 5435 ortu
1091 5389 1119 5435 et
1139 5387 1220 5451 gente
1241 5380 1429 5452 philosophiae,
1451 5398 1511 5451 quae
1524 5381 1552 5436 in
1565 5398 1617 5437 usu
1638 5389 1688 5448 est,

64 5471 107 5515 tea
127 5464 261 5516 dicemus:
283 5459 529 5530 impraesentiarum
552 5460 586 5514 de
607 5461 776 5532 experientia
797 5461 856 5514 vul·
894 5478 955 5530 quas
969 5461 1113 5531 capiuntur
1126 5462 1212 5532 signs,
1226 5460 1300 5515 bona
1313 5468 1450 5516 nonsunt.
