3800 5875
230 278 286 332 326
774 281 825 334 DE
846 280 1073 336 AUGMENTIS
1094 281 1370 337 SCIENTIARUM.
1738 284 1801 340 Lis.
1821 286 1854 341 ll.

229 444 379 492 tumescant
392 438 486 504 maria,
502 437 558 492 sive
572 436 753 493 intumescant
769 438 863 504 nubea,
878 440 935 493 sive
949 440 1024 493 intu-
1064 440 1129 494 dam
1142 441 1178 493 ad
1192 440 1312 495 fabulam
1326 440 1540 511 sapientissima.
1581 441 1857 499 Perillameuimre·

229 525 332 571 meacat
351 525 430 583 terra,
445 518 502 571 sive
516 517 578 582 alia,
595 525 687 572 tamen
703 535 794 572 rerum
814 527 911 572 natura
932 519 1025 586 hujus·
1063 527 1261 589 praesentaneis
1274 537 1322 585 ere,
1338 538 1400 590 quse
1413 520 1553 590 perpetuis
1572 523 1740 592 temporibus
1759 525 1858 593 passim

229 596 302 650 modi
321 613 464 666 corpomm
478 596 668 651 exuberantiae
690 605 772 666 atque
794 596 954 652 insolentias
972 598 1025 652 reti
1063 608 1203 668 vagantur,
1217 606 1300 669 atque
1314 601 1408 653 omnia
1421 599 1542 668 implent,
1557 600 1713 672 vaniloquae
1724 601 1758 657 de
1772 619 1858 658 remu

228 676 411 729 inextricabili
430 675 553 745 implicat
576 684 604 730 et
627 679 740 741 coercet,
768 682 795 730 et
817 674 900 730 veluti
927 684 1025 731 catena
1061 678 1309 742 naturadoctrinae,
1329 679 1438 749 reipsa
1456 679 1638 743 infructuosae,
1658 698 1761 751 genere
1784 685 1856 753 quasi

229 753 401 809 adamantina
414 755 541 809 devincit.
1062 756 1218 821 subdititiae,
1232 756 1391 827 garrulitate
1403 774 1469 812 vero
1481 759 1617 813 interdum
1628 761 1766 828 jucundae,
1781 762 1857 816 inter·

269 833 345 895 Quod
359 842 450 889 antem
463 834 585 887 inventio
599 832 708 887 Cereris
718 832 782 888 hnic
792 833 844 894 deq
853 834 1022 900 attribuatur,
1062 835 1126 889 dum
1139 835 1262 891 molestie
1275 845 1303 890 et
1315 837 1485 907 importune.

228 912 309 983 idque
319 914 390 967 inter
403 913 590 976 venationem
612 912 725 983 reliquis
735 922 825 967 antem
836 912 889 966 diis
899 921 1022 983 negetur,

228 991 291 1046 licet
305 992 398 1046 scdulo
420 992 607 1062 quarentibus,
624 999 652 1045 et
667 990 735 1046 illud
753 992 843 1063 ipsum
860 993 1021 1063 agentibns3

228 1071 361 1126 monitum
383 1070 467 1125 habet
487 1088 581 1125 verum
602 1072 746 1125 admodum
767 1079 795 1126 et
813 1072 947 1140 prudens:
969 1070 1022 1125 hoc
1060 1086 1219 1125 mauranus
1234 1088 1368 1128 curmusi
1383 1088 1584 1138 amuosoemia,
1600 1089 1761 1130 amuranus
1780 1092 1856 1130 asaa-

227 1149 337 1214 acilicet,
353 1167 492 1205 neretum
507 1150 617 1205 utilium
630 1150 666 1205 ad
677 1150 800 1204 vitamet
812 1150 916 1205 cultum
929 1150 1022 1205 iuven·
1230 1183 1317 1222 „om
1332 1183 1481 1232 mmm,
1496 1184 1526 1222 ῃ(
1541 1184 1688 1224 Pomm,

227 1229 272 1294 tio,
287 1246 304 1282 a
317 1228 502 1300 philosophiis
523 1230 674 1293 abstractis,
688 1237 817 1300 tanquam
834 1230 887 1284 diis
908 1230 1021 1298 majori·

227 1308 284 1371 bns,
300 1317 467 1378 expectetur,
481 1309 546 1362 licet
561 1311 625 1363 totis
638 1309 741 1364 viribus
754 1309 783 1362 in
796 1309 864 1363 illud
873 1310 965 1379 ipsum
978 1308 1020 1362 in-
1186 1324 1230 1378 D,
1244 1326 1316 1391 pepo,
1330 1327 1608 1401 mundumsmpam
1622 1326 1731 1382 penu·-

226 1388 370 1452 cumbant;
392 1389 441 1442 aed
454 1389 640 1442 tantummodo
651 1406 668 1441 a
681 1388 764 1451 Pane,
779 1388 806 1442 id
820 1395 868 1452 est,
881 1388 1022 1457 experien-

226 1466 266 1520 tia
280 1468 379 1538 sagaci,
395 1475 423 1521 et
435 1485 526 1522 rcrnrn
545 1468 639 1522 mundi
657 1467 756 1522 notitia
774 1467 938 1530 universali3
961 1485 1022 1539 qum
1098 1461 1227 1529 Perseus,
1242 1462 1380 1519 orientalia
1392 1480 1456 1518 cum
1468 1464 1573 1530 linisset,
1586 1465 1687 1520 missus
1708 1466 1854 1520 tradimus

226 1546 310 1600 etiam
334 1563 398 1600 casn
424 1548 549 1618 quodam,
571 1564 603 1600 ac
623 1547 707 1601 veluti
728 1546 799 1600 inter
814 1546 977 1609 venandum,
992 1546 1020 1599 in
1059 1539 1181 1607 Pallade,
1203 1543 1238 1596 ud
1260 1542 1471 1598 obtmneandflm
1492 1543 1645 1608 Medum,
1664 1562 1727 1615 (111oe
1749 1545 1853 1615 1101111111

225 1625 379 1693 hujusmodi
393 1626 503 1680 inventa
522 1627 640 1681 incidere
658 1625 738 1680 solet.
780 1625 934 1681 Utilissima
947 1627 1021 1680 enim
1058 1620 1184 1690 plurimi!
1198 1622 1233 1675 1111
1246 1622 1599 1686 weidenlemsinexlremifl
1612 1624 1711 1678 Iberi&
1724 1625 1852 1693 Willm·

226 1722 340 1775 quaeque
367 1706 480 1759 inventa
506 1705 683 1776 experientias
715 1705 853 1770 debentur,
882 1714 910 1759 et
934 1703 1021 1760 veluti
1058 1700 1186 1755 maxima
1199 1701 1349 1757 calamitati
1362 1701 1421 1757 fuit.
1462 1701 1618 1757 Monstrum
1626 1703 1702 1757 enim
1716 1703 1852 1768 hcc,alias

225 1784 336 1837 donaria
350 1785 474 1855 quodam
487 1784 562 1838 fuere
575 1802 641 1839 casu
653 1784 683 1838 in
696 1783 822 1839 homines
836 1800 940 1854 sparsa.
1058 1779 1346 1845 cmdeleetimmane,
1362 1779 1569 1851 111111111111111
1590 1791 1647 1836 111111
1665 1781 1755 1838 dim
1775 1793 1851 1854 atque

266 1862 338 1917 Illud
351 1872 441 1918 autem
460 1864 577 1917 musices
597 1872 743 1926 certamen,
764 1864 876 1934 ejusque
897 1869 1017 1928 eventus,
1058 1857 1223 1914 horrendum
1236 1860 1297 1924 fuit,
1309 1869 1338 1915 nt
1351 1877 1385 1914 co
1398 1859 1591 1916 aolohomines
1604 1862 1633 1914 in
1647 1878 1718 1916 saxa
1729 1871 1851 1917 verteret

226 1942 372 1996 salutarem
386 1942 498 1996 exhibet
515 1943 673 2006 doctrinam,
688 1950 770 2012 atque
789 1958 858 2006 eam,
874 1959 935 2014 qnae
954 1943 1020 1996 rati·
1058 1936 1127 1991 Erat
1139 1947 1259 1993 autema
1275 1939 1447 2011 Gorgonibus
1466 1957 1529 2004 una,
1542 1939 1670 2005 Medusa,
1684 1958 1718 1994 ac
1739 1941 1801 1996 sola
1814 1944 1852 1996 in·

225 2021 278 2084 oui,
293 2031 321 2075 et
338 2020 576 2088 jndiciohumano
591 2021 725 2092 gestienti,
740 2031 811 2074 etse
831 2021 960 2085 efferenti,
974 2038 1019 2075 so-
1059 2023 1101 2071 ter
1121 2034 1169 2071 eas
1188 2018 1319 2082 mortalis,
1333 2037 1396 2073 eum
1415 2018 1526 2090 reliquae
1545 2020 1661 2090 passivae
1679 2036 1734 2074 noa
1757 2033 1851 2076 essem

224 2100 346 2154 brictatis
361 2099 468 2153 vincula
481 2100 592 2169 injicere
605 2101 698 2170 possit
739 2099 850 2169 Duplex
863 2101 935 2154 enirn
948 2100 1021 2154 vide-
1058 2094 1174 2151 Perseus
1188 2097 1272 2167 igitur
1289 2099 1324 2152 ad
1337 2106 1393 2153 tam
1404 2098 1496 2153 nobile
1510 2099 1616 2154 facinus
1634 2115 1664 2153 se
1683 2116 1850 2170 comparans,

224 2186 267 2232 tur
281 2196 340 2233 esse
354 2179 504 2242 harmonia,
518 2186 546 2233 et
559 2179 637 2249 qnasi
652 2180 762 2243 musica,
777 2178 865 2233 altera
878 2180 1020 2248 sapientiae
1057 2190 1133 2229 arma
1153 2192 1185 2229 ac
1205 2176 1276 2230 dona
1295 2195 1312 2230 a
1331 2179 1418 2232 tribua
1431 2177 1484 2231 diis
1505 2185 1599 2233 mutuo
1616 2179 1737 2248 accepit3
1760 2180 1818 2234 alas
1836 2198 1852 2233 a

224 2258 330 2323 divinae,
346 2258 431 2312 altera
444 2259 557 2313 rationis
571 2259 706 2313 humanae.
746 2257 856 2312 indicio
875 2259 948 2313 enim
967 2258 1019 2314 hn·
1057 2253 1204 2320 Mercurio,
1218 2255 1316 2311 talares
1335 2256 1440 2311 scilicet
1457 2273 1512 2311 non
1532 2257 1678 2320 axillares;
1701 2259 1851 2315 aPlntcne

224 2354 312 2401 mano,
339 2354 370 2390 ac
395 2337 479 2391 veluti
503 2338 613 2392 auribus
637 2338 800 2402 mortalium,
822 2339 1020 2393 administratis
1057 2343 1148 2388 antem
1161 2334 1283 2406 galeam
1305 2345 1410 2391 scutum
1429 2335 1701 2407 deniqneaPallade
1716 2346 1745 2391 et
1760 2355 1852 2410 specu-

224 2416 316 2470 mnndi
330 2425 469 2482 atterum,
484 2425 513 2470 et
529 2417 633 2485 judicia
645 2418 738 2473 divim
751 2417 906 2482 secretiora,
920 2427 1019 2472 sonant
1056 2412 1121 2468 lum
1170 2416 1268 2485 Neque
1289 2423 1379 2469 tamen
1393 2415 1472 2485 (licet
1493 2423 1567 2469 tanto
1586 2425 1720 2486 apparatu
1738 2419 1852 2474 instem·

224 2494 326 2566 aliquid
340 2496 434 2550 durum
448 2504 476 2550 et
490 2497 568 2567 quasi
581 2498 732 2552 absonum:
754 2514 814 2566 qnae
824 2496 940 2562 inscitia,
955 2497 1019 2551 licet
1057 2494 1112 2559 tus)
1136 2495 1172 2548 ad
1196 2493 1340 2549 Medusam
1360 2503 1434 2549 recta
1458 2496 1585 2565 perrexit,
1607 2496 1655 2550 sed
1678 2497 1800 2565 primum
1818 2499 1851 2552 ad

223 2574 336 2630 asininis
345 2576 454 2630 auribus
462 2576 559 2630 merito
567 2577 736 2648 insigniatur,
748 2584 838 2630 tamen
847 2576 938 2630 etillae
951 2575 1018 2646 ipsae
1057 2570 1153 2627 Graeas
1176 2573 1295 2628 divertit.
1348 2574 1398 2629 Eoe
1421 2590 1535 2637 sorores,
1560 2592 1596 2628 ex
1618 2574 1707 2629 altera
1729 2587 1850 2646 parente,

223 2671 303 2707 aures
324 2663 428 2709 secreto
446 2672 502 2709 non
524 2656 615 2726 palam
635 2662 782 2727 gestantur.
823 2656 922 2726 Neque
944 2658 1018 2710 enim
1057 2650 1230 2723 Gorgonibus
1243 2663 1336 2717 erant;
1358 2663 1441 2725 atque
1463 2654 1550 2709 Graeae
1571 2655 1632 2709 istas
1645 2671 1722 2710 cauae
1738 2657 1851 2712 etfama

222 2733 335 2809 hujusce
347 2735 386 2788 rei
394 2732 834 2807 deformitasavulgoconspicitnr
842 2743 888 2789 ant
898 2743 1016 2791 notatur.
1055 2730 1195 2786 nativitate
1205 2740 1283 2786 erant
1294 2733 1567 2805 ettanuamvetulae.
1602 2733 1851 2792 Oculusautemiis

263 2813 403 2868 Postremo
415 2815 526 2868 minime
539 2817 638 2870 mirum
653 2822 701 2879 est,
715 2816 739 2868 si
752 2813 820 2867 nulli
831 2830 937 2869 amores
947 2814 1018 2869 Pani
1055 2813 1239 2866 tantummodo
1262 2820 1290 2866 et
1313 2813 1379 2867 dens
1402 2821 1461 2867 erat
1487 2813 1612 2867 omnibns
1639 2814 1754 2878 unicum
1782 2834 1848 2887 qncs

225 2893 412 2959 attribuantur,
438 2901 537 2966 preter
563 2894 720 2967 conjugium
751 2892 860 2958 Echua;
900 2894 1017 2950 mundus
1054 2891 1225 2959 praetexite
1239 2892 1312 2947 foras
1326 2910 1461 2965 quamque
1482 2893 1641 2965 contigerat,
1655 2894 1780 2951 vicissim
1792 2914 1850 2968 ges·

223 2973 295 3026 enim
314 2990 343 3028 se
361 2974 430 3044 ipso,
452 2982 532 3045 atque
555 2975 584 3028 in
608 2975 736 3029 serebas
756 2975 881 3028 omnibus
903 2974 1015 3029 fruitur:
1054 2970 1155 3036 tabant,
1175 2988 1292 3028 reversae
1312 2982 1403 3028 autem
1424 2975 1558 3043 deponere
1582 2973 1718 3030 solebant.
1770 2976 1848 3031 Hunc
1870 2997 1877 3019 1

223 3053 269 3122 qui
283 3061 357 3107 amat
376 3061 467 3108 autem
481 3054 534 3107 frui
548 3054 612 3116 vult,
631 3071 719 3126 neque
734 3053 763 3108 in
781 3054 861 3122 copis
880 3053 1016 3108 desiderio
1053 3048 1146 3120 itaque
1160 3050 1276 3115 0111111111,
1290 3060 1371 3123 alque
1385 3053 1456 3107 huuc
1470 3053 1580 3107 denum
1592 3051 1648 3107 illoe
1662 3052 1768 3109 Perseo
1778 3073 1847 3111 com·

221 3130 297 3185 locus
310 3142 359 3187 est
401 3134 497 3204 ltaque
511 3134 604 3186 mundi
619 3150 725 3187 amores
739 3149 799 3187 ease
812 3131 881 3187 nulli
895 3142 1014 3202 possunt,
1052 3129 1202 3185 modamnt.
1244 3131 1314 3186 'lum
1333 3132 1442 3187 demum
1464 3149 1526 3187 cnm
1545 3149 1575 3186 ae
1595 3132 1703 3187 abunde
1724 3135 1848 3190 addesti·

221 3227 271 3263 nec
286 3211 409 3281 potiundi
423 3212 522 3282 cupido
536 3214 610 3283 (cum
625 3229 655 3266 se
668 3213 727 3283 ipae
742 3218 883 3266 contentus
896 3211 946 3278 ait)
961 3214 1014 3267 nisi
1052 3216 1117 3262 nata
1136 3210 1301 3278 perficienda
1320 3212 1480 3266 instructum
1496 3211 1637 3279 judicaret,
1653 3214 1688 3267 ad
1707 3213 1848 3270 Medusam

221 3288 334 3345 fortasse
348 3307 454 3345 amores
471 3292 610 3345 sermonis.
653 3292 677 3344 li
696 3300 758 3345 sunt
778 3290 910 3361 Nympha
928 3291 1014 3356 Echo,
1052 3290 1224 3357 properavit,
1246 3291 1364 3361 impiger
1378 3290 1518 3345 etvolans.
1561 3290 1642 3346 Illam
1662 3302 1756 3347 autem
1769 3294 1847 3347 offen-

221 3386 264 3421 rea
278 3386 332 3423 non
346 3370 434 3425 solida
448 3371 496 3423 sed
509 3370 625 3434 vocalis;
647 3378 694 3425 aut
713 3372 737 3424 si
755 3372 936 3425 accuratiores
950 3371 1013 3437 siut,
1052 3367 1091 3420 dit
1104 3368 1290 3434 dormientem,
1304 3388 1392 3442 neque
1413 3378 1504 3425 tamen
1524 3372 1647 3440 aspectui
1665 3372 1727 3439 ejus
1742 3375 1779 3441 (si
1796 3375 1847 3427 for·

222 3448 347 3519 Syringa,
358 3450 466 3520 quando
478 3449 583 3504 scilicet
595 3451 678 3504 verba
692 3459 718 3504 et
728 3465 815 3515 voces,
825 3450 945 3504 numeris
956 3451 1015 3521 qui·
1052 3463 1101 3501 san
1119 3449 1274 3519 evigilaret)
1296 3467 1326 3505 sc
1347 3450 1515 3505 committere
1535 3450 1661 3513 audebat,
1676 3453 1727 3506 sed
1746 3455 1846 3507 cervice

221 3526 336 3582 busdam
356 3531 414 3583 sive
438 3529 562 3598 poeticis,
585 3530 643 3583 sive
667 3529 799 3595 oratoriis,
828 3536 856 3582 et
882 3538 1013 3600 tanquam
1051 3527 1162 3591 reflexa,
1177 3530 1246 3583 etin
1259 3527 1399 3598 speculum
1412 3528 1480 3584 illud
1498 3528 1620 3583 Palladis
1639 3530 1796 3601 inspiciens,
1810 3542 1847 3586 at-

220 3607 410 3673 modulamine,
425 3615 563 3680 reguntur.
604 3609 679 3663 Inter
699 3624 837 3663 sermones
850 3616 943 3662 autem
956 3609 1013 3664 sive
1052 3622 1104 3676 que
1119 3606 1171 3660 hoc
1185 3609 1266 3663 modo
1275 3609 1345 3664 ictus
1356 3609 1484 3679 dirigens,
1495 3618 1576 3679 capnt
1586 3609 1714 3664 Medusae
1722 3612 1844 3666 abscidit:

220 3702 299 3740 voces
314 3687 479 3741 excellenter
492 3687 527 3741 ad
540 3687 696 3758 conjugium
709 3687 801 3742 mundi
821 3688 937 3742 sumitur
955 3687 1014 3743 sola
1051 3702 1088 3740 ex
1101 3688 1235 3757 sangiune
1248 3697 1340 3743 autem
1363 3687 1484 3756 ejusdem
1500 3689 1528 3741 in
1549 3697 1650 3742 terram
1669 3689 1741 3752 fuso,
1759 3694 1845 3746 statim

220 3764 312 3820 Echo:
334 3783 368 3820 ea
388 3768 461 3821 enim
481 3766 590 3821 demum
611 3784 675 3821 vera
694 3775 736 3820 est
753 3766 936 3836 philosophia,
951 3785 1013 3838 quaa
1050 3763 1173 3835 Pegasus
1193 3767 1280 3822 slatus
1300 3768 1419 3822 emicuit.
1461 3768 1553 3837 Caput
1579 3776 1672 3822 autum
1699 3769 1845 3825 abaciacum

221 3844 314 3898 mundi
327 3845 413 3915 ipsius
426 3862 507 3899 voces
521 3845 678 3901 fidelissime
697 3845 793 3910 reddit,
808 3854 837 3900 et
855 3846 941 3900 veluti
955 3847 1012 3900 dic-
1051 3842 1167 3898 Perseus
1186 3846 1215 3900 in
1235 3854 1342 3902 scutum
1363 3845 1484 3901 Palladis
1506 3845 1645 3901 transtulit
1665 3856 1695 3901 et
1718 3849 1843 3905 insemit:

221 3928 296 3977 tante
309 3925 409 3980 mundo
419 3926 571 3996 conscripta
584 3932 639 3989 est;
661 3931 690 3979 et
702 3924 773 3979 nibil
786 3924 918 3988 aliudest,
930 3942 1013 3996 quam
1050 3925 1095 3977 cui
1116 3924 1264 3981 etiamnum
1283 3926 1450 3981 suamansit
1469 3925 1561 3990 visan
1580 3926 1616 3979 ad
1637 3928 1698 3994 ejus
1719 3929 1845 3984 intuitum

221 4002 341 4068 ejasdem
354 4005 530 4059 simulacrum
543 4012 573 4059 et
586 4005 701 4060 reflexio
709 4027 716 4069 ;
738 4022 826 4077 neque
844 4004 920 4058 addit
934 4004 1011 4075 quic·
1050 4018 1144 4057 omues
1157 4020 1207 4059 cen
1220 4005 1327 4059 attoniti
1341 4014 1386 4060 ant
1400 4005 1512 4060 siderati
1526 4004 1689 4076 obrigerent.

221 4098 302 4149 qnam
316 4082 350 4136 de
364 4084 480 4153 proprio,
492 4084 539 4137 sed
550 4085 742 4138 tantumiterat
752 4090 903 4138 etreaonat.
937 4085 1012 4138 Nam

220 4160 292 4229 quod
305 4160 412 4216 Lunam
422 4163 481 4216 Pan
495 4163 523 4216 in
540 4162 610 4217 altas
624 4163 715 4233 sylvas
729 4162 874 4233 aliquando
888 4179 1012 4216 sevocar-
1090 4157 1207 4212 FABULA
1220 4159 1335 4213 conficta
1347 4158 1453 4213 videtur
1462 4158 1496 4213 de
1510 4157 1692 4228 belligerandi
1705 4160 1808 4215 ratione
1818 4171 1846 4217 tt

220 4247 267 4302 set,
290 4240 395 4294 videtur
421 4242 555 4311 pertinere
579 4243 614 4296 ad
634 4258 808 4312 congressum
833 4258 927 4296 sensns
950 4259 1012 4296 cum
1050 4236 1205 4305 prudentia.
1248 4237 1339 4308 Atque
1353 4239 1442 4308 primo
1455 4239 1543 4292 omnis
1556 4237 1622 4292 belli
1643 4240 1784 4310 susceptio
1801 4240 1846 4293 de-

219 4318 301 4372 rebus
314 4319 471 4374 coeleatibus
484 4321 540 4375 sive
554 4321 659 4375 divinis.
700 4321 774 4374 Nam
789 4321 843 4374 alia
862 4328 903 4374 est
921 4320 1012 4389 Endy-
1051 4316 1096 4369 bet
1109 4332 1169 4369 esse
1183 4326 1313 4387 tanquam
1326 4318 1419 4371 missio
1439 4333 1456 4371 11
1477 4317 1606 4381 Pallade;
1627 4334 1682 4371 11011
1703 4335 1722 4372 11
1742 4319 1845 4374 Venere

219 4398 318 4452 mionis
332 4398 408 4463 ratio,
423 4399 478 4452 alia
491 4399 589 4454 Panis:
611 4400 654 4453 Ad
667 4400 866 4468 Endymioneos
879 4399 1012 4454 dormian·
1050 4404 1122 4448 certe
1149 4395 1315 4463 (1111111111
1339 4396 1488 4464 Twl'amlm
1507 4397 1570 4462 full)
1596 4397 1844 4453 111111118111111

219 4484 275 4530 tem
288 4485 384 4547 sponte
399 4496 428 4532 ae
441 4478 558 4534 demittit
577 4479 672 4544 Lunae
694 4479 828 4549 siquidem
842 4478 876 4531 ad
889 4478 1011 4531 intellec·
1051 4490 1150 4537 causae
1180 4475 1281 4545 quippe
1303 4493 1365 4530 cnm
1383 4475 1411 4529 in
1434 4474 1555 4529 consiliis
1569 4475 1665 4529 solidis
1683 4476 1792 4531 decreta
1811 4478 1844 4532 de

218 4562 275 4609 turn
296 4558 421 4626 sopitum,
444 4565 472 4611 et
493 4573 510 4611 a
533 4559 656 4613 sensibus
677 4558 829 4619 abductum,
851 4557 1011 4628 quandoque
1050 4551 1129 4606 belbe
1143 4553 1249 4607 fundari
1264 4563 1395 4624 oporteat.
1435 4554 1541 4608 Deinde
1555 4555 1588 4609 de
1603 4571 1706 4626 genere
1721 4555 1786 4610 belli
1798 4556 1845 4610 eli·

218 4648 314 4705 sponte
342 4636 458 4690 influunt
485 4636 592 4692 divina:
628 4638 700 4709 quod
727 4638 751 4691 si
777 4646 957 4700 accersantur,
985 4645 1013 4689 et
1050 4633 1146 4703 gendo,
1158 4633 1211 4685 tria
1224 4634 1351 4702 proponit
1361 4632 1453 4687 fabula
1466 4641 1609 4703 praecepta,
1620 4650 1689 4688 sana
1703 4635 1842 4690 admodum

218 4723 348 4769 vocentur
366 4732 383 4768 s
404 4732 493 4780 sensu,
512 4724 641 4788 tanquam
660 4733 676 4770 a
694 4716 777 4780 Pane,
799 4727 856 4771 tum
875 4732 941 4770 vero
958 4732 1012 4770 nou
1051 4719 1079 4764 et
1092 4711 1193 4782 grana
1234 4713 1356 4766 Primum
1369 4722 1418 4776 est,
1432 4720 1462 4767 ut
1474 4713 1508 4765 de
1523 4718 1539 4742 “
1551 4713 1746 4783 subjugatione
1764 4716 1843 4768 nano

218 4793 292 4849 aliud
305 4794 396 4849 lumen
410 4796 532 4865 praebent
546 4813 627 4866 quam
640 4795 716 4861 illud,
1049 4807 1115 4844 num
1141 4791 1340 4845 finitimamm”
1368 4792 1429 4863 quis
1455 4808 1509 4845 non
1532 4808 1701 4862 magnopere
1728 4794 1839 4848 laboret.

860 4930 865 4939 ¹
1050 4871 1149 4940 Neque
1164 4871 1237 4924 enim
1250 4870 1345 4925 eadem
1359 4880 1401 4924 est
1413 4871 1569 4940 patrimonii
1585 4880 1614 4924 et
1626 4870 1738 4941 imperii
1752 4872 1843 4943 ampli·

316 4935 331 4957 “
341 4931 470 5001 Qualesub
480 4932 594 5012 inceptam
604 4932 685 4979 lunam
694 4932 737 4979 ⁸¹¹¹)
748 4931 801 4978 ¹³⁰⁸
811 4929 916 4993 ¹¹²⁸¹¹8¹¹²
1050 4949 1149 5002 licendi
1164 4950 1240 5002 ratio.
1280 4950 1355 5005 Nam
1364 4952 1393 5003 in
1407 4949 1623 5019 possessionibus
1632 4951 1765 5020 privatus,
1778 4952 1842 5007 vici·

313 4988 533 5051 E⁵t¹¹⁰r¹⁰⁸y¹v¹⁸
1049 5029 1121 5082 nitas
1146 5029 1309 5097 praediorum
1327 5037 1471 5099 spectatur,
1486 5029 1534 5082 sed
1551 5029 1582 5082 in
1602 5031 1781 5103 propagando
1794 5032 1843 5085 im·

218 5111 261 5165 Ad
279 5112 372 5165 mundi
393 5113 476 5164 etiam
497 5110 687 5164 sufficientiam
700 5116 728 5163 et
740 5109 935 5179 perfectionem
948 5126 1011 5178 per-
1050 5108 1126 5176 perio
1138 5109 1253 5171 occasio,
1267 5116 1296 5161 et
1308 5107 1373 5162 belli
1387 5107 1547 5162 conficiendi
1560 5108 1681 5162 facilitas
1695 5120 1724 5164 et
1736 5110 1842 5173 fructus,

218 5191 292 5254 tinet,
308 5190 379 5260 quod
393 5189 496 5260 prolem
509 5205 563 5242 non
576 5189 646 5242 edat
689 5188 740 5243 Ille
759 5187 833 5242 enim
853 5204 903 5256 per
920 5198 1012 5258 partes
1049 5187 1110 5241 loco
1123 5186 1270 5241 vicinitatis
1290 5203 1350 5241 esse
1371 5188 1478 5241 debent.
1521 5188 1617 5258 ltaque
1638 5187 1764 5253 Perseus,
1781 5191 1844 5244 licet

219 5277 348 5338 generat,
370 5285 419 5338 per
435 5276 521 5321 totum
540 5267 674 5337 quomodo
692 5283 823 5337 generare
841 5268 934 5335 possit,
948 5284 1011 5322 cnm
1050 5265 1196 5329 orientalis,
1223 5274 1314 5320 tamen
1341 5275 1396 5320 tam
1427 5265 1604 5337 longinquam
1633 5268 1842 5337 expeditionem,

218 5364 316 5417 corpus
329 5356 407 5401 extm
420 5348 511 5417 ipsum
522 5362 577 5400 non
591 5345 646 5400 sitl’
666 5363 729 5400 nam
743 5346 776 5399 da
792 5345 951 5399 muliercula
963 5346 1012 5400 illa
1049 5345 1182 5415 usquead
1196 5353 1347 5399 extremum
1361 5346 1537 5409 occidentem,
1551 5346 1665 5399 minime
1676 5346 1841 5401 detrectavit.

221 5425 320 5491 lambe,
335 5426 393 5480 filia
405 5426 488 5480 Panis
498 5425 627 5495 putativa,
639 5433 680 5480 est
695 5441 760 5479 sane
772 5441 805 5478 ea
813 5424 930 5492 adjectio
941 5444 1013 5495 quae·
1050 5424 1141 5492 Hujus
1154 5425 1193 5478 rei
1208 5424 1365 5494 exemplum
1377 5425 1485 5495 insigne
1499 5432 1540 5478 est
1552 5424 1583 5479 in
1603 5424 1784 5497 belligerandi
1804 5427 1842 5480 di·
