3800 5875
246 308 303 365 558
804 306 986 364 HISTORIA
1006 307 1122 364 DENSI
1143 307 1192 363 ΕΤ
1212 306 1315 363 aaut.

243 470 286 523 rio
298 468 420 538 corporis
433 466 566 523 dendoris
578 466 668 540 magis
686 465 776 521 activi.
817 462 844 526 7.
865 466 1039 538 Compressis
1119 465 1165 520 ld.
1186 464 1311 521 Flamma
1323 480 1377 520 non
1388 470 1431 520 est
1444 467 1492 520 air
1504 464 1662 531 mreiauus,
1676 472 1708 519 ut
1719 479 1772 518 uec
1786 466 1874 517 oleum

243 564 294 617 per
306 546 463 602 violentiam
475 554 624 603 externam
665 544 693 601 8.
714 545 851 610 Oneratio,
862 546 979 601 simodo
991 547 1040 600 ali·
1076 553 1119 599 est
1133 561 1205 616 sque
1219 546 1367 608 meatuum
1388 544 1438 599 sed
1450 551 1515 598 sunt
1533 543 1614 614 plane
1632 559 1751 614 corpora
1769 542 1873 597 lietero

245 642 299 698 qua
313 627 358 681 sit.
1077 641 1173 695 εειιειι,
1187 631 1216 678 et
1228 640 1283 679 non
1296 625 1377 679 nimis
1391 624 1487 678 amics

285 704 412 760 Actiones
424 703 590 758 dilatationis
603 704 787 775 perspiritum
801 703 934 768 innatum,
948 712 976 758 et
989 721 1039 775 per
1119 702 1164 758 ll.
1196 703 1314 773 Spiritus
1339 702 1532 774 vegetabilium
1564 706 1593 756 et
1624 699 1789 755 animalium
1818 712 1873 755 arnt

244 781 431 839 liberationem
446 783 597 854 spirituum,
618 791 646 837 et
663 800 714 854 per
725 783 977 848 deacervationem3
998 794 1038 837 st·
1076 797 1150 837 autre
1169 783 1326 852 compositas
1345 799 1382 837 ex
1396 782 1568 853 pneumatico
1587 780 1670 836 aereo
1690 789 1719 834 et
1735 781 1871 845 flammeo,

244 880 298 933 que
312 879 412 927 rursus,
422 864 542 916 actiones
552 862 743 917 contractionis
753 879 803 932 per
812 863 1037 925 constrictionem,
1076 862 1303 933 quemadmodum
1316 869 1344 916 et
1357 862 1430 916 succi
1444 878 1537 915 eorum
1550 878 1587 916 ex
1600 875 1690 933 nqueo
1704 868 1733 913 et
1745 860 1846 914 oleoen

245 950 308 996 sunt
321 942 441 996 actiones
455 942 512 996 sine
523 942 670 1012 reciproco.
705 940 830 1013 Reliqua
843 943 964 996 actiones
978 952 1039 996 sunt
1119 939 1165 995 ts.
1185 941 1272 996 Omne
1287 940 1419 1012 tangibile
1432 941 1504 1010 apud
1513 957 1563 995 nos
1576 940 1663 995 habet
1673 940 1871 1009 pneumaticum

245 1022 397 1092 reciprocae.
1077 1019 1133 1073 sive
1148 1020 1272 1090 spiritum
1286 1019 1442 1090 copulatum
1455 1028 1483 1073 et
1496 1020 1641 1074 inclusum.

284 1100 466 1154 Dilatatioues
480 1115 528 1169 per
541 1099 766 1170 introceptionem
780 1108 807 1154 et
827 1116 876 1171 per
894 1099 1038 1154 deacerra·
1119 1097 1162 1154 13.
1184 1098 1309 1168 Spiritus,
1323 1099 1419 1170 quales
1435 1106 1498 1153 sunt
1509 1099 1708 1169 vegetabilium
1728 1105 1756 1152 et
1775 1099 1871 1151 anima-

244 1178 346 1233 tionem
369 1186 432 1234 sunt
450 1178 738 1249 pseudo-dilatationes
747 1201 754 1242 ;
775 1180 845 1234 sicut
868 1186 897 1233 et
915 1186 1037 1234 contrac-
1076 1177 1150 1241 lium,
1163 1195 1220 1233 nou
1232 1178 1408 1233 inveniuntur
1420 1178 1491 1250 apud
1504 1195 1555 1233 noa
1571 1177 1663 1243 soluti,
1678 1177 1729 1233 sed
1745 1178 1776 1231 in
1790 1180 1870 1249 tangi

244 1257 331 1313 tiones
343 1274 393 1328 per
413 1257 597 1312 exclusionem
611 1258 1036 1328 suntpseudocondeusatioues3
1075 1254 1125 1309 bili
1138 1256 1256 1311 devincti
1270 1265 1299 1311 et
1311 1257 1441 1311 conclusi.

244 1343 307 1392 sunt
320 1337 395 1392 enim
408 1336 519 1404 locales,
533 1353 587 1391 non
601 1336 800 1393 substantiales.
1118 1336 1164 1390 14.
1185 1335 1309 1390 Densum
1322 1344 1350 1390 et
1362 1353 1454 1391 rarum
1466 1343 1529 1390 suut
1541 1337 1655 1408 propris
1667 1335 1781 1408 opificia
1793 1337 1868 1391 calidi

282 1414 427 1487 Expausio
437 1433 486 1487 per
498 1416 590 1486 ignem
600 1417 657 1471 sire
667 1415 786 1471 calorem
797 1415 856 1471 siue
865 1416 1037 1487 separatione
1075 1421 1104 1468 et
1116 1414 1218 1487 frigidi,
1232 1415 1347 1470 densum
1363 1415 1464 1488 frigidi,
1479 1433 1569 1470 rarum
1582 1415 1676 1470 calidi.

244 1503 287 1550 est
295 1496 417 1551 omnium
424 1491 641 1567 simplicissima:
662 1511 695 1550 ea
704 1496 770 1549 fitin
780 1496 954 1565 pneumatice
961 1513 1036 1566 puro,
1117 1491 1162 1548 lo.
1184 1494 1267 1549 Calor
1280 1511 1362 1565 super
1375 1495 1546 1566 pneumatica
1559 1503 1689 1566 operatur
1708 1512 1760 1566 per
1773 1512 1869 1566 expan

243 1575 315 1630 sicut
328 1574 407 1639 aiter
428 1574 475 1629 ubi
488 1574 687 1639 nihilexbalat,
697 1574 769 1630 nibil
782 1575 890 1637 residet,
900 1575 948 1629 sed
962 1592 1038 1629 mera
1075 1571 1178 1628 donem
1193 1572 1352 1644 simplicem.

243 1654 275 1707 tit
287 1654 420 1719 dilatatio,
435 1670 521 1725 esque
535 1654 570 1708 ad
583 1653 786 1725 ampliationem
806 1655 890 1724 spatii
910 1654 969 1709 sive
986 1672 1036 1709 ex·
1118 1650 1164 1708 le.
1185 1652 1268 1707 Calor
1280 1653 1309 1706 in
1323 1652 1449 1724 tangibili
1463 1662 1571 1708 exercet
1584 1652 1726 1725 duplicem
1740 1657 1866 1724 operatio

243 1733 422 1805 porrectionis
434 1734 580 1803 insignem.
619 1733 718 1791 Utrum
731 1732 820 1788 simile
835 1734 977 1805 quippiam
989 1736 1037 1788 liat
1074 1747 1152 1796 uem;
1180 1748 1288 1803 semper
1301 1732 1440 1788 dilatando
1459 1735 1670 1803 pneumaticum,
1684 1733 1735 1789 sed
1753 1750 1863 1789 mnu

242 1813 273 1867 iu
291 1814 408 1878 flamma,
425 1812 560 1876 videlicet,
578 1820 669 1867 utrum
687 1813 796 1867 damma
814 1821 878 1884 post
894 1815 1037 1885 expansio
1074 1810 1210 1866 interdum
1223 1811 1414 1878 contrahendo,
1426 1812 1563 1868 interdum
1575 1811 1706 1868 laxando.

243 1908 307 1947 nem
320 1893 416 1964 prima
429 1891 597 1946 accensionis
610 1891 684 1963 (qun
697 1900 739 1947 est
755 1894 867 1964 magna)
887 1893 945 1962 jam
964 1893 1037 1947 facta
1117 1889 1163 1949 17.
1184 1891 1290 1946 Norma
1314 1898 1404 1946 autem
1427 1892 1486 1960 ejus
1509 1892 1550 1946 rei
1576 1892 1642 1947 talis
1666 1902 1727 1947 est:
1762 1894 1864 1964 spiritus

243 1972 353 2027 damma
364 1971 423 2040 (ubi
432 1986 547 2042 maguus
560 1977 602 2025 est
611 1971 787 2025 ambientium
801 1970 893 2039 ardor)
908 1989 937 2026 se
947 1971 1036 2026 adhoc
1074 1969 1188 2024 emissus
1202 1987 1300 2041 corpus
1313 1970 1450 2026 contrahit
1458 1980 1485 2026 et
1494 1971 1756 2039 induratdeteutus
1769 1975 1863 2027 intene-

243 2052 332 2123 magis
343 2050 487 2120 expandat,
498 2049 607 2104 difficile
621 2050 731 2120 cognitu
742 2058 790 2113 est,
801 2058 910 2121 propter
919 2051 1036 2106 celerem
1074 2058 1118 2103 rat
1131 2058 1159 2103 et
1173 2048 1309 2120 colliquat.

243 2136 273 2184 et
289 2137 505 2184 momentaneam
524 2129 716 2183 extinctionem
735 2130 869 2184 dammae:
890 2147 984 2184 rerum
1002 2130 1036 2185 de
1117 2128 1159 2182 ts.
1181 2128 1347 2201 Colliquatio
1367 2128 1465 2199 incipit
1483 2146 1501 2183 a
1520 2131 1700 2200 pneumatica
1717 2130 1748 2185 in
1760 2148 1862 2201 corpore

243 2209 296 2263 hoc
309 2209 338 2263 in
352 2207 430 2263 titulo
443 2208 476 2262 de
491 2208 788 2279 flammainquiremus.
829 2208 959 2264 Proxima
972 2209 1036 2265 huic
1074 2208 1266 2279 expandend03
1295 2208 1357 2262 alioe
1374 2208 1563 2264 dissolutiones
1576 2226 1595 2263 a
1613 2227 1717 2277 erano,
1734 2211 1863 2266 liberando

243 2287 394 2342 dilatationi
409 2290 555 2358 (quatenus
569 2287 603 2341 ad
616 2286 831 2358 simplicitatem)
846 2297 888 2342 est
897 2290 1034 2358 expansio,
1074 2289 1257 2357 operationem
1270 2289 1444 2357 pneumatici.

244 2384 305 2437 quse
318 2366 349 2421 fit
363 2368 392 2421 in
405 2366 595 2439 colliquationc
614 2366 791 2431 metallomm,
805 2368 894 2423 autin
907 2369 1034 2423 emolliti·
1118 2364 1161 2421 19.
1183 2367 1248 2422 Post
1262 2367 1379 2421 calorem
1393 2376 1421 2422 et
1437 2366 1531 2437 frigus,
1546 2369 1742 2437 potentissima
1759 2377 1818 2424 sunt
1834 2370 1864 2423 sd

244 2461 296 2500 one
310 2446 374 2501 ferri
388 2454 416 2500 et
428 2463 506 2509 cerae,
520 2451 547 2500 et
559 2446 697 2512 similium,
712 2446 748 2501 ad
760 2454 874 2517 tempus,
889 2457 1036 2519 antequam
1074 2446 1280 2501 rarefactionem
1299 2456 1328 2502 et
1346 2447 1584 2502 condennationem
1599 2465 1746 2520 corporum
1762 2466 1864 2503 consen·
1882 2451 1883 2454 ’

243 2525 347 2596 aliquid
360 2526 407 2579 fiat
419 2524 529 2580 volatile
543 2532 572 2580 et
591 2525 735 2580 emittatur.
777 2524 877 2581 Verum
896 2527 956 2582 hasc
970 2527 1036 2581 dils-
1074 2542 1120 2579 sus
1133 2535 1161 2579 et
1172 2525 1249 2597 tuga.

244 2605 311 2658 tatio
324 2604 428 2660 occulta
444 2614 493 2669 est,
507 2611 535 2659 et
547 2605 578 2658 fit
596 2605 668 2659 iutra
686 2604 803 2660 chustra
822 2607 943 2674 corporis
963 2607 1035 2661 iute-
1114 2605 1161 2661 20.
1182 2604 1329 2660 Restitutio
1343 2621 1360 2658 a
1373 2603 1503 2659 violentia
1521 2614 1549 2660 et
1562 2606 1662 2662 dilatat
1676 2616 1704 2662 et
1716 2606 1861 2669 condensat,

244 2683 336 2755 grilis,
350 2701 400 2739 nec
414 2683 558 2739 visibiliter
571 2686 802 2755 exporrectionem
815 2694 902 2740 mutat
920 2694 969 2739 aut
981 2703 1036 2741 am·
1074 2684 1103 2737 in
1118 2684 1260 2739 adversum
1274 2683 1417 2740 violentiae.

243 2762 319 2835 pliat.
361 2764 398 2818 At
411 2763 536 2819 simulac
549 2764 703 2834 incipiatin
720 2781 834 2834 corpore
855 2764 946 2835 aliquo
960 2766 1036 2836 quip-
1115 2762 1163 2818 21.
1186 2764 1355 2820 Assimilatio
1367 2771 1395 2819 et
1407 2763 1505 2818 dilatat
1517 2776 1545 2818 et
1560 2765 1719 2835 condensat,
1734 2775 1812 2842 prout
1827 2778 1862 2824 est

243 2843 319 2914 piam
332 2845 446 2910 evolare,
461 2851 518 2899 tum
531 2842 651 2900 scfioues
664 2845 732 2900 fiunt
748 2842 923 2916 complicata,
938 2846 1036 2918 partim
1076 2843 1230 2902 assimilans
1244 2843 1395 2904 assimilato
1407 2846 1497 2903 renus
1511 2854 1560 2901 sut
1572 2845 1694 2904 dendus.

243 2923 442 2989 antreenns,
456 2924 555 2995 partim
569 2924 774 2981 contrahentes:
795 2925 863 2981 adeo
880 2935 910 2981 ut
929 2933 1036 2982 contra·
1115 2926 1162 2982 22.
1185 2927 1244 2988 Quo
1257 2945 1371 3000 corpora
1389 2937 1452 2983 sunt
1469 2930 1579 2992 rariora,
1595 2946 1630 2984 eo
1648 2930 1782 2998 majorem
1794 2931 1861 2985 soni

243 3004 292 3059 risa
304 3003 360 3060 illa
377 3005 498 3059 actiones
511 3004 590 3076 iguis,
605 3022 666 3077 quse
677 3006 761 3077 vulgo
772 3014 905 3072 notantur,
1075 3015 1141 3061 nent
1153 3016 1180 3061 et
1194 3007 1379 3063 dilatationem
1397 3017 1425 3062 et
1441 3009 1653 3065 contractionem
1668 3027 1719 3081 per
1733 3021 1860 3065 externam

334 3083 337 3090 ’
1075 3085 1232 3141 violentiam
1246 3087 1281 3140 sd
1293 3098 1380 3141 certos
1392 3088 1532 3143 terminos.

1116 3166 1164 3221 23.
1187 3165 1217 3221 Si
1231 3175 1341 3221 tensura
1353 3175 1400 3221 sut
1412 3182 1539 3237 pressura
1551 3165 1581 3220 iu
1591 3184 1707 3238 corpore
1718 3185 1779 3223 raro
1788 3178 1861 3222 uase

1076 3245 1213 3317 grediatur
1227 3247 1355 3300 terminos
1367 3246 1544 3310 sustinentiae,
1559 3253 1616 3300 tum
1634 3264 1751 3318 corpora
1769 3249 1862 3303 rariora

244 3314 275 3371 iu
287 3317 340 3372 boc
352 3317 505 3385 fundentur,
520 3319 592 3391 quod
610 3318 641 3374 in
657 3319 744 3375 altera
764 3320 876 3393 spiritus
897 3323 1036 3388 emittitur,
1076 3326 1214 3395 potentius
1227 3342 1257 3380 se
1267 3325 1406 3380 vindicant
1421 3325 1451 3379 in
1463 3324 1625 3392 libertatem,
1639 3344 1725 3398 quam
1739 3327 1861 3390 densius,

243 3394 274 3450 iu
287 3395 371 3452 altera
386 3398 528 3454 detinetur.
1077 3404 1140 3476 quia
1154 3413 1217 3459 suut
1228 3406 1317 3476 magis
1331 3405 1427 3459 activa.

284 3475 467 3532 condensatio
474 3495 535 3549 quae
543 3477 733 3549 fitperignem,
742 3477 808 3534 licet
815 3497 869 3535 non
878 3480 913 3535 sit
920 3481 1037 3552 pseudo·
1116 3484 1162 3538 24.
1183 3483 1377 3538 Potentissima
1390 3484 1510 3538 omnium
1529 3485 1663 3555 expansio
1683 3494 1726 3541 est
1741 3485 1863 3558 expansio

244 3553 376 3623 densatio,
398 3559 453 3625 (est
474 3559 548 3612 enim
566 3557 772 3626 substantialia)
797 3566 889 3614 tamen
910 3569 953 3616 est
972 3577 1037 3616 con·
1076 3562 1147 3618 aeris
1161 3570 1189 3617 et
1199 3563 1314 3618 flammae
1327 3564 1502 3633 conjunctim

244 3634 365 3691 densatio
387 3637 476 3707 potius
500 3636 647 3691 secundum
668 3645 768 3708 partes,
787 3655 870 3709 quam
891 3640 1037 3696 secundum
1116 3643 1164 3697 25.
1189 3643 1357 3713 lmpcrlectas
1369 3652 1433 3697 sunt
1445 3641 1618 3698 dilatationes
1628 3649 1657 3698 ct
1665 3646 1863 3709 contractiones,

244 3721 340 3770 totum.
382 3717 456 3771 Nam
471 3716 667 3770 contrahuntur
681 3725 753 3771 certe
771 3725 863 3787 partes
876 3721 1036 3785 crmsiores;
1076 3722 1124 3777 nbi
1138 3720 1226 3776 facilis
1241 3731 1267 3776 et
1281 3721 1408 3793 proclivis
1422 3730 1465 3777 est
1478 3722 1622 3777 restitutio.

244 3793 283 3848 ita
298 3802 389 3850 tamen
402 3805 431 3849 ut
441 3810 539 3865 corpus
552 3795 690 3866 integrum
702 3795 830 3852 reddatur
841 3798 929 3871 magis
942 3816 1038 3854 cauam
1116 3801 1163 3855 26.
1184 3800 1305 3856 Densum
1315 3809 1341 3855 et
1352 3819 1443 3857 rarum
1451 3817 1582 3873 magnum
1594 3801 1699 3858 habeut
1713 3820 1862 3860 amoenam

246 3880 273 3928 et
286 3889 422 3945 porosum,
437 3884 465 3929 et
478 3874 568 3928 minos
581 3874 772 3945 ponderosum.
1077 3898 1137 3935 cum
1151 3881 1227 3952 gravi
1241 3888 1269 3934 et
1282 3880 1345 3935 levi.

1116 3955 1163 4026 27.
1184 3959 1269 4014 Parce
1286 3959 1474 4031 suppeditatur
1490 3958 1596 4015 homini
1619 3960 1738 4017 facultas
1754 3962 1788 4018 sd
1805 3977 1861 4016 con·

1076 4039 1268 4104 densatiouem,
1282 4040 1317 4093 ob
1330 4040 1464 4094 deiectum
1477 4041 1598 4111 potentis
1614 4039 1716 4112 frigidi.

288 4108 313 4165 l.
340 4111 452 4166 Souara
473 4111 596 4166 materia
616 4112 645 4166 iu
667 4113 793 4169 universo
813 4115 908 4169 eadem
928 4121 1037 4180 manet;
1117 4117 1164 4173 28.
1186 4119 1314 4173 AEtasest
1326 4119 1412 4173 instar
1427 4119 1499 4189 ignis
1512 4119 1667 4186 lambentis,
1681 4128 1711 4175 et
1730 4119 1860 4192 exequias

244 4205 333 4259 neque
347 4191 378 4245 fit
391 4192 545 4256 transactio,
560 4199 607 4246 aut
621 4208 639 4244 s
651 4192 746 4258 nihilo,
761 4194 855 4248 autad
869 4193 998 4248 nihilum.
1077 4214 1160 4267 opera
1173 4197 1279 4262 caloris,
1293 4197 1341 4252 sed
1355 4198 1516 4253 accuratius

285 4268 313 4322 2.
333 4268 378 4324 Ex
391 4286 497 4324 summa
509 4271 538 4323 in
552 4270 688 4341 aliquibus
701 4272 859 4343 corporibus
873 4281 914 4327 est
925 4273 996 4343 plus,
1009 4271 1039 4326 in
1117 4274 1163 4330 29.
1185 4277 1261 4331 AEtas
1274 4277 1384 4332 deducit
1401 4293 1514 4349 corpora
1527 4278 1573 4332 vel
1591 4276 1628 4332 ad
1644 4278 1859 4349 putrefactionem

245 4345 382 4417 aliquibus
396 4348 494 4413 mium,
508 4350 559 4404 sub
572 4349 668 4405 eodem
682 4352 780 4421 spatio.
1078 4355 1122 4411 rel
1135 4356 1170 4410 ad
1183 4356 1385 4411 uenationem.

284 4425 312 4479 3.
333 4426 421 4497 Copia
433 4434 462 4480 et
474 4430 597 4499 paucitas
610 4430 732 4485 materias
740 4431 906 4486 constituunt
913 4431 1039 4487 notiones

245 4504 322 4558 densi
337 4511 365 4558 et
379 4505 441 4570 rari,
455 4514 529 4561 recte
543 4516 676 4578 acceptas.
1279 4497 1418 4536 mum
1438 4496 1499 4535 ⁰⁰¹¹
1519 4495 1667 4537 mmm·

285 4584 313 4638 4.
335 4583 387 4638 Est
399 4586 537 4651 terminus,
552 4587 609 4640 sire
622 4603 677 4640 non
691 4588 769 4655 ultra,
783 4587 860 4643 densi
874 4595 902 4641 et
915 4589 977 4654 rari,
993 4589 1040 4644 sed
1121 4590 1144 4643 l.
1170 4586 1318 4642 VERSIO
1331 4591 1403 4644 o'e‘ris
1417 4590 1446 4642 ιἰι
1460 4607 1565 4660 aquom.

244 4678 299 4716 uon
311 4663 340 4717 iu
353 4671 416 4718 ente
432 4664 525 4735 aliquo
539 4665 619 4721 nobis
631 4675 705 4722 noto.
1117 4669 1219 4723 Fontes
1232 4669 1262 4723 in
1275 4670 1348 4723 casis
1365 4669 1507 4724 montium.
1549 4667 1677 4723 Exsnda·

285 4742 311 4796 5.
332 4743 397 4797 Nou
414 4750 457 4797 est
475 4760 589 4799 vacuum
607 4745 637 4800 in
654 4755 760 4814 natura,
778 4763 829 4802 uec
846 4755 1041 4818 congregatum
1079 4746 1118 4801 tio
1132 4747 1261 4818 lapidum.
1304 4748 1418 4804 Horatio
1428 4746 1571 4802 anhelitus
1612 4746 1677 4802 Vel·

244 4837 294 4875 uec
308 4821 497 4878 intermistum.
618 4861 628 4880 .
1078 4825 1120 4881 lus
1134 4843 1216 4897 super
1228 4827 1316 4881 latera
1328 4829 1445 4890 navium,
1460 4844 1505 4898 qu.
1545 4825 1673 4883 Meteots
1690 4846 1785 4902 aquea,
1797 4835 1841 4885 etc.

285 4901 313 4956 6.
334 4902 409 4956 luter
422 4903 550 4958 terminos
564 4903 643 4957 densi
657 4911 685 4958 et
697 4905 752 4960 rsri
765 4911 808 4960 est
821 4905 894 4976 plica
907 4905 1040 4975 materias,
1118 4905 1144 4959 2.
1166 4907 1346 4977 Augsnsrstsm
1355 4907 1485 4978 ponderes
1499 4909 1528 4960 s'a
1541 4907 1666 4962 uetadb.

244 4995 295 5051 per
309 4999 391 5053 quarn
404 4998 434 5035 se
448 4982 595 5052 complicat
609 4990 637 5035 et
649 4983 764 5054 replicat
777 4984 879 5055 absque
893 5000 986 5039 vacuo.
1119 4984 1216 5039 Verrio
1230 4986 1294 5040 ferri
1308 4987 1337 5040 iu
1355 5002 1476 5056 cuprum,
1490 5002 1535 5055 qu
1577 4985 1670 5040 Incre-

285 5058 311 5121 7.
332 5057 500 5115 Differentiae
513 5062 589 5115 densi
603 5069 631 5115 et
649 5063 703 5117 rari
716 5065 745 5118 in
767 5062 945 5136 tangibilibus
962 5064 1041 5118 nobis
1079 5071 1199 5118 mentum
1215 5063 1319 5135 plumbi
1339 5065 1369 5119 iu
1387 5063 1471 5129 cellis,
1490 5081 1535 5135 qu.
1576 5062 1675 5121 Versio

244 5139 318 5193 notis
331 5156 427 5209 pamm
441 5140 576 5195 excedunt
593 5141 711 5197 rationes
724 5143 763 5196 32
777 5144 904 5213 partium.
1079 5143 1185 5213 argenti
1199 5144 1254 5197 rivi
1265 5144 1294 5198 in
1309 5161 1413 5208 aurum,
1427 5161 1471 5215 qn.

284 5218 312 5270 8.
333 5217 495 5273 Differentia
518 5236 536 5272 a
555 5219 695 5275 rarissimo
714 5221 840 5290 tangibili
859 5221 896 5275 ad
914 5221 1041 5275 densissi—
1118 5222 1146 5276 3.
1166 5221 1311 5276 Insanotio
1324 5233 1404 5277 terrea
1417 5232 1443 5275 et
1453 5224 1625 5276 notariorum
1634 5241 1668 5278 ss
1679 5223 1857 5297 vegetabilibus

244 5311 320 5350 mum
345 5297 547 5367 pneumaticum
569 5296 654 5352 habet
675 5301 808 5355 rationem
832 5299 989 5371 centuplam
1014 5309 1042 5354 et
1079 5310 1127 5353 out
1140 5302 1313 5356 animalibus.

245 5372 370 5441 amplius.
1119 5380 1198 5450 Aqua
1220 5381 1359 5435 insaxans.
1399 5380 1485 5451 Lapis
1507 5382 1674 5453 compositus

285 5450 311 5505 9.
332 5453 456 5508 Flamma
470 5464 511 5509 est
525 5453 589 5509 a'e‘re
603 5455 696 5521 rarior,
708 5464 739 5511 ut
752 5464 780 5512 et
792 5457 881 5512 oleum
895 5475 976 5530 aqna.
1079 5475 1115 5513 ex
1134 5457 1271 5529 lapidibus
1282 5461 1373 5531 parvis
1386 5459 1548 5517 incrustatia
1591 5459 1675 5516 Stilli-

331 3141 347 3165 “
354 3137 437 3186 Limus
443 3144 470 3186 ut
478 3137 517 3186 hic
526 3137 635 3199 dumscit,
643 3145 668 3188 st
677 3138 728 3189 bno
736 3145 764 3188 ut
772 3139 949 3201 conliquescit,

329 3194 386 3244 Uno
395 3196 522 3258 eodemque
532 3197 608 3259 igui‚”

503 4011 633 4053 cauom
654 4014 784 4055 noctuas.

1733 4716 1796 4759 ΡΜ.

1730 5033 1791 5076 Ριοι

1760 5547 1769 5686 ι’

1754 5719 1763 5840 l
