3800 5875
303 826 744 911 FRAGMENTUM
775 825 942 908 LIBRI
971 821 1427 919 VERULAMIANI,

785 1117 828 1149 elil
845 1116 957 1150 strutus

583 1350 923 1415 ABECEDARIUM
949 1350 1158 1416 NATURAE.

88 1664 160 1721 Cura
174 1663 325 1719 tammulta
338 1664 520 1735 producantur
534 1665 777 1736 sterrsetaqnis,
791 1671 847 1718 tam
883 1665 1042 1735 potentialia
1054 1666 1090 1721 ad
1104 1683 1152 1721 ena
1164 1666 1192 1721 in
1207 1672 1319 1737 quanto.
1361 1666 1404 1720 De
1413 1665 1448 1720 iis
1462 1665 1607 1737 inquisitio
1621 1683 1684 1736 sep·

50 1744 135 1799 multa
152 1752 344 1817 pertranseant
354 1748 446 1800 a'e'rem
461 1752 489 1800 et
502 1746 538 1799 ab
551 1761 585 1801 eo
599 1745 776 1815 excipiantur,
791 1751 846 1797 tam
884 1747 1037 1815 tuagesima
1051 1746 1147 1818 quinta
1164 1754 1232 1813 esto,
1247 1763 1308 1818 quae
1322 1744 1492 1817 quadruplex
1507 1746 1623 1799 Gamma
1637 1764 1685 1800 nu·

50 1824 135 1879 multa
154 1832 292 1879 mutentur
305 1831 334 1879 et
346 1824 487 1879 solvantur
500 1825 536 1879 ab
548 1825 621 1897 igne,
634 1825 727 1879 minus
740 1823 847 1894 perspi·
885 1833 1013 1880 meretur.

50 1921 106 1958 cure
120 1904 214 1959 forent
231 1903 422 1975 inquisitiones
435 1912 549 1970 caeteras,
567 1904 620 1960 nisi
636 1911 732 1958 natura
745 1920 847 1958 massa·
926 1904 1103 1960 Conditiones
1123 1904 1234 1959 entium.
1276 1903 1452 1974 Quadruplex
1470 1904 1604 1969 Gamms;
1625 1904 1684 1959 sive

50 2000 108 2039 rum
120 1984 249 2048 istarum,
264 2000 326 2054 qua
346 1984 425 2039 toties
441 1992 591 2049 occurrent,
611 1984 680 2037 bene
695 1984 806 2055 cognita
820 1991 849 2037 et
887 1982 921 2038 de
935 1982 1022 2038 multo
1036 1992 1064 2039 et
1077 2000 1175 2055 pauco.

51 2063 200 2134 explicata.
243 2063 297 2117 His
311 2063 484 2136 adjungimus
502 2064 694 2134 inquisitiones
707 2063 741 2117 dc
754 2062 848 2117 coeles·
926 2062 1059 2119 Durabile
1073 2071 1100 2119 et
1120 2063 1316 2129 transitorium,
1338 2074 1468 2118 oetemum
1490 2070 1518 2118 et
1538 2071 1686 2117 momenta·

52 2143 123 2197 tibus
137 2149 169 2197 et
181 2142 456 2207 meteoricis,cumet
470 2143 539 2215 ipsae
550 2143 604 2198 sint
612 2159 710 2198 massae
719 2143 846 2212 majores,
887 2158 978 2209 neum,
992 2142 1326 2214 suntpotentialisadens
1340 2143 1368 2197 in
1382 2143 1531 2198 duratione.
1572 2142 1615 2197 De
1629 2143 1685 2197 illis

51 2230 125 2277 etex
138 2221 294 2277 catholicis.
338 2221 407 2276 Vide
422 2224 522 2296 Aeger.
536 2221 642 2279 Sciant.
656 2220 720 2278 Lib.
736 2222 774 2277 ll.
789 2221 848 2277 cd.
887 2223 1090 2294 septuagesima
1110 2230 1189 2278 sexta
1203 2222 1346 2295 inquisitio
1359 2230 1425 2287 esto,
1441 2240 1501 2294 qnae
1516 2222 1686 2293 quadruplex

51 2310 74 2354 et
89 2301 168 2355 Glcb.
183 2301 320 2355 Intelleet.
887 2301 970 2356 Delta
982 2311 1150 2358 numeratur.

88 2381 195 2437 Massa
213 2381 349 2450 majores:
369 2380 512 2452 inquisitio
531 2381 704 2452 sexagesima
723 2380 847 2451 septima.
930 2381 1231 2437 Conditionescntium.
1272 2380 1449 2452 Quadruplex
1462 2380 1544 2436 Delta
1551 2404 1558 2448 ;
1580 2380 1638 2436 sive
1651 2383 1685 2436 de

51 2459 166 2531 Triplex
180 2461 249 2525 Tau,
263 2460 321 2514 sire
334 2459 368 2515 de
380 2467 461 2516 terra.
888 2459 1005 2515 durabili
1019 2469 1048 2516 et
1058 2461 1223 2516 transitorio.

87 2540 194 2595 Massa
216 2539 356 2608 majores:
383 2539 525 2611 inquisitio
549 2540 723 2613 sexagesima
743 2546 847 2594 oetam.
929 2541 1062 2595 Naturale
1077 2547 1104 2596 et
1120 2547 1300 2595 monstrosum
1322 2548 1385 2595 sunt
1404 2540 1614 2610 potentialiasd
1628 2558 1685 2606 ens,

51 2617 168 2690 Triplex
181 2618 310 2691 Upsilon,
324 2618 383 2674 sire
396 2619 430 2674 de
445 2637 525 2691 aqua.
889 2637 939 2691 per
953 2637 1061 2675 cursum
1075 2626 1186 2684 naturae,
1201 2628 1229 2674 et
1241 2637 1291 2691 per
1304 2619 1470 2674 deviationes
1484 2620 1552 2688 ejus.
1593 2620 1636 2674 De
1650 2622 1686 2675 iis

87 2698 194 2754 Massa
222 2698 363 2767 majores:
397 2699 540 2770 inquisitio
566 2700 740 2771 sexagesima
766 2714 848 2753 nona
889 2700 1031 2771 inquisitio
1046 2700 1250 2771 septuagesima
1270 2699 1389 2770 septima
1407 2706 1475 2764 esto,
1491 2716 1552 2770 quae
1570 2701 1686 2771 quadru-

51 2777 167 2848 Triplex
180 2778 244 2840 Phi,
258 2778 316 2832 sive
328 2778 362 2833 de
376 2777 448 2834 aere.
889 2779 955 2850 plex
968 2778 1083 2849 Epsilon
1096 2786 1262 2834 numeratur.

87 2858 195 2913 Massia
217 2858 353 2927 majores:
382 2858 523 2930 inquisitio
542 2858 751 2931 septuagesima.
792 2853 851 2913 Tri·
929 2858 1108 2914 Conditiones
1128 2859 1239 2914 entium.
1281 2856 1457 2928 Quadruplex
1475 2856 1606 2929 Epsilon;
1628 2859 1686 2913 sive

51 2938 114 3009 plex
127 2938 197 3004 Chi,
212 2939 271 2992 sive
281 2939 315 2993 de
326 2939 400 3009 igne.
889 2939 923 2995 de
936 2939 1055 2994 naturali
1069 2947 1097 2995 et
1110 2947 1269 2994 monstroso.

88 3018 195 3074 Massia
214 3018 349 3087 majores:
370 3018 512 3089 inquisitio
529 3017 731 3091 septuagesima
752 3017 849 3088 prima.
929 3019 1063 3074 Naturale
1073 3027 1101 3074 et
1111 3018 1252 3074 artificiale
1265 3024 1329 3074 sunt
1342 3016 1501 3088 potentialia
1511 3017 1545 3071 ad
1560 3035 1616 3084 ena,
1627 3019 1685 3074 sine

52 3096 167 3167 Triplex
180 3097 237 3162 Psi,
248 3099 306 3152 siae
320 3097 353 3152 de
367 3098 530 3152 coelestibns.
890 3098 1010 3165 homine,
1025 3107 1052 3154 et
1066 3116 1116 3170 per
1129 3097 1279 3154 hominem.
1318 3097 1361 3151 De
1375 3098 1409 3152 iis
1426 3097 1567 3168 inquisitio
1581 3106 1687 3169 septua-

89 3176 195 3232 Massoe
205 3179 342 3245 msj0res:
359 3177 501 3248 inquisitio
509 3177 713 3250 septuagesima
722 3175 849 3233 oecunda
889 3179 997 3250 gesima
1015 3186 1112 3233 octava
1125 3179 1272 3244 conficitur,
1287 3195 1348 3249 quaa
1368 3176 1538 3249 quadruplex
1558 3177 1626 3232 Zeta
1639 3197 1687 3233 nn·

53 3254 168 3327 Triplex
181 3257 295 3328 Omega,
310 3256 367 3311 sire
376 3256 409 3311 de
420 3257 583 3313 meteoricis.
889 3266 1017 3314 meretur.

930 3337 1110 3394 conditiones
1129 3338 1240 3394 entium
1280 3336 1458 3409 Quadruplex
1475 3336 1558 3404 Zeta3
1580 3336 1638 3392 sive
1652 3338 1686 3392 de

889 3418 1006 3474 namrali
1019 3427 1047 3473 et
1061 3418 1206 3473 artificiali.

89 3487 246 3561 Supersunt
259 3491 499 3563 adinquirendum
512 3493 541 3547 in
556 3492 724 3549 abecedario
738 3493 851 3549 conditi-
929 3498 1068 3569 Exempla
1084 3499 1115 3553 in
1131 3497 1313 3569 explicatione
1332 3495 1435 3551 ordinis
1449 3494 1610 3550 abecedarii
1632 3512 1687 3551 non

53 3569 245 3638 merentium,
268 3588 329 3642 qua
341 3571 466 3628 ridentur
485 3589 545 3628 esse
568 3581 697 3645 tanquam
714 3581 851 3629 manucen-
891 3576 1072 3647 adjunximus,
1086 3578 1152 3650 quia
1172 3578 1239 3649 ipsa
1252 3576 1445 3649 inquisitiones
1463 3575 1603 3630 continent
1616 3583 1687 3631 totas

53 3647 150 3714 dentis,
162 3657 193 3703 et
205 3666 304 3720 parum
317 3650 453 3723 stringam
466 3652 500 3707 de
509 3669 621 3723 corpore
635 3661 745 3720 natura,
755 3662 849 3709 tamen
889 3658 963 3712 acies
977 3658 1172 3729 exemplorum.

53 3744 91 3792 eo,
109 3745 168 3801 quo
180 3729 291 3796 utimur,
304 3731 457 3801 inquirendi
476 3731 564 3798 modo,
578 3733 653 3788 haud
667 3750 764 3803 parum
782 3734 850 3789 affe·
929 3737 1022 3801 Tituli,
1037 3738 1185 3792 secundum
1200 3753 1268 3809 quos
1282 3735 1347 3791 ordo
1361 3734 1522 3790 abecedarii
1537 3741 1579 3789 est
1594 3733 1687 3804 dispo-

53 3815 109 3862 reat
132 3807 327 3865 illustrationis
347 3811 382 3864 ad
401 3811 516 3883 reliqua
557 3811 651 3868 Primo
673 3813 763 3883 igitur,
788 3831 851 3870 cum
890 3817 967 3881 situs,
981 3817 1057 3871 nullo
1076 3817 1158 3872 modo
1171 3834 1233 3871 eam
1247 3817 1435 3870 auctoritatem
1449 3814 1578 3878 habento,
1592 3821 1622 3868 ut
1638 3831 1688 3884 pro

53 3888 153 3957 optim
176 3888 349 3945 obsemmm
366 3890 658 3957 fueritaDcmocrito,
672 3900 796 3948 naturam
811 3911 851 3949 re-
890 3897 962 3952 veris
977 3904 1005 3951 et
1020 3898 1082 3951 fixis
1104 3914 1194 3951 rerum
1212 3895 1390 3951 divisionibus
1410 3894 1583 3965 recipiantur.
1626 3894 1687 3949 Hoc

53 3981 109 4022 rum
131 3984 196 4023 esse
216 3970 297 4040 copia
315 3971 437 4026 materia
457 3979 485 4026 et
503 3972 703 4027 individuorum
720 3974 850 4028 varietate
890 3978 1048 4032 enimesset
1062 3976 1180 4049 profiteri
1191 3977 1260 4030 scire
1275 3991 1397 4045 nosquae
1411 3974 1583 4046 inquirimus.
1613 3975 1688 4029 Nam

55 4046 182 4116 amplam,
202 4055 286 4120 atque
300 4049 343 4121 (nt
364 4050 412 4105 ille
425 4050 495 4120 vult)
514 4051 667 4116 infinitsm3
688 4053 851 4108 coitionibus
890 4074 973 4110 nemo
986 4073 1030 4111 res
1043 4073 1107 4111 vere
1125 4055 1258 4126 dispertit,
1274 4054 1321 4126 qui
1343 4071 1398 4108 non
1420 4063 1545 4109 naturam
1567 4054 1687 4124 ipsarum

54 4135 153 4182 vernet
169 4128 314 4198 speciebus
326 4129 849 4204 intantumfinitsmmtctismangusta,
889 4137 999 4207 penitus
1020 4136 1155 4208 cognorit
1198 4134 1270 4189 Satis
1291 4134 1333 4198 sit,
1349 4133 1372 4189 si
1392 4135 1427 4189 ad
1449 4135 1573 4188 ordinem
1595 4134 1687 4205 inqui·

55 4211 81 4259 et
97 4212 232 4279 tanquam
255 4209 430 4279 paupercula,
451 4210 537 4266 videri
558 4210 662 4282 possit:
685 4212 850 4283 quandoqui·
890 4216 967 4271 rendi
983 4216 1024 4288 (id
1038 4215 1111 4288 quod
1124 4232 1195 4270 nunc
1208 4214 1311 4287 agitur)
1325 4213 1466 4269 commode
1481 4213 1648 4269 sehabeant.

55 4282 113 4339 dem
134 4297 194 4340 tam
215 4303 310 4357 panem
329 4288 503 4345 inveniantur
526 4292 639 4361 species,
653 4309 715 4361 quae
736 4292 790 4346 sint
802 4303 851 4347 aut

55 4379 111 4419 csse
120 4367 237 4437 possint,
247 4375 278 4422 ut
286 4369 434 4424 exercitum
446 4369 628 4426 millenarium
635 4371 681 4427 rix
692 4371 849 4429 conficiente

56 4459 168 4518 cumque
181 4447 314 4518 negativa
328 4449 496 4506 affirmativis
514 4450 656 4519 subjuncta
669 4450 704 4504 ad
718 4451 848 4506 informa·
929 4448 1128 4506 abecedarium
1152 4448 1205 4504 hoo
1233 4448 1313 4503 modo
1333 4448 1490 4502 conficimus
1510 4455 1537 4503 et
1559 4448 1688 4519 regimus.

56 4523 154 4580 donem
174 4526 331 4581 intellectus
348 4528 494 4599 plurimum
514 4529 638 4595 valeant3
660 4530 852 4586 constituenda
890 4530 1016 4585 Historia
1029 4537 1057 4585 et
1071 4529 1258 4600 experimenta
1280 4527 1392 4582 omnino
1412 4529 1514 4599 primas
1535 4537 1627 4598 partes
1647 4537 1687 4583 te·

56 4611 94 4657 est
113 4605 258 4676 inquisitio
274 4607 308 4660 de
322 4617 392 4673 ente,
410 4617 438 4662 et
453 4626 508 4664 non
529 4618 599 4663 ente.
642 4609 684 4664 Ea
704 4611 797 4666 ordine
812 4620 853 4666 est
891 4618 966 4665 nent.
1006 4610 1056 4675 Ea,
1068 4611 1091 4664 si
1106 4609 1339 4664 enumerationem
1350 4615 1378 4662 et
1390 4608 1489 4663 seriem
1504 4625 1595 4663 rerum
1606 4608 1689 4680 parti-

56 4685 258 4757 septuagesima
281 4688 367 4753 tertia,
390 4695 418 4743 et
439 4688 608 4760 quadruplex
630 4687 724 4760 Alpha
747 4708 854 4746 numer·
891 4689 1025 4744 cularium
1046 4689 1204 4754 exhibeant,
1219 4688 1249 4743 in
1268 4687 1374 4743 tabulas
1394 4689 1588 4755 coniiciuntur;
1609 4688 1690 4743 aliter

57 4771 124 4817 atur·
643 4795 650 4804 -
891 4770 1009 4840 sparsim
1021 4769 1202 4840 excipiuntur.

93 4840 274 4899 Conditicues
287 4843 398 4902 entium.
439 4846 615 4918 Quadruplex
625 4846 731 4919 Alpha3
753 4849 852 4905 sirede
931 4848 1002 4905 Cum
1016 4865 1082 4904 vero
1102 4848 1218 4904 historia
1231 4854 1260 4903 et
1273 4846 1461 4919 experimenta
1474 4846 1625 4918 saepissime
1638 4863 1689 4900 nos

56 4927 116 4976 cute
130 4930 159 4977 et
172 4940 228 4978 uon
242 4932 315 4979 ente.
891 4929 1025 4995 deserant,
1039 4927 1190 4999 prasertim
1201 4927 1316 4982 lucifera
1325 4927 1382 4994 illo,
1397 4934 1426 4983 et
1439 4927 1577 4982 instantia
1593 4926 1688 4991 crucis,

94 4999 231 5058 Possibile
238 5012 267 5058 et
278 5004 448 5075 impossibile
461 5007 501 5061 nil
515 5006 589 5062 aliud
604 5015 652 5071 est,
663 5025 745 5078 quam
759 5018 853 5079 poten·
891 5025 941 5080 per
951 5025 1021 5079 quas
1034 5009 1068 5063 de
1084 5009 1156 5062 veris
1171 5026 1261 5062 rerum
1283 5007 1372 5062 causis
1392 5005 1543 5061 intellectui
1563 5014 1689 5060 constare

56 5077 170 5136 tialead
185 5099 243 5149 eas,
258 5091 306 5139 aut
319 5101 374 5139 non
396 5085 542 5157 potentiale
556 5088 591 5140 ad
605 5104 661 5142 ens.
704 5088 746 5142 De
761 5106 795 5143 eo
810 5089 853 5143 in·
892 5089 1000 5158 possit;
1031 5087 1160 5142 mandata
1191 5088 1287 5142 damus
1313 5087 1347 5141 de
1375 5084 1568 5157 experimentis
1601 5085 1688 5141 novis.

57 5159 168 5228 quisitio
192 5165 396 5235 septuagesima
416 5173 512 5237 quarta
527 5167 681 5233 conficitor;
703 5185 764 5239 quta
786 5185 853 5239 qua·
894 5167 963 5221 Haec
977 5169 1034 5222 sint
1052 5174 1181 5238 tanquam
1200 5165 1318 5222 historia
1337 5165 1489 5236 designata.
1530 5163 1601 5225 Quid
1616 5164 1690 5220 enim

57 5237 174 5310 draptes
187 5241 257 5296 Bets
269 5253 435 5300 numeratur.
895 5246 970 5301 aliud
982 5247 1061 5301 nobis
1074 5247 1164 5317 primo
1177 5247 1250 5301 mam
1264 5245 1478 5317 ingredientibus
1493 5243 1676 5313 relinquitur?

95 5318 276 5376 conditiones
295 5324 407 5379 entium.
448 5324 625 5398 Quadruplex
644 5323 725 5393 Beta;
747 5328 805 5383 siae
820 5328 853 5383 de
931 5325 1048 5381 Modum
1069 5326 1250 5396 experimenti
1279 5324 1428 5380 subtilioris
1450 5322 1627 5395 explicamus,
1654 5341 1690 5378 nc

57 5398 181 5466 possibili
194 5408 222 5454 et
234 5401 406 5472 impossibili,
893 5422 968 5460 error
982 5406 1076 5470 subsit,
1091 5415 1172 5476 atque
1188 5415 1217 5462 ut
1230 5406 1298 5461 alios
1312 5403 1347 5457 ad
1361 5403 1488 5458 meliores
1501 5402 1596 5458 modos
1610 5421 1690 5459 exco-

95 5477 189 5533 Btiam
209 5481 333 5548 multum,
354 5499 479 5554 paucum,
493 5501 591 5553 rarum,
608 5493 777 5556 consuetum,
793 5495 855 5542 urnt
893 5486 1019 5558 gitandns
1033 5487 1192 5541 excitemus.

286 3396 477 3438 scrutatorem
498 3398 620 3438 matun.

1137 4354 1242 4395 NORHA
1257 4353 1437 4393 aascsuatttt.
