3800 5875
612 285 794 342 HISTORIA
815 286 913 342 lilTAE
933 285 983 342 ΕΤ
1002 285 1155 342 Morum.
1633 284 1690 349 575

62 440 111 494 aed
123 440 213 495 medii
227 442 320 506 colles,
331 450 377 497 aut
391 442 475 498 etiam
488 442 574 498 valles
587 444 653 499 dant
666 444 791 500 homiues
803 445 864 499 lon·
900 444 999 499 ationis
1018 443 1180 510 matutinaar
1202 448 1299 499 statum
1320 442 1441 512 corporis
1458 459 1514 496 non
1535 444 1616 498 nimis
1634 444 1691 500 ala·

62 520 216 589 gaviorem
250 529 278 576 at
301 523 331 576 in
353 523 487 577 montium
508 524 584 594 jugis
610 524 745 594 protensis
771 542 863 580 reram
900 541 974 579 crem
995 530 1044 579 aut
1064 524 1212 594 turgidum,
1234 530 1262 577 et
1282 521 1391 577 similia.
1434 520 1505 576 Illud
1525 522 1609 576 etiam
1620 523 1690 579 bene

61 598 238 671 Ethiopian
252 609 281 656 et
294 601 451 671 Abyssinos,
461 603 517 667 ubi,
530 611 641 673 propter
652 620 747 657 arenas
760 604 863 671 subjec-
900 603 1037 658 observari
1055 604 1143 667 debet,
1167 602 1239 674 quod
1262 601 1372 655 habitus
1396 608 1537 672 parentum
1558 601 1693 657 robustior

62 685 113 742 tas,
135 695 238 749 parum
262 688 309 735 aut
327 681 399 736 nibil
418 682 553 736 incumbit
570 683 599 736 in
618 690 724 736 montes
746 685 862 753 vaporis,
899 682 967 751 ipsis
981 683 1069 753 magis
1083 690 1125 737 est
1137 681 1279 753 propitius,
1293 697 1375 752 quam
1395 680 1485 745 scabri,
1506 681 1641 750 precipue
1661 682 1692 736 in

62 757 220 813 diutissime
230 759 339 825 vivunt3
359 760 442 815 etiam
455 761 491 815 ad
504 760 664 816 hodiernum
678 762 750 816 diem
760 778 861 816 annum
900 771 1008 816 matre:
1042 763 1133 833 itaque
1160 762 1227 815 satis
1256 760 1383 829 imperite
1410 759 1490 813 Plato
1516 759 1690 827 existimavit,

60 853 117 891 nou
131 854 197 891 raro
210 840 388 894 centesimum
402 848 430 894 et
443 839 696 911 quinquagesimum
711 840 861 911 implentes.
899 841 1050 896 claudicare
1078 843 1207 895 virtutem
1231 841 1445 910 generationum,
1469 838 1542 909 quod
1563 838 1691 895 mulieres

100 913 150 976 27.
174 917 303 982 Paludes,
318 926 345 972 et
358 928 457 974 tractus
477 935 578 984 earum,
593 921 742 989 presertim
762 937 861 991 expor·
899 920 1034 975 similibus
1047 937 1108 975 cum
1122 919 1188 973 viris
1201 918 1346 982 exercitiis,
1360 925 1417 972 tam
1436 918 1520 971 animi
1535 934 1616 989 quam
1629 936 1689 974 cor·
1793 970 1794 973 ,

60 997 129 1050 recti
139 996 271 1067 inplano,
281 998 379 1052 nativis
387 998 507 1069 propitii,
518 999 629 1053 advenis
639 999 761 1070 maligni,
772 1001 861 1071 quoad
899 1000 981 1068 poris,
994 1016 1049 1053 non
1062 1007 1185 1062 utantur;
1206 997 1274 1052 illud
1286 1006 1381 1052 contra
1397 1013 1427 1051 se
1440 996 1541 1051 habet:
1562 997 1691 1053 distantia

59 1076 125 1130 ritae
151 1077 372 1148 prorogationem
400 1086 447 1132 aut
472 1077 702 1142 decurtationem
737 1079 860 1150 quodque
898 1078 972 1133 enim
995 1078 1102 1132 virtutis
1128 1078 1200 1131 inter
1222 1093 1325 1130 marem
1350 1084 1377 1131 et
1404 1076 1543 1130 imminam
1570 1080 1689 1133 maxime

58 1156 164 1210 mirum
181 1156 269 1211 videri
287 1158 381 1227 possit,
399 1157 519 1228 paludes,
534 1174 607 1229 aqua
628 1157 700 1212 salsa
719 1158 860 1227 pervices
897 1156 972 1212 utilis
986 1167 1028 1212 est
1041 1157 1133 1220 ioetui;
1148 1165 1229 1227 atque
1238 1155 1356 1211 lmminae
1366 1155 1513 1210 teneriores
1522 1157 1611 1226 magis
1621 1175 1690 1227 prar-

58 1235 212 1299 inundate,
227 1236 317 1290 minus
331 1235 459 1300 salubres,
474 1254 556 1309 quam
570 1255 631 1309 quae
644 1253 715 1309 aqua
727 1237 807 1292 dulci.
897 1237 1002 1291 bitoriae
1016 1245 1080 1291 sunt
1097 1235 1272 1291 adalandum
1289 1234 1390 1300 iratum,
1406 1235 1478 1305 quod
1499 1235 1581 1290 etiam
1596 1237 1625 1289 in
1637 1253 1689 1292 nu·

99 1314 151 1368 28.
175 1315 315 1386 Regiones
334 1315 518 1386 particulares,
532 1335 593 1386 quae
606 1326 705 1370 notate
718 1325 781 1371 sunt
799 1317 858 1371 lon·
898 1316 1007 1371 tricibus
1021 1324 1102 1371 tenet.
1136 1316 1235 1387 Neque
1246 1315 1317 1370 enim
1332 1314 1473 1386 Spartanus
1482 1314 1616 1379 mulieres,
1627 1333 1689 1386 quse

57 1410 156 1462 gaevos
177 1394 346 1466 produxisse,
366 1404 429 1449 sunt
448 1396 573 1459 Arcadia,
592 1396 701 1460 AEtolia,
722 1396 801 1449 India
821 1398 860 1451 cis
897 1402 959 1448 ante
974 1412 1073 1451 annum
1084 1395 1242 1451 vicesinmm
1251 1394 1405 1457 secundum,
1416 1401 1465 1449 aut
1474 1395 1517 1466 (ut
1524 1394 1572 1448 alii
1582 1394 1687 1466 dicunt)

58 1472 199 1543 Gangem,
214 1473 340 1539 Brasilia,
360 1475 530 1545 Taprobane,
544 1475 692 1538 Britannia,
708 1475 858 1543 Hybemia,
898 1476 1029 1543 quintum,
1043 1475 1145 1530 nubere
1158 1492 1212 1529 non
1224 1473 1348 1529 solebant
1362 1471 1493 1548 (ideoque
1507 1473 1688 1529 Andromene

55 1569 125 1606 cum
140 1551 244 1606 Insulis
258 1552 409 1608 Orcadibus
422 1563 449 1608 et
460 1554 640 1617 Hebridibus3
655 1570 720 1609 narn
728 1555 762 1607 de
773 1555 859 1608 AEthi·
896 1551 1075 1630 vocabantur)
1089 1555 1288 1626 generosiorem
1302 1562 1348 1607 aut
1360 1552 1554 1625 longaviorem
1566 1553 1688 1609 sobolem

56 1632 126 1700 opia
140 1631 217 1701 quod
230 1631 266 1685 ab
281 1631 373 1703 aliquo
386 1650 422 1688 ex
440 1634 561 1704 antiquis
582 1634 704 1699 refertur,
719 1634 791 1704 quod
803 1635 859 1688 lon·
897 1632 1046 1700 ediderunt,
1074 1650 1156 1705 quam
1182 1634 1321 1697 Romanas,
1349 1641 1397 1687 aut
1425 1631 1613 1697 Athenienses,
1640 1641 1687 1688 aut

56 1711 133 1780 gravi
149 1711 261 1774 fuerint,
276 1727 321 1766 res
334 1728 404 1766 vana
416 1721 466 1768 est.
897 1711 1043 1778 Thebanae,
1065 1713 1137 1783 apud
1160 1730 1227 1784 quas
1251 1713 1315 1766 anni
1336 1711 1478 1767 duodecim
1499 1719 1546 1766 aut
1564 1721 1687 1782 quatuor·

99 1788 151 1844 39.
174 1790 287 1845 Occulta
308 1800 350 1845 est
367 1808 410 1845 res
427 1793 579 1855 salubritas,
593 1791 746 1862 praesertim
757 1792 859 1862 periec-
896 1790 985 1847 decim
998 1792 1105 1848 nubiles
1118 1800 1202 1847 erant
1243 1792 1332 1863 Atque
1345 1792 1369 1845 si
1383 1791 1412 1844 in
1427 1790 1568 1860 Spartanis
1582 1789 1686 1862 aliquid

56 1870 121 1934 tior,
135 1869 231 1931 adrisr
251 1878 279 1924 et
292 1872 383 1939 potius
397 1872 591 1941 experimento,
601 1888 682 1942 quam
696 1871 819 1926 discursu
832 1880 859 1925 et
896 1870 979 1926 fuerit
998 1873 1146 1943 egregium,
1161 1872 1190 1925 id
1211 1872 1301 1942 magis
1320 1871 1408 1924 victus
1421 1869 1594 1939 parsimoniae
1608 1870 1687 1924 debe·

56 1951 228 2018 conjectura,
243 1949 359 2005 elicitur.
399 1947 471 2020 Capi
491 1951 576 2021 possit
595 1951 810 2021 experimentum
823 1968 859 2006 ex
896 1951 983 2016 batur,
997 1968 1079 2022 quam
1092 1951 1196 2021 nuptiis
1209 1950 1354 2004 mulierum
1364 1948 1498 2003 serotinis.
1541 1948 1686 2005 llludrero

57 2029 163 2083 vellere
179 2028 257 2093 lanae,
271 2046 321 2099 per
334 2030 533 2100 expositionem
547 2030 576 2084 in
590 2033 680 2084 adrem
703 2046 765 2084 cum
783 2047 859 2084 mora
896 2031 1064 2099 experientia
1086 2031 1171 2094 docet,
1191 2046 1250 2085 esse
1271 2028 1401 2101 quasdam
1414 2027 1513 2097 stirpes
1527 2027 1560 2081 ad
1578 2035 1686 2098 tempus

57 2107 157 2178 aliqua
170 2108 284 2172 dierum,
295 2109 385 2164 minus
398 2117 479 2164 aucto
489 2109 624 2180 pondere:
644 2108 764 2164 aliudex
774 2109 859 2164 frusto
896 2109 1086 2181 longacanal
1106 2108 1266 2181 longavitas
1282 2109 1327 2172 sit,
1348 2106 1572 2179 quemadmodum
1590 2108 1685 2174 morbi,

58 2189 154 2242 earnis
173 2188 276 2243 diutius
290 2195 414 2243 manente
426 2205 480 2243 non
495 2188 659 2260 putrefact03
681 2188 755 2243 aliud
768 2207 804 2244 ex
815 2188 857 2243 vi·
896 2206 940 2244 res
953 2189 1131 2254 hereditaria,
1144 2190 1174 2244 in
1187 2188 1323 2261 aliquibus
1334 2187 1461 2257 periodis.

58 2274 103 2320 tro
117 2266 260 2322 mendari
273 2268 371 2322 minori
392 2269 481 2338 spatio
501 2268 699 2338 reciprocante3
720 2268 754 2322 de
768 2268 814 2324 his
832 2275 859 2324 et
936 2268 987 2324 33,
1009 2269 1187 2324 candidiores
1209 2269 1295 2339 genis,
1320 2275 1389 2331 cute,
1408 2274 1437 2319 et
1456 2265 1572 2335 capillis,
1595 2266 1686 2322 minua

59 2347 202 2400 similibus
217 2346 333 2416 amplius
346 2347 505 2419 inquiratur.
895 2347 1016 2413 vivaccsr
1042 2349 1172 2420 subnigri,
1193 2356 1240 2403 aut
1259 2346 1318 2412 rufi,
1341 2354 1389 2401 aut
1407 2345 1562 2415 lentiginosi
1586 2346 1684 2416 magis.

98 2425 150 2480 30.
173 2425 254 2479 Adria
267 2443 321 2480 non
335 2434 441 2481 tantum
454 2427 562 2481 bonitas
575 2433 622 2481 aut
636 2427 749 2498 puritm,
764 2443 858 2482 verum
896 2426 987 2481 Etiam
997 2428 1077 2483 rubor
1085 2429 1183 2483 nimius
1193 2429 1223 2481 in
1233 2428 1373 2495 juventute
1383 2424 1585 2495 longevitatem
1597 2426 1685 2481 minus

57 2504 148 2559 etiam
185 2505 334 2574 equalitas,
361 2506 449 2576 quoad
480 2505 680 2577 longaevitatem
712 2513 857 2576 spectatur.
895 2507 1034 2576 promittit,
1057 2524 1138 2578 quam
1158 2505 1254 2576 pallor.
1296 2504 1374 2559 Cutis
1394 2503 1485 2558 durior
1503 2503 1686 2574 longaevitatis

58 2583 186 2639 Collium
200 2584 351 2639 etsallium
365 2585 491 2651 varietas,
501 2586 659 2656 aspectuiet
667 2587 758 2641 sensui
768 2594 855 2657 grata,
896 2586 1005 2657 signum
1029 2586 1230 2657 potiusquam
1253 2584 1377 2649 mollior;
1411 2600 1499 2653 neque
1521 2589 1612 2638 tamen
1631 2583 1685 2638 hoc

58 2663 235 2734 longaevitati
249 2670 386 2734 suspecta3
407 2674 435 2718 at
447 2665 576 2735 planities
590 2666 694 2720 modice
713 2666 793 2730 sicca,
807 2682 857 2720 nec
895 2664 1060 2736 intelligitur
1079 2665 1188 2719 decute
1208 2664 1337 2734 spissiori,
1354 2663 1450 2734 (quam
1466 2670 1562 2716 vocant
1581 2662 1686 2716 anseri·

59 2752 156 2797 tamen
174 2743 256 2797 nimia
277 2743 378 2798 sterilis
398 2750 445 2799 aut
466 2761 588 2808 maora,
602 2762 653 2800 nec
671 2761 780 2816 prorsus
798 2744 857 2799 aine
895 2742 981 2812 nam)
996 2762 1056 2816 quse
1075 2752 1117 2799 est
1131 2751 1259 2816 tanquam
1276 2742 1435 2813 spongiosar
1457 2741 1505 2795 sed
1517 2740 1550 2794 de
1567 2741 1635 2795 dura
1650 2742 1686 2796 si·

58 2822 242 2877 arboribuset
250 2823 351 2887 umbra,
360 2823 602 2879 diuturnitatiritas
611 2825 700 2895 magis
708 2824 856 2879 commoda.
895 2823 954 2877 mul
973 2831 1002 2877 et
1021 2831 1178 2894 compacta,
1203 2823 1270 2895 quin
1292 2831 1320 2876 et
1342 2822 1416 2875 frons
1438 2818 1586 2887 majoribus
1608 2821 1686 2891 mgis

101 2902 152 2957 31.
177 2901 352 2973 lnaqualitas
365 2902 438 2959 ae'ris
449 2900 495 2979 (ut
504 2903 562 2972 jam
576 2904 678 2960 dictum
691 2899 747 2978 eat)
758 2904 786 2958 in
796 2903 858 2960 loco
896 2903 1022 2967 sulcatus,
1036 2903 1133 2959 melius
1146 2904 1262 2975 signum,
1271 2918 1353 2973 quam
1366 2898 1467 2954 nitidus
1482 2906 1511 2953 et
1523 2898 1684 2969 explicatus.

59 2982 218 3037 mansionis
230 2981 320 3047 mala;
340 3001 435 3038 vemm
448 2985 561 3039 mutatio
574 2984 645 3040 aeris
662 2985 691 3039 in
705 2985 858 3055 peregrina·
934 2983 982 3037 34.
1002 2983 1057 3037 Pili
1068 2985 1098 3038 in
1110 2985 1199 3054 capite
1214 2983 1371 3053 asperiores,
1386 2987 1414 3034 et
1427 2978 1516 3049 magis
1534 2979 1624 3043 setosi,
1639 2995 1684 3033 os-

61 3063 147 3126 tione,
158 3069 305 3133 postquam
319 3064 379 3133 quis
392 3065 546 3127 assueverit,
556 3064 645 3130 bona;
659 3064 729 3119 unde
744 3071 771 3118 et
783 3080 858 3135 mag·
896 3063 1009 3117 tendunt
1022 3063 1107 3118 vitam
1125 3063 1284 3134 longiorem,
1299 3078 1381 3132 quam
1397 3057 1493 3113 molles
1510 3064 1537 3113 et
1556 3057 1684 3125 delicatir

61 3142 92 3195 ni
116 3141 336 3211 peregrinatores
359 3141 476 3213 longaevi
498 3144 592 3198 fuere:
627 3142 752 3199 similiter
775 3143 858 3197 etiam
896 3143 979 3212 crispi
996 3158 1059 3196 vero
1080 3143 1194 3197 eandem
1211 3141 1405 3213 praenunciant,
1425 3138 1449 3192 si
1469 3137 1524 3192 sint
1542 3137 1623 3193 simul
1642 3154 1685 3193 as·

61 3219 192 3291 longaevi,
206 3220 252 3292 qui
266 3221 295 3274 in
309 3221 450 3292 tuguriolis
463 3222 527 3287 suis,
541 3222 636 3278 eodem
645 3223 712 3286 loco,
726 3230 859 3292 perpetuo
896 3222 969 3291 peri,
989 3229 1090 3286 contra,
1110 3223 1134 3276 si
1157 3222 1212 3277 sint
1231 3220 1328 3275 molles
1347 3228 1374 3274 et
1394 3217 1575 3288 splendentes
1615 3217 1686 3274 Item

61 3299 151 3353 sitam
165 3298 310 3371 degemnt;
332 3300 380 3355 ae'r
394 3301 468 3356 enim
481 3309 604 3357 msuetus
616 3303 707 3358 minus
716 3303 857 3368 consumit,
896 3300 977 3355 sisit
1000 3301 1129 3372 crispatio
1151 3301 1243 3371 potius
1267 3300 1357 3364 densa,
1379 3314 1461 3369 quam
1482 3313 1531 3367 per
1552 3296 1685 3368 largiores

62 3386 90 3433 at
103 3386 227 3433 mutatus
241 3380 328 3450 magia
341 3380 391 3434 alit
404 3388 433 3435 et
445 3389 561 3450 reparat.
896 3379 1043 3434 cincinnos.

101 3457 151 3512 32.
175 3457 213 3512 Ut
226 3460 310 3513 series
319 3466 346 3513 et
358 3477 486 3515 numems
499 3459 698 3515 successionum
710 3462 745 3515 ad
758 3461 858 3515 diutur·
935 3459 984 3514 35.
1004 3459 1091 3514 Citius
1104 3467 1150 3514 aut
1163 3458 1250 3514 aerius
1262 3456 1422 3522 calvescere,
1435 3473 1479 3510 res
1491 3461 1534 3510 est
1551 3457 1627 3526 quasi
1640 3456 1685 3509 in-

61 3537 180 3591 nitatem
200 3547 246 3592 aut
266 3538 426 3594 brevitatem
446 3541 510 3595 vitas
527 3539 597 3594 nihil
610 3547 652 3593 est
667 3542 709 3609 (ut
718 3541 777 3608 jam
790 3541 859 3595 dixi·
896 3539 1036 3604 differens,
1066 3557 1128 3594 cum
1148 3538 1275 3593 calvastri
1299 3536 1408 3607 plurimi
1432 3536 1550 3607 longari
1568 3535 1683 3601 fuerintr

61 3616 138 3683 mus)
153 3618 195 3672 ita
206 3617 324 3673 conditio
335 3620 491 3674 immediata
503 3627 655 3689 parentum,
667 3626 722 3674 tam
732 3637 768 3675 ex
781 3628 858 3690 parte
897 3620 978 3673 etiarn
1004 3619 1058 3673 cito
1080 3635 1222 3673 canescere
1250 3614 1400 3688 (utcunque
1425 3615 1549 3669 videatur
1571 3615 1685 3669 canities

61 3696 158 3767 patris,
188 3714 270 3767 quam
296 3699 398 3762 matris,
420 3699 595 3769 proculdubio
620 3697 735 3754 multum
761 3707 857 3769 potest
897 3715 1048 3768 praecursor
1060 3698 1213 3769 ingruentis
1224 3689 1384 3767 senectutis)
1398 3711 1442 3750 res
1456 3693 1602 3749 tellaxeatr
1623 3710 1686 3748 cum

63 3775 121 3828 Alii
135 3776 271 3847 siquidem
283 3784 447 3849 generantur
460 3797 496 3834 ex
509 3778 626 3842 senibus,
640 3777 688 3831 alii
703 3796 738 3833 ex
754 3778 858 3833 adoles·
897 3777 970 3833 haud
983 3778 1063 3848 pauci
1077 3794 1246 3848 praepropere
1262 3782 1442 3837 canescentes,
1456 3775 1502 3828 diu
1516 3782 1610 3843 postea
1623 3773 1685 3828 vix·

63 3855 191 3919 centolio,
214 3854 263 3909 alii
285 3874 322 3912 cx
342 3858 408 3911 viris
435 3865 513 3913 aetate
531 3858 661 3927 justiorer
686 3858 753 3913 item
774 3858 859 3912 aliia
897 3858 981 3911 erint:
1006 3858 1154 3927 quinetiam
1175 3863 1337 3927 praematura
1359 3853 1481 3918 canities,
1502 3854 1604 3924 absque
1628 3852 1686 3908 ulla

63 3934 190 4003 patribus
203 3952 266 3990 eum
286 3936 345 3990 sani
365 3936 466 3991 ruerint
483 3944 509 3992 et
528 3938 597 3992 bene
617 3937 758 4007 dispositi;
779 3937 828 3991 alii
842 3954 860 3990 a
897 3936 1012 4000 calvitie,
1021 3937 1129 4006 signum
1139 3944 1182 3991 est
1194 3933 1387 4006 longaevitatis3
1400 3941 1502 3998 contra,
1516 3932 1685 3986 siconcomi·

63 4013 198 4067 morbidis
212 4022 240 4068 et
253 4014 403 4085 languidis;
424 4016 497 4071 item·
506 4016 554 4070 alii
572 4034 590 4070 a
602 4016 714 4087 repletis
726 4026 756 4070 et
767 4017 858 4081 ebriis,
897 4022 968 4069 tetur
980 4015 1110 4070 calvities.

64 4092 113 4146 alii
127 4100 192 4163 post
204 4109 328 4148 somnum
342 4104 369 4149 et
388 4095 462 4150 lroris
479 4096 634 4160 matutinis3
654 4096 720 4151 item
735 4095 783 4149 alii
797 4104 859 4164 post
936 4094 983 4149 36.
1003 4094 1132 4149 Pilositas
1154 4093 1273 4165 partium
1296 4091 1465 4161 superiorum
1488 4091 1598 4162 signum
1621 4091 1686 4146 vitre

63 4170 177 4243 longam
194 4172 422 4229 intermissionem
443 4176 556 4239 veneris,
576 4176 625 4229 alii
648 4183 711 4245 post
733 4191 859 4230 venerem
897 4173 986 4228 miuus
998 4173 1104 4244 longer
1126 4181 1206 4243 atque
1219 4180 1327 4243 pectore
1338 4170 1445 4233 hirsuti,
1459 4176 1487 4224 et
1500 4170 1577 4241 quasi
1587 4169 1685 4238 jubati,

66 4252 229 4321 repetitamr
250 4252 317 4307 item
329 4252 376 4307 alii
390 4254 521 4325 flagrante
536 4271 627 4309 amore
638 4262 755 4324 patrum,
770 4251 816 4329 (ut
830 4256 860 4308 fit
896 4253 988 4308 minus
1000 4254 1123 4307 vivaces:
1144 4261 1172 4306 at
1184 4252 1343 4307 inferiorum
1356 4249 1488 4320 pilositas,
1502 4257 1531 4304 ut
1544 4250 1686 4315 iemomm,

64 4329 228 4400 plerumque
241 4330 271 4385 in
285 4328 408 4406 spuriis)
422 4333 469 4387 alii
489 4334 697 4398 defervescente,
711 4333 784 4388 utin
797 4350 859 4387 con·
896 4332 1030 4396 tibiarum,
1044 4333 1153 4404 signum
1164 4331 1252 4402 longre
1265 4331 1336 4385 vitm

61 4409 150 4479 jugiis
157 4409 302 4465 diutumia
330 4410 433 4466 Eadem
443 4412 526 4467 etiarn
539 4430 576 4467 ex
589 4420 665 4483 parte
678 4414 771 4467 matris
784 4429 859 4481 spec·
935 4411 984 4472 37.
1006 4411 1157 4485 ¹Proceritas
1167 4418 1277 4465 staturae
1288 4406 1358 4484 (nisi
1372 4408 1454 4462 suerit
1463 4404 1597 4481 enormia)
1612 4426 1686 4464 com·

65 4496 175 4543 tantm:
197 4489 296 4559 quibus
315 4489 378 4544 addi
401 4490 508 4558 debent,
529 4492 648 4547 conditio
668 4491 770 4556 matris,
794 4492 860 4546 dum
896 4507 968 4562 page
982 4492 1129 4555 commoda,
1140 4498 1167 4544 et
1178 4490 1236 4544 sine
1247 4488 1407 4558 gracilitate,
1418 4490 1568 4558 praesertim
1583 4490 1607 4543 si
1621 4506 1686 4544 con-

64 4575 156 4637 gestat
170 4574 286 4634 uterum,
297 4568 371 4639 quali
385 4570 506 4635 sanitate,
518 4571 592 4642 quali
604 4571 695 4636 direta3
711 4578 738 4625 et
751 4579 859 4640 tempus
896 4570 1042 4626 comitetur
1062 4570 1183 4640 corporis
1197 4568 1313 4639 agilitas,
1327 4568 1435 4638 signum
1450 4566 1539 4639 longia
1559 4570 1637 4633 vitam
1659 4575 1688 4622 at

64 4646 281 4717 gestationisad
295 4648 429 4703 decimum
439 4666 567 4715 mensem,
580 4649 760 4707 autcelerius.
790 4650 858 4704 Haec
896 4659 997 4715 contre,
1012 4649 1137 4704 homines
1149 4648 1281 4702 brevioris
1302 4655 1411 4701 staturae
1424 4648 1513 4717 magis
1533 4646 1687 4712 viraceasi

64 4725 100 4779 sd
113 4742 239 4781 normam
251 4728 386 4793 reducere,
399 4737 531 4799 quatenus
544 4731 579 4784 ad
592 4728 800 4799 longevitatem,
810 4728 860 4782 dii-
897 4728 998 4783 fuerint
1009 4729 1099 4783 minus
1112 4727 1199 4798 agiles
1212 4735 1239 4781 et
1251 4734 1327 4782 motu
1340 4726 1478 4781 tardiores

65 4805 137 4859 licile
151 4816 207 4871 eat,
229 4813 310 4877 atque
324 4823 358 4862 eo
371 4807 514 4873 difficilius,
527 4809 600 4881 quod
612 4809 725 4863 sortasse
739 4826 801 4879 quae
814 4825 860 4878 op·
935 4809 982 4862 38.
1006 4809 1040 4863 ln
1052 4807 1170 4878 corporis
1187 4806 1329 4877 analogia;
1351 4807 1398 4876 qui
1418 4822 1531 4876 corpore
1549 4803 1688 4875 aliquanto

65 4884 134 4938 tima
156 4885 220 4956 quia
242 4894 357 4955 putaret,
379 4887 408 4940 in
433 4889 596 4944 contrarium
619 4888 728 4943 cedent:
759 4888 859 4943 etenim
897 4888 1034 4941 breviores
1048 4895 1116 4950 sunt,
1131 4886 1207 4941 tibiis
1219 4885 1396 4955 longioribus,
1413 4885 1594 4956 longaviores
1617 4891 1687 4948 aunt,

65 4962 192 5019 alacritas
205 4963 255 5017 illa
268 4965 298 5018 in
311 4967 494 5034 generatione,
508 4983 568 5037 quae
581 4966 680 5022 liberos
694 4983 805 5037 corpore
819 4983 860 5022 ro
897 4984 979 5038 quam
998 4966 1044 5037 qui
1057 4982 1169 5037 corpore
1188 4966 1277 5036 magis
1298 4965 1423 5030 demisso,
1438 4964 1514 5018 tibiis
1527 4970 1617 5017 autem
1630 4962 1689 5016 bre·

63 5041 158 5098 bustos
181 5051 212 5096 et
232 5043 321 5113 agiles
342 5044 472 5114 producit,
493 5046 528 5100 ad
546 5046 747 5115 longevitatem
767 5046 860 5101 minus
896 5046 1029 5101 rioribus:
1059 5045 1134 5109 item,
1156 5046 1203 5116 qui
1223 5044 1395 5099 inferioribus
1416 5043 1538 5114 partibus
1557 5039 1689 5111 largiores

63 5121 140 5176 utilis
152 5122 214 5186 erit,
229 5130 341 5192 propter
354 5124 531 5179 acrimoniam
544 5132 573 5179 et
585 5124 769 5180 incensionem
782 5125 860 5195 spiri·
896 5133 965 5189 sunt,
980 5132 1008 5179 et
1021 5125 1205 5194 superioribus
1222 5125 1420 5188 contractiores,
1436 5124 1582 5191 (snuctura
1596 5137 1690 5190 corpo-

64 5210 150 5257 tuum.
204 5200 334 5257 Diximus
359 5210 448 5266 antea,
471 5202 533 5274 plus
556 5204 656 5259 babere
680 5221 716 5259 ex
738 5211 860 5259 materno
897 5205 934 5258 ris
944 5204 1022 5275 quasi
1033 5211 1162 5276 surgente
1172 5204 1201 5258 in
1211 5205 1340 5269 acutum.)
1351 5201 1539 5271 longaviorea,
1550 5216 1632 5269 quam
1641 5199 1690 5271 qui

64 5280 206 5352 sanguine,
221 5281 344 5336 conferre
358 5282 393 5336 ad
411 5281 629 5353 longaevitatem
650 5284 734 5338 etiarn
754 5283 858 5338 medio·
898 5283 1025 5338 humeros
1039 5283 1095 5347 lati,
1109 5283 1235 5338 deorsum
1249 5290 1312 5337 sunt
1326 5289 1455 5351 tanquam
1468 5279 1605 5332 attenuati.

64 5360 122 5414 cria
138 5358 225 5415 simili
247 5361 351 5416 ratione
374 5362 479 5432 optima
499 5378 559 5416 esse
577 5371 719 5433 putamus;
740 5378 860 5416 amorem
937 5360 984 5417 39.
1005 5362 1111 5417 Macies
1125 5380 1188 5417 cum
1201 5361 1343 5415 effectibus
1362 5358 1471 5422 sedatis,
1485 5356 1648 5427 tranquillis,
1663 5365 1691 5412 et

64 5439 155 5508 potius
169 5439 345 5510 conjugalem
359 5457 441 5513 quam
454 5442 648 5506 meretricium
670 5441 752 5496 horas
766 5457 860 5513 gener·
897 5441 1040 5507 facilibus3
1061 5441 1190 5514 pinguior
1203 5447 1295 5496 autem
1315 5437 1425 5494 habitos
1438 5453 1501 5493 cum
1513 5434 1632 5505 cholera,
1646 5454 1691 5492 ve·
1761 5442 1765 5449 '
