3800 5875
617 314 666 369 DE
687 313 875 370 ascalona
896 313 1118 372 CORPORUM.
1622 314 1678 372 625

26 477 66 532 ad
83 477 188 533 nivem
202 483 231 534 et
242 492 333 532 ceram
347 474 521 546 colliqustam
535 473 635 538 dicent,
645 473 692 527 ubi
704 473 762 541 jam
777 474 845 527 cari·
884 471 956 543 cipio
977 474 1120 529 deducitur
1139 474 1265 546 cognitio,
1283 491 1350 530 num
1366 473 1437 529 forte
1459 473 1539 528 alicui
1559 474 1679 529 animan-

27 567 112 611 tates
136 556 262 628 expleta
281 562 362 620 sunt;
390 553 435 609 rel
454 553 519 624 quid
539 552 574 605 sd
595 552 699 623 gumrrd
724 569 844 622 corpora,
884 552 953 606 tium
964 553 1035 607 adsit
1048 553 1119 607 alius
1132 554 1267 624 quispiam
1280 570 1376 609 sensus
1389 563 1554 623 praeterens,
1569 555 1616 625 qui
1629 570 1678 607 no-

26 636 211 701 mastichen,
226 645 253 690 et
267 632 377 699 similia,
389 651 450 704 quaa
463 632 594 686 carimtes
607 632 673 684 istas
687 631 845 687 manifestas
883 637 991 695 tantun
1013 639 1041 686 et
1062 640 1127 702 quot
1145 639 1175 686 et
1196 633 1290 703 quales
1311 649 1406 687 sensus
1425 633 1454 686 in
1475 633 1601 687 universo
1622 634 1678 686 ani·

26 732 91 769 non
109 716 227 779 habent,
241 721 373 768 ettamen
393 720 456 767 sunt
472 710 595 781 pluribus
611 708 761 780 liquoribus
777 710 844 763 levi-
883 710 1016 765 mundum
1030 727 1129 782 genere
1143 727 1203 765 esse
1217 712 1331 782 possint.
1366 711 1411 765 Ex
1421 711 1592 780 passionibus
1603 712 1678 765 enim

27 795 109 848 ora?
132 794 216 855 Quod
230 802 321 848 antem
335 793 368 846 de
383 790 481 862 spiritu
499 790 622 852 afferunt,
636 789 776 859 peronius
790 789 845 843 rim
883 789 1075 844 materiante
1093 789 1229 845 distinctis
1248 800 1376 862 sequetur
1394 807 1522 844 numerus
1541 807 1677 856 sensuum,

28 885 58 927 et
75 874 224 943 impetum
238 889 282 927 res
300 872 401 935 fluant3
422 870 450 924 id
468 875 541 923 certe
559 867 649 938 primo
667 868 767 921 intuitu
785 884 846 938 pro
884 867 1002 921 simodo
1015 884 1117 940 organa
1130 877 1291 940 competant,
1306 877 1334 924 et
1352 869 1463 923 accedat
1477 869 1597 939 spiritus.

28 952 135 1008 babile
151 961 207 1017 est,
221 961 250 1006 et
266 950 422 1004 notionibus
439 947 626 1003 communibus
644 946 786 1011 familiare,
800 964 844 1001 re-

28 1033 99 1102 ipsa
116 1040 216 1086 autem
230 1030 323 1086 durim
336 1037 384 1093 est,
396 1035 423 1082 ct
436 1028 524 1099 magis
538 1042 688 1090 erroneum,
699 1042 760 1080 cum
774 1041 846 1080 verre

29 1111 144 1165 rationi
159 1127 217 1164 non
231 1109 319 1164 solum
331 1125 386 1163 non
399 1108 538 1170 innitatur,
553 1103 601 1160 sed
615 1104 671 1158 t'ere
685 1111 844 1175 opponatur.

29 1191 166 1261 Spiritus
180 1190 253 1244 enim
266 1187 320 1252 ille,
335 1203 415 1259 quem
429 1186 527 1250 dicunt,
538 1200 632 1239 revera
646 1180 735 1257 (quod
747 1184 846 1238 minam

28 1269 162 1324 tonsae
183 1267 272 1336 dictu)
291 1266 493 1322 consistentiam
512 1263 622 1327 inducit,
644 1280 698 1316 non
715 1262 845 1318 fluorem:
923 1260 1028 1316 Morus
1038 1261 1171 1317 violentus
1181 1264 1274 1333 (quem
1284 1260 1394 1329 vocant)
1404 1278 1542 1332 perquem
1553 1259 1676 1328 missilia,

28 1349 115 1420 qnod
130 1357 160 1402 et
175 1348 278 1417 optimc
290 1346 318 1400 in
331 1345 463 1400 instantia
475 1343 546 1398 nivis
560 1342 678 1396 cernitur
685 1364 693 1406 ;
714 1359 775 1413 quea
785 1358 845 1396 cum
885 1345 914 1393 ut
926 1339 1039 1409 lapides,
1050 1341 1166 1412 sagitta,
1179 1342 1252 1413 globi
1267 1342 1356 1405 ferrei,
1367 1350 1394 1396 et
1404 1341 1513 1404 similia,
1525 1357 1573 1411 per
1586 1344 1677 1397 airam

28 1446 69 1482 ex
86 1444 171 1499 aqua
184 1433 213 1480 et
226 1428 289 1480 aire
309 1424 488 1495 compositum
504 1438 602 1492 corpus
620 1421 662 1486 sit,
683 1438 799 1491 cumque
818 1428 847 1476 et
885 1418 985 1485 volant,
1013 1420 1069 1474 fere
1096 1421 1218 1475 omniurn
1245 1428 1368 1474 motuum
1395 1427 1437 1474 est
1464 1421 1675 1490 vulgatissimus.

29 1524 116 1577 aqua
131 1516 163 1560 et
183 1505 231 1560 aar
250 1520 371 1558 seorsum
390 1503 483 1566 fluant,
497 1501 526 1557 in
542 1501 656 1555 mistura
674 1508 764 1554 tamen
784 1516 845 1554 con·
885 1497 974 1568 Atque
993 1498 1124 1567 inhujus
1143 1506 1234 1554 tamen
1252 1500 1438 1554 observatione
1457 1507 1485 1554 et
1500 1499 1677 1569 inquisitione

31 1586 203 1640 sistemim
231 1582 398 1654 adipiscitur.
438 1580 562 1642 Quodsi
586 1579 647 1651 quis
673 1579 796 1647 objiciat,
818 1579 846 1633 id
885 1578 981 1631 miram
1006 1585 1035 1631 et
1054 1579 1179 1648 supinam
1203 1578 1400 1649 negligentiam
1421 1578 1562 1633 hominum
1583 1586 1677 1634 notare

29 1665 157 1720 evenire
174 1680 254 1732 posse
269 1679 304 1717 ex
318 1660 527 1715 condensatione
541 1675 620 1729 aqua
633 1659 719 1728 partia
738 1674 788 1728 per
801 1659 847 1712 fri·
884 1654 958 1710 licet.
998 1656 1099 1727 Neque
1126 1674 1210 1727 parvo
1237 1658 1399 1712 demmento
1424 1658 1454 1711 in
1481 1665 1571 1711 motus
1597 1658 1677 1712 istius

30 1761 99 1815 gns,
118 1752 148 1797 et
162 1759 219 1796 non
237 1742 272 1795 ab
293 1740 499 1812 interpositione
518 1737 606 1802 aerim
627 1738 652 1790 is
672 1753 701 1792 se
720 1738 845 1809 corriget,
884 1743 982 1788 natura
995 1744 1022 1790 et
1036 1745 1167 1806 potestate
1181 1736 1369 1807 investiganda
1386 1736 1546 1800 offenditur3
1567 1738 1677 1792 eumad

29 1825 55 1877 si
82 1820 296 1877 animadvertat
317 1820 402 1874 etiam
418 1833 544 1889 spumam
561 1833 659 1886 corpus
680 1815 770 1870 simile
790 1818 846 1870 nivi
884 1814 992 1868 infinita
1006 1816 1041 1868 sit
1054 1815 1137 1879 utilis,
1152 1823 1179 1869 et
1193 1813 1339 1879 tormentis,
1351 1815 1493 1879 machinis,
1504 1822 1532 1869 et
1545 1816 1676 1871 universio

30 1920 110 1966 esse,
127 1902 205 1973 quod
220 1911 312 1954 tamen
325 1898 456 1969 asrigore
469 1896 546 1951 nullo
559 1895 642 1950 modo
657 1894 845 1951 condensetur.
885 1893 924 1946 rei
939 1893 1107 1950 mechanicae
1123 1894 1160 1948 sit
1176 1894 1263 1949 instar
1284 1895 1382 1949 animm
1402 1902 1430 1949 et
1450 1895 1520 1949 vitm.
1561 1893 1676 1949 Plurimi

31 1983 88 2036 Sin
104 1980 204 2036 adhuc
218 1986 321 2050 urgeat,
335 1978 405 2032 etin
419 1993 516 2048 spuma
529 1975 681 2045 praecedere
701 1974 847 2029 condensa-
885 1979 976 2026 autem
995 1990 1025 2027 se
1041 1973 1196 2042 perfunctos
1215 1973 1388 2044 inquisitione
1406 1982 1508 2045 putant,
1530 1974 1553 2028 si
1575 1982 1677 2030 motum

31 2063 158 2125 tionem,
175 2076 231 2113 non
249 2076 265 2112 a
283 2058 392 2128 frigore,
414 2057 462 2111 sed
483 2064 573 2109 tamen
591 2054 627 2108 ab
647 2054 797 2124 agitatione
819 2062 848 2108 et
885 2051 963 2105 illum
978 2052 1126 2107 violentum
1139 2069 1200 2107 esse
1219 2053 1399 2124 pronuntient,
1414 2060 1443 2107 et
1460 2068 1477 2106 a
1494 2053 1611 2107 naturali
1625 2054 1678 2108 dis·

31 2139 242 2211 percussioner
264 2137 288 2192 is
306 2152 405 2208 pueros
424 2134 556 2198 consulat,
576 2134 623 2205 qui
643 2150 679 2188 ex
696 2132 752 2187 levi
772 2150 846 2197 aura,
886 2131 1025 2201 tinguant.
1066 2131 1156 2203 Atque
1169 2132 1195 2185 is
1211 2149 1276 2186 sane
1295 2140 1336 2186 est
1355 2131 1509 2186 Aristotelis
1530 2139 1556 2186 et
1575 2131 1677 2187 scholae

31 2237 88 2290 per
114 2217 241 2273 fistulam
259 2216 316 2270 sive
339 2215 472 2270 calamum
494 2214 634 2284 inspirata,
656 2221 684 2266 et
704 2229 774 2284 aqua
800 2212 847 2281 (ob
885 2210 945 2278 ejus
963 2226 1022 2265 mos
1040 2211 1165 2281 proprius
1184 2221 1212 2265 et
1231 2209 1381 2280 disciplina,
1399 2227 1494 2265 cursare
1511 2220 1542 2265 ut
1560 2210 1678 2266 habeant

31 2316 142 2370 parram
168 2296 281 2366 saponis
302 2296 461 2361 admistum)
480 2293 563 2364 paulo
585 2291 729 2355 teneriore,
751 2292 847 2346 miram
885 2288 1010 2344 homines
1032 2290 1104 2361 quod
1124 2290 1304 2360 pronuntient,
1325 2306 1379 2344 non
1402 2290 1473 2361 quod
1494 2290 1629 2357 sentiant,
1650 2299 1678 2345 et

32 2386 63 2432 et
90 2377 228 2432 turritam
251 2373 386 2429 bullarum
413 2380 572 2428 structuram
595 2372 749 2426 conficiunt.
791 2371 848 2425 Res
885 2368 982 2423 docere
996 2369 1130 2439 quomodo
1147 2369 1246 2441 aliquis
1259 2370 1418 2424 affirmando
1436 2378 1484 2424 aut
1504 2370 1629 2441 negando
1647 2387 1677 2426 se

32 2466 139 2512 autem
166 2456 207 2509 sic
233 2471 262 2510 se
284 2454 385 2517 habete
416 2468 530 2522 corpora
548 2451 583 2505 ad
605 2458 706 2505 tactum
727 2451 848 2521 corporis
886 2449 1023 2518 expedire,
1037 2464 1091 2502 non
1106 2449 1253 2519 cogitando
1271 2465 1300 2503 se
1318 2449 1464 2519 explicare,
1483 2456 1510 2503 et
1528 2449 1581 2502 sibi
1601 2450 1679 2505 satis·

33 2537 137 2600 amici,
161 2535 222 2588 sire
240 2531 347 2597 similis,
362 2549 391 2586 se
409 2533 513 2586 solvere
531 2538 559 2585 et
577 2530 679 2594 laxare,
693 2530 728 2584 ad
745 2539 847 2584 tactum
886 2527 977 2581 iacere
991 2528 1087 2597 possit.
1126 2527 1183 2581 Alii
1196 2527 1279 2598 paulo
1298 2528 1435 2592 attentius,
1450 2535 1558 2598 arrepto
1571 2527 1619 2582 illo
1631 2546 1678 2600 po-

32 2625 136 2670 antem
148 2613 276 2683 corporis
285 2611 468 2666 dissentientis
478 2628 508 2665 se
521 2610 653 2682 stringere
664 2616 692 2663 et
701 2610 845 2663 sustinere.
886 2606 947 2672 sito,
957 2606 1011 2661 duo
1023 2623 1137 2676 corpora
1149 2607 1179 2661 in
1193 2625 1248 2661 uno
1259 2606 1319 2660 loco
1332 2623 1392 2661 esse
1406 2624 1460 2660 non
1474 2623 1562 2677 posse,
1576 2616 1678 2663 restare

33 2695 143 2766 ltaque
159 2692 362 2763 appositionem
370 2691 490 2761 corporis
501 2689 582 2744 alieni
597 2706 657 2744 esse
666 2688 848 2743 consistentia
886 2686 969 2751 munt,
984 2693 1015 2740 ut
1035 2686 1105 2756 quod
1124 2686 1219 2740 fortius
1239 2686 1275 2741 sit
1292 2685 1425 2756 impellat,
1446 2686 1562 2740 debilius
1582 2686 1677 2751 cedat;

32 2790 169 2827 annm.
212 2771 259 2825 Sic
283 2771 407 2825 ridemus
428 2770 518 2824 oleum
541 2786 620 2841 aquea
641 2768 797 2834 admistum,
819 2776 849 2823 ut
886 2781 948 2820 eam
961 2765 1111 2819 cessionem
1125 2765 1182 2820 sive
1196 2766 1297 2837 iugum,
1311 2765 1336 2819 si
1349 2766 1437 2819 minor
1454 2764 1616 2820 adhibeatur
1629 2766 1678 2829 ria,

32 2855 66 2907 fis
81 2853 118 2907 in
136 2850 298 2923 unguentis,
319 2850 489 2921 liquidatem,
509 2866 570 2920 quas
589 2857 616 2902 et
633 2848 662 2901 in
682 2863 753 2918 aqna
772 2856 800 2901 et
817 2846 846 2901 iu
886 2862 940 2899 non
955 2843 1026 2899 ultra
1038 2844 1143 2908 durare,
1158 2861 1239 2915 quam
1252 2844 1343 2915 prima
1355 2843 1484 2914 impulsio
1500 2845 1677 2909 continuetur,

32 2933 104 2987 oleo
131 2940 218 2986 antea
241 2929 359 3001 vigebat,
382 2928 567 3001 quadantenus
590 2944 698 2983 exuere.
746 2926 849 2982 Contra
886 2933 916 2980 ut
935 2924 964 2979 in
985 2925 1168 2995 protrusione;
1199 2924 1222 2978 si
1244 2932 1335 2980 antem
1356 2924 1450 2992 major,
1473 2923 1555 2979 etiam
1577 2938 1679 2979 remoto

32 3013 181 3074 ridemus,
199 3025 338 3081 papyrum
358 3025 430 3080 aqua
449 3007 631 3062 madefactum
648 3024 678 3061 se
695 3002 807 3071 solvere,
822 3015 849 3061 et
886 3021 999 3075 corpore
1012 3003 1178 3075 impellente,
1193 3005 1227 3059 ad
1241 3013 1349 3074 tempus
1362 3003 1463 3074 rigere,
1478 3003 1562 3058 donec
1576 3005 1678 3060 sensim

32 3091 256 3146 consistentiam
270 3091 345 3160 (quse
359 3086 496 3142 obaerem
510 3095 592 3143 antes
608 3087 637 3140 in
658 3086 733 3157 poris
746 3086 847 3140 admis-
886 3084 1045 3147 remittatur,
1059 3093 1089 3138 ut
1108 3085 1136 3138 in
1155 3084 1237 3152 jactu.
1278 3086 1367 3154 Atque
1381 3083 1411 3137 hi
1424 3100 1524 3147 rursus,
1538 3082 1592 3137 alio
1609 3084 1679 3152 ejus-

35 3180 101 3225 tum
118 3168 214 3223 salida
234 3170 306 3237 erat)
325 3168 478 3237 deponera3
499 3165 560 3222 oleo
578 3183 642 3220 vero
661 3165 847 3230 madefactum,
886 3163 947 3218 dem
963 3163 1064 3218 scholas
1078 3180 1151 3218 more
1166 3165 1322 3228 inveterato,
1341 3163 1489 3234 primordia
1506 3163 1546 3217 rei
1559 3170 1678 3234 captant,

34 3251 147 3313 minus,
163 3248 231 3318 quia
245 3246 335 3301 oleum
350 3262 454 3318 papyro
465 3245 554 3301 minus
573 3245 730 3300 consentiat.
772 3245 848 3300 Idem
886 3243 920 3298 de
941 3259 1068 3313 processu
1093 3250 1120 3297 et
1141 3244 1217 3298 exitu
1238 3258 1292 3297 non
1313 3241 1419 3305 soliciti,
1442 3249 1570 3312 tanquam
1590 3242 1680 3313 prima

34 3345 157 3400 quoqne
178 3328 209 3381 in
230 3325 361 3380 saccharo
380 3325 503 3380 videmus
523 3333 550 3379 et
569 3324 710 3387 similibus,
733 3341 794 3397 quta
814 3325 849 3378 ad
888 3338 1002 3393 quaeque
1016 3330 1114 3376 cratera
1132 3321 1256 3386 trahant,
1279 3339 1332 3392 quo
1351 3322 1382 3375 fit
1401 3329 1431 3375 ut
1449 3322 1594 3375 immatura
1611 3339 1679 3393 qua·

34 3425 148 3479 aquam
171 3406 217 3460 vel
238 3405 332 3459 vinum
354 3404 558 3459 intromittenda
580 3421 609 3459 se
633 3403 736 3468 laxant,
759 3420 848 3474 neque
886 3401 948 3455 dam
960 3402 1131 3472 impatientia
1141 3400 1395 3472 contemplationem
1407 3400 1576 3471 abrumpant.
1602 3400 1677 3456 Nam

34 3489 137 3542 solnm
163 3502 228 3539 cum
253 3483 373 3556 liquores
397 3483 453 3538 illis
476 3484 642 3547 incumbunt,
665 3483 713 3537 sed
740 3483 849 3538 eosdem
887 3481 921 3535 ad
934 3480 971 3545 id,
984 3480 1055 3551 quod
1069 3497 1183 3551 corpora
1196 3481 1246 3534 sub
1257 3482 1347 3551 ipsum
1361 3481 1443 3534 ictum
1457 3481 1560 3543 cedant,
1575 3478 1679 3551 aliquid

35 3582 159 3638 qnoque
175 3572 278 3636 sugunt
291 3570 319 3617 et
334 3579 439 3617 sursum
454 3562 573 3618 trahunt.
886 3559 1017 3624 aderunt3
1038 3560 1086 3614 sed
1100 3570 1243 3630 postquam
1257 3576 1355 3630 corpus
1367 3558 1512 3630 impellens
1522 3560 1580 3627 jam
1595 3576 1680 3614 remo·

885 1005 946 1046 Vlll.
968 1007 1006 1046 DE
1026 1007 1104 1046 ΜΟΤῦ
1128 1007 1275 1056 VlOLENTO,
1296 1008 1374 1053 Quot)
1395 1009 1440 1046 stt
1461 1008 1542 1055 FUGA,
1564 1008 1600 1046 ΕΤ
1619 1009 1678 1047 nta-

924 1085 1062 1125 CURSATIO
1077 1086 1204 1127 sanatura
1219 1087 1269 1126 REI
1283 1087 1412 1126 PROPTER
1437 1087 1611 1135 PBESSURAM,
1634 1088 1674 1127 at-

924 1165 976 1204 cat*
996 1165 1108 1205 lllNfflB
1130 1165 1268 1205 tralatus.

887 3647 944 3693 tum
959 3639 1002 3703 sit,
1016 3639 1085 3693 adeo
1098 3649 1129 3693 ut
1141 3641 1289 3693 necessitas
1304 3639 1351 3693 illa
1360 3638 1525 3693 contusionis
1537 3654 1679 3708 corporum
1757 3640 1760 3647 '

38 3706 95 3744 Vll.
124 3703 165 3743 DE
184 3702 334 3743 CONSENSU
348 3701 511 3749 CORPORUH,
526 3703 590 3747 QUAE
611 3702 698 3741 BENSU
720 3701 849 3740 saraam
884 3718 942 3786 jam
957 3718 1037 3788 plane
1050 3717 1203 3783 efflaverit,
1218 3735 1267 3773 cur
1282 3727 1379 3788 poam
1393 3726 1482 3773 mom
1501 3718 1677 3783 continuetur,

209 3782 292 3830 SUNT,
313 3782 349 3821 at·
370 3783 434 3827 QUAE
457 3782 546 3821 SENSU
567 3782 690 3820 CARENT·

887 3797 958 3851 nihil
978 3797 1077 3863 dicunt,
1091 3814 1141 3852 nec
1159 3798 1242 3868 seipsi
1261 3798 1327 3852 satis
1344 3798 1464 3868 capiunt.
1506 3795 1561 3851 atti
1580 3806 1678 3864 sutem,

80 3874 415 3945 Pirustarum-corporum,
430 3893 491 3946 qua
505 3892 586 3930 sensu
599 3875 732 3939 dotantur,
746 3883 774 3929 et
788 3893 850 3946 quae
887 3877 976 3948 magis
999 3876 1150 3947 diligentes,
1169 3886 1197 3931 et
1219 3878 1248 3930 in
1271 3877 1445 3947 inquisitione
1468 3886 1678 3945 perseverantes,

37 3970 130 4009 sensu
143 3961 249 4015 carent,
259 3971 388 4026 magnum
401 3971 561 4009 consensum
573 3953 689 4018 babent;
710 3954 763 4009 nisi
778 3956 849 4025 quod
887 3972 949 4010 cum
964 3956 1019 4009 rim
1032 3955 1103 4010 aeris
1117 3956 1146 4010 in
1160 3956 1248 4010 ventis
1262 3964 1290 4009 et
1303 3955 1446 4020 similibus,
1461 3974 1522 4027 quas
1536 3954 1679 4010 selarbo·

36 4034 68 4087 in
85 4049 209 4103 corpore
223 4032 345 4087 sensibili
362 4034 472 4089 accedat
490 4034 611 4102 spiritus.
651 4033 726 4087 Nam
746 4033 850 4104 pupilla
887 4051 931 4089 res
952 4042 980 4088 et
996 4043 1082 4090 turres
1104 4035 1221 4104 dejicere
1242 4035 1334 4106 possit,
1348 4034 1608 4100 animadvertissent,
1622 4036 1689 4109 opi,

37 4111 120 4166 oculi
137 4110 254 4181 speculo
268 4112 326 4166 sire
340 4113 418 4183 aquis
436 4114 635 4183 aequiparatum
657 4120 684 4166 et
703 4113 785 4166 simili
800 4130 849 4167 na·
886 4113 943 4167 nati
966 4121 1029 4169 suut
1052 4131 1113 4169 eam
1135 4114 1200 4179 sinn
1222 4130 1282 4183 quse
1303 4112 1458 4182 hujusmodi
1481 4114 1596 4168 missilia
1618 4125 1680 4185 post

37 4200 108 4246 tura
132 4191 271 4261 imagines
292 4190 360 4244 lucis
382 4201 410 4245 et
427 4208 516 4246 rerum
532 4191 679 4246 visibilium
700 4192 802 4262 excipit
822 4200 849 4247 et
887 4193 1003 4263 primam
1017 4192 1208 4263 impulsionem
1222 4193 1337 4247 deducat
1351 4201 1378 4247 et
1396 4193 1545 4257 comitetur,
1560 4194 1617 4248 siri
1631 4196 1679 4249 de·

38 4271 147 4325 reddit
192 4270 332 4341 Organum
352 4279 445 4325 autem
459 4271 566 4325 auditus
586 4270 658 4324 obici
676 4270 747 4325 intra
760 4269 848 4326 locum
887 4272 945 4327 beri
958 4272 1076 4337 attribui,
1102 4290 1172 4343 pone
1195 4289 1301 4342 corpus,
1323 4273 1396 4343 quod
1415 4281 1544 4337 movetur,
1568 4273 1681 4328 collecto

38 4365 229 4403 cavernosum
244 4350 381 4403 conforme
395 4358 443 4412 est,
455 4365 472 4402 a
486 4367 540 4421 quo
550 4367 604 4403 vox
618 4357 644 4403 et
653 4365 735 4404 sonus
745 4351 848 4420 optime
887 4358 916 4404 et
928 4353 1074 4421 ingruenti,
1088 4352 1166 4420 cujus
1180 4351 1283 4422 impetu
1295 4368 1401 4421 corpus,
1415 4360 1544 4423 tanquam
1559 4353 1637 4407 navis
1650 4353 1680 4407 in

38 4426 175 4483 resultat.
218 4427 403 4483 attractiones
417 4436 506 4483 autem
526 4445 613 4483 rerum
633 4429 848 4495 inanimatorum,
888 4431 995 4501 gurgite
1009 4447 1149 4501 aquarum,
1164 4430 1286 4485 rebatur.
1327 4430 1455 4502 Atquehi
1468 4440 1541 4485 certe
1555 4449 1612 4485 rem
1626 4449 1682 4486 non

37 4517 71 4561 et
88 4507 329 4562 rursushorrores
343 4509 399 4562 sire
414 4507 485 4578 iuga
502 4508 641 4575 (eradico,
656 4525 766 4578 quaes
785 4525 849 4579 pro·
887 4510 1021 4572 deserunt,
1036 4518 1116 4580 atque
1137 4508 1392 4580 contemplationem
1407 4510 1441 4563 ad
1462 4511 1564 4565 exitum
1585 4512 1680 4580 perdu-

37 4588 167 4657 prietate
183 4586 265 4650 fiunt)
279 4586 308 4640 in
321 4585 491 4649 animalibus,
504 4586 613 4641 olfactui
628 4595 710 4657 atque
724 4587 849 4642 odoribus
887 4597 964 4654 cunt,
986 4588 1034 4642 sed
1052 4595 1144 4643 tamen
1166 4605 1183 4642 a
1204 4589 1314 4642 veritate
1333 4589 1469 4643 aberrant,
1511 4589 1568 4645 Res
1589 4599 1679 4644 autem

38 4665 137 4735 gratis
154 4672 185 4718 et
204 4664 313 4729 odiosis,
335 4666 507 4720 conueniunt,
548 4666 648 4721 Tactus
668 4674 759 4721 autem
780 4667 849 4720 ratio
887 4684 950 4722 rere
972 4668 1001 4721 in
1015 4667 1086 4721 hunc
1107 4667 1215 4721 modum
1235 4683 1264 4721 sc
1284 4667 1376 4722 habet.
1418 4667 1574 4740 Praecipuus
1592 4679 1680 4723 motus

37 4754 72 4799 et
89 4752 200 4814 gustus,
214 4759 330 4808 omnem,
344 4762 405 4816 quse
418 4746 447 4799 in
464 4746 621 4816 corporibus
639 4746 766 4799 animatis
780 4746 849 4799 acei-
887 4747 1010 4816 partibus
1024 4745 1110 4815 ipsius
1124 4747 1253 4816 corporis,
1269 4747 1340 4817 quod
1353 4746 1435 4811 solat,
1450 4749 1540 4802 inesse
1561 4748 1678 4811 videtum

37 4825 115 4877 dere
130 4824 227 4892 possit,
241 4831 287 4877 aut
300 4824 457 4878 violentiam
470 4831 517 4878 aut
530 4834 624 4879 contra
638 4824 849 4878 insinuationem
888 4825 934 4896 qui
947 4842 1009 4879 cum
1021 4825 1088 4888 rista
1102 4824 1138 4877 ob
1150 4826 1263 4879 nimiam
1276 4825 1460 4890 subtilitatem,
1475 4844 1529 4882 non
1550 4827 1681 4896 percipia-

38 4904 154 4956 almsm
168 4910 197 4956 et
210 4902 334 4967 amicam,
345 4919 377 4957 sc
388 4902 528 4957 universas
538 4903 684 4958 earundem
694 4904 848 4973 passionum
888 4911 938 4967 tur,
953 4904 1077 4958 homines
1091 4920 1143 4956 non
1158 4904 1224 4957 satis
1237 4904 1413 4970 attendentes,
1427 4906 1475 4960 sed
1490 4905 1543 4959 leri
1558 4907 1680 4960 observa·

39 4983 155 5051 figuras
175 4980 257 5036 veluti
279 4989 356 5036 rates
377 4989 424 5036 aut
444 4982 577 5053 interpres
598 4981 734 5052 exprimit.
775 4982 847 5037 Nam
888 4983 961 5037 tione
980 4998 1037 5036 rem
1056 4982 1276 5046 transmittentes,
1295 4983 1367 5039 latet
1408 4984 1567 5039 accuratius
1588 4993 1678 5038 autem

38 5060 279 5129 compressiones,
293 5062 474 5124 extensiones,
493 5062 639 5125 erosiones,
657 5061 847 5131 separationes,
887 5061 1016 5115 scrutanti
1027 5060 1169 5129 manifeste
1180 5069 1291 5126 constat,
1299 5080 1488 5133 corporaque
1496 5062 1679 5127 duriorasunt,

38 5147 73 5194 et
90 5137 205 5201 similia,
220 5139 249 5192 in
263 5140 420 5209 corporibus
433 5141 546 5195 mortuis
560 5140 589 5193 in
608 5156 737 5209 processu
755 5139 848 5203 latent,
887 5139 1035 5209 pressionis
1058 5155 1118 5193 esse
1137 5140 1384 5210 impatientissima,
1405 5150 1432 5195 et
1451 5141 1572 5210 ejusdem
1592 5140 1677 5196 veluti

38 5234 101 5272 nee
115 5217 170 5271 nisi
187 5224 249 5286 post
262 5219 387 5273 effectum
398 5219 774 5288 manifestnmpercipiuntur.
816 5219 848 5273 ln
887 5235 995 5273 sensum
1007 5218 1192 5272 acutissimum
1201 5218 1310 5284 habere,
1321 5221 1389 5275 adeo
1401 5228 1436 5284 ut,
1448 5237 1529 5290 quam
1539 5219 1680 5274 minimum

39 5296 219 5350 animalibus
246 5304 337 5351 sutem
370 5314 432 5352 cum
459 5315 542 5353 sensu
570 5297 671 5353 doloris
702 5297 848 5352 secundum
887 5297 1041 5352 anatursli
1060 5298 1192 5366 positione
1211 5298 1332 5368 depulsa,
1348 5315 1448 5369 magna
1463 5298 1622 5367 pernicitate
1641 5299 1681 5352 ni-

40 5376 161 5430 disersa
176 5390 277 5444 genera
289 5383 336 5429 aut
350 5375 519 5431 characteres
529 5375 666 5431 violentiae
676 5384 848 5447 peraguntur,
887 5385 979 5431 tantur
993 5384 1021 5430 ut
1034 5376 1183 5431 liberentur
1195 5386 1223 5432 et
1232 5378 1261 5431 in
1275 5378 1418 5447 pristinum
1427 5385 1524 5431 statum
1538 5377 1682 5431 restituan-

40 5460 213 5525 psrmeante
228 5454 379 5522 peremnia
393 5456 500 5526 spiritu.
543 5454 633 5527 Atque
651 5456 687 5510 ab
706 5456 759 5511 hoc
773 5456 849 5527 prin·
888 5464 938 5510 tur.
981 5455 1058 5517 Quod
1071 5464 1099 5511 ut
1112 5455 1166 5521 frat,
1181 5464 1273 5527 partes
1286 5456 1410 5527 singula,
1425 5454 1496 5509 iacto
1513 5455 1681 5527 principioa

90 5546 159 5587 voa.
184 5546 215 5585 ιι.
427 5535 480 5587 a·
