3800 5875
229 287 286 344 tto
869 285 1011 342 NOVUM
1032 285 1223 341 contituti
1731 287 1788 345 Iar.
1801 285 1838 345 ll.

229 448 343 513 fortiter,
357 454 385 504 et
404 446 452 501 fiet
473 445 630 511 immobilia,
653 444 746 500 rtatim
766 443 838 515 perit
860 460 951 509 aouua,
969 461 1021 500 nec
1058 444 1159 516 Neque
1179 444 1230 499 iate
1254 450 1343 500 motua
1364 443 1478 498 omnino
1498 444 1638 516 apiritiboa
1657 446 1778 516 propriae
1794 457 1841 512 eat,

228 527 480 597 reaonatampliua:
499 534 531 583 ut
540 528 570 581 in
579 525 705 588 chordia;
726 524 751 579 ai
761 530 824 594 poet
834 525 951 595 primam
961 541 1020 594 per-
1057 523 1121 578 licet
1140 525 1169 578 in
1184 523 1320 595 pleriaque
1334 523 1492 594 corporibus
1508 524 1618 595 spiritua
1630 525 1797 582 dominentur
1808 530 1843 581 ob

228 610 382 662 caesionem
402 615 528 678 mugamr
547 603 713 669 chordmvel
733 603 828 675 digito,
842 610 873 657 ut
892 604 922 657 in
940 603 1018 673 lym
1057 611 1160 658 motum
1175 602 1300 666 celerem,
1315 610 1343 657 et
1359 604 1583 673 penetrationem.
1623 604 1842 660 Veruntamenin

228 688 273 743 vel
289 687 402 750 calamo,
425 694 457 741 ut
476 687 505 740 iu
525 685 669 756 eapinetir3
690 683 781 737 atatim
801 680 902 737 desinit
919 683 1020 737 reainu
1057 682 1214 752 corporibua
1234 682 1324 752 magia
1343 683 1520 747 condeuaatia,
1534 700 1585 737 uec
1607 684 1706 754 apiritu
1719 685 1804 739 vivido
1815 695 1842 740 et

228 767 275 822 tio.
315 766 445 837 Magnete
459 771 550 820 eutem
562 770 673 827 remoto,
687 763 779 818 atatim
791 762 894 816 ferrum
910 762 1018 817 decidit
1058 762 1166 833 vigente
1174 761 1277 831 (qualia
1285 762 1356 815 ineat
1366 772 1480 832 argento
1488 762 1551 816 viro
1560 762 1716 830 etriuiolo)
1728 763 1841 834 repletis,

230 845 310 902 Luna
323 853 445 900 autema
461 845 529 899 mori
543 861 597 897 non
611 851 701 914 potent
713 843 861 896 removeri:
882 857 932 895 neo
947 851 1020 897 terra
1057 840 1229 895 dominantur
1246 841 1338 911 potius
1359 849 1450 911 parter
1471 842 1632 907 craaaiorea;
1656 843 1725 897 adeo
1746 852 1775 897 ut
1791 845 1842 898 uiri

229 926 410 996 aponderoao
423 924 576 979 dumcadit
618 923 713 994 ltaque
726 922 759 976 de
771 921 828 975 illia
841 919 946 976 nullum
959 922 1018 976 steri
1058 920 1171 975 staenum
1180 928 1207 973 et
1217 920 1313 990 jugum
1327 920 1379 974 hoc
1389 928 1447 975 erte
1461 919 1553 992 aliqua
1566 922 1727 986 ucutiatur,
1736 921 1842 977 deuon

229 1012 318 1075 potest
332 1004 565 1075 experimentum
586 1002 635 1057 aed
648 1001 717 1056 ratio
730 1000 824 1055 eadem
838 1007 889 1054 eat.
1057 998 1149 1071 eliqua
1163 999 1318 1068 hujusmodi
1332 1017 1476 1069 corporum
1490 1000 1728 1056 umatomarione
1738 1002 1841 1057 minime

269 1084 311 1139 Sit
324 1093 412 1139 motua
425 1083 545 1137 decimus
562 1091 680 1153 quartur,
694 1081 1017 1150 moeoaoonstgorotioriq
1057 1079 1218 1148 operandum
1239 1080 1282 1133 ait.
1323 1080 1422 1149 Neque
1438 1096 1502 1134 vero
1524 1080 1662 1151 quispiam
1680 1096 1731 1136 noa
1750 1080 1841 1136 obiitne
1877 1111 1878 1132 ;

228 1173 275 1218 aut
289 1166 381 1222 citur.-
403 1180 452 1233 per
465 1179 546 1234 quem
559 1177 671 1232 corpora
685 1167 813 1230 appetere
827 1159 950 1214 videntur
963 1174 1018 1215 uon
1057 1174 1116 1212 eoae
1130 1158 1266 1212 existimet
1280 1159 1340 1226 ejua
1354 1159 1425 1230 quod
1435 1175 1507 1213 nunc
1520 1162 1618 1230 agitur.
1633 1161 1707 1230 quia,
1720 1177 1780 1214 cum
1792 1161 1842 1214 iata

228 1243 376 1297 coitionem
389 1250 438 1296 aut
451 1243 650 1312 separationem
663 1239 800 1310 eliquame
820 1238 869 1293 aed
882 1238 972 1302 eitum,
991 1246 1019 1294 et
1057 1238 1141 1292 aerico
1162 1244 1191 1291 et
1211 1237 1365 1292 distributio
1389 1245 1511 1293 motuum
1530 1238 1565 1293 ed
1582 1238 1623 1292 nil
1645 1239 1720 1295 alind
1739 1247 1840 1310 rpeotet,

228 1322 439 1386 collocationem,
464 1328 492 1376 et
514 1320 752 1394 configurationem
772 1335 834 1372 cum
854 1317 926 1371 aliia.
967 1317 1020 1373 Eat
1057 1333 1138 1388 quam
1152 1316 1301 1371 utillorom
1311 1318 1539 1388 proedoninorrtic
1553 1335 1603 1388 per
1611 1320 1758 1374 instantior
1766 1321 1841 1374 hoto

228 1402 475 1456 autemiatcmotua
482 1400 559 1454 valde
571 1400 774 1462 abatruauo,nec
783 1397 1017 1468 beneinquiaitua.
1057 1396 1154 1450 meliua
1171 1396 1330 1466 inquiratur,
1343 1397 1402 1464 jam
1416 1398 1486 1451 inter
1507 1406 1597 1452 motua
1614 1398 1691 1469 ipaoa
1706 1400 1840 1469 μωιιωιὶ-

227 1481 317 1553 Atque
331 1482 359 1535 iu
373 1480 534 1552 quibuedam
544 1475 939 1550 videturquaaiinceuaabilia3
955 1477 1018 1532 licet
1056 1478 1161 1530 nortio
1175 1476 1339 1529 mentionem
1347 1476 1486 1531 laciamua
1527 1477 1592 1531 Nou
1606 1478 1682 1532 enim
1695 1478 1840 1548 iudeacrip

227 1576 322 1615 revera
350 1562 392 1629 (ut
413 1560 611 1625 existimamus)
636 1575 690 1611 uon
716 1557 755 1610 ite
775 1557 820 1611 ait.
861 1555 970 1611 Etenim
993 1557 1018 1612 ai
1056 1555 1129 1609 tione
1143 1555 1411 1627 muriatiurrogii,
1425 1556 1459 1610 de
1475 1557 1705 1625 proedorrinontio
1726 1569 1839 1611 motuum

227 1646 431 1711 quaerimur
448 1638 539 1709 potius
558 1637 657 1692 coelum
673 1636 794 1691 volvatur
814 1635 850 1689 ab
867 1635 969 1689 oriente
988 1638 1017 1690 in
1056 1641 1102 1688 aut
1119 1634 1245 1688 vinutum
1259 1642 1414 1698 tractamur,
1428 1635 1475 1690 aed
1493 1636 1527 1689 de
1543 1637 1773 1707 praeminentia
1785 1653 1839 1707 par·

227 1719 493 1789 occidentem‚quam
507 1718 543 1771 ab
553 1717 690 1771 occidente
704 1717 733 1769 iu
747 1715 896 1770 orientem:
911 1722 958 1769 aut
970 1732 1019 1770 cur
1056 1714 1124 1768 tium
1138 1713 1166 1767 in
1180 1713 1345 1784 corporibua.
1387 1714 1455 1769 Hec
1467 1716 1540 1769 euim
1554 1732 1588 1769 ea
1601 1722 1644 1769 eat
1653 1716 1839 1785 praedemano

226 1805 344 1853 venatur
357 1797 514 1868 circapoloo
527 1797 629 1868 poaitoa
640 1797 718 1864 juxte
728 1795 821 1858 Uraae,
832 1794 922 1865 potius
936 1811 1018 1864 quam
1056 1793 1101 1858 tia,
1116 1810 1177 1864 quaa
1190 1793 1310 1863 speciem
1324 1793 1404 1847 iatam
1418 1801 1506 1848 motua
1519 1794 1687 1864 peculiarem
1701 1796 1836 1850 constitnit

225 1878 298 1932 circa
308 1877 444 1941 Orionem}
451 1883 497 1930 aut
511 1893 547 1930 ex
558 1875 611 1929 alia
624 1875 716 1945 aliqua
729 1882 806 1944 parte
817 1874 897 1928 coetiz
911 1873 1018 1928 videtur
1096 1872 1139 1928 Sit
1163 1880 1251 1927 mutua
1283 1872 1404 1927 decimae
1430 1874 1570 1942 septimae,
1593 1883 1680 1928 moe
1706 1877 1838 1928 rotctr'orir

225 1956 279 2013 iata
301 1957 414 2028 quaeatio
435 1963 563 2027 tanquam
585 1954 706 2025 quoedarn
729 1953 854 2017 ecstasim
882 1969 943 2006 cunr
966 1953 1019 2007 iata
1056 1960 1238 2023 spontaneos,-
1258 1968 1307 2022 per
1327 1968 1408 2022 quem
1428 1968 1541 2023 corpora
1556 1961 1632 2008 motu
1652 1953 1837 2025 gaudentiaet

224 2037 317 2108 potior
329 2037 364 2090 ab
378 2035 554 2106 experientia,
569 2042 596 2088 et
608 2041 638 2088 ut
650 2032 775 2103 positiva,
788 2031 874 2102 recipi
889 2031 1015 2087 debeant.
1056 2030 1125 2085 bene
1145 2030 1284 2096 collocata,
1305 2039 1404 2085 natura
1424 2048 1474 2086 aua
1494 2032 1627 2096 fruuntur,
1654 2040 1736 2105 atque
1756 2035 1838 2103 oeipra

226 2116 262 2170 Δι
279 2116 308 2170 iu
322 2122 417 2170 natura
430 2114 551 2184 prolecto
564 2119 626 2167 eunt
640 2112 763 2183 quadam
776 2111 873 2166 ultima
886 2118 914 2165 et
927 2111 1019 2167 incau·
1056 2117 1210 2181 aequantur,
1224 2126 1278 2163 uon
1300 2108 1389 2174 aliud;
1410 2119 1438 2165 et
1458 2120 1589 2183 tanquam
1606 2113 1735 2182 propriue
1752 2119 1839 2183 petunt

226 2195 339 2260 aabiliar
353 2190 749 2250 rerumhocexilliauoueaae
760 2191 875 2246 ridetur.
907 2191 1018 2246 Etenim
1056 2189 1209 2260 amplexus.
1248 2189 1356 2244 Etenim
1363 2190 1839 2261 ridenturcorporaautmorereaine

225 2274 278 2329 hoc
292 2274 350 2330 fieri
365 2273 552 2329 existimemur
566 2289 602 2327 ex
615 2272 730 2342 quadam
749 2270 893 2324 harmonia
913 2278 940 2324 et
956 2286 1018 2324 con·
1056 2269 1187 2333 termiu03
1209 2276 1256 2323 aut
1274 2268 1356 2339 plane
1370 2270 1528 2341 quiescere3
1550 2278 1597 2325 aut
1620 2270 1687 2325 ferri
1706 2273 1740 2327 ed
1757 2273 1839 2326 termi-

226 2371 309 2409 oeuau
322 2352 424 2416 mundi,
440 2353 486 2425 qui
500 2351 588 2406 adhuc
602 2367 657 2405 non
669 2351 781 2405 venitin
795 2350 1017 2405 observationem.
1055 2365 1128 2413 num,
1142 2347 1188 2403 ubi
1209 2365 1259 2420 pro
1279 2357 1377 2403 natura
1390 2365 1441 2403 aua
1458 2357 1506 2403 aut
1523 2357 1614 2404 rotant
1633 2359 1683 2404 aut
1701 2351 1839 2422 qtrieaeant.

226 2432 303 2495 Quod
316 2433 340 2488 ai
355 2433 501 2502 recipiatur
519 2439 609 2485 motua
629 2438 707 2485 terrie
722 2430 757 2483 ab
770 2429 909 2484 occidente
923 2429 952 2482 in
967 2429 1018 2483 ori·
1057 2427 1146 2499 Atque
1164 2445 1224 2499 quae
1243 2428 1311 2482 brne
1329 2427 1462 2482 collocata
1481 2429 1589 2493 cuntai
1611 2437 1688 2484 motu
1707 2432 1839 2501 gaudeam,

225 2521 330 2578 entem;
352 2513 454 2568 eaedem
472 2517 584 2565 manent
603 2510 776 2580 quaetionea.
817 2510 892 2563 Nam
910 2516 937 2562 et
957 2508 1018 2579 ipaa
1054 2515 1165 2562 moveat
1185 2524 1234 2577 per
1255 2506 1403 2561 circulum:
1424 2516 1500 2563 motu
1518 2508 1624 2563 acilicet
1641 2517 1746 2564 retento
1761 2519 1787 2565 et
1804 2511 1840 2563 io-

225 2608 307 2661 auper
327 2591 432 2663 eliquoa
455 2591 534 2660 poloa
553 2597 681 2644 moretur.
722 2589 819 2659 Atque,
840 2605 888 2642 cur
908 2587 1017 2642 tandem
1056 2586 1140 2642 linito.
1182 2587 1248 2648 Qua
1261 2586 1329 2641 bene
1347 2586 1479 2641 collocata
1493 2593 1564 2653 aunt,
1580 2595 1609 2642 et
1628 2597 1733 2644 motum
1752 2589 1841 2645 exhor·

225 2672 342 2726 debeant
349 2672 393 2725 isti
404 2670 460 2741 poli
470 2669 596 2724 collocari
607 2669 694 2739 magia
704 2667 751 2722 ubi
761 2675 830 2732 nunt,
840 2684 921 2739 quam
932 2666 1017 2721 alibi?
1056 2673 1122 2730 rent,
1145 2682 1255 2736 prorauo
1278 2667 1427 2737 quiescunt
1468 2666 1535 2728 Qua
1555 2683 1610 2721 non
1628 2668 1700 2723 bene
1720 2669 1842 2723 collocata

228 2751 297 2805 ltem
311 2750 454 2814 verticitaq
470 2756 497 2802 et
508 2748 627 2812 directio,
641 2756 670 2802 et
682 2746 828 2801 declinatio
839 2747 975 2818 magnetia
983 2747 1018 2801 ad
1055 2752 1124 2810 eunt,
1132 2753 1242 2800 movent
1255 2746 1284 2799 in
1297 2745 1370 2800 linea
1383 2753 1458 2801 recta
1473 2750 1616 2818 (tanquam
1630 2749 1740 2802 tramite
1751 2749 1841 2802 brevio

128 2825 134 2834 ’
225 2829 298 2884 hunc
309 2837 413 2884 motum
426 2827 586 2883 reseruntur.
628 2827 721 2882 Etiam
733 2826 906 2881 inveniuntur
919 2827 948 2880 in
962 2843 1018 2880 cor·
1056 2824 1138 2894 aimo)
1153 2826 1187 2880 ed
1202 2825 1338 2880 consortia
1351 2842 1460 2881 cuorum
1473 2825 1701 2882 connaturalium.
1744 2828 1841 2898 Recipit

225 2910 337 2980 poribua
363 2915 418 2963 tam
445 2907 612 2963 naturalibua
631 2924 713 2979 quam
736 2904 929 2971 artificialibua,
949 2922 1018 2976 prte-
1056 2913 1144 2959 autem
1172 2911 1262 2961 motus
1292 2906 1344 2961 iate
1371 2907 1514 2960 rotationis
1541 2905 1714 2964 differentiae
1744 2925 1840 2963 uorem

226 2990 321 3045 sertim
334 2988 549 3051 consistentium
564 2995 590 3041 et
609 3004 664 3042 non
682 2987 780 3051 fluidis,
794 2985 933 3040 collocatio
947 3003 1018 3056 qute-
1055 2983 1183 3049 Primam,
1205 2986 1290 3040 centri
1317 2985 1368 3050 aui,
1391 2986 1463 3040 circa
1486 2986 1558 3057 qnod
1581 3003 1699 3057 corpora
1722 2997 1840 3043 moreat:

225 3069 289 3124 dam
303 3075 331 3123 et
344 3068 465 3138 pooitura
481 3067 605 3137 partium,
623 3073 652 3121 et
668 3074 796 3137 tanquam
811 3064 868 3119 villi
882 3065 1016 3130 ettibrae3
1055 3065 1208 3130 recondam,
1229 3064 1353 3135 polorum
1378 3081 1494 3131 auorum,
1516 3082 1600 3136 aupra
1626 3083 1698 3137 quoa
1725 3075 1840 3122 movent:

226 3165 286 3219 quae
321 3146 467 3217 diligenter
500 3146 693 3216 invertigandae
726 3154 804 3210 auut;
839 3152 931 3215 utpote
958 3146 1017 3200 aine
1055 3145 1169 3209 tertiam,
1189 3145 1414 3200 circumferentiae
1427 3145 1484 3200 aive
1498 3145 1616 3200 ambitur
1630 3147 1682 3212 aui,
1697 3155 1778 3216 prout
1796 3147 1842 3201 dia

226 3243 340 3298 quarum
353 3225 508 3280 inventione
516 3242 628 3295 corpora
640 3225 688 3279 illa
699 3224 838 3280 commode
853 3225 961 3279 tractari
971 3231 1018 3279 aut
1055 3230 1112 3279 tant
1125 3241 1142 3278 a
1155 3232 1264 3278 centro:
1281 3233 1412 3295 quartam,
1426 3225 1592 3280 incitationia
1606 3242 1672 3290 auae,
1687 3234 1768 3297 prout
1779 3226 1841 3281 cele

225 3306 285 3376 regi
299 3322 353 3359 non
368 3313 488 3374 porcum
529 3304 766 3359 Atcircolationea
780 3303 842 3358 illua
855 3305 883 3358 in
897 3303 1016 3375 liquidia,
1056 3304 1111 3357 riua
1138 3312 1185 3359 aut
1210 3303 1313 3359 tardiua
1339 3311 1444 3358 rotam:
1471 3305 1601 3375 quintam,
1629 3306 1842 3376 conrequutionia

225 3402 275 3456 per
289 3401 356 3456 quae
369 3382 426 3448 illa,
440 3383 504 3439 dum
518 3400 612 3454 prema
627 3384 688 3448 aiut,
702 3392 847 3455 antequam
861 3381 1017 3439 acliberare
1055 3389 1143 3437 mutua
1165 3383 1215 3447 aui,
1229 3383 1314 3438 veluti
1328 3384 1364 3437 ab
1383 3384 1487 3438 oriente
1508 3385 1537 3438 in
1556 3384 1737 3449 occidentem,
1750 3393 1796 3440 aut
1812 3385 1843 3437 ab

224 3471 347 3535 poaeunt,
357 3463 512 3518 aeiuricem
521 3462 651 3527 relevant,
661 3470 693 3517 ut
702 3463 930 3531 compressionem
940 3462 1018 3518 illam
1055 3462 1194 3517 occidente
1211 3462 1241 3517 iu
1261 3463 1411 3518 orientem:
1432 3469 1546 3528 textam,
1561 3463 1754 3519 declinationia
1771 3465 1843 3519 aeir-

224 3560 261 3599 ει
269 3559 347 3615 aquo
360 3541 481 3607 tolerent,
493 3543 577 3597 motui
592 3543 726 3595 libertarit
736 3542 825 3596 reriua
837 3542 1015 3613 aaaignarm
1055 3540 1116 3596 colo
1125 3542 1246 3612 perfecto
1260 3560 1310 3613 per
1319 3544 1407 3613 apiraa
1418 3542 1525 3613 longior
1534 3550 1581 3599 aut
1595 3544 1711 3615 propina
1720 3544 1843 3599 diameter

264 3620 309 3678 Sit
319 3630 409 3678 motua
423 3621 670 3693 decimuaquintur,
680 3630 764 3674 mour
774 3638 826 3692 per
836 3623 1016 3688 transitionis,
1055 3638 1073 3674 a
1085 3630 1177 3676 centro
1183 3637 1249 3676 auo:
1270 3621 1422 3693 reptimam
1437 3621 1624 3677 declinationis
1644 3623 1779 3679 acirculo
1790 3640 1844 3695 per·

224 3703 281 3757 aive
302 3711 387 3756 ιιιοιιιε
411 3701 556 3755 comodum
576 3709 699 3760 meum
727 3717 880 3773 perquem
904 3701 1017 3757 vinatea
1055 3701 1127 3755 lecto
1140 3717 1189 3771 per
1201 3700 1289 3771 apiraa
1302 3699 1411 3772 lougius
1421 3709 1468 3757 aut
1480 3702 1593 3772 propiua
1603 3701 1845 3775 dimonteaapolir

224 3798 367 3853 corporum
381 3781 470 3851 magia
489 3780 641 3835 autminua
654 3779 841 3850 impediuntur,
856 3787 903 3834 aut
924 3797 1017 3851 prove-
1055 3779 1130 3835 auia:
1161 3788 1293 3844 octavam,
1321 3780 1456 3835 diotantiae
1483 3781 1617 3852 propioris
1641 3790 1692 3836 aut
1718 3782 1843 3854 longioria

224 3860 473 3915 hunturamediia
492 3860 621 3930 ipsorum,
642 3868 806 3930 pronatum
826 3875 973 3929 corporum
991 3868 1017 3915 et
1055 3859 1189 3930 spirarum
1209 3875 1317 3914 auarum
1338 3859 1374 3915 ad
1395 3860 1527 3915 invicem:
1547 3876 1648 3915 nonam
1670 3868 1698 3916 et
1719 3862 1842 3925 ultimam.

225 3940 355 3994 virtutum
382 3940 559 4009 operantium,
582 3946 663 4010 atque
691 3938 772 3993 etiam
800 3938 892 3993 medii.
933 3938 1017 3994 Aliud
1056 3938 1213 3993 venationia
1226 3940 1347 4009 ipaorum
1360 3939 1533 4010 polorum‚ai
1554 3940 1609 3995 aiut
1629 3940 1767 3997 mobrlea:
1788 3959 1844 4014 quar

224 4019 298 4074 enim
311 4018 431 4073 medium
445 4018 500 4073 luci
514 4020 646 4083 convenit,
661 4018 735 4074 aliud
754 4034 827 4081 acuo,
841 4017 916 4072 eliud
932 4018 1016 4072 calori
1054 4018 1116 4088 ipae
1129 4018 1164 4072 ad
1177 4020 1336 4073 rotationem
1348 4035 1402 4073 non
1412 4019 1537 4089 pertinet,
1546 4019 1599 4073 niai
1614 4021 1662 4074 fiat
1672 4020 1842 4076 circuieriter.

224 4108 252 4152 et
267 4098 369 4169 frigori,
389 4096 463 4152 aliud
476 4097 620 4153 virtutibua
640 4097 809 4170 magneticia,
829 4113 933 4151 necnon
955 4097 1017 4152 aliia
1055 4096 1143 4168 Atque
1163 4097 1215 4152 iata
1236 4106 1323 4153 motua
1345 4098 1481 4153 communi
1502 4105 1529 4153 et
1549 4099 1701 4154 inveterata
1722 4101 1844 4171 opinione

224 4176 362 4232 nonnullia
375 4178 533 4248 respective.
1055 4175 1171 4232 hebetur
1184 4194 1234 4248 pro
1246 4177 1532 4249 propriocoeleatium.
1564 4177 1694 4234 Attamen
1708 4180 1844 4251 graviade

264 4255 307 4311 Sit
316 4263 406 4311 motae
422 4256 542 4313 decimor
556 4264 657 4323 aerina,
671 4266 755 4312 maor
769 4258 864 4329 regius
878 4256 931 4326 (ita
944 4257 1018 4312 enim
1054 4255 1103 4310 illo
1125 4263 1200 4311 motu
1219 4255 1253 4312 lia
1271 4265 1314 4312 eat
1335 4257 1406 4312 iuter
1428 4256 1572 4313 nonnulloa
1591 4268 1648 4313 tam
1668 4276 1705 4313 ex
1728 4259 1846 4331 antiquie

224 4352 286 4389 eum
297 4334 479 4406 appellamur)
493 4336 550 4391 aire
559 4339 712 4408 politicus,-
733 4353 782 4406 per
795 4343 974 4407 quempartea
988 4338 1017 4390 in
1055 4352 1136 4406 quam
1157 4336 1301 4401 modernia,
1316 4337 1362 4406 qui
1383 4338 1537 4392 rotationem
1559 4344 1636 4392 terrre
1657 4338 1842 4393 attribuerunt.

224 4430 335 4484 corpore
346 4413 438 4485 aliquo
448 4415 888 4487 protominanteoettmperuntes,
899 4415 1017 4486 reliquae
1055 4416 1093 4468 At
1116 4414 1200 4470 multo
1218 4416 1332 4470 torturae
1349 4416 1450 4484 justior
1469 4425 1591 4471 movetur
1611 4420 1800 4473 controversia
1812 4418 1844 4489 (ri

224 4503 315 4564 portes
329 4494 450 4558 frenant,
458 4495 575 4561 doment,
587 4496 723 4567 subigunt,
731 4495 864 4559 ordinant,
875 4502 903 4549 et
916 4503 1018 4566 cogunt
1055 4494 1134 4549 modo
1155 4512 1199 4549 rea
1219 4510 1275 4549 noo
1294 4495 1331 4549 ait
1348 4495 1460 4551 omnino
1478 4502 1555 4550 extra
1574 4498 1800 4569 controveraiam)
1813 4514 1844 4551 en

224 4589 271 4628 eae
293 4573 414 4636 adunari,
436 4575 564 4643 reparari,
584 4576 740 4640 conaiatere,
755 4574 866 4639 morari,
881 4574 1016 4640 collocari,
1054 4582 1142 4628 motua
1155 4573 1282 4629 videlicet
1299 4574 1352 4630 iate
1367 4577 1507 4644 (couceaao
1521 4575 1592 4647 quod
1613 4581 1686 4630 terra
1706 4576 1775 4645 atet)
1789 4576 1844 4631 eceli

222 4667 277 4706 nou
300 4670 336 4707 ex
357 4652 499 4707 derideriia
521 4654 586 4719 auia,
602 4655 649 4709 aed
671 4662 751 4725 prout
771 4655 801 4708 in
818 4653 912 4709 ordine
932 4654 975 4719 ait,
990 4660 1018 4708 et
1056 4653 1155 4707 tinibus
1168 4653 1347 4718 contineatur,
1362 4670 1398 4707 an
1418 4655 1509 4724 potiua
1522 4655 1674 4719 deacendat,
1689 4663 1716 4710 et
1730 4674 1845 4712 eommu-

222 4733 355 4788 conducat
369 4732 404 4786 ad
418 4732 488 4787 bene
501 4750 561 4788 eaae
574 4735 659 4805 partia
672 4733 745 4789 illiue
759 4733 933 4803 imperantia;
949 4734 1017 4787 adeo
1055 4734 1161 4787 nicetur
1175 4734 1231 4788 oiri
1250 4740 1278 4787 et
1296 4734 1383 4804 aquia.
1424 4733 1531 4789 Motum
1551 4741 1642 4790 autem
1661 4738 1808 4790 rotationis
1820 4736 1844 4789 in

221 4818 252 4866 nt
265 4812 301 4867 ait
314 4812 392 4884 quari
405 4814 524 4885 regimen
538 4821 566 4867 et
580 4815 680 4885 politic
700 4814 830 4883 quadam,
846 4830 926 4884 quam
940 4830 1018 4867 exer·
1054 4811 1211 4877 miaailibua‚
1225 4820 1256 4866 ut
1271 4812 1298 4866 in
1311 4812 1431 4883 apiculis,
1445 4813 1558 4883 sagittis,
1573 4812 1636 4885 pilia
1653 4814 1843 4885 aclopetorun,

221 4900 265 4945 cet
280 4908 456 4963 pararegeua
474 4893 502 4946 in
523 4902 615 4963 partea
629 4893 761 4948 aubditaa.
802 4893 913 4946 Eminet
925 4899 1016 4947 autem
1055 4900 1082 4945 et
1096 4891 1236 4956 aimilibua‚
1251 4893 1362 4946 omnino
1370 4893 1404 4945 ad
1418 4900 1518 4947 motum
1533 4892 1667 4947 libertarit
1679 4894 1825 4963 rejicimur

221 4969 267 5025 hic
290 4980 381 5027 motua
403 4973 541 5043 precipue
566 4973 596 5026 in
620 4972 761 5043 apiritibua
781 4971 948 5036 animalium,
971 4972 1016 5043 qui
1095 4971 1136 5026 Sit
1157 4979 1248 5026 motua
1268 4971 1389 5026 decimus
1407 4978 1524 5035 octavna,
1542 4981 1626 5026 motor
1642 4975 1843 5044 trepidationis,

221 5058 309 5105 motua
323 5068 418 5107 omuea
434 5053 553 5122 partium
571 5050 745 5123 reliquarum,
759 5051 887 5123 quamdiu
908 5052 968 5121 ipae
988 5052 1017 5105 in
1055 5050 1099 5104 cui
1113 5052 1156 5119 (ut
1169 5051 1204 5105 ab
1218 5051 1379 5107 aatronomia
1393 5050 1566 5123 intelligitur)
1579 5068 1633 5106 non
1653 5051 1771 5108 multum
1787 5052 1843 5107 odet

221 5130 315 5199 vigore
336 5138 384 5196 eat,
404 5138 596 5201 contemperat
639 5131 779 5185 iuvenitur
798 5140 888 5185 autem
909 5131 938 5184 in
955 5130 1017 5185 aliia
1055 5129 1223 5185 adhibemur.
1273 5130 1362 5186 Nobia
1388 5139 1487 5195 autem,
1514 5147 1655 5202 corporum
1682 5132 1843 5188 naturalium

220 5210 379 5278 corporibua
393 5210 423 5265 in
441 5210 526 5281 gradu
542 5209 659 5281 quodam
680 5210 824 5273 iuferiore;
846 5210 1018 5280 quemadmo·
1055 5208 1190 5279 appetitua
1203 5209 1305 5281 ubique
1319 5210 1391 5264 aerio
1410 5211 1646 5280 perscrutantibus.
1660 5214 1781 5266 occurrit
1797 5212 1844 5265 iate

220 5287 285 5341 doru
312 5288 412 5343 dictum
436 5297 479 5343 eat
499 5288 533 5342 de
554 5290 688 5359 sanguiue
711 5296 740 5343 et
760 5289 856 5353 orinia,
879 5307 939 5360 quae
961 5306 1017 5344 non
1055 5299 1158 5353 motua3
1179 5288 1349 5343 etcouatitui
1363 5288 1461 5344 debere
1475 5289 1579 5344 videtur
1593 5290 1621 5344 iu
1635 5290 1765 5360 aperiem.
1798 5290 1845 5344 liet

220 5365 368 5430 aolvuntur,
380 5368 465 5421 donec
475 5369 593 5437 spiritua,
603 5369 648 5438 qui
659 5376 749 5438 partea
760 5384 851 5422 earum
862 5369 1018 5423 commisce·
1055 5376 1144 5422 autem
1159 5367 1204 5422 hic
1215 5367 1394 5423 motuavelnti
1404 5376 1511 5423 taternae
1524 5369 1664 5437 cujusdam
1672 5370 1842 5440 captivitatis.

220 5443 268 5496 bat
293 5452 322 5497 et
354 5445 508 5512 cohibebat,
539 5448 654 5503 emiaaua
681 5447 762 5502 suerit
788 5454 835 5500 aut
861 5447 1016 5503 aullocatua.
1055 5447 1190 5504 Videlicet
1209 5447 1256 5503 ubi
1277 5463 1391 5519 corpora
1410 5464 1466 5502 uon
1487 5447 1597 5503 omnino
1616 5465 1667 5519 pro
1682 5458 1781 5504 natura
1796 5462 1842 5503 rua
