3800 5875
42 287 167 344 Lisstt.
683 279 823 337 NOVUM
843 280 1045 336 ORGANUM.
1621 278 1680 341 477

86 446 204 509 Rursus,
219 443 291 498 inter
304 442 417 515 ingenia
431 441 692 506 etmanusisominis,
705 457 759 495 non
773 456 845 510 pror·
882 439 1091 494 affirmationem
1104 436 1149 492 vel
1162 436 1371 508 abnegationem
1384 435 1556 508 requirimus.
1598 437 1679 493 Suffi-

43 523 304 580 snseontenrnenda
318 530 380 575 sunt
392 519 538 591 presagia
551 527 579 574 et
589 519 730 588 jocularia.
770 520 846 574 Non-
879 518 921 572 cit
940 517 1014 572 enim
1033 518 1068 571 ad
1088 517 1124 581 id,
1139 517 1212 589 quod
1230 516 1327 588 agitur,
1341 517 1427 570 etiam
1445 516 1469 570 si
1489 515 1680 586 exceptionem

43 604 123 660 nulla
145 604 222 658 enim
243 618 279 656 ex
295 601 366 664 istis,
381 600 446 653 licet
463 600 519 652 sint
531 616 583 653 usn
595 600 669 652 levia
689 606 717 651 et
733 598 845 663 ludicra,
882 595 1043 651 nonnullam
1056 595 1222 667 singularem
1236 603 1284 649 aut
1297 612 1386 650 raram
1401 595 1545 665 patiantur.

45 697 140 738 nmen
154 680 349 736 informatione
358 678 448 732 valida
459 694 518 731 esse
532 686 654 747 possunt.
923 675 998 730 Usus
1013 682 1105 730 autem
1115 677 1308 728 instantiarum
1321 676 1462 729 comitatus
1476 684 1518 729 est
1531 673 1566 727 ad
1579 690 1680 744 anguis·

85 762 249 817 Postremus
269 775 358 830 neque
378 757 490 811 omnino
503 757 651 812 omittenda
671 764 735 811 sunt
752 772 845 824 super·
883 754 994 808 tandam
1013 754 1199 823 affinnutiaam
1218 753 1320 809 iormae.
1362 753 1591 814 Quemadmodum
1606 754 1680 807 enim

45 842 163 904 stitione,
175 846 203 893 ει
214 844 308 909 (prout
321 836 481 891 vocabulum
492 852 575 891 sensu
584 835 690 905 vulgari
700 826 845 905 decipitur)
882 832 914 886 in
928 834 1070 886 instantiis
1083 833 1263 903 migrantibus
1277 842 1434 902 angustatur
1453 834 1613 903 affirmatius
1628 831 1681 885 ior·

48 920 169 991 magica,
211 918 291 973 Licet
305 917 377 971 enim
391 916 546 983 hujusmodi
561 932 604 969 res
618 915 674 967 sint
689 914 847 969 inimmen·
883 927 950 975 maer
971 912 1022 965 rin.
1037 911 1232 965 utnecessario
1246 911 1311 981 poni
1332 912 1430 965 debeat
1450 913 1538 965 forma
1557 913 1595 965 rei
1620 927 1680 964 esse

47 1017 109 1054 sum
122 1000 230 1053 obrutae
245 996 341 1067 grandi
351 994 422 1049 mole
429 993 632 1048 mendaciorum
643 993 844 1057 etiabularum,
883 989 995 1061 aliquid,
1018 989 1089 1061 quod
1113 997 1273 1060 peractum
1292 988 1369 1044 illum
1388 990 1559 1061 migrationis
1579 990 1682 1043 inditur

47 1088 140 1132 tamen
168 1074 371 1146 inspiciendum
398 1073 545 1144 paulisper,
566 1073 590 1126 si
617 1073 687 1126 iorte
711 1072 798 1126 subsit
819 1079 847 1125 et
883 1076 930 1123 ant
941 1067 1102 1123 destruitur:
1123 1069 1163 1122 ita
1180 1069 1263 1122 etiarn
1280 1069 1309 1122 in
1323 1067 1465 1124 instantiis
1482 1072 1622 1123 comitatus
1634 1085 1682 1122 an-

47 1158 132 1212 lateat
146 1157 177 1210 in
191 1155 330 1224 aliquibus
343 1169 436 1208 carum
452 1150 544 1221 aliqua
563 1152 684 1220 operatio
697 1151 845 1205 naturalis:
883 1155 1007 1217 gustatur
1021 1147 1182 1217 affirmativa
1196 1147 1305 1210 iormaes
1327 1155 1358 1200 ut
1378 1149 1532 1201 necessario
1552 1149 1618 1217 poni
1633 1147 1680 1200 de·

47 1245 78 1291 nt
104 1237 133 1289 in
156 1235 280 1298 fascinos
310 1241 338 1287 et
361 1231 549 1285 iustificatione
571 1231 794 1300 imaginationis3
819 1237 847 1283 et
883 1226 947 1281 beat
961 1226 1048 1280 iorma
1058 1227 1098 1280 rei
1107 1243 1167 1280 esse
1181 1225 1292 1296 aliquid,
1304 1226 1376 1297 quod
1388 1226 1470 1280 talem
1480 1227 1680 1281 concretionem

47 1331 184 1369 comensu
192 1330 284 1368 rerum
292 1312 326 1366 ad
336 1312 439 1366 distans
450 1331 456 1374 ς
479 1317 506 1363 et
520 1310 720 1364 transmissione
734 1309 847 1378 impres·
884 1306 1007 1374 corporis
1020 1304 1306 1375 subingrediuntur
1319 1313 1413 1358 contra
1426 1306 1461 1358 ab
1475 1306 1570 1360 eadem
1583 1305 1682 1360 abhor-

47 1396 159 1448 sionum
181 1410 199 1446 a
220 1392 318 1461 spiritu
339 1390 374 1444 ad
395 1390 528 1459 spiritum,
544 1404 601 1442 non
622 1388 711 1443 minus
732 1403 847 1459 quama
884 1392 959 1446 scats
980 1391 1010 1437 ut
1024 1384 1070 1453 qui
1084 1384 1153 1437 bene
1171 1384 1244 1437 norit
1264 1384 1485 1438 constitutionem
1498 1392 1545 1439 aut
1558 1384 1681 1439 schema-

47 1489 163 1544 corpore
178 1472 214 1526 ad
227 1486 342 1540 corpus;
357 1477 384 1523 ει
396 1467 539 1523 similibus.
885 1462 995 1516 tismum
1016 1461 1174 1531 hujusmodi
1195 1463 1323 1532 corporis,
1337 1478 1392 1515 non
1412 1462 1493 1533 longe
1513 1463 1630 1518 abfuerit
1645 1464 1681 1518 ab

885 1540 1053 1595 extrahentis
1066 1541 1095 1595 in
1111 1541 1200 1595 lucem
1215 1541 1301 1595 iorma
1313 1549 1417 1596 naturas
1430 1542 1575 1612 inquisitas

923 1618 1052 1689 Exempli
1063 1620 1164 1690 gratias
1179 1620 1215 1673 sit
1223 1627 1318 1673 natura
1327 1620 1462 1690 inquisita,
1473 1621 1598 1675 calidum.
1629 1619 1681 1673 In·

89 1703 135 1758 Ex
149 1703 193 1766 iis,
208 1720 270 1774 quse
282 1708 345 1756 ante
359 1700 514 1765 dictasunt,
528 1704 619 1770 patet;
641 1697 713 1769 quod
728 1697 847 1768 quinque
884 1699 988 1753 stantia
999 1697 1140 1753 cornitatus
1151 1706 1192 1752 est
1205 1698 1322 1753 flamma
1357 1699 1465 1753 Etenim
1475 1700 1505 1753 in
1519 1716 1597 1770 aqua,
1608 1698 1680 1764 abre,

48 1782 101 1838 illa
113 1783 305 1837 instantiarum
319 1797 427 1851 genera,
441 1779 474 1833 de
487 1780 585 1849 quibus
598 1777 718 1831 diximus
729 1778 793 1847 (uia.
808 1780 848 1829 in·
886 1776 985 1847 lapide,
1000 1776 1117 1841 metallo,
1132 1785 1161 1832 et
1173 1775 1234 1831 aliis
1249 1776 1470 1848 quamplurimus,
1484 1777 1558 1833 calor
1571 1785 1612 1832 εει
1626 1795 1682 1833 mo

48 1863 217 1916 stantsisrum
237 1860 419 1933 conformium,
435 1859 627 1912 instantiarum
645 1856 847 1919 mmcdicurum,
886 1855 957 1921 bilis,
971 1863 1000 1910 et
1012 1857 1140 1911 accedere
1155 1862 1243 1926 potest
1256 1863 1284 1909 et
1298 1858 1439 1911 recedere:
1460 1864 1489 1910 at
1502 1857 1589 1911 omnis
1606 1858 1682 1911 tiam·

50 1942 249 1993 instantiarum
260 1940 434 2000 munatium,
443 1938 635 1991 instantiarum
643 1935 847 1999 limitaneorum,
886 1951 931 1989 ma
954 1943 996 1990 est
1016 1934 1113 1999 calida,
1131 1936 1170 1989 ita
1189 1941 1220 1990 ut
1236 1934 1311 1990 calor
1326 1936 1356 1990 in
1374 1935 1544 1990 concretione
1564 1937 1681 1991 flammae

52 2020 249 2073 instantiarum
266 2014 426 2089 potestatis)
441 2032 496 2070 non
516 2015 633 2069 debeant
646 2014 785 2078 reservari,
800 2012 860 2092 do·x
886 2022 1018 2084 perpetuo
1050 2021 1186 2085 sequatur.
1241 2013 1278 2068 At
1304 2016 1437 2068 instantia
1466 2015 1573 2069 hostilis
1599 2015 1681 2070 calidi

52 2115 103 2151 nec
123 2098 279 2167 iuquiratur
298 2105 398 2150 natura
411 2094 503 2165 aliqua
521 2102 595 2148 certa
609 2093 849 2163 (quemadmodum
886 2093 961 2147 nulla
980 2092 1114 2162 reperitur
1136 2093 1209 2164 apud
1228 2110 1286 2147 nos.
1326 2094 1400 2149 Nam
1414 2093 1447 2147 de
1464 2094 1614 2148 visceribus
1627 2104 1682 2149 ter·

53 2176 191 2231 instantias
220 2175 340 2246 reliqum,
365 2191 433 2245 quas
456 2175 545 2251 primo
567 2172 627 2226 loco
650 2171 848 2240 proposuimus,
886 2189 924 2226 ra
940 2171 1012 2226 nihil
1033 2180 1137 2226 constat
1157 2172 1190 2224 ad
1204 2188 1332 2237 sensum,
1353 2172 1401 2227 sed
1419 2189 1512 2227 eorum
1530 2189 1681 2244 corporum,

53 2272 160 2309 amnon
173 2254 299 2325 plurimae
312 2271 349 2307 ex
362 2254 405 2317 iis,
416 2270 477 2323 quae
490 2259 644 2322 sequentur,
659 2251 790 2304 reservari
804 2250 849 2303 de-
887 2268 948 2321 qum
968 2251 1046 2304 nabis
1068 2259 1134 2304 nota
1154 2259 1225 2315 sunt,
1244 2250 1320 2305 nulla
1339 2268 1449 2322 prorsus
1473 2258 1515 2306 est
1536 2252 1682 2318 concretio,

53 2335 132 2402 beat)
146 2334 195 2388 sed
218 2333 310 2386 statim
328 2333 386 2399 jam
404 2332 439 2384 ab
460 2332 538 2384 initio
559 2329 684 2383 iacienda
701 2337 743 2382 est
756 2345 849 2383 earum
889 2346 953 2400 quaa
966 2345 1021 2384 non
1034 2330 1273 2400 estsusceptibilis
1287 2329 1393 2385 caloris.

54 2413 188 2475 collectio,
203 2422 332 2482 tanquam
348 2411 460 2464 historia
473 2409 597 2479 quaedam
608 2406 794 2479 particulariss
817 2423 850 2462 eo
927 2407 966 2462 At
988 2424 1089 2473 rursus,
1108 2409 1145 2462 sit
1166 2416 1265 2463 natura
1287 2407 1425 2479 inquisita,
1446 2409 1612 2464 consistens:
1638 2412 1682 2464 in-

56 2492 126 2561 qnod
139 2491 267 2561 digerant
287 2506 328 2554 ea,
348 2507 408 2560 qum
426 2488 614 2558 ingrediuntur
634 2485 809 2550 intellectum,
824 2493 852 2540 ει
887 2488 991 2541 stantia
1001 2487 1108 2541 instilis
1117 2496 1159 2541 est
1168 2490 1224 2541 air.
1258 2487 1367 2542 Etenim
1381 2488 1521 2543 metallum
1535 2490 1684 2559 potesttiu·

55 2572 194 2641 corrigant
211 2585 322 2638 pravam
343 2568 559 2638 complexionem
578 2565 734 2620 intellectus
755 2565 849 2636 ipsius,
888 2582 942 2630 ere,
956 2573 1047 2634 potest
1060 2566 1224 2630 consisteres
1245 2565 1371 2620 similiter
1389 2567 1496 2631 rituum,
1511 2569 1593 2621 etiam
1612 2584 1684 2640 aqua

57 2666 134 2720 qoem
148 2650 261 2703 omnino
275 2664 386 2701 necesse
401 2656 442 2700 est
454 2646 547 2709 imbui,
562 2653 591 2699 et
602 2645 686 2723 intici,
700 2652 728 2697 ει
741 2643 850 2698 demum
887 2652 978 2714 potest
991 2645 1146 2709 consistere,
1160 2661 1222 2699 cum
1244 2645 1447 2715 conglaciatur:
1468 2655 1497 2699 st
1515 2646 1682 2717 impossibile

56 2729 175 2798 perverti
189 2744 222 2780 ac
236 2726 398 2797 distorqueri
412 2725 447 2779 ab
467 2725 621 2780 incursibus
639 2723 804 2796 quotidianis
823 2731 851 2778 et
888 2730 937 2787 est,
953 2730 983 2776 ut
996 2722 1043 2777 air
1058 2740 1176 2794 unquam
1190 2723 1327 2785 consistat,
1341 2735 1388 2776 aut
1402 2734 1484 2778 exuat
1497 2724 1619 2781 fluorem.

57 2807 201 2861 consuetis.
927 2802 1030 2857 Verum
1057 2801 1091 2856 de
1119 2803 1261 2856 instantiis
1288 2800 1444 2870 hujusmodi
1469 2806 1684 2874 propositionum

96 2885 192 2957 ltaque
202 2883 364 2940 adhibendas
377 2891 487 2946 strntcae
497 2882 634 2937 instantiae
644 2888 773 2953 tanquam
783 2898 851 2953 pree·
879 2883 1002 2951 sicarum
1015 2889 1161 2951 supersunt
1170 2881 1225 2934 duo
1236 2881 1346 2946 monita,
1361 2899 1422 2953 quta
1436 2882 1513 2935 utilia
1527 2891 1589 2939 sunt
1606 2884 1642 2938 ad
1654 2884 1684 2939 id

57 2966 212 3035 parativam
219 2963 331 3034 aliquod
341 2964 375 3017 ad
390 2963 592 3016 rectificandnm
604 2969 633 3017 ει
646 2962 851 3031 expurgandum
889 2961 961 3032 quod
975 2961 1072 3031 agitur.
1113 2960 1243 3024 Primum,
1258 2968 1289 3014 ut
1301 2962 1325 3014 si
1346 2961 1461 3016 defuerit
1481 2962 1561 3032 plane
1575 2964 1684 3018 univer·

56 3043 235 3098 intellectum.
276 3042 410 3113 Quicquid
431 3043 504 3095 enim
527 3042 635 3095 abducit
653 3039 852 3095 intellectuma
889 3040 955 3095 salis
976 3039 1137 3109 affimativa
1159 3046 1207 3095 aut
1226 3041 1362 3111 negativa,
1377 3040 1444 3094 illud
1464 3042 1554 3110 ipsum
1567 3041 1684 3113 diligen-

56 3124 204 3187 consnetis,
216 3130 306 3192 aqunt
320 3130 347 3175 et
360 3121 514 3191 complanat
527 3137 619 3175 aream
630 3121 697 3188 ejus,
707 3120 742 3173 ad
756 3120 852 3191 recipi·
889 3125 931 3173 ter
943 3127 1051 3173 notetur
1065 3127 1195 3189 tanquam
1209 3136 1263 3173 non
1274 3136 1341 3173 ens:
1362 3119 1432 3173 sicut
1446 3121 1559 3174 fecimus
1572 3121 1605 3174 de
1620 3121 1685 3175 cali-

57 3203 156 3257 endnm
170 3202 264 3256 lumen
279 3201 380 3255 siccum
395 3208 421 3253 et
435 3216 530 3269 purum
544 3199 682 3253 nodonum
695 3215 828 3253 verarum.
889 3198 931 3262 do,
946 3197 992 3251 ubi
1006 3198 1168 3252 universalis
1179 3198 1309 3269 negativa
1323 3200 1468 3269 (quatenus
1482 3199 1516 3252 ad
1527 3200 1607 3264 enda,
1622 3218 1684 3272 quae

96 3281 269 3343 Quinetiam
289 3278 590 3348 huiusmodiinstantite
604 3285 726 3332 sternunt
738 3285 767 3331 ει
781 3294 850 3348 praa·
890 3277 924 3331 ad
945 3284 1064 3331 nostram
1088 3278 1212 3332 notitiam
1231 3277 1416 3347 pervenerint)
1431 3279 1460 3331 in
1478 3295 1567 3332 rerum
1588 3290 1685 3335 natura

58 3367 164 3416 strnum
176 3361 250 3414 nam
269 3358 304 3412 ad
320 3358 503 3428 operativum
525 3365 554 3411 ut
571 3373 621 3411 suo
642 3356 703 3410 loco
721 3357 851 3421 dicemus,
890 3356 973 3409 deest
1021 3355 1162 3420 Similiter,
1186 3356 1209 3410 si
1231 3364 1329 3409 natura
1349 3357 1481 3427 inquisita
1502 3357 1538 3410 sit
1555 3367 1685 3413 aternum

58 3440 167 3512 quando
176 3440 210 3494 de
222 3439 427 3493 deductionibus
442 3437 479 3490 ad
487 3438 590 3508 praain
604 3452 693 3494 sermo
706 3435 765 3491 eric
890 3443 937 3489 aut
957 3433 1180 3504 incorruptibile;
1201 3435 1277 3488 deest
1289 3436 1449 3489 affirmativa
1461 3436 1622 3491 uniuersalis
1638 3438 1684 3492 hic

890 3513 963 3584 apud
977 3529 1035 3567 nos.
1076 3515 1174 3583 Neque
1196 3514 1269 3568 enim
1288 3514 1429 3583 praedicari
1448 3523 1537 3585 potest
1557 3525 1685 3572 aternum

891 3601 936 3647 aut
956 3593 1160 3663 incorruptibile
1174 3592 1207 3647 de
1224 3592 1317 3664 aliquo
1330 3609 1441 3662 corpore
1456 3611 1557 3658 eorum,
1573 3612 1633 3665 quae
1646 3597 1686 3650 in-

98 3671 174 3726 later
193 3672 396 3743 prerogativus
420 3671 611 3723 instantiarum
635 3685 767 3739 ponemus
793 3667 853 3723 loco
892 3672 933 3725 ira
946 3669 1069 3724 coelestia
1083 3679 1152 3735 sunt,
1168 3681 1214 3725 aut
1228 3688 1310 3740 supra
1327 3672 1455 3725 interiora
1469 3681 1556 3728 terrae.
1597 3674 1685 3729 Alter·

60 3750 202 3805 undecimo
217 3752 365 3804 instantius
382 3751 530 3813 comitatus,
545 3757 625 3819 atque
639 3748 765 3808 tortiles,-
786 3765 853 3818 quas
890 3768 937 3804 um
955 3751 1088 3804 monitum
1110 3759 1159 3814 est,
1182 3757 1212 3803 ut
1233 3751 1461 3819 propositionibus
1480 3752 1684 3819 universalibus,

61 3831 140 3885 etium
169 3831 318 3884 instantias
341 3830 553 3903 propositionum
570 3831 691 3897 sicarum
715 3827 853 3897 appellare
892 3836 946 3882 tam
962 3829 1132 3882 affirmativis
1145 3845 1227 3899 quam
1241 3828 1382 3898 negativis,
1397 3829 1430 3882 de
1444 3829 1684 3901 aliquoconcreto,

61 3911 256 3964 anmantuus,
310 3908 359 3962 Eae
386 3915 449 3962 sunt
472 3907 614 3971 instantias,
639 3923 699 3977 quas
723 3906 855 3960 exhibent
891 3908 1092 3979 subjungantur
1105 3907 1185 3961 simul
1199 3924 1233 3959 ea
1246 3915 1379 3971 concreta,
1391 3925 1451 3977 quoe
1462 3912 1585 3978 proxime
1596 3912 1687 3966 viden-

62 3986 170 4059 aliquod
188 4003 288 4058 corpus
306 3987 362 4041 sire
384 3995 538 4041 concretum
558 3984 619 4051 tale,
638 3985 667 4039 in
687 4001 741 4056 quo
758 3993 855 4039 natura
891 3994 935 4040 tur
948 3986 1077 4040 accedere
1092 3986 1126 4040 ad
1143 3985 1172 4039 id
1190 3985 1261 4056 quod
1282 3997 1323 4039 est
1344 4004 1380 4040 ex
1399 3990 1591 4044 non-entibus:
1613 3991 1686 4046 utin

63 4065 191 4137 inquisita
203 4073 335 4136 perpetuo
348 4074 477 4137 sequatur
491 4073 619 4136 tanquam
635 4081 726 4118 comes
745 4064 854 4135 quidam
891 4066 990 4131 calore,
1006 4066 1122 4119 flammae
1136 4063 1302 4119 mollissimas
1323 4073 1351 4118 et
1370 4065 1511 4120 minimum
1526 4068 1684 4135 adurentem

62 4143 232 4200 individuos:
255 4151 416 4208 autcontra,
430 4144 459 4197 in
474 4160 527 4216 qua
540 4143 780 4214 naturainquisitc
793 4159 854 4213 per·
892 4145 921 4198 in
934 4143 1139 4214 incorruptibili,
1148 4160 1250 4205 aarum,
1261 4144 1333 4214 quod
1343 4145 1466 4213 proxime
1481 4147 1592 4202 accedit
1623 4149 1687 4203 Om-

63 4231 142 4291 petuo
153 4224 249 4295 fngiat,
264 4231 344 4294 atque
359 4239 394 4277 ex
407 4225 532 4277 comitatu
546 4223 711 4286 excludatur,
726 4228 755 4276 ut
768 4222 855 4277 hostis
891 4224 939 4278 nia
958 4224 1031 4279 enim
1044 4224 1097 4277 ista
1110 4221 1231 4276 indicant
1252 4224 1381 4277 terminos
1394 4233 1499 4279 naturis
1513 4227 1584 4280 inter
1597 4244 1646 4281 ens
1659 4236 1688 4282 et

63 4311 89 4354 et
99 4302 237 4358 inimicust
279 4302 353 4356 Nam
367 4319 403 4356 ex
415 4301 569 4371 hujusmodi
583 4302 720 4356 instantiis
739 4302 855 4356 forman·
891 4319 947 4357 noo
961 4319 1024 4365 enas
1045 4312 1074 4355 et
1088 4302 1189 4356 iaciunt
1202 4301 1236 4354 ad
1250 4301 1512 4372 circumscriptiones
1532 4306 1686 4373 formarum,

64 4389 104 4435 tnr
116 4381 318 4452 propositiones
331 4388 412 4435 certae
432 4389 461 4435 et
477 4381 660 4444 universaless
682 4387 730 4435 aut
741 4380 855 4450 affirma·
891 4399 926 4437 ue
941 4381 1058 4453 gliscant
1071 4388 1099 4435 et
1111 4391 1243 4451 vagentur
1256 4388 1334 4434 extra
1347 4381 1515 4438 conditiones
1529 4386 1659 4441 materiae.

64 4461 134 4524 tina,
156 4469 203 4515 ant
223 4461 379 4531 negativas
401 4460 430 4513 in
452 4461 550 4530 quibus
563 4461 714 4528 subjectum
728 4461 782 4514 erit
800 4461 854 4515 tale
1164 4470 1172 4482 ·

64 4556 160 4610 corpus
171 4540 201 4593 in
214 4547 350 4602 concreto,
364 4539 539 4608 predicatum
557 4556 621 4594 vero
633 4547 731 4593 natura
743 4539 805 4609 ipsa
816 4540 855 4594 in·

66 4619 172 4688 quisita.
214 4618 326 4672 litenim
338 4618 534 4688 propositiones
547 4617 726 4688 particulares
745 4619 856 4672 omnino
934 4620 1008 4674 luter
1027 4620 1229 4691 proerogatiuns
1251 4620 1452 4683 instantiarum,
1474 4637 1606 4690 ponemus
1625 4620 1687 4676 loco

59 4700 123 4765 fise
137 4714 192 4751 aaa
204 4704 275 4761 sunt
286 4697 332 4751 ubi
343 4697 449 4750 scilicet
461 4706 559 4751 natura
569 4697 710 4769 iniquisita
723 4698 856 4767 reperitur
893 4699 1052 4753 duodecimo
1062 4698 1137 4769 ipsas
1145 4697 1207 4752 illas
1222 4700 1369 4753 instantias
1376 4701 1573 4769 subjunctivus,
1583 4701 1615 4754 de
1624 4701 1686 4771 qui·

67 4775 92 4827 in
104 4774 199 4847 aliquo
219 4785 347 4830 concreto
366 4775 441 4829 fluxa
460 4784 488 4829 ει
507 4775 630 4841 mobilis;
651 4776 701 4830 rin.
717 4776 855 4841 accedens,
893 4777 943 4831 bus
956 4775 985 4831 in
999 4777 1130 4847 superiori
1144 4777 1301 4847 aphorismo
1315 4778 1449 4834 diximuss
1471 4795 1538 4849 quas
1548 4780 1630 4833 etiam
1644 4781 1687 4831 in·

68 4855 121 4907 sire
143 4855 292 4925 acquisita,
314 4861 362 4908 aut
381 4871 471 4909 rursus
490 4856 627 4919 recedens,
648 4856 704 4909 sire
724 4854 855 4926 deposita
892 4858 1012 4911 stantius
1032 4858 1171 4910 attimatas
1192 4857 1249 4911 sire
1264 4859 1373 4910 termini
1393 4858 1532 4928 appellare
1545 4858 1687 4911 consueri-

69 4931 196 4992 Qttocirca
205 4932 384 5004 particulares
393 4935 593 5003 propositiones
606 4951 661 4989 non
670 4933 774 4988 habent
782 4952 857 5006 pree·
894 4951 962 4989 mus.
1003 4936 1102 5007 Neque
1115 4935 1189 4989 enim
1202 4935 1358 5003 hujusmodi
1372 4937 1508 4991 instantiae
1524 4936 1606 4991 utiles
1626 4944 1688 4991 sant

69 5013 214 5082 rogativam
236 5012 356 5083 aliquam
378 5013 516 5081 majorem,
538 5014 591 5067 nisi
615 5020 719 5068 tantum
742 5013 771 5066 in
792 5029 857 5067 casn
893 5022 1006 5077 tantum,
1015 5023 1147 5084 quatenus
1158 5015 1357 5085 subjunguntur
1367 5014 1594 5086 propositionibus
1608 5015 1687 5081 saxiae

71 5093 257 5161 aprutianus
280 5092 383 5162 dequo
401 5100 482 5145 antea
503 5092 666 5146 dictumest
707 5092 743 5145 Et
755 5090 856 5145 nihilo·
894 5093 1083 5146 verumetiam
1099 5109 1187 5163 perse
1202 5094 1271 5147 etin
1286 5095 1451 5164 proprietate
1465 5111 1522 5148 sua.
1564 5093 1689 5148 Indicant

71 5169 165 5232 minus,
175 5171 260 5224 etiam
273 5170 449 5241 particulares
462 5169 518 5225 illas
535 5171 733 5240 propositiones
751 5187 857 5240 conspa-
895 5172 968 5225 enim
981 5187 1036 5224 non
1050 5171 1162 5226 obscure
1176 5189 1254 5226 seras
1266 5173 1399 5227 sectiones
1412 5181 1522 5235 naturae,
1536 5179 1565 5224 et
1578 5189 1687 5227 mensn-

72 5255 174 5302 ratast
193 5249 300 5303 collatae
319 5267 382 5303 cum
397 5249 602 5314 universalibus,
616 5249 730 5304 multum
745 5249 856 5317 jurant;
894 5265 939 5303 ras
961 5266 1058 5311 rerum,
1080 5256 1106 5302 et
1126 5250 1193 5305 illud
1210 5269 1344 5322 quousque
1364 5259 1460 5305 natura
1479 5250 1544 5320 quid
1564 5250 1648 5305 iaciat
1661 5261 1689 5306 et

73 5333 160 5381 metro
172 5327 234 5383 loco
244 5328 355 5382 dicetur.
396 5329 494 5398 Neque
508 5329 698 5392 tamen,etinm
712 5328 741 5381 in
754 5328 858 5381 univer·
895 5328 972 5393 ierat,
987 5335 1016 5382 ει
1036 5327 1133 5382 deinde
1154 5330 1286 5385 transitus
1306 5339 1411 5384 naturae
1431 5329 1465 5382 sd
1486 5328 1568 5383 aliud.
1609 5330 1689 5385 Talia

76 5406 172 5461 salibus
185 5407 245 5461 istis
259 5406 490 5478 propositionibus
507 5414 631 5462 emotum
647 5414 694 5461 aut
706 5406 858 5462 absolutam
895 5415 972 5474 suuts
993 5424 1096 5474 aurum,
1111 5407 1141 5464 in
1158 5410 1293 5479 pondere;
1315 5409 1468 5472 terramus
1486 5407 1599 5475 danne,
1619 5420 1689 5477 cete,

400 1606 503 1646 xxxtt.

400 3576 513 3616 xxxltt.

1237 4523 1347 4563 xxxlt'.
