3800 5875
238 277 296 331 482
863 271 1004 328 Novum
1025 271 1226 327 ORGANUM.
1742 271 1806 327 Ina
1822 274 1859 328 ll.

236 436 355 489 sidentes
368 432 397 487 in
416 433 539 487 flammas
560 428 864 486 obscurioresvidemus
883 447 931 487 eas
949 429 1027 501 quasi
1066 430 1185 499 experiri
1210 436 1238 483 et
1259 428 1353 484 ludere
1376 430 1472 500 possit.
1513 429 1610 501 ltaque
1634 434 1714 484 tana
1734 429 1864 486 violentis

236 514 405 576 mortificare,
418 519 450 566 ut
462 510 662 580 conspiciantur
674 510 762 580 magis
779 510 866 565 instar
879 509 947 564 furni
963 509 1028 573 albi,
1065 507 1129 563 huic
1149 509 1190 565 rei
1214 524 1264 577 per
1287 525 1318 563 se
1341 509 1476 579 assignmi
1498 524 1553 563 non
1574 516 1676 580 potest
1718 509 1774 564 Sed
1799 509 1863 564 illul

237 610 319 665 quam
332 593 457 647 flammae.
498 590 588 660 Atque
607 589 666 643 hac
678 589 923 658 impraesentiarum
937 606 1028 644 occur·
1066 604 1175 653 verum,
1197 588 1401 659 generationem
1414 587 1570 656 hujusmodi
1584 588 1762 644 flammarum
1783 589 1862 643 ilam-

236 679 306 736 rnnt,
327 688 388 743 quse
407 670 462 725 sint
475 686 510 724 ex
532 676 630 723 natura
644 669 836 722 instantiarum
851 667 1027 723 musmones
1065 665 1206 731 lentarum,
1221 672 1248 720 et
1260 666 1344 721 veluti
1358 674 1499 722 ventorum
1514 667 1664 738 igneorum,
1678 667 1740 721 fieri
1754 684 1793 723 ex
1805 685 1862 721 ensa

236 751 308 805 hanc
321 767 394 815 rem3
416 748 567 803 etmeliora
578 747 689 801 sortasse
703 748 816 817 reperiri
829 755 950 817 possunt
973 747 1028 801 Sed
1065 746 1140 799 flictu
1153 745 1266 800 duorum
1280 762 1432 815 corporum,
1451 763 1599 818 eorumque
1617 754 1728 802 nature
1746 747 1821 803 inter
1833 764 1859 802 se

236 828 382 884 notandum
394 844 500 897 semper
513 835 561 891 est,
572 826 892 880 reflexionemsflnmma
904 843 959 881 non
967 843 1026 881 esse
1065 824 1146 895 plane
1168 824 1321 889 contrariae;
1350 824 1463 880 alterins
1482 825 1628 881 admodrsm
1646 826 1860 889 inflammabilis,

237 907 438 978 expectandam,
452 906 506 961 nisi
525 921 543 958 a
560 905 671 958 flamma
687 904 802 974 alicujus
822 905 1026 975 profunditatis:
1065 920 1127 973 qun
1148 912 1246 958 natura
1266 904 1342 974 viget
1361 905 1391 957 in
1411 903 1541 974 sulphure
1552 927 1560 969 ς
1584 904 1702 960 alterius
1724 905 1860 960 flammam

237 1004 300 1042 narn
317 986 395 1041 aliter
408 986 497 1057 vergit
512 985 547 1038 ad
567 984 742 1055 diaphanum.
784 984 845 1038 Hoc
866 993 957 1039 autem
976 1001 1027 1054 pro
1065 982 1244 1046 exhorreatis,
1267 982 1356 1053 qualis
1377 989 1419 1037 est
1439 983 1550 1053 spiritus
1572 983 1683 1048 crudus,
1702 984 1753 1055 qni
1773 986 1859 1039 estin

237 1074 312 1121 certo
332 1063 493 1137 ponendum,
513 1063 603 1117 lucem
625 1079 731 1133 semper
744 1063 773 1117 in
792 1079 905 1135 corpore
919 1063 1026 1135 mqnali,
1064 1062 1150 1127 nitro;
1171 1063 1239 1116 adeo
1253 1070 1283 1115 ut
1295 1063 1343 1115 fiat
1357 1063 1497 1117 conflicms
1516 1062 1659 1125 mirabilis,
1674 1063 1859 1119 inflammante

237 1153 283 1200 aut
297 1144 386 1214 excipi
400 1151 429 1198 et
438 1142 592 1206 transmitti,
607 1148 654 1196 ant
666 1142 781 1196 resilire.
1064 1156 1094 1195 se
1116 1140 1246 1210 sulphure
1268 1147 1398 1211 quantum
1417 1148 1509 1211 potest
1528 1142 1607 1212 (nam
1624 1143 1738 1196 urnam
1759 1160 1858 1214 eoepua

277 1222 415 1287 Similiter,
428 1222 465 1276 ait
484 1227 583 1277 natura
596 1221 734 1291 inquisita,
751 1229 840 1276 motus
859 1220 1024 1287 missilium,
1063 1219 1193 1275 nimirum
1205 1219 1288 1274 carbo
1304 1219 1403 1283 salicis,
1417 1220 1458 1275 nil
1474 1219 1548 1275 alind
1566 1220 1624 1275 iere
1642 1229 1770 1290 mutat
1783 1239 1858 1293 qnam

237 1303 319 1358 veluti
329 1301 501 1375 spiculorum,
508 1301 675 1372 sagittarum,
683 1299 859 1372 globulorum,
868 1303 1024 1371 pereiram
1063 1305 1094 1353 ut
1106 1297 1154 1353 illa
1167 1298 1221 1353 duo
1233 1314 1347 1368 corpora
1359 1298 1521 1370 incorporet,
1534 1307 1563 1354 et
1574 1299 1718 1354 commode
1733 1300 1824 1370 uniat)
1836 1312 1859 1355 et

238 1383 319 1437 Hunc
338 1388 441 1437 motum
463 1378 558 1435 schola
571 1381 659 1450 (more
679 1381 741 1447 suo)
755 1378 833 1434 valde
852 1379 1026 1452 negligenter
1064 1385 1220 1448 erumpente
1240 1378 1339 1447 spiritu
1357 1378 1422 1432 nitri
1442 1384 1573 1450 quantum
1591 1385 1691 1450 potest,
1711 1386 1742 1434 et
1762 1396 1816 1434 una
1832 1397 1857 1434 se

237 1461 360 1532 expedit;
382 1460 448 1515 eatis
462 1459 573 1523 habens,
584 1458 608 1513 si
622 1475 683 1513 eum
696 1459 804 1513 nomine
815 1466 902 1514 motus
915 1458 1026 1514 violenti
1063 1456 1192 1512 dilatante
1207 1456 1349 1527 (namhoc
1363 1455 1466 1512 iaciunt
1478 1465 1506 1512 et
1518 1460 1573 1522 air,
1582 1466 1610 1512 et
1619 1457 1715 1512 omnia
1729 1459 1821 1524 maula,
1833 1469 1857 1512 et

237 1540 388 1595 anaturali
411 1541 505 1610 (quem
526 1537 636 1606 vocant)
659 1537 826 1608 disfiugrrat:
847 1545 875 1593 et
898 1538 971 1609 quod
991 1538 1027 1593 ad
1064 1552 1143 1606 aqua,
1156 1542 1187 1591 ut
1199 1553 1217 1590 a
1229 1536 1319 1591 calore
1333 1536 1491 1604 dilatentur)
1506 1545 1534 1592 et
1552 1553 1603 1607 per
1620 1537 1704 1591 istam
1725 1538 1857 1609 ingemet

237 1620 353 1690 primam
367 1618 567 1690 percussionem
585 1617 641 1672 sive
655 1616 843 1687 impulsionem
856 1618 962 1682 attinet,
976 1633 1026 1688 per
1064 1615 1239 1685 eruptionem,
1265 1615 1373 1671 interim
1399 1617 1538 1670 flammam
1560 1614 1710 1686 sulphuris,
1734 1624 1855 1688 tanquan

237 1699 304 1755 illud
319 1699 409 1774 (quod
422 1698 475 1751 duo
483 1713 592 1768 corpore
605 1714 657 1749 non
666 1697 774 1767 possint
787 1713 844 1751 esse
852 1699 881 1750 in
895 1714 949 1750 uno
962 1697 1024 1763 loen,
1063 1693 1172 1750 follibus
1185 1693 1305 1758 occultis,
1319 1694 1498 1767 undequaque
1511 1694 1681 1750 exsufflante.

237 1796 270 1831 ns
280 1782 336 1850 Jiot
346 1778 500 1849 penetratio
513 1770 723 1840 dimensionum)
739 1774 792 1830 sibi
811 1775 978 1842 mtisiamat3
999 1787 1027 1831 et
1102 1773 1233 1827 Poterant
1252 1781 1344 1828 antem
1364 1790 1424 1829 esse
1444 1776 1587 1831 instantio
1599 1775 1691 1829 macir
1714 1775 1793 1830 cirea
1810 1774 1854 1829 hos

237 1857 271 1912 de
285 1873 414 1927 processu
427 1854 670 1909 continuatoistius
683 1860 771 1908 motus
784 1854 947 1910 nihilcuret
988 1855 1025 1910 At
1063 1852 1213 1920 subjectum
1233 1852 1346 1907 duorum
1365 1869 1503 1924 generum.
1544 1852 1668 1907 Alterum
1686 1870 1789 1909 eornm
1805 1871 1853 1909 oos-

237 1937 310 1991 circa
322 1936 393 1990 hanc
409 1940 534 1988 naturam
545 1932 649 1987 bivium
661 1939 702 1988 est
717 1932 793 1988 tales
813 1940 860 1988 aut
873 1934 923 1988 iste
936 1941 1026 1990 motus
1063 1948 1167 2001 porum,
1181 1948 1241 2002 quaa
1255 1933 1373 1987 maxime
1387 1939 1450 1987 sunt
1461 1931 1678 1997 inflammabilia,
1692 1933 1853 2004 qualianmt

237 2017 268 2070 tn
280 2016 316 2070 ab
329 2014 392 2069 aire
405 2012 528 2076 vehente,
539 2019 567 2066 et
579 2027 649 2081 pone
659 2027 757 2082 corpus
767 2010 895 2067 emissum
908 2029 938 2068 se
951 2013 1026 2069 colli·
1064 2009 1186 2081 ailphur,
1196 2010 1324 2082 caphera,
1335 2011 1468 2082 naphtha
1478 2020 1506 2067 et
1519 2011 1682 2080 hujusmodi,
1690 2029 1761 2067 cum
1771 2029 1853 2067 eomer

237 2101 327 2164 gente,
341 2093 429 2148 instar
441 2091 517 2146 fluvii
525 2107 590 2161 erge
603 2090 741 2161 scapham,
752 2098 799 2145 aut
811 2092 886 2145 venti
899 2109 967 2163 erga
976 2109 1025 2162 pa·
1063 2090 1200 2153 misturisr
1222 2107 1283 2161 quse
1296 2091 1376 2145 citius
1390 2099 1419 2145 et
1431 2090 1538 2146 facilius
1552 2091 1711 2162 concipiunt
1722 2092 1853 2147 flammam

237 2173 308 2237 less3
329 2169 824 2241 autapartibusipsiuacorporisnon
834 2171 1026 2228 sustinentibus
1064 2185 1146 2239 quam
1166 2168 1256 2240 pulvis
1276 2170 1378 2240 pyrius,
1401 2170 1425 2223 si
1444 2187 1500 2225 non
1519 2170 1723 2240 impediantur:
1753 2188 1789 2226 ex
1808 2187 1854 2242 quo

237 2251 451 2322 impressionem,
465 2249 512 2304 sed
525 2250 559 2303 ad
573 2248 686 2303 eandem
698 2249 843 2304 laxandam
856 2266 907 2321 per
922 2267 1026 2307 sncces-
1063 2247 1149 2320 liquet
1162 2249 1313 2318 appetitum
1325 2249 1513 2303 inflammandi
1531 2265 1581 2319 per
1594 2265 1624 2303 se
1638 2250 1773 2305 effectum
1785 2249 1853 2304 illum

237 2331 342 2385 sionem
369 2345 399 2384 se
425 2329 651 2400 promoventibus.
692 2328 782 2399 Atque
809 2329 926 2399 priorem
948 2330 1027 2386 illum
1064 2327 1225 2397 stupendum
1239 2344 1293 2382 non
1308 2329 1422 2398 operari.
1464 2327 1700 2393 Altenrmeorum,
1713 2330 1855 2400 quadam·

237 2410 335 2479 recipit
347 2408 539 2473 Fracastorius,
554 2416 582 2463 et
594 2408 651 2463 iere
664 2424 757 2462 omnes
771 2408 817 2479 qui
834 2407 868 2462 de
882 2408 934 2463 hoc
949 2418 1026 2465 motu
1064 2422 1136 2461 mum
1149 2406 1257 2478 fiigiant
1270 2414 1298 2462 et
1310 2407 1464 2472 exhorrent,
1481 2406 1574 2478 qualia
1587 2414 1651 2461 sunt
1668 2407 1747 2463 sales
1762 2425 1854 2463 omnes

237 2489 320 2560 paulo
342 2487 466 2544 subtilius
489 2488 703 2560 inquisiverunt:
733 2503 822 2557 neque
845 2487 956 2544 dubium
977 2498 1026 2554 eat,
1063 2486 1195 2541 Videmus
1220 2486 1301 2551 enim,
1329 2487 1354 2540 si
1382 2486 1519 2555 jaciantur
1544 2487 1574 2541 in
1601 2487 1705 2557 ignem,
1737 2488 1854 2559 spiritua

237 2569 303 2639 quin
317 2568 370 2623 sint
383 2566 453 2622 siris
471 2575 562 2638 partes
575 2567 604 2621 in
616 2565 670 2621 hac
682 2583 712 2621 re
726 2565 877 2631 nonnullas
898 2568 947 2623 sed
960 2567 1027 2623 alter
1064 2581 1180 2636 aqueum
1201 2581 1342 2636 erumpere
1362 2583 1424 2620 cum
1443 2566 1559 2636 fragore,
1580 2573 1732 2636 antequam
1755 2569 1855 2622 usum

237 2655 327 2702 motus
340 2646 516 2717 proculdubio
528 2662 608 2701 verus
627 2653 674 2711 est,
688 2653 719 2700 ut
736 2662 772 2700 ex
792 2645 905 2701 infinitis
923 2655 1027 2702 constat
1064 2644 1238 2715 concipiatur,
1262 2645 1333 2715 qnod
1353 2645 1437 2699 etiam
1457 2643 1556 2699 leniter
1576 2645 1608 2698 tit
1629 2645 1660 2698 in
1681 2645 1762 2701 foliis
1782 2645 1854 2717 paulo

237 2727 438 2798 experimentis.
480 2724 533 2780 Sed
546 2725 617 2780 inter
636 2732 749 2780 caeteras
762 2726 862 2796 poterit
875 2742 935 2781 esse
955 2727 1027 2781 cirea
1064 2723 1313 2788 contumacioribus,
1326 2732 1404 2794 parte
1422 2740 1510 2795 aquea
1528 2734 1701 2794 erumpente,
1716 2734 1853 2797 nunquam

237 2805 290 2860 hoa
309 2806 458 2874 subjectam
476 2806 609 2860 instantis
628 2806 717 2858 erucis
736 2804 814 2869 talisr
834 2805 906 2876 quod
925 2805 1028 2859 lamina
1064 2801 1157 2857 oleosa
1179 2802 1313 2873 concipiat
1333 2803 1479 2858 flammam.
1521 2802 1576 2858 Sed
1594 2804 1721 2861 maxime
1747 2806 1854 2860 cernitur

237 2885 442 2941 sutilumierri
451 2883 740 2956 psulocontumaciusr
761 2882 804 2939 vel
814 2883 896 2939 etiam
905 2883 1026 2941 calanms
1064 2880 1118 2938 hoc
1133 2881 1163 2935 in
1183 2889 1296 2955 argento
1315 2882 1385 2949 vivo,
1405 2883 1479 2954 quod
1497 2898 1551 2937 non
1573 2881 1647 2937 male
1668 2882 1773 2941 dicitur
1791 2899 1853 2956 aqna

237 2966 294 3021 sive
308 2982 398 3037 penna
411 2966 440 3020 in
454 2965 543 3020 medio
560 2965 653 3029 divisa,
668 2964 783 3019 adducta
796 2970 823 3018 et
836 2972 944 3019 curvata
956 2965 1027 3019 inter
1065 2961 1211 3017 mineralis.
1253 2962 1314 3017 Hoe
1337 2964 1410 3018 enim
1432 2962 1535 3033 absque
1559 2963 1791 3029 inflammatione,
1811 2981 1852 3034 per

238 3045 364 3115 pollicem
374 3051 402 3099 et
412 3045 535 3115 digitum,
546 3044 671 3098 exiliant.
707 3042 883 3098 Manifestum
893 3044 967 3098 enim
977 3052 1026 3109 est,
1065 3041 1270 3111 eruptionemet
1282 3043 1476 3113 expansionem
1489 3041 1650 3111 simplicem,
1660 3043 1852 3114 virespalveris

237 3125 352 3180 lroanon
363 3123 577 3195 posseimputari
587 3121 645 3176 adri
654 3139 684 3177 se
692 3138 763 3192 pone
773 3137 870 3192 corpus
878 3121 1026 3195 colligenti,
1065 3121 1137 3189 pyrii
1155 3121 1211 3175 sere
1230 3120 1368 3191 adequtts
1389 3122 1460 3193 quod
1479 3121 1563 3176 elim
1581 3120 1742 3178 &mixtum
1761 3122 1852 3195 pulv&

237 3205 302 3274 qaia
315 3204 374 3258 iona
388 3211 478 3258 motus
491 3202 573 3257 estin
586 3202 676 3256 medio
687 3201 796 3255 laminas
806 3201 850 3256 vel
863 3200 963 3268 calimi,
973 3219 1028 3257 non
1065 3200 1150 3269 pyris,
1164 3200 1224 3268 ejus
1237 3199 1309 3253 vires
1321 3200 1500 3272 multiplicare
1514 3200 1622 3255 dicitur.

237 3283 268 3337 in
281 3283 419 3337 extremis.
1105 3278 1242 3343 Similiter,
1262 3281 1297 3333 sit
1316 3288 1413 3335 natura
1429 3279 1569 3350 inquisita,
1585 3280 1753 3335 transitoria
1768 3288 1852 3335 namn

278 3361 416 3425 Similiter,
429 3360 465 3414 sit
477 3366 573 3414 natura
586 3358 722 3430 inquisita,
742 3366 831 3414 motus
848 3359 896 3415 ille
915 3359 1027 3430 rapidus
1065 3357 1188 3422 damnum
1202 3364 1231 3412 et
1243 3358 1374 3413 extinctio
1387 3357 1447 3435 ejns
1461 3367 1662 3414 momentanea.
1707 3361 1775 3415 Non
1790 3361 1852 3414 enin

237 3447 265 3494 et
285 3448 381 3510 potens
402 3439 576 3510 expansionis
599 3438 719 3507 pulveris
737 3438 811 3508 pyrii
823 3437 852 3492 in
872 3439 1026 3505 flammam
1064 3437 1168 3491 videtur
1181 3444 1276 3492 natura
1288 3438 1415 3494 flammea
1427 3437 1473 3493 hic
1487 3438 1561 3508 apud
1573 3454 1625 3492 nos
1646 3438 1698 3509 ligi
1716 3447 1746 3494 et
1763 3440 1852 3494 consu·

236 3520 307 3575 unde
321 3527 402 3574 tanta
415 3519 501 3572 moles
515 3518 711 3580 subvertuntur,
727 3522 801 3571 tanta
818 3517 938 3587 pondera
951 3519 1027 3573 emit-
1065 3523 1129 3580 tere,
1143 3515 1191 3570 sed
1203 3515 1319 3587 singulis
1333 3517 1410 3588 quasi
1424 3518 1568 3573 momentis
1580 3519 1720 3587 generari,
1731 3528 1760 3574 et
1773 3519 1853 3573 mrim

238 3607 339 3663 luatur,
354 3605 455 3670 quanta
467 3597 497 3650 in
510 3595 643 3651 cuniculis
658 3596 806 3665 majoribus
824 3603 853 3651 et
872 3597 1027 3653 bombardis
1065 3595 1196 3667 extingui.
1237 3595 1414 3652 Manifestum
1435 3597 1510 3652 enim
1531 3604 1574 3651 est
1594 3596 1626 3650 in
1649 3597 1780 3660 flammis,
1802 3615 1853 3668 qus

240 3679 369 3733 videmus.
410 3676 518 3731 Bivium
532 3674 688 3729 circshane
702 3681 826 3730 naturam
838 3675 891 3730 tale
904 3684 961 3732 est:
981 3685 1028 3732 aut
1065 3674 1110 3728 hic
1131 3674 1318 3729 continuantur
1337 3683 1365 3730 et
1385 3676 1489 3740 durant,
1510 3675 1591 3729 istam
1612 3675 1790 3733 durationem
1808 3691 1853 3729 non

238 3757 372 3811 excitatur
384 3756 437 3810 iste
450 3762 538 3810 motus
552 3771 569 3807 a
581 3770 656 3808 mero
668 3753 788 3825 corporis
805 3755 927 3825 appetitu
940 3772 970 3811 se
988 3755 1027 3810 di·
1065 3768 1124 3808 esse
1137 3753 1258 3822 ejusdem
1271 3754 1388 3811 flamma
1400 3756 1429 3809 in
1442 3755 1589 3819 individuo,
1603 3754 1653 3809 sed
1668 3756 1731 3810 fieri
1745 3774 1794 3828 per
1804 3771 1854 3809 me

237 3835 346 3900 latendi,
361 3842 502 3906 postquam
514 3833 818 3898 fueritintiammatumr
839 3842 885 3889 ant
897 3834 933 3889 ab
946 3851 1028 3906 appe-
1065 3833 1215 3888 cessionem
1228 3849 1305 3888 novas
1318 3835 1435 3889 flammas
1448 3832 1570 3889 seriafim
1585 3846 1738 3904 generata,
1753 3836 1853 3891 minine

239 3915 290 3968 titu
303 3916 390 3969 mixto
403 3914 513 3984 spiritus
526 3912 609 3977 cradi,
623 3912 671 3983 qui
684 3911 778 3984 rapide
797 3911 869 3984 iugit
885 3913 986 3984 ignem,
999 3923 1029 3968 et
1065 3919 1156 3966 antem
1169 3928 1279 3967 manere
1298 3914 1412 3970 eandem
1430 3914 1569 3968 flammam
1586 3930 1723 3978 numeror
1746 3915 1775 3969 id
1792 3912 1854 3984 qnod

239 4011 276 4047 ex
299 4010 332 4048 eo
351 3992 522 4057 circumfuso,
546 4000 675 4062 tanquam
697 4008 734 4046 ex
756 4008 872 4056 carceoe,
895 3991 1028 4047 violenter
1065 3990 1145 4046 facile
1165 3991 1326 4061 perspicitur
1345 4010 1381 4047 ex
1400 3992 1461 4058 hoe,
1476 3992 1549 4063 qnod
1565 3992 1722 4047 substracto
1736 3994 1854 4048 alimento

240 4071 364 4142 erumpit.
406 4071 506 4127 Schola
524 4077 615 4125 autem
634 4078 662 4125 et
675 4070 795 4142 vulgaris
814 4070 907 4141 opinio
923 4077 1028 4126 tantum
1065 4069 1122 4125 sive
1136 4069 1229 4125 fomite
1242 4070 1365 4135 flammae,
1379 4071 1490 4126 flamm
1502 4072 1594 4127 statim
1607 4081 1713 4142 pereat.
1756 4073 1853 4128 Bivium

239 4158 361 4205 versatur
383 4150 456 4204 eirca
481 4150 600 4221 priorem
626 4148 703 4204 illum
730 4150 888 4221 appetitum.
927 4150 1028 4206 Putant
1066 4156 1157 4204 autem
1177 4149 1250 4203 circa
1265 4148 1337 4204 hanc
1353 4158 1478 4206 naturam
1497 4151 1552 4205 tale
1572 4158 1624 4206 est.
1666 4150 1853 4208 Memmius

240 4229 313 4283 enim
327 4229 453 4284 homines
471 4245 501 4284 se
519 4227 631 4300 pulchre
650 4227 845 4299 philosophari,
864 4228 888 4283 si
906 4237 1029 4284 asserant
1066 4227 1119 4283 ista
1137 4233 1234 4283 natura
1256 4235 1303 4283 aut
1324 4230 1355 4283 fit
1376 4231 1529 4285 remittente
1550 4246 1581 4285 se
1603 4247 1697 4295 caum,
1719 4248 1782 4303 qua
1802 4246 1853 4284 eam

240 4308 377 4362 flammam
388 4325 425 4362 ex
438 4308 525 4362 forma
538 4307 665 4362 elementi
678 4307 837 4382 necessitate
853 4309 970 4379 quadam
983 4309 1029 4364 do
1066 4308 1154 4376 primo
1168 4308 1268 4379 genuit,
1282 4309 1353 4363 utin
1371 4308 1482 4373 lumine,
1495 4309 1578 4374 sonis,
1598 4317 1627 4364 et
1646 4311 1769 4366 motibus
1782 4314 1853 4382 (qnos

240 4388 308 4451 nari,
322 4386 410 4441 locum
420 4386 579 4456 ampliorem
589 4386 746 4456 occupandi,
757 4402 837 4457 quam
847 4387 919 4443 idem
930 4404 1029 4456 corpus
1067 4387 1175 4456 vocant)
1192 4386 1336 4452 violentias
1362 4396 1410 4443 aut
1427 4388 1500 4459 quod
1517 4387 1628 4444 flamma
1646 4389 1677 4443 in
1697 4399 1797 4444 natura
1813 4405 1853 4441 saa

241 4466 404 4537 expleverat,
418 4482 480 4519 cnm
494 4465 595 4520 subiret
608 4466 721 4519 formam
732 4466 860 4536 pulveris,
871 4472 953 4537 atque
966 4467 1029 4521 inde
1067 4467 1153 4535 possit
1165 4465 1211 4520 hic
1223 4466 1295 4536 apud
1308 4483 1359 4521 nos
1372 4484 1490 4533 manere,
1504 4467 1553 4522 sed
1569 4484 1587 4521 a
1598 4470 1749 4525 oontmriis
1761 4466 1853 4524 nitunt

241 4546 320 4617 sequi
342 4552 445 4599 motum
468 4544 558 4599 istum.
599 4544 711 4599 Interim
738 4544 850 4599 minime
877 4546 1029 4610 advertunt,
1067 4544 1238 4599 circumfusis
1251 4546 1306 4601 vim
1321 4547 1444 4616 patiatur,
1453 4554 1481 4601 et
1492 4547 1653 4601 destruatur.

241 4623 306 4679 licet
318 4624 371 4679 hoc
383 4640 476 4677 vemm
497 4623 541 4688 sit,
554 4623 644 4693 posito
662 4623 735 4695 quod
752 4624 862 4678 flamma
879 4631 1029 4695 generetur,
1108 4624 1202 4694 ltaque
1220 4625 1320 4694 poterit
1333 4643 1392 4680 esse
1406 4626 1479 4681 circa
1491 4624 1545 4680 hoc
1559 4626 1714 4693 subjectum
1730 4629 1852 4682 instratis

241 4712 331 4758 nmen
344 4719 425 4774 posse
438 4702 564 4773 impediri
579 4703 695 4758 flamma
708 4702 909 4774 generationem
923 4720 941 4757 a
955 4711 1031 4757 tanta
1068 4701 1157 4758 cruca
1170 4702 1243 4758 talis.
1286 4703 1416 4759 Videmus
1429 4706 1554 4760 flammas
1566 4705 1595 4759 in
1608 4706 1748 4762 incendiis
1758 4703 1853 4775 maj&

240 4782 321 4849 mole,
336 4799 398 4853 qum
410 4780 487 4836 illam
499 4783 676 4852 comprimere
690 4789 719 4837 ct
731 4782 862 4837 suffocare
880 4791 980 4853 queam
1000 4790 1031 4837 ut
1068 4781 1127 4844 bus,
1142 4798 1222 4854 quam
1236 4782 1332 4838 alteia
1346 4799 1451 4839 sursum
1469 4783 1624 4839 ascendant
1666 4785 1778 4846 Quanto
1789 4785 1851 4840 enin

240 4878 295 4916 non
315 4862 461 4917 deducatur
479 4878 523 4916 res
547 4861 582 4915 ad
602 4861 684 4916 istam
704 4861 901 4926 necessitatem,
923 4860 957 4916 de
977 4877 1031 4932 qna
1068 4860 1141 4916 basis
1154 4861 1271 4917 flammae
1285 4862 1510 4929 estlatior,tanto
1523 4869 1618 4917 vertex
1631 4863 1792 4920 sublimior:
1810 4861 1852 4916 its·

240 4939 393 5013 loquuntur.
427 4940 501 4995 Nam
514 4940 706 5012 quodnecesse
717 4940 1030 5010 sittleriexpansionem,
1069 4956 1122 5009 que
1135 4939 1240 4995 videtur
1252 4941 1416 5012 principium
1430 4940 1603 4997 extinctionis
1611 4942 1672 4997 fieri
1682 4944 1759 4999 circa
1770 4942 1850 5000 nnn

241 5029 323 5092 atque
336 5020 399 5074 inde
410 5020 489 5091 sequi
505 5019 687 5085 emissionem,
701 5028 749 5075 aut
764 5020 950 5075 remissionem
971 5035 1031 5074 cor·
1068 5019 1115 5075 ubi
1128 5019 1164 5072 ab
1181 5019 1245 5074 aire
1263 5020 1373 5077 flamma
1390 5020 1583 5091 comprimitur,
1601 5028 1631 5076 et
1647 5022 1723 5078 male
1740 5021 1851 5077 habetur.

242 5101 315 5170 poris
324 5099 395 5171 quod
405 5099 687 5170 obstat,sigeneretur
695 5100 823 5165 flammas
844 5106 1031 5169 recteputant.
1070 5097 1107 5152 Ar
1119 5098 1270 5154 meditullia
1288 5101 1413 5167 flammae,
1433 5117 1494 5173 quse
1512 5103 1561 5155 alir
1578 5116 1635 5155 non
1652 5101 1795 5172 contingit,
1811 5095 1851 5153 sed

242 5179 296 5233 Sed
306 5180 359 5232 ista
368 5178 516 5233 necessitas
527 5178 608 5248 plane
619 5178 743 5243 evitatur,
754 5177 778 5232 si
789 5177 1031 5233 molesillnsolida
1070 5177 1125 5232 alia
1156 5179 1266 5233 flamma
1294 5179 1413 5251 undique
1440 5180 1595 5245 circumdat,
1627 5181 1725 5236 eadem
1752 5191 1852 5234 numero

242 5257 379 5311 flammam
401 5257 558 5327 supprimat,
580 5262 725 5327 antequam
746 5265 897 5326 generetur.
943 5256 1032 5327 Atque
1070 5266 1194 5322 manentr
1214 5274 1303 5329 neque
1312 5261 1513 5330 extinguuntur,
1524 5259 1610 5314 donec
1621 5259 1755 5331 paulatim
1765 5271 1853 5328 angus·

241 5337 365 5390 videmus
378 5336 523 5398 flammam,
538 5335 729 5404 prasertimin
748 5336 837 5404 prima
850 5336 1033 5406 generatione,
1070 5341 1159 5391 tentus
1172 5336 1284 5391 aba'e're
1298 5355 1346 5407 per
1358 5338 1444 5394 latera
1453 5337 1625 5394 circumfuso.
1668 5335 1853 5411 ltaqneomnis

242 5414 353 5468 mollem
373 5431 432 5468 esse
449 5425 476 5468 st
495 5414 592 5480 lenem,
612 5421 640 5468 et
659 5413 795 5483 requirere
815 5431 918 5478 cavum,
933 5415 961 5471 in
980 5431 1035 5485 qno
1070 5415 1179 5471 flamma
1193 5416 1368 5488 pyramidalia
1386 5426 1426 5475 est
1445 5417 1505 5474 basi
1526 5416 1599 5473 circa
1616 5417 1737 5475 fomitem
1750 5415 1851 5487 largior,
