3800 5875
759 288 972 350 cortuum
1643 315 1680 354 xe

153 567 331 613 mmo
344 567 440 613 owe!
456 568 713 615 muniremus

2 659 5 758 l

2 767 3 796 1
53 747 619 824 cepLPsrtitiounirersslishumsnsc
642 751 772 806 dochino

1615 444 1679 479 PAO!

877 498 970 554 Portis
983 499 1191 554 instaurationis
1198 500 1323 556 secundae
1331 500 1477 557 delineatio
1489 508 1519 557 et
1529 517 1610 574 urgu-

913 591 1037 638 mentum
1147 623 1607 642 .....
1626 587 1678 651 667

778 693 843 727 osor
879 666 1038 740 Aphorismi
1051 676 1080 725 et
1091 669 1204 725 oonsilio
1215 670 1249 725 de
1269 671 1381 727 auxiliis
1401 672 1501 728 mentis
1519 681 1548 728 et
1566 691 1610 728 ac·

912 754 1044 810 censione
1055 755 1168 809 luminis
1181 755 1313 810 naturslis
1435 796 1442 811 .
1547 798 1555 813 .
1625 758 1676 814 681

2 799 6 890 l
77 834 380 906 nhitomampoisin,
393 834 611 907 philosophiam,
623 837 772 891 secuudum
879 838 1161 911 Deinterpretstione
1172 847 1278 895 nature
1291 841 1435 896 sententies
1449 859 1499 897 ιιι.
1600 883 1607 899 .

2 907 7 954 i
80 918 372 992 mplioemiaeultstem
380 919 497 984 mentisr
510 919 773 991 memoriamphsu-
878 922 1158 994 Deinterpretstione
1170 931 1274 979 nature
1286 925 1449 995 prooemium
1541 968 1548 982 .
1626 928 1679 991 687

79 1006 172 1068 mium,
198 1003 362 1068 udonem
387 1004 520 1076 quodque
543 1005 638 1060 eedem
660 1006 773 1076 pertitio
878 1007 1076 1081 Deprincipiis
1089 1018 1171 1081 atque
1184 1009 1335 1081 originibus
1346 1010 1608 1068 secundumhbulss

78 1095 208 1160 mpetat
219 1088 305 1142 etiam
316 1088 348 1142 in
361 1087 530 1160 theologicis

51 1173 108 1244 Cup
121 1173 157 1229 ll.
174 1173 295 1227 Partitio
305 1171 433 1228 historie
445 1174 476 1227 in
498 1173 651 1229 ocurruiem
670 1174 774 1229 etciri·

77 1259 139 1322 iem
158 1257 349 1313 ecelesiastica
366 1264 395 1312 et
412 1257 537 1313 literaria
553 1259 604 1313 sub
614 1257 690 1313 cirili
702 1276 774 1315 com·

77 1343 215 1416 prehensa.
273 1341 391 1398 Portitio
423 1342 550 1398 historiis
577 1344 710 1400 usturalis
740 1346 770 1399 in

78 1427 214 1482 historiam
223 1427 447 1498 generationum,
455 1429 771 1499 pretergeuerationum,

76 1518 102 1566 et
110 1511 216 1575 urium,
229 1517 258 1564 et
269 1509 376 1581 triplici
388 1516 463 1565 statu
474 1519 587 1576 nature,
594 1511 688 1567 liberes
699 1512 773 1567 vide·

3 1623 4 1634 ¹
76 1595 143 1659 Det,
154 1594 317 1659 manus,
330 1600 360 1648 et
372 1593 529 1649 constrictus
590 1634 597 1648 .

2 1699 3 1742 i
50 1681 111 1752 Csp
123 1680 178 1736 111.
195 1678 314 1735 Partitio
332 1678 458 1735 historiar
476 1680 616 1747 naturalis,
629 1697 665 1735 ex
677 1698 729 1736 usu
745 1690 773 1737 et

77 1766 128 1820 tine
147 1782 214 1820 tuot
239 1764 372 1837 quodque
395 1766 459 1820 finis
481 1766 564 1837 longe
586 1767 773 1823 nobilissimus

79 1849 196 1905 historie
218 1850 354 1905 nahrrelis
377 1850 414 1905 sit
436 1850 603 1905 minismtio
623 1850 714 1922 prima
738 1852 774 1907 ad

79 1933 239 1988 emdmdnm
254 1932 477 2005 philosophiam
492 1945 521 1988 et
532 1934 605 2004 quod
615 1933 773 2004 hujusmodi

76 2014 774 2089 hitorhqumscilicetsitinordinesdeum

73 2099 164 2165 mem,
175 2101 349 2156 deuderemr
419 2140 428 2154 .
535 2141 542 2155 .

40 2180 105 2254 Cep
125 2183 175 2238 IV.
202 2183 308 2254 Incipit
328 2190 461 2239 nactams
481 2184 571 2256 qualis
592 2201 652 2240 esse
674 2185 773 2241 debent

69 2268 369 2334 historisdesideratay
392 2286 493 2341 nempe
507 2269 621 2325 historio
640 2270 774 2326 naturalis

71 2354 107 2408 sd
122 2353 297 2409 sariendam
316 2352 533 2426 philosophiam.
571 2354 603 2408 Id
623 2361 655 2409 ut
673 2354 773 2409 clarius

68 2436 231 2507 explicetur,
243 2436 335 2508 primo
342 2437 519 2508 subjungitur
528 2436 638 2508 pertitio
650 2436 773 2493 historie

66 2521 290 2592 mundorum.
344 2519 413 2590 Ejus
448 2522 650 2576 constituuntur
680 2531 773 2592 partes

66 2606 200 2676 qouque.
238 2603 343 2669 Primo,
363 2604 526 2659 coelestium.
562 2603 694 2671 Secunda,
718 2622 774 2660 me-

65 2693 217 2742 teororum.
252 2686 360 2752 Tertia,
379 2695 458 2741 terre
479 2694 508 2741 et
526 2689 618 2743 maris.
661 2688 773 2754 Quarta,

63 2771 250 2843 collegiorum
269 2771 417 2841 majorum,
437 2771 497 2827 σίνε
515 2772 709 2829 elementomm
726 2783 774 2831 aut

63 2872 231 2912 mrum.
285 2855 397 2921 Quinta,
426 2855 607 2927 collegiorum
633 2858 771 2913 minomm

61 2942 125 2997 sire
145 2943 314 3015 τρεείεσσω.
352 2942 480 2998 Historia
498 2959 564 2999 vero
575 2943 708 3000 virtutum
720 2946 774 3017 pri·

2 3008 4 3081 l
62 3040 177 3080 merum
188 3026 317 3096 rejicitur
329 3026 417 3082 donec
430 3027 581 3098 explicatio
587 3028 684 3099 primes
696 3029 772 3084 illius

63 3110 455 3183 partitimisgeueratiooum,
462 3113 773 3183 protergencrstionum,

63 3202 94 3248 et
106 3196 220 3260 artium
232 3197 270 3251 sit
281 3195 411 3251 molum
482 3235 489 3249 .

651 1129 659 1144 .
764 1091 842 1146 ‚649
914 1088 1093 1160 Cupidiniset
1102 1089 1190 1146 costi:
1204 1091 1261 1145 sire
1271 1091 1449 1157 Parmenidis,
1458 1101 1486 1148 et
1495 1094 1607 1163 Telesii,

915 1182 943 1229 et
963 1175 1101 1246 precipue
1113 1176 1274 1241 Democriti,
1293 1176 1480 1248 philosophia,
1493 1187 1610 1236 tractata

913 1260 943 1315 in
956 1261 1050 1316 fabula
1145 1301 1606 1322 .....
1625 1268 1678 1324 688

1090 1458 1298 1502 messenium
1312 1459 1464 1504 VETERUM.

703 1635 711 1650 .
790 1597 843 1653 649
900 1592 923 1649 1.
942 1591 1104 1659 Cassandra,
1117 1594 1175 1649 sive
1189 1594 1333 1664 parrhesia
1426 1637 1434 1652 .
1540 1639 1547 1652 .

896 1679 922 1732 2
941 1676 1068 1748 Typhon,
1082 1679 1138 1733 sire
1151 1679 1262 1733 rebellis
1371 1722 1378 1736 .
1484 1724 1492 1737 .
1598 1724 1605 1739 .

896 1762 922 1815 8
942 1760 1087 1833 Cyclopes,
1100 1763 1158 1817 σίνε
1169 1764 1285 1819 ministri
1298 1766 1410 1820 terroris
1539 1807 1547 1822 .

896 1845 922 1898 4.
941 1843 1096 1908 Narcissus,
1110 1845 1167 1899 σίνε
1177 1844 1313 1916 philautia
1374 1887 1382 1902 .
1486 1886 1495 1904 .
1599 1889 1607 1905 .

896 1928 922 1984 5.
942 1928 1019 2000 Styx,
1032 1930 1091 1985 σίνε
1100 1929 1205 1985 t'oederc
1315 1972 1323 1987 .

896 2011 922 2068 6.
941 2012 1009 2077 Pan,
1023 2013 1079 2070 sire
1092 2022 1191 2070 ustura
1260 2057 1267 2071 .
1372 2055 1381 2072 .
1485 2056 1494 2074 .

648 2141 656 2160 ,
763 2102 841 2158 ,650
897 2098 922 2161 7.
942 2096 1067 2165 Perseus,
1080 2100 1137 2154 σίνε
1149 2100 1253 2155 bellum
1316 2141 1323 2156 .
1429 2142 1436 2157 .
1541 2143 1549 2159 .

896 2185 922 2237 8.
940 2182 1105 2254 Endymion,
1118 2183 1175 2238 σίνε
1188 2184 1322 2256 gratiosus
1374 2225 1382 2241 .
1486 2227 1495 2242 .
1599 2229 1606 2243 .

897 2265 921 2321 9.
942 2265 1025 2321 Soror
1037 2267 1187 2339 gigantum,
1201 2268 1258 2323 sive
1271 2268 1346 2324 fama
1426 2309 1433 2324 .
1540 2312 1547 2326 .

882 2351 921 2407 10.
941 2351 1053 2406 Actaeon
1065 2358 1094 2406 et
1105 2352 1254 2418 Pentheus,
1266 2354 1325 2409 sire
1337 2353 1462 2409 curiosus
1485 2395 1492 2409 .
1598 2398 1605 2411 .

883 2436 922 2490 11.
942 2434 1079 2506 Orpheus,
1093 2436 1151 2491 σίνε
1163 2436 1341 2508 philosophis
1429 2481 1436 2494 .
1542 2482 1549 2497 .

882 2520 922 2575 12
942 2519 1058 2586 Coelum,
1071 2521 1130 2575 σίνε
1142 2520 1263 2592 origines
1375 2564 1382 2577 .
1488 2564 1495 2579 .

882 2604 922 2659 13.
942 2602 1067 2669 Proteus,
1080 2604 1137 2659 σίνε
1150 2605 1265 2660 materia
1312 2646 1319 2660 .
1426 2650 1432 2662 .
1538 2649 1545 2663 .

882 2690 922 2744 14.
942 2689 1084 2756 Memnon,
1097 2689 1155 2744 sire
1168 2698 1347 2760 promoturus

883 2773 922 2829 15.
942 2771 1086 2838 Tithonus,
1099 2773 1253 2830 siresetias
1314 2815 1322 2829 .
1427 2817 1434 2830 .
1540 2817 1547 2832 .

883 2857 923 2912 16.
942 2855 1046 2911 Procus
1058 2855 1183 2923 lunonis,
1193 2857 1252 2913 σίνε
1265 2858 1382 2914 dedecus
1487 2901 1493 2915 .
1599 2900 1607 2915 .

883 2942 924 3004 17.
942 2941 1059 3012 Cupido,
1070 2943 1129 2998 sire
1140 2950 1248 2998 atomus
1318 2984 1325 2999 .
1429 2985 1436 2999 .
1541 2987 1548 3000 .

883 3026 923 3082 18.
942 3026 1100 3089 Diomedes,
1113 3026 1171 3082 sive
1184 3027 1259 3082 zelus
1377 3067 1383 3081 .
1489 3068 1496 3081 .
1600 3068 1608 3084 .

883 3111 924 3166 19.
941 3111 1079 3175 Daedalus,
1089 3110 1147 3165 σίνε
1159 3110 1334 3165 mechanicus
1430 3152 1436 3166 .
1543 3152 1550 3167 .

707 3238 715 3253 .
791 3200 840 3257 651
880 3193 923 3247 20.
942 3191 1147 3258 Erichthonius,
1160 3193 1217 3248 σίνε
1229 3194 1379 3265 impostura
1488 3235 1494 3248 .
1599 3235 1607 3251 .

35 3274 102 3349 (inp.
125 3278 161 3335 V.
189 3280 353 3335 assumitur
378 3280 524 3335 munda
543 3279 660 3337 historia
681 3283 775 3339 mles.
880 3276 924 3330 21.
943 3275 1104 3342 Deucalion,
1118 3277 1175 3331 σίνε
1188 3276 1323 3332 restitutio
1427 3318 1434 3331 .

65 3364 155 3429 tium
168 3364 261 3436 quiin
273 3371 302 3421 et
313 3382 375 3421 esse
388 3365 489 3421 debeat
500 3366 530 3420 in
541 3382 650 3436 genere,
663 3374 691 3422 et
701 3370 774 3438 quod

66 3445 202 3518 Ιεςίιίωε
221 3448 340 3519 hujusce
360 3449 488 3506 historice
507 3450 640 3507 ordinatio
651 3460 774 3509 versetur

3 3554 4 3561 ν
66 3531 98 3585 in
110 3533 218 3603 triplici
237 3551 339 3606 genere
358 3542 572 3608 preceptorumc
590 3536 726 3603 videlicet,
739 3537 774 3593 de

69 3614 136 3680 flue,
163 3617 200 3672 de
223 3620 350 3685 muteris,
373 3636 406 3674 ae
431 3619 466 3675 de
491 3620 574 3675 modo
596 3622 773 3679 conficiendis

69 3698 232 3769 mmcd
244 3702 363 3759 hhtoria
425 3745 433 3760 .
539 3747 546 3761 .
651 3746 659 3762 .

880 3362 923 3416 22
942 3359 1081 3426 Nemesis,
1091 3362 1149 3417 σίνε
1161 3363 1235 3416 rices
1248 3378 1339 3417 rerum
1375 3404 1382 3417 .
1488 3402 1494 3417 .
1599 3404 1607 3419 .

880 3443 924 3500 23.
942 3443 1090 3511 Achelous,
1103 3446 1160 3501 σίνε
1172 3446 1296 3518 prelium

880 3529 923 3586 24.
941 3530 1089 3600 Dionysus,
1102 3529 1160 3585 σίνε
1172 3531 1307 3602 cupiditas
1376 3572 1383 3586 .
1488 3572 1495 3587 .

880 3615 924 3669 25.
945 3615 1083 3681 Atalante,
1095 3615 1154 3671 σίνε
1165 3616 1273 3672 lucrum
1318 3658 1324 3671 .
1430 3658 1437 3671 .

764 3709 839 3766 ,651
880 3698 922 3754 86.
941 3697 1131 3766 Prometheus,
1144 3700 1202 3755 σίνε
1215 3708 1301 3756 stutus
1312 3699 1433 3756 hominis
1487 3741 1495 3757 .
1543 3659 1550 3673 ·
1600 3745 1607 3759 .

40 3777 108 3852 Cep
127 3783 179 3840 VI,
208 3785 467 3858 Quodqmfiom
484 3788 684 3863 philosophie„
699 3794 774 3848 cim
879 3783 923 3845 27.
943 3783 1036 3837 icarus
1056 3783 1172 3849 roians3
1198 3785 1265 3841 item
1286 3784 1378 3855 Scylla
1398 3794 1427 3841 et
1445 3784 1609 3857 Charybdis,

71 3866 205 3936 emissus,
214 3872 299 3927 etiam
311 3888 375 3944 quse
386 3880 487 3943 preter
498 3875 658 3945 opinionum
666 3885 737 3943 sunt,
746 3892 774 3933 et

913 3866 972 3921 sive
984 3867 1030 3921 vis
1042 3867 1133 3922 media
1202 3909 1209 3923 .

74 3938 606 4030 quodammododnmecipiddoeaot:
619 3978 774 4034 proponun-
879 3951 922 4005 28·
942 3950 1060 4021 sithiu&
1073 3952 1131 4006 ⁸5⁹0
1144 3952 1259 4007 ⁸⁰i²¹¹fl³
1377 3994 1384 4007 ·
1488 3994 1496 4010 ·
1601 3997 1608 4010 ·

75 4042 119 4090 tm
137 4056 205 4096 vero
229 4043 352 4114 quinque
373 4044 539 4114 questiones
557 4045 629 4100 circs
654 4055 774 4117 systema
879 4033 922 4090 29·
941 4034 1116 4105 Pf⁰⁸0fi³i¹¹⁸r
1129 4036 1187 4091 ⁸5V²
1199 4037 1312 4108 81)ἰῐίωε
1428 4079 1435 4092 ·
1540 4081 1547 4093 ·

76 4118 179 4190 dmi
197 4124 335 4191 meet,
356 4143 393 4180 an
412 4129 450 4182 git
469 4130 610 4198 symma?
629 4137 664 4194 et,
684 4132 707 4185 gi
728 4132 772 4197 git,
879 4120 922 4174 30·
942 4118 1036 4186 MCilfl,
1049 4119 1107 4175 SlVD
1120 4122 1267 4176 confilium
1372 4163 1378 4176 ι
1485 4163 1492 4176 ·
1599 4164 1606 4178 ·

79 4207 331 4274 quodsitoentrum
345 4213 427 4281 ejmt
440 4213 570 4285 etqualis
579 4214 771 4285 profunditas?
878 4204 921 4260 3¹·
942 4203 1060 4270 Sirene&
1074 4204 1131 4260 Βὶῗθ
1143 4206 1271 4277 101111666
1312 4246 1325 4262 ε
1425 4248 1432 4261 ·
1538 4247 1546 4262 ·

79 4296 105 4342 et
114 4293 200 4362 qualis
215 4296 377 4352 connexio?
401 4303 431 4352 et
447 4297 537 4369 qualis
550 4299 669 4369 partium
690 4300 773 4355 eollo-

79 4384 144 4432 Eho

83 4544 242 4616 minum
268 4551 373 4625 qualis,
397 4549 536 4615 videlicet,
561 4551 597 4606 sit
621 4553 772 4608 substantia

84 4628 218 4690 edemom
236 4636 267 4691 in
288 4652 396 4709 genere
417 4642 578 4706 comparsta
600 4635 635 4690 ad
657 4653 771 4707 corpora

84 4714 244 4777 sumnus
262 4729 292 4777 et
313 4719 411 4793 qunlis
431 4718 584 4773 substantia
603 4719 712 4774 etheris
731 4722 771 4775 in·

82 4803 219 4863 metam
238 4812 412 4879 comparato
431 4802 471 4857 ad
488 4820 588 4875 corpus
607 4804 716 4860 stelles?
744 4814 772 4861 et

76 4886 148 4956 otiis
163 4891 200 4946 sit
217 4887 386 4946 substantia
411 4892 549 4939 astrorum
566 4886 688 4956 ipsorum
699 4904 771 4942 com-

68 4981 148 5043 mrsu
166 4976 202 5033 cd
221 4977 364 5038 invicem,
392 4975 425 5025 et
445 4977 603 5039 comparata
621 4971 657 5025 ad
677 4973 771 5043 ignem

63 5072 177 5128 mum,
190 5070 221 5119 et
239 5063 272 5117 in
293 5065 413 5116 nature
433 5053 567 5123 propria?
585 5064 612 5109 et
630 5056 719 5128 qualis
734 5058 771 5112 sit

57 5146 347 5222 complains,
359 5148 393 5197 et
406 5137 579 5193 macularum
588 5140 727 5211 nigrarum
741 5143 771 5197 in

53 5233 239 5311 mmm-io
267 5223 471 5288 mmmficot
519 5221 589 5277 'lum
610 5226 771 5297 proponitur

50 5325 150 5397 Μὴ
158 5324 268 5398 prim,
279 5332 323 5374 sn
335 5313 382 5369 sit
397 5309 587 5377 heterogenea
596 5310 668 5364 inter
677 5309 771 5365 coeles-

245 4421 253 4436 .
363 4421 372 4437 .
481 4421 488 4436 .
593 4423 601 4438 ,
705 4370 1092 4441 ,653Norahtlantis
1145 4414 1606 4433 .....

54 4452 111 4529 Q
123 4460 185 4519 Vll·
203 4464 366 4539 Sequuntur
386 4465 553 4537 questiones
569 4466 602 4522 de
621 4467 772 4524 substantie
880 4457 976 4529 Imago
988 4457 1076 4512 civilis
1089 4456 1157 4512 Julii
1170 4458 1286 4517 emeris

880 4541 976 4613 Imago
987 4540 1078 4596 civilis
1089 4542 1205 4612 Augusti
1218 4543 1335 4600 cesaris
1371 4583 1379 4598 .
1427 4503 1434 4515 ·
1484 4587 1491 4602 .
1540 4503 1548 4517 θ
1599 4547 1675 4610 ,741

879 4626 1035 4681 Infelicem
1045 4626 1205 4682 memorium
1213 4628 1381 4685 Elimbethoe
1391 4629 1607 4703 Anglioereginoe
1626 4634 1676 4696 741

880 4711 912 4766 In
926 4710 1077 4781 Henricum
1091 4710 1246 4783 Principem
1258 4714 1366 4769 Wallire
1375 4714 1504 4786 Elogium
1540 4756 1548 4772 .
1626 4721 1678 4781 746

1108 4923 1326 4969 monstruosus
1341 4926 1448 4968 SACRAE.

897 5057 918 5112 1.
938 5057 981 5112 De
993 5057 1120 5128 operibus
1131 5058 1185 5113 Dei
1197 5065 1225 5114 et
1235 5058 1356 5115 hominis
1485 5102 1492 5115 .
1598 5060 1677 5125 ,747

893 5145 919 5198 2
937 5142 981 5198 De
991 5143 1128 5198 musculis
1141 5143 1292 5201 servatoris
1426 5183 1433 5199 .
1539 5186 1546 5201 .
1625 5145 1678 5211 747

893 5227 921 5281 3:
936 5226 981 5282 De
993 5227 1149 5282 columbina
1160 5228 1316 5284 innocentis
1329 5237 1357 5283 et
1373 5228 1531 5298 serpentina
1543 5245 1605 5300 pru·

913 5311 1008 5365 dentis
1148 5352 1606 5369 .....
1626 5315 1677 5379 747

46 5407 307 5470 mmm„
320 5406 357 5456 et
370 5392 476 5467 qualis
489 5406 589 5447 esesse
600 5394 708 5465 possiti
761 5395 839 5450 ,656
885 5396 919 5449 ’4.
940 5394 982 5449 De
995 5394 1163 5450 exaltatione
1175 5397 1316 5453 charioris
1424 5435 1432 5451 ·
1537 5438 1545 5454 ·
1625 5399 1677 5463 747

19 5496 175 5556 muno

703 5517 711 5533 .
788 5479 839 5535 663
893 5481 917 5535 5.
937 5481 980 5536 De
993 5498 1120 5537 mensuro
1129 5499 1255 5538 curarum
1369 5520 1377 5536 .
1485 5523 1492 5538 .
1598 5487 1678 5547 .748
