3800 5875
54 274 121 331 Car.
136 275 190 331 111.
572 277 624 332 DE
645 275 873 334 AUGMENTIS
893 278 1168 335 scrutaminum.
1627 283 1685 339 415

48 433 184 503 jactastis
197 434 235 489 ad
251 441 376 505 posteros
395 435 492 500 refero,
505 436 555 491 sed
573 435 639 506 quia
658 437 694 491 ad
711 435 849 493 literarum
887 437 1065 507 conjiciamus
1084 437 1178 493 oculos
1191 437 1221 492 iu
1234 453 1302 508 opus
1320 437 1427 507 iprtmr
1448 438 1538 509 qualis
1554 440 1685 500 nimirum

50 513 211 584 dignitatem
232 514 362 569 nonnihil
385 515 522 584 pertinere
546 523 648 585 putem,
673 516 745 586 quod
767 517 851 571 homo
888 517 994 572 censeri
1014 517 1114 572 debeat
1127 533 1192 571 vers
1216 533 1362 588 regnorum
1375 525 1404 571 et
1424 519 1685 589 rerumpublicarum

51 592 196 664 quispism,
207 592 244 646 ad
253 592 348 648 literas
360 593 461 664 potius,
471 612 553 667 quam
564 594 599 649 ad
608 593 683 649 aliud
694 597 848 667 quicquam,
887 596 1053 668 magnitudo,
1062 602 1089 650 et
1100 596 1197 667 quibus
1207 595 1310 652 artibus
1320 596 1434 651 obtineri
1445 599 1548 667 possit:
1570 599 1684 670 dignum

49 681 137 738 natur,
156 679 186 726 et
206 672 243 726 ad
262 689 307 727 res
327 673 469 744 gerendas,
485 674 580 729 nescio
598 691 653 745 quo
670 675 735 739 lato,
756 681 850 730 contra
887 677 1010 745 proiecto
1030 683 1227 746 argumentum,
1249 675 1322 747 quod
1344 674 1481 746 principes
1500 685 1631 747 perpetuo
1653 682 1683 736 in

50 752 161 822 genium
175 768 255 807 suum
270 752 408 823 abreptus,
420 754 455 809 ad
468 753 560 807 civilia
570 760 661 808 tamen
671 770 784 809 munera
793 760 849 809 tam
887 754 1013 809 manibus
1025 753 1154 819 habeant,
1164 762 1193 810 et
1202 753 1350 824 diligenter
1359 755 1538 819 meditentur;
1561 774 1682 827 ququec

50 829 200 885 1111111111
213 839 241 885 et
254 831 348 897 ardus,
363 832 415 887 sub
421 849 487 903 rege
497 833 715 903 prudentissimo,
727 849 849 902 aasump
887 833 959 887 vires
973 850 1036 888 suas
1050 834 1078 886 in
1096 833 1188 901 maius
1200 834 1374 898 estimantes,
1389 834 1507 905 inceptis
1520 852 1551 890 ae
1565 838 1641 891 vanis
1655 845 1683 893 et

49 917 90 964 tus
102 910 195 965 inerit
237 911 349 976 Vermn,
367 911 471 982 siquid
485 913 556 966 circa
575 911 716 984 politicam
734 912 847 982 posthac
886 912 969 967 nimia
977 912 1067 967 arduis
1075 912 1234 984 implicent;
1249 929 1300 967 uec
1308 929 1400 967 mrsus
1412 914 1522 969 easdem
1530 914 1593 985 plus
1602 934 1683 988 aequo

49 990 183 1059 parturiet
209 990 297 1045 otium
324 1007 423 1056 meum,
452 991 506 1045 erit
532 991 646 1046 imtasse
672 991 771 1061 proles,
800 999 846 1046 aut
887 990 1249 1061 despicientesadconsilia
1261 991 1435 1063 pusillanima
1446 995 1681 1051 etmetieulosase

49 1069 170 1123 abortire
184 1078 233 1123 aut
248 1069 404 1140 posthuma.
448 1070 568 1135 Interim,
586 1087 630 1135 ne,
645 1071 767 1125 scientiis
787 1086 847 1124 om·
886 1070 1036 1126 demittant.

48 1148 125 1202 uibus
144 1150 206 1217 jam
221 1148 307 1202 veluti
326 1149 356 1202 iu
369 1149 508 1203 subselliis
528 1151 585 1204 1111
603 1149 749 1214 collocatis,
769 1150 847 1205 sedes
926 1149 1090 1221 Magnitudo
1104 1149 1292 1220 imperiorum,
1307 1150 1396 1221 quoad
1415 1150 1516 1207 molem
1529 1159 1556 1206 et
1570 1152 1679 1209 territo·

47 1226 104 1281 brec
119 1236 178 1282 tam
193 1228 306 1282 excelsa
319 1229 430 1282 omniuo
442 1235 527 1291 vacet,
537 1228 645 1284 decrevi
659 1229 727 1284 duas
740 1235 847 1285 tantum
886 1229 964 1295 nam,
983 1244 1117 1285 mensuare
1136 1230 1295 1298 subjicitur;
1317 1230 1407 1302 quoad
1427 1231 1538 1296 reditus,
1558 1230 1679 1289 calculis.

47 1306 134 1361 civilis
147 1307 275 1361 scientiar
287 1307 505 1379 portionesque
518 1309 660 1363 adsreana
673 1308 782 1378 imperii
793 1326 847 1363 non
885 1307 1024 1364 Numerus
1041 1308 1142 1363 civium
1155 1316 1184 1363 et
1203 1309 1300 1378 capita,
1315 1325 1414 1372 censu3
1435 1310 1542 1365 urbium
1563 1319 1591 1365 st
1603 1314 1679 1382 oppi-

46 1387 190 1456 pertiuent,
218 1387 270 1441 sed
297 1394 362 1442 sunt
384 1394 490 1441 naturae
515 1389 605 1459 magis
631 1389 789 1453 communia,
817 1396 847 1444 ut
885 1386 981 1442 dorum
990 1387 1134 1442 multitudo
1145 1388 1335 1459 etamplitudo,
1344 1388 1444 1443 tabulis
1452 1390 1542 1460 excipi
1551 1400 1677 1460 possunt:

46 1466 199 1521 desideruis
213 1474 327 1531 notares
348 1482 502 1538 earumque,
515 1482 591 1522 more
604 1474 704 1533 nostro,
719 1467 848 1538 exempla
885 1474 1005 1521 attamen
1018 1483 1073 1522 uon
1093 1468 1226 1537 reperitur
1243 1466 1316 1522 inter
1329 1466 1421 1522 civilis
1434 1484 1478 1523 res
1491 1470 1577 1523 errori
1589 1472 1678 1540 magis

46 1561 210 1616 proponere.
885 1546 1011 1611 obnoxia,
1034 1562 1116 1618 qnam
1128 1563 1222 1602 verum
1235 1553 1263 1601 et
1275 1546 1451 1602 intrinsecum
1465 1548 1592 1618 excipere
1607 1548 1678 1604 valo

83 1625 242 1680 Camertes
255 1624 366 1696 imperii
377 1625 429 1679 tria
437 1626 527 1680 officia
541 1625 652 1696 politica
665 1625 847 1695 complectan-
884 1641 942 1680 rem
956 1627 1029 1680 circa
1041 1626 1114 1681 vires
1124 1634 1152 1679 et
1165 1627 1259 1697 coplas
1269 1626 1380 1702 imperii
1394 1625 1517 1695 alicujus.
1560 1628 1677 1683 Assimi-

46 1712 104 1768 tur3
126 1706 228 1775 primo,
250 1712 281 1759 ιιι
300 1701 446 1775 imperium
464 1713 652 1760 conservetur:
673 1706 801 1770 seeundo,
815 1711 847 1760 ut
883 1703 955 1759 latur
977 1721 1090 1776 regnum
1104 1704 1234 1761 coelorum
1253 1722 1308 1759 non
1331 1705 1433 1778 glandi,
1448 1714 1495 1761 aut
1514 1706 1579 1761 nuci
1595 1706 1678 1763 alicui

47 1784 154 1839 beatum
175 1784 313 1839 efficiatur
329 1792 357 1838 et
374 1784 491 1840 florens:
513 1785 600 1849 tertio,
614 1784 845 1854 utampliticetur,
885 1784 1030 1855 grandiori,
1051 1785 1098 1839 sed
1122 1801 1208 1855 grano
1230 1785 1341 1854 sinapis,
1356 1785 1428 1857 quod
1448 1786 1519 1839 inter
1537 1802 1622 1856 grana
1635 1794 1679 1842 est

46 1865 167 1935 finesque
178 1866 241 1933 ejus
254 1863 365 1933 longius
376 1865 564 1933 proterantur:
584 1864 618 1918 de
632 1863 737 1919 duobus
750 1864 845 1933 primis
883 1863 1040 1926 minimumr
1063 1863 1135 1935 quod
1147 1870 1239 1918 tamen
1257 1863 1341 1919 habet
1353 1864 1463 1919 interim
1484 1865 1557 1919 intra
1569 1882 1598 1919 ae
1613 1883 1677 1937 pro·

47 1943 149 2007 ciliciis,
163 1944 292 1998 maxima
310 1960 346 1997 ex
362 1950 448 2013 parte,
463 1942 575 2015 egregie
589 1960 606 1997 a
619 1942 756 1997 nonnullis
775 1950 845 1998 trae·
884 1943 1027 2013 prietatem
1047 1942 1183 2013 quandam
1196 1950 1224 1998 et
1242 1943 1366 2013 spiritum
1387 1943 1587 2014 innatamque
1606 1962 1635 1999 ae
1649 1952 1678 2000 et

47 2031 128 2077 tatum
142 2032 196 2088 eat,
210 2023 247 2078 de
260 2023 343 2077 tertio
353 2023 458 2078 siletur.
501 2021 572 2077 illud
586 2023 677 2094 itaque
691 2022 764 2077 inter
776 2022 846 2078 desi·
883 2022 964 2077 citius
986 2021 1098 2087 attollat,
1113 2029 1142 2076 et
1154 2022 1235 2077 latius
1256 2022 1407 2077 diffundat:
1429 2023 1524 2078 eodem
1544 2024 1625 2078 modo
1637 2024 1678 2079 in-

48 2101 140 2157 111111
158 2119 334 2173 reponemus,
353 2109 380 2156 et
399 2119 473 2157 more
493 2110 586 2156 uostm
608 2101 765 2172 exemplum
786 2103 846 2171 ejus
884 2101 976 2157 venire
991 2111 1033 2156 est
1053 2118 1138 2172 regna
1151 2109 1178 2156 et
1199 2108 1285 2156 statue
1304 2102 1409 2156 ambitu
1428 2103 1538 2174 quidem
1551 2112 1579 2156 et
1591 2105 1678 2176 regio·

47 2196 309 2252 proponemus,esm
319 2181 447 2236 doctrinae
460 2190 566 2252 partem
581 2181 719 2236 consulem
732 2180 845 2252 paluda-
883 2197 948 2235 num
962 2188 1049 2235 tractu
1063 2181 1142 2236 vatus
1156 2181 1255 2252 ample,
1269 2198 1330 2253 quaa
1341 2188 1430 2235 tamen
1444 2182 1554 2237 adfines
1564 2181 1677 2238 ulterius

48 2268 108 2323 mm,
123 2262 184 2316 sive
205 2261 361 2316 doctrinam
374 2261 407 2314 de
421 2260 593 2331 proterendis
606 2260 716 2331 imperii
737 2261 844 2327 finibus,
883 2261 1066 2329 proterendos,
1077 2260 1586 2331 antlatiusimperaudum‚suntminus
1596 2270 1674 2332 apta3

47 2342 229 2395 mmiuantex
884 2338 938 2393 alia
961 2348 1062 2403 eontra,
1084 2341 1251 2395 dimensione
1274 2340 1341 2395 ratis
1368 2339 1477 2411 exigna,
1501 2357 1561 2411 quoe
1583 2348 1676 2396 tamen

884 2418 971 2484 beses,
986 2419 1128 2490 inquibus
1146 2419 1275 2474 maximoe
1290 2418 1457 2475 monarchias
1472 2418 1676 2487 inredifieentur,

49 2528 208 2569 1111111111
234 2528 400 2569 rascrsws
425 2529 570 2569 1111111111
591 2529 630 2569 ur:
651 2529 844 2570 rnoranarruss
883 2514 943 2552 ²⁸⁸⁸
958 2499 1073 2568 10181111·

315 2608 433 2649 „mm
456 2608 578 2649 mmm
925 2576 949 2632 1.
972 2578 1062 2632 Urbes
1079 2578 1198 2642 munite,
1214 2575 1297 2648 plena
1309 2576 1526 2642 armamentaria,
1546 2594 1677 2648 equorum

883 2657 1047 2729 propagines
1061 2672 1206 2728 generosa,
1221 2672 1314 2710 curros
1331 2656 1436 2720 murati,
1457 2655 1603 2726 elephanti,
1618 2674 1677 2712 ma·

82 2734 198 2789 Dictum
210 2733 410 2789 Themistocles
424 2734 477 2789 sibi
489 2735 542 2805 ipsi
551 2734 844 2806 applicatum,incivile
883 2736 973 2791 chinea
990 2744 1071 2809 atque
1085 2742 1220 2791 tormenta
1229 2734 1329 2788 bellica
1342 2735 1495 2805 omnigena,
1514 2743 1543 2790 et
1556 2736 1675 2801 similia;

48 2813 366 2879 eertehritetintlatum
387 2814 429 2868 111
439 2814 540 2869 desliis
549 2816 667 2885 atquein
676 2833 776 2886 genere
785 2833 846 2886 pro-
883 2822 946 2870 sunt
960 2823 1031 2870 certe
1042 2817 1096 2870 ista
1109 2815 1242 2879 universa,
1248 2813 1319 2867 nihil
1333 2813 1414 2878 aliud,
1423 2830 1505 2887 quam
1516 2814 1574 2869 ovis
1583 2815 1677 2870 induta

48 2891 129 2948 latum
143 2892 251 2958 suimet,
265 2892 426 2964 prudentem
440 2910 505 2949 sane
515 2895 730 2950 observationem
741 2902 769 2950 et
783 2912 845 2966 per·
883 2895 955 2965 pelle
969 2894 1086 2960 leonina,
1100 2894 1154 2950 nisi
1164 2910 1232 2967 gens
1245 2893 1305 2965 ipsa
1319 2894 1402 2965 stirpe
1416 2910 1465 2949 sua
1479 2901 1506 2948 et
1518 2893 1631 2966 ingenio
1640 2894 1677 2949 sit

47 2990 158 3044 gravem
179 2989 323 3028 cmsamm
342 2973 487 3044 complesti
500 2974 632 3030 rideatur.
674 2975 797 3045 Rogatus
815 2976 843 3030 in
883 2974 960 3029 sortis
974 2975 1143 3031 etmilitaris.
1186 2975 1253 3038 11111,
1263 2991 1314 3028 nec
1321 2990 1450 3029 numerus
1464 2975 1523 3044 ipse
1537 2972 1677 3043 copiamm

48 3053 181 3118 convivio,
195 3060 226 3107 nt
240 3052 375 3108 citharam
389 3053 516 3124 pulsaret,
530 3054 677 3125 respoudit,
688 3054 801 3109 Fidibus
815 3072 844 3108 ae
882 3053 999 3110 multum
1018 3055 1103 3123 juvat,
1119 3053 1167 3109 ubi
1180 3053 1281 3108 milites
1303 3053 1428 3108 imbelles
1448 3059 1512 3107 sunt
1527 3060 1554 3107 et
1571 3053 1675 3123 ignavi.

48 3132 151 3187 nescire
160 3154 168 3197 t
191 3140 321 3187 caeterum
331 3149 410 3203 posse
418 3134 547 3204 oppidum
557 3150 670 3204 parrum
679 3134 709 3187 in
718 3150 845 3205 magnam
884 3134 970 3188 Recte
987 3133 1060 3188 enim
1074 3132 1225 3204 Virgilinsr
1248 3138 1264 3166 ‘⁴
1278 3131 1371 3202 Lupus
1390 3149 1533 3187 numerum
1547 3148 1676 3203 pecomm

48 3212 186 3266 civitatem
200 3210 326 3267 evehere.
369 3212 425 3266 lsta
439 3221 512 3268 certe
525 3213 616 3277 verbo,
627 3214 785 3267 adsensum
800 3230 845 3284 pu
883 3229 936 3266 non
950 3215 1053 3269 curat”
1094 3213 1237 3267 Exercitus
1250 3211 1395 3266 Persarum
1407 3213 1436 3265 in
1450 3211 1554 3282 campis
1569 3209 1676 3267 Arbele

49 3289 152 3345 litieurn
174 3290 314 3356 translata,
338 3290 481 3346 facultates
503 3292 577 3356 duas,
595 3293 711 3347 multum
729 3293 802 3347 inter
815 3310 845 3347 se
883 3292 970 3347 oculis
988 3293 1170 3348 Macedonum
1184 3299 1313 3362 tauquam
1326 3300 1432 3346 vartum
1446 3290 1585 3345 hominum
1598 3289 1676 3360 pela-

49 3369 243 3441 diserepantes,
256 3371 285 3424 in
298 3372 340 3436 iis,
356 3371 404 3442 qui
417 3388 507 3426 renim
521 3370 705 3442 gubernacula
718 3379 844 3436 tractam,
883 3388 935 3442 gns
959 3372 1168 3441 subjiciebamur
1190 3371 1259 3425 adeo
1279 3378 1312 3424 ut
1331 3371 1414 3425 duces
1435 3369 1592 3433 Alexandri,
1611 3385 1677 3423 nou·

49 3451 148 3519 optime
163 3449 321 3504 describunt
332 3461 359 3505 et
368 3450 547 3521 distinguunt
587 3451 704 3515 Etenim,
714 3451 737 3505 11
747 3468 843 3522 regum
883 3449 953 3505 nihil
971 3452 1032 3521 ipso
1043 3449 1200 3520 spectaculo
1214 3449 1339 3520 perculsi,
1354 3466 1448 3522 regem
1462 3448 1675 3519 interpellarent,

50 3530 225 3593 emsiliarios,
247 3537 394 3594 senatores,
413 3529 536 3601 aliosque
550 3530 586 3585 ad
604 3532 714 3601 negotia
735 3530 845 3602 publica
883 3537 965 3599 atque
987 3539 1016 3584 ut
1039 3537 1122 3585 noctu
1143 3528 1270 3600 praelium
1292 3530 1478 3593 committeret,
1503 3529 1529 3582 ei
1551 3535 1676 3584 auctores

50 3609 178 3672 11111111,
193 3609 241 3679 qni
255 3625 370 3680 usquam
384 3609 500 3674 fuerunt,
515 3615 617 3664 attente
631 3610 792 3674 intueamur,
801 3626 844 3665 re·
883 3617 977 3664 erantr
998 3609 1096 3680 quibus
1109 3608 1165 3674 ille,
1181 3614 1198 3640 “
1208 3607 1306 3671 Nolo,''
1318 3609 1414 3679 inquit,
1430 3607 1578 3662 “suffirrari
1593 3606 1677 3661 ricto·

50 3688 186 3756 perientur
211 3688 335 3759 profecto
357 3688 434 3758 (licet
455 3689 608 3759 rarissime)
635 3688 771 3757 nonnulli,
797 3689 844 3759 qui
882 3689 987 3744 riam:”
1009 3705 1041 3743 ea
1055 3696 1146 3743 autem
1162 3688 1245 3743 etism
1259 3688 1386 3757 opinione
1407 3685 1588 3741 mitfucilior.
1631 3685 1676 3740 'li-

51 3783 161 3837 regnum
170 3775 217 3821 aut
226 3767 365 3821 civitatem
376 3768 492 3839 epatris
502 3768 595 3839 ampla
605 3769 712 3823 efficere
722 3769 843 3839 possint;
883 3784 982 3838 graues
992 3767 1142 3832 Armenius,
1153 3775 1358 3821 castrametatus
1367 3767 1395 3820 in
1407 3766 1523 3837 quodam
1533 3764 1602 3820 colle
1613 3781 1676 3819 cum

52 3846 844 3918 111111111111111111111111111111111111111
883 3847 1005 3902 exercitu
1029 3848 1285 3919 quadringentorum
1308 3845 1432 3908 millium,
1453 3862 1514 3899 cum
1542 3851 1677 3914 spectaret

53 3924 310 3996 aliiquamplurimi‚
321 3927 350 3980 in
360 3926 466 3980 cithara
476 3935 524 3981 aut
536 3927 597 3996 lyra
609 3926 674 3995 (hoc
689 3934 737 3990 est,
749 3926 844 3980 aulicis
883 3927 971 3981 aciem
992 3926 1184 3989 Romanorum,
1207 3942 1268 3995 quae
1291 3924 1494 3996 quatuordeeim
1515 3923 1601 3978 millia
1620 3940 1675 3977 non

53 4001 139 4078 tricis)
151 4005 215 4058 miri
230 4005 358 4068 artifices,
373 4005 428 4078 qui,
443 4013 547 4060 tautum
560 4006 645 4070 abest,
660 4012 691 4060 ut
700 4005 845 4076 rempubli·
883 4007 1008 4070 excessit,
1022 4015 1115 4072 contra
1130 4021 1159 4059 se
1169 4004 1369 4067 tendentem,in
1380 4003 1493 4056 dicterio
1502 4002 1549 4057 illo
1562 4019 1612 4057 suo
1622 4002 1676 4057 sibi

53 4098 109 4137 eam
121 4083 292 4154 amplificare
304 4085 416 4156 possint,
426 4091 457 4139 nt
467 4085 581 4156 potiusa
591 4091 686 4140 natura
694 4085 844 4154 comparati
882 4083 1060 4155 complacuit;
1082 4089 1098 4116 “
1111 4084 1209 4147 Ecce‚'’
1231 4083 1326 4154 inquit,
1342 4087 1358 4114 ‘¹
1371 4081 1513 4136 hominum
1532 4098 1583 4151 pro
1601 4081 1675 4152 lega·

52 4162 190 4217 rideantur
203 4163 238 4216 ad
251 4171 351 4218 statum
365 4163 523 4234 reipublice
536 4164 647 4219 beatum
661 4171 688 4218 et
701 4165 843 4218 florentem
882 4163 956 4217 tione
970 4163 1056 4217 nimio
1067 4164 1129 4233 plus
1144 4179 1226 4234 quam
1240 4169 1350 4231 oportet,
1366 4177 1415 4231 pro
1428 4178 1520 4231 pugna
1532 4161 1613 4232 longe
1626 4162 1677 4216 mi-

53 4237 267 4296 hbetaetandum
281 4249 308 4295 et
322 4243 504 4297 evertendum.
546 4243 626 4309 Sane,
640 4251 711 4298 artes
728 4242 784 4298 illae
797 4243 844 4297 de·
882 4243 969 4307 nus;”
997 4243 1105 4297 eosdem
1124 4249 1222 4305 tamen,
1246 4241 1404 4312 priusquam
1431 4241 1601 4295 occubuisset
1624 4239 1675 4305 sol,

53 4335 162 4388 generes
175 4327 203 4374 et
216 4322 373 4392 prestigiae,
382 4322 481 4392 quibus
494 4338 681 4393 sepenumero
688 4322 843 4387 consiliarii,
883 4322 949 4376 satis
968 4321 1068 4376 multos
1082 4321 1117 4375 ad
1136 4320 1213 4375 111111
1235 4320 1342 4374 infinita
1362 4328 1454 4390 strage
1476 4319 1676 4390 profligandum

53 4405 129 4469 atque
139 4417 230 4454 rerum
242 4408 374 4471 potentes,
383 4408 410 4455 et
416 4401 535 4473 gratiam
543 4401 615 4471 apud
625 4401 763 4472 principes
773 4418 844 4466 auos,
883 4409 1012 4472 expertus
1036 4407 1085 4455 est
1128 4400 1275 4454 111111111
1293 4406 1356 4453 sunt
1379 4397 1514 4469 exempla,
1538 4399 1677 4470 quamsit

53 4485 81 4530 et
96 4479 195 4534 11111111
214 4480 244 4533 in
264 4480 370 4551 vulgus,
391 4487 537 4551 reportant,
557 4480 632 4536 haud
652 4480 727 4534 aliud
745 4497 845 4535 nomen
882 4480 1063 4535 multitudinis
1075 4496 1137 4534 cum
1151 4477 1306 4533 fortitudine
1319 4493 1480 4548 congressus
1494 4478 1590 4548 impar.
1617 4477 1677 4532 Pri·

52 4565 193 4624 merentur,
208 4576 292 4631 quam
306 4560 409 4630 peritis
421 4559 562 4628 cujusdam
573 4560 738 4625 fidiculariae,
754 4567 845 4630 utpote
883 4576 928 4614 mo
942 4559 1027 4630 igitur
1040 4575 1133 4630 prore
1150 4558 1300 4612 certissima
1315 4564 1343 4611 et
1356 4556 1573 4627 exploratissima
1586 4557 1677 4611 decer·

52 4651 112 4690 enm
125 4638 177 4691 sint
191 4655 237 4692 ree
250 4639 340 4708 magia
361 4646 445 4709 gratae
464 4639 494 4693 in
514 4655 641 4710 presens,
656 4647 684 4694 et
697 4639 845 4693 artificibus
882 4646 963 4693 natur
975 4645 1002 4693 et
1015 4645 1154 4702 statuatur,
1165 4636 1236 4708 quud
1249 4644 1331 4706 caput
1342 4635 1469 4700 omnium,
1481 4653 1542 4707 quse
1554 4636 1589 4691 ad
1601 4653 1677 4707 mag-

52 4715 118 4784 ipm
131 4724 297 4781 ornamento,
308 4733 390 4788 quam
403 4717 438 4771 ad
452 4718 719 4789 rerumpublicarum,
731 4734 844 4789 quarum
883 4718 1033 4772 altudinem
1046 4717 1125 4789 regni
1147 4724 1193 4770 aut
1210 4721 1296 4770 status
1318 4722 1447 4786 spectent,
1461 4716 1503 4779 sit,
1518 4722 1548 4770 ιιι
1560 4715 1677 4786 populus

53 4801 114 4847 anat
134 4796 257 4862 ministri,
272 4812 339 4867 opes
357 4804 385 4851 et
400 4796 609 4868 amplitudinem
631 4797 712 4854 utiles
733 4806 780 4851 aut
797 4814 844 4851 ac·
884 4798 943 4868 ipse
966 4797 1002 4851 sit
1023 4798 1108 4866 stirpe
1123 4805 1151 4850 et
1167 4795 1281 4867 iugenio
1303 4794 1457 4850 bellicosus.
1498 4798 1587 4865 Atque
1607 4793 1677 4848 illud

53 4874 204 4930 commode,
245 4875 395 4931 Occurrent
406 4876 585 4946 proculdubio
595 4877 678 4931 etalii
687 4876 844 4940 consiliarii,
883 4876 972 4947 magis
985 4876 1086 4940 tritum,
1101 4890 1299 4945 quamverum,
1313 4874 1385 4946 quod
1398 4875 1475 4929 nervi
1488 4873 1553 4928 belli
1564 4874 1618 4928 sint
1630 4889 1677 4943 pe·

53 4959 132 5022 etque
150 4953 307 5025 reipublicae
328 4955 531 5027 gubernatores,
555 4956 666 5010 minime
691 4956 843 5026 spernendi,
884 4955 1016 5018 11111111
1037 4953 1126 5008 derint
1144 4953 1221 5008 nervi
1242 4953 1445 5008 lacertorumin
1459 4960 1538 5024 gente
1559 4952 1679 5006 molliet

54 5032 100 5099 qui
115 5033 167 5087 siut
180 5034 298 5105 negotiis
312 5051 401 5105 pares,
415 5035 573 5105 possintque
587 5052 631 5090 res
645 5035 785 5089 commode
799 5034 845 5089 ad·
884 5034 1059 5088 effoeminata.
1101 5033 1186 5087 Recte
1206 5032 1279 5087 enim
1300 5032 1395 5087 Croeso
1414 5032 1558 5087 ostentanti
1581 5047 1677 5084 surum

54 5110 209 5176 ministrare,
221 5130 323 5184 eaeque
337 5131 354 5168 a
368 5113 522 5167 manifestis
533 5114 691 5184 praecipitiis
705 5123 733 5169 et
745 5115 846 5168 incom-
884 5112 1023 5183 respondit
1041 5109 1142 5168 Solone
1164 5118 1181 5145 “
1194 5110 1230 5165 ht
1254 5111 1277 5166 ei
1297 5113 1358 5182 quis
1377 5114 1408 5182 (o
1421 5113 1483 5178 rex)
1498 5109 1607 5172 venerit,
1630 5110 1677 5180 qui

54 5189 139 5244 modis
154 5207 333 5255 consenum
354 5209 372 5246 a
385 5192 484 5246 rirtute
498 5200 587 5246 tumen
601 5192 650 5247 ills
664 5193 844 5263 rerumpubli·
885 5193 990 5254 melius,
1005 5208 1088 5261 quam
1102 5198 1138 5256 tu,
1155 5192 1255 5246 sermm
1279 5193 1367 5262 gestit,
1387 5188 1426 5246 1111
1449 5190 1569 5261 proiecto
1592 5196 1679 5244 totum

56 5283 144 5323 esrum
165 5272 294 5326 erectrice
320 5278 349 5326 et
370 5270 575 5342 amphtlcatriee
597 5273 682 5344 longo
702 5271 846 5327 intervallo
885 5271 937 5326 hoc
957 5270 1036 5324 cedet
1060 5272 1181 5325 aurum.”
1224 5271 1321 5334 Quare,
1347 5271 1500 5340 quicunque
1523 5269 1548 5322 ia
1569 5268 1679 5323 tandem

55 5345 158 5404 absmr.
885 5351 921 5404 ait
941 5350 1068 5420 princeps
1082 5358 1130 5405 aut
1142 5357 1234 5413 matus,
1249 5350 1328 5418 cujus
1347 5349 1445 5403 subditi
1466 5348 1552 5401 nativi
1565 5355 1593 5402 et
1606 5348 1679 5401 indi-

94 5427 199 5494 Verum,
224 5429 429 5501 qualescunque
458 5428 564 5485 demum
592 5430 693 5487 inerint
719 5430 846 5501 operarii,
885 5445 964 5501 gene
977 5444 1031 5484 non
1045 5429 1100 5485 sint
1116 5429 1232 5483 animosi
1247 5437 1275 5483 et
1288 5427 1427 5492 militares,
1442 5428 1592 5497 potentiam
1602 5443 1680 5482 suam
