3800 5875
676 309 866 368 COGITATA
885 309 934 365 nt
955 309 1050 365 vtsn.
1614 308 1672 363 64³

48 471 118 526 hanc
128 470 334 526 distinctionem
343 469 505 539 priscisillis
511 467 679 539 temporibus
687 469 843 534 invaluisse,
880 485 961 539 qnam
975 468 1095 538 parendo
1108 468 1188 522 vinci.
1229 466 1374 538 Cogitabat
1384 465 1501 520 etiamst
1513 465 1605 521 animo
1614 467 1671 521 vol·

47 548 226 604 camillorum
234 549 367 604 beneficia
377 549 411 602 ad
420 551 578 603 universum
590 564 676 618 genus
686 549 842 611 humanum,
879 548 969 610 vebat,
984 545 1076 618 qualia
1096 548 1157 612 siut,
1172 564 1233 617 quae
1253 546 1286 600 de
1299 547 1395 599 virtute
1410 561 1442 598 ac
1456 545 1483 599 vi
1502 545 1672 601 inventomm

47 629 143 684 horum
155 629 192 683 ad
204 635 292 683 certas
301 628 427 697 regiones
441 635 468 681 et
477 627 602 682 definitas
611 625 754 682 hominum
764 628 842 681 sedes
880 634 935 680 tam
949 626 1068 696 simplici
1086 635 1114 680 et
1133 642 1216 690 mera,
1235 643 1317 696 quam
1330 641 1370 688 ea,
1385 641 1446 695 quta
1457 641 1519 680 cum
1533 625 1630 680 merito
1643 632 1673 680 et

47 709 235 778 pertinerent:
256 707 304 761 ills
323 707 435 777 insuper
453 707 512 762 sine
533 707 561 759 vi
579 713 626 760 aut
642 707 843 775 perturbatione
880 705 1013 761 beneticio
1025 705 1169 774 conjuncta
1182 706 1225 769 sit,
1239 705 1430 774 cogitationem
1444 704 1536 759 subire
1550 712 1671 774 possunt.

48 787 196 842 humanam
223 786 306 841 vitam
327 786 453 840 bearent:
487 786 548 839 haec
573 802 637 839 vero
660 802 715 839 non
741 786 842 857 absque
881 784 920 837 Ac
934 783 1012 839 illam
1026 784 1133 855 quidem
1155 800 1209 837 non
1224 783 1252 838 in
1266 783 1329 837 aliis
1341 782 1512 838 manifestius
1523 801 1671 848 occurrere,

48 866 167 922 tumultu
186 873 215 921 et
232 865 362 920 violentia
379 864 435 919 fere
452 865 604 919 introducta
622 864 683 918 sint.
724 865 801 926 Quod
818 865 843 918 si
881 881 963 935 quam
984 862 1014 918 in
1036 864 1120 917 tribus
1140 862 1195 916 illis
1214 862 1340 926 inventis,
1355 879 1415 934 quse
1429 869 1457 915 et
1477 862 1538 933 ipsa
1551 863 1672 933 antiquis

49 945 223 1016 particularis
244 944 358 1012 alicujus
370 944 476 998 ‘inventi
492 943 596 998 utilitas
612 944 650 996 ita
662 943 788 998 homines
801 943 842 997 ai·
880 943 1027 1013 incognita,
1042 949 1070 995 et
1084 959 1197 1013 quorum
1210 941 1357 1012 primordia
1371 941 1452 995 etiam
1466 941 1545 997 nobis
1558 942 1673 996 obscura

50 1025 152 1089 iecerit,
163 1032 194 1078 ut
207 1041 277 1087 enm,
287 1023 334 1095 qui
342 1024 497 1078 universum
508 1039 594 1093 genus
604 1021 752 1076 humanum
762 1022 844 1077 unico
881 1029 908 1076 et
920 1020 1039 1091 ingloria
1052 1029 1130 1086 srmt;
1146 1020 1212 1075 artis
1221 1021 1350 1075 nimirum
1359 1020 1542 1090 imprimendi,
1552 1021 1672 1091 pulverio

49 1104 143 1177 aliquo
155 1103 290 1158 beneficio
308 1100 452 1172 complecti
470 1110 570 1172 posset,
584 1100 694 1155 homine
713 1101 843 1168 majorem
882 1101 1058 1163 tormentarii,
1073 1107 1102 1155 et
1120 1116 1184 1155 sous
1203 1100 1327 1154 nautica.
1368 1099 1438 1154 Haec
1456 1100 1529 1154 enim
1550 1101 1609 1163 tria,
1623 1116 1672 1154 nu·

49 1191 194 1253 putarent:
215 1189 243 1236 at
256 1181 341 1236 multo
354 1180 452 1236 celsius
469 1181 608 1235 inventum
622 1196 691 1244 esse,
705 1180 776 1252 quod
789 1178 844 1233 alia
881 1196 957 1233 mero
970 1179 1075 1234 seilicet
1087 1196 1182 1249 pauca,
1194 1195 1227 1232 ao
1247 1179 1359 1234 inventu
1376 1194 1431 1232 non
1449 1177 1565 1233 multum
1584 1179 1671 1244 devia,

50 1263 143 1316 omnia
162 1261 272 1316 inventa
292 1260 465 1332 particularia
485 1259 608 1330 potentia
627 1258 744 1330 quadam
763 1259 792 1314 iu
813 1275 843 1313 se
881 1275 973 1313 rerum
986 1258 1092 1322 taciem,
1107 1267 1134 1312 et
1147 1265 1248 1312 statum
1265 1258 1293 1311 in
1309 1257 1374 1312 orbe
1388 1265 1519 1312 terrarum
1531 1266 1670 1313 mutasse:

49 1341 198 1403 contineat,
219 1340 383 1393 acosimum
402 1339 549 1394 humanam
567 1338 721 1393 carceribus
739 1337 842 1402 liberet,
882 1338 999 1407 primum
1017 1337 1047 1390 in
1060 1355 1089 1392 re
1103 1336 1230 1400 literaria,
1243 1337 1390 1391 secundum
1403 1336 1432 1390 in
1446 1353 1475 1390 re
1496 1336 1602 1402 bellica,
1616 1345 1671 1391 ter-

49 1422 132 1492 eique
144 1419 204 1473 vias
218 1420 328 1488 aperiat,
342 1425 373 1473 ut
387 1418 422 1472 ad
441 1435 513 1472 nova
534 1425 561 1471 et
580 1417 710 1472 ulteriora
730 1433 843 1487 quaque
882 1418 950 1471 tium
962 1416 993 1470 in
1009 1433 1038 1471 rs
1058 1416 1157 1479 navali,
1170 1416 1241 1470 unde
1261 1415 1380 1470 infinitas
1399 1432 1489 1470 rerum
1510 1417 1672 1471 mutationes

49 1499 132 1553 ductu
139 1507 215 1552 certo
223 1506 251 1550 et
260 1504 334 1552 recto
341 1505 483 1567 penetrare
492 1496 588 1568 possit.
613 1496 844 1557 Quemadmodum
881 1504 987 1550 secutas
1000 1512 1066 1558 esse,
1078 1495 1203 1550 attentius
1216 1496 1381 1549 intuentibus
1391 1494 1566 1564 conspicuas:
1577 1504 1607 1550 ut
1616 1512 1671 1550 non

49 1579 125 1632 enim
140 1576 240 1631 seculis
258 1576 401 1647 prioribus,
420 1593 482 1630 cum
501 1574 627 1630 homines
645 1575 675 1629 in
691 1575 844 1647 navigando
881 1575 1027 1644 imperium
1047 1574 1163 1646 aliquod
1184 1590 1239 1629 non
1262 1581 1344 1637 secta,
1364 1590 1419 1628 non
1443 1572 1523 1628 stella
1541 1575 1671 1642 majorem

49 1673 101 1727 per
119 1655 260 1711 stellnmm
278 1664 383 1711 tantum
402 1656 601 1710 observationes
621 1671 728 1710 cursum
747 1654 844 1725 dirige·
881 1654 1030 1709 efficaciam
1042 1661 1070 1709 et
1082 1655 1161 1725 quasi
1178 1653 1312 1708 intluxum
1330 1654 1361 1707 in
1374 1669 1418 1707 res
1431 1652 1566 1707 humanas
1580 1653 1668 1708 habu-

50 1737 126 1800 bant,
145 1751 193 1789 eos
208 1736 313 1789 ueteris·
327 1751 393 1789 sane
412 1735 576 1789 continentis
596 1750 658 1788 oras
675 1733 783 1805 legisse,
797 1739 844 1788 aut
881 1733 935 1788 isse
961 1734 1090 1797 videatur,
1117 1750 1199 1804 quam
1232 1732 1287 1786 ista
1317 1731 1476 1787 mechanica
1509 1731 1670 1790 habuerunt.

49 1815 140 1869 maria
164 1812 258 1885 aliqua
285 1814 389 1868 minora
413 1821 441 1867 et
465 1813 662 1868 mediterranea
686 1813 842 1881 trajecisse:
882 1812 958 1873 Quod
972 1820 1063 1867 autem
1077 1812 1221 1867 admerita
1234 1811 1338 1876 attinet,
1352 1811 1381 1864 id
1401 1811 1502 1881 optime
1521 1812 1632 1883 percipi,
1647 1813 1671 1867 si

49 1910 164 1948 neeesse
178 1902 271 1948 autem
287 1891 378 1957 fuisse,
392 1909 471 1947 usum
488 1909 553 1947 acus
566 1892 690 1956 nannete,
704 1900 735 1946 ut
748 1892 844 1946 ducem
882 1893 943 1962 quis
964 1892 1124 1955 consideret,
1151 1897 1281 1962 quantum
1302 1889 1410 1944 intersit
1434 1889 1505 1945 inter
1529 1890 1671 1947 hominum

49 1973 104 2027 vise
118 1973 209 2044 magis
228 1972 320 2035 tidum,
334 1970 490 2038 innotuisse,
504 1979 651 2042 antequam
663 1987 780 2025 oceanus
793 1977 845 2024 tra·
881 1971 965 2025 vitam
980 1971 1008 2024 in
1027 1970 1214 2025 excultissima
1234 1968 1327 2040 aliqua
1344 1969 1462 2038 Europae
1482 1969 1630 2039 provincia,
1645 1978 1672 2024 et

47 2053 188 2120 jieeretur,
204 2058 231 2105 et
244 2051 308 2104 novi
328 2050 400 2105 orbis
420 2051 545 2122 regiones
563 2051 762 2121 detegerentur.
804 2049 845 2104 Si·
882 2049 911 2103 in
920 2051 1031 2121 regione
1046 2049 1137 2120 aliqua
1149 2066 1227 2103 noves
1242 2048 1326 2103 lndioe
1346 2048 1465 2102 maxime
1486 2049 1544 2102 tera
1564 2058 1592 2103 et
1612 2049 1673 2103 bar·

49 2131 112 2185 mili
133 2146 243 2201 prorsus
263 2129 376 2194 ratione,
398 2147 459 2201 quas
479 2129 619 2201 hucusque
639 2129 669 2183 in
694 2129 798 2183 artibus
818 2137 845 2183 et
881 2129 957 2184 bara.
996 2129 1113 2183 'l'antum
1140 2144 1205 2182 sane
1228 2133 1259 2182 ut
1283 2127 1380 2182 merito
1405 2125 1544 2182 hominem
1567 2126 1672 2184 homini

49 2210 177 2264 crientiis
197 2209 338 2264 hominum
357 2209 468 2263 inventa
486 2216 556 2273 sunt,
570 2208 690 2279 potuisse
709 2209 843 2272 instinctu,
881 2208 972 2263 Deum
985 2225 1053 2271 esse,
1063 2224 1118 2262 non
1131 2205 1218 2262 solum
1232 2223 1268 2260 ex
1282 2205 1384 2261 auxilio
1394 2213 1421 2260 et
1430 2206 1569 2273 beneficio,
1580 2207 1673 2263 sedex

49 2306 112 2354 usu,
127 2288 323 2354 observatione,
335 2287 515 2353 meditatione,
530 2288 637 2357 aperiri,
648 2295 740 2358 utpote
754 2288 845 2342 sensui
882 2295 966 2342 status
989 2287 1196 2358 comparatione,
1221 2285 1275 2340 dici
1298 2286 1394 2356 possit.
1435 2285 1523 2356 Atque
1547 2285 1599 2341 hoc
1617 2304 1673 2342 non

50 2369 191 2439 propiora.
220 2368 373 2438 Antequam
381 2383 445 2422 vero
458 2366 493 2421 ad
506 2367 651 2421 remotiora
663 2365 845 2421 etoccultiora
882 2366 978 2430 solum,
992 2383 1047 2420 non
1060 2365 1168 2430 coelom,
1183 2382 1236 2419 non
1250 2381 1372 2434 corpora,
1387 2364 1434 2419 sed
1449 2373 1520 2420 artes
1534 2373 1673 2435 prestare.

49 2455 157 2502 natum
184 2445 322 2516 appellere
345 2445 434 2510 liceat,
456 2446 607 2500 necessario
633 2446 846 2516 precederent
883 2446 919 2500 a:
932 2463 987 2499 non
1006 2462 1104 2500 novum
1120 2445 1213 2500 orbem
1228 2444 1409 2509 scientiarum,
1423 2451 1452 2498 et
1468 2461 1566 2499 novum
1581 2447 1674 2502 orbem

50 2526 151 2581 melior
164 2533 193 2581 et
205 2524 352 2596 perfectior
365 2525 462 2579 mentis
481 2524 608 2579 humana
621 2541 686 2580 usus
699 2533 729 2580 et
748 2526 845 2595 adope-
882 2532 1013 2579 terrarum
1026 2524 1055 2579 in
1066 2541 1099 2578 eo
1108 2532 1291 2588 conventuros,
1301 2530 1428 2578 utvetera
1438 2524 1516 2579 novis
1529 2525 1583 2578 sint
1592 2525 1674 2597 longe

49 2608 123 2660 ratio
132 2605 297 2660 inveniatur.
338 2604 425 2666 Quare
439 2603 845 2674 huiuscemodiinventnmpro·
882 2604 1004 2659 cultiora
1052 2604 1122 2665 Quin
1149 2610 1243 2656 contra
1268 2618 1379 2657 necesse
1406 2619 1476 2668 esse,
1504 2603 1674 2660 accessiones

48 2685 182 2740 eraldubio
203 2684 334 2754 temporis
360 2692 467 2755 partum
493 2681 699 2749 nobilissimum,
727 2692 755 2738 et
781 2700 845 2737 verc
883 2683 983 2738 artium
1000 2683 1043 2749 iis,
1057 2700 1118 2754 quae
1137 2683 1195 2751 jam
1215 2681 1355 2747 habemus,
1377 2681 1464 2736 multo
1484 2699 1514 2737 se
1533 2683 1674 2739 ostendere

48 2763 203 2819 masculum
218 2780 288 2818 esse.
328 2763 433 2818 Rursus
441 2764 470 2817 in
481 2763 626 2833 Scripturis
639 2764 722 2818 sacris
735 2762 846 2817 notabat
883 2764 1089 2834 prestantiores,
1104 2770 1133 2816 ut
1146 2769 1337 2833 quaenaturam
1351 2778 1407 2817 non
1420 2761 1517 2815 leviter
1527 2761 1673 2829 inflectere,

49 2843 229 2897 Salomonem
242 2859 343 2912 regem,
353 2859 414 2896 eum
427 2842 551 2913 imperio,
561 2858 633 2906 auro,
645 2843 846 2914 magnificentia
883 2842 930 2897 sed
944 2844 1052 2897 vincere
1066 2849 1094 2897 et
1107 2842 1241 2911 subigere,
1256 2849 1284 2894 et
1297 2841 1326 2895 in
1340 2841 1403 2896 imis
1418 2840 1599 2896 fundamentis
1612 2859 1674 2897 con·

49 2939 177 2994 operum,
191 2920 326 2986 satellitio,
336 2921 478 2987 famulitio,
493 2938 631 2977 servorum
643 2929 671 2977 et
684 2921 845 2977 famulorum
883 2929 974 2978 cutere
998 2921 1118 2994 possint:
1139 2920 1196 2976 fere
1215 2920 1289 2976 enim
1311 2929 1443 2992 perpetuo
1465 2921 1532 2987 fieri,
1551 2928 1582 2976 ut
1601 2922 1674 2993 quod

48 3001 239 3072 pulcherrima
259 3001 438 3071 descriptione
457 3009 486 3055 et
505 3001 605 3066 ordine,
622 3000 709 3056 classe
726 3002 845 3071 insuper,
883 3004 995 3058 inventu
1016 3003 1052 3057 ait
1077 3002 1193 3066 obvium,
1221 3001 1249 3055 id
1273 3017 1354 3071 opera
1382 3002 1417 3056 sit
1442 3001 1587 3066 infirmum,
1612 3019 1674 3057 cum

47 3081 172 3136 nominis
185 3080 352 3146 claritudine,
363 3090 391 3134 et
404 3096 510 3135 sumum
519 3079 660 3135 hominum
669 3078 846 3136 admiratione
883 3082 989 3137 radices
1012 3081 1122 3137 demum
1144 3098 1233 3135 rerum
1257 3080 1354 3135 virtute
1374 3079 1472 3144 valida,
1495 3081 1596 3135 eaedem
1621 3081 1675 3136 situ

48 3162 170 3225 tlooeret,
183 3159 224 3213 nil
235 3159 332 3215 horum
346 3167 436 3214 tamen
450 3159 502 3213 sibi
514 3159 609 3230 gioria
621 3160 740 3224 duxisse,
752 3177 846 3215 verum
884 3160 982 3216 abdita
996 3162 1057 3216 sint.
1078 3160 1108 3215 st
1118 3161 1179 3231 quis
1189 3168 1278 3214 autem
1288 3159 1331 3223 sit,
1340 3160 1391 3224 cni,
1402 3160 1430 3213 in
1439 3160 1674 3231 contemplationis

47 3242 87 3295 ita
110 3239 323 3311 pronuntiasse:
345 3238 497 3294 “Gloriam
517 3239 571 3294 Dei
591 3255 652 3294 csse
672 3257 729 3294 rem
749 3239 846 3304 celare,
884 3256 1004 3295 amorem
1027 3248 1056 3295 et
1078 3241 1276 3294 venerationem
1300 3238 1394 3303 effuso,
1417 3239 1470 3293 ists
1490 3256 1601 3310 operum
1623 3240 1675 3295 ire·

47 3319 170 3391 gloriam
184 3319 260 3390 regis
273 3325 363 3374 autem
376 3336 435 3374 rem
447 3319 567 3373 invenire
578 3319 603 3373 :’'
616 3335 671 3374 non
685 3318 764 3373 aliter
776 3336 808 3373 ac
823 3319 847 3373 si
884 3337 977 3391 quens,
986 3328 1013 3374 et
1023 3336 1085 3374 cum
1096 3325 1171 3373 tanto
1184 3319 1285 3374 honore
1292 3319 1401 3383 mentio,
1412 3318 1539 3389 quiddam
1548 3336 1673 3389 asperum

47 3400 145 3453 divina
158 3404 257 3452 natura
274 3397 411 3452 innocenti
430 3406 458 3453 et
479 3398 610 3454 benevolo
627 3415 771 3469 puerorum
784 3397 848 3453 ludo
884 3406 912 3452 et
930 3398 1068 3470 ingratum
1092 3404 1177 3463 sonet,
1200 3398 1226 3453 is
1249 3414 1299 3469 pro
1321 3405 1396 3452 certo
1416 3399 1491 3463 sciat,
1509 3415 1539 3453 se
1558 3399 1674 3468 propriis

46 3479 242 3543 delectaretur,
257 3479 303 3548 qui
316 3477 379 3532 ideo
391 3495 421 3532 se
439 3479 607 3533 abscondunt
619 3487 648 3533 ut
660 3477 846 3534 inveniantur:
885 3477 1026 3533 desideriis
1047 3478 1199 3542 adversari:
1222 3477 1324 3532 etenim
1344 3477 1373 3538 in
1391 3486 1496 3542 natura,
1517 3493 1601 3547 opera
1620 3494 1675 3533 uon

46 3575 78 3612 ae
93 3557 220 3613 animam
239 3557 386 3612 humanam
399 3557 450 3612 sibi
470 3556 630 3613 collusorem
650 3557 681 3612 in
700 3558 753 3612 hoc
774 3557 846 3623 ludo,
884 3564 989 3612 tantum
1003 3557 1066 3612 vitm
1078 3555 1218 3622 beneficia,
1233 3556 1281 3611 sed
1295 3562 1323 3610 et
1342 3556 1463 3611 veritatis
1476 3557 1592 3628 pignora
1604 3572 1673 3612 esse.

46 3654 97 3707 pro
117 3652 174 3692 stis
193 3636 223 3690 in
243 3635 369 3691 homines
390 3636 558 3708 indulgentia
577 3644 606 3690 et
623 3637 752 3702 bonitate,
771 3646 846 3708 opta·
884 3636 921 3690 Et
933 3637 1006 3707 quod
1019 3637 1049 3691 in
1063 3636 1196 3706 religione
1215 3635 1355 3690 verissime
1374 3637 1527 3706 requiritur,
1541 3644 1572 3689 ut
1593 3635 1675 3691 tidem

46 3717 129 3771 verit.
170 3713 266 3786 ¹Atque
289 3714 360 3769 hano
383 3716 537 3770 inveniendi
559 3714 675 3786 gloriam
696 3732 758 3771 eam
779 3733 845 3781 esse,
885 3716 946 3787 quis
960 3733 996 3770 ex
1009 3716 1136 3787 operibus
1146 3722 1292 3779 monstret:
1306 3715 1379 3769 idem
1389 3715 1542 3770 innaturali
1555 3714 1675 3786 philoso-

46 3813 109 3867 qasa
134 3794 288 3849 humanam
309 3803 434 3849 naturam
451 3794 583 3859 nobilitet,
597 3811 648 3848 nec
667 3795 777 3849 interim
790 3795 847 3849 cui·
885 3795 952 3865 phia
971 3802 1132 3865 competere,
1153 3804 1185 3848 ut
1207 3794 1320 3848 scientia
1343 3793 1468 3849 similiter
1491 3812 1527 3850 ex
1548 3794 1675 3864 operibus

47 3891 132 3945 mam
147 3871 307 3928 mortalium
320 3872 435 3928 molesta
448 3874 484 3928 sit
496 3876 539 3946 (ut
559 3872 650 3928 civilis
669 3889 729 3928 esse
746 3871 847 3944 solent)
884 3881 1056 3929 monstretur.
1096 3873 1245 3927 Veritatem
1268 3873 1342 3927 enim
1365 3889 1415 3944 per
1437 3890 1551 3946 operum
1570 3873 1674 3928 indica-

45 3970 97 4009 mc
112 3952 314 4008 conscientiam
327 3952 357 4007 in
377 3951 471 4024 aliquo
487 3960 637 4008 remoretur
650 3961 697 4007 aut
716 3953 846 4016 mordeat,
885 3953 994 4018 tionem,
1007 3952 1096 4024 magis
1113 3969 1195 4023 quam
1215 3968 1251 4007 ex
1270 3953 1509 4022 argumentatione,
1526 3961 1574 4008 aut
1592 3953 1675 4009 etiam

46 4034 96 4088 sed
125 4031 244 4087 omnino
265 4032 389 4087 meritum
412 4040 439 4086 et
465 4031 627 4087 beneficium
651 4032 709 4086 sine
733 4030 848 4101 alicujus
885 4049 920 4087 ex
934 4049 1016 4087 sensu
1030 4040 1056 4086 et
1069 4031 1191 4103 patefieri
1205 4039 1233 4085 et
1250 4031 1365 4101 probari.
1406 4031 1495 4092 Quare
1512 4049 1595 4087 unum
1608 4049 1674 4088 ean-

45 4111 184 4183 pernicie,
199 4110 299 4180 injuris
317 4120 364 4166 aut
385 4111 500 4177 tristitia,
521 4111 635 4167 deierat.
675 4110 758 4166 Lucis
775 4111 848 4166 enim
886 4111 1000 4181 demque
1017 4111 1158 4176 rationem,
1173 4118 1201 4166 et
1213 4110 1375 4165 conditionis
1387 4109 1522 4176 humanae,
1534 4118 1562 4167 et
1574 4114 1675 4168 mentis

44 4198 329 4260 natarampnramet
343 4191 445 4261 absque
458 4190 593 4245 maleficio
606 4207 682 4254 esse:
696 4207 774 4245 usum
788 4190 848 4259 ejus
885 4190 1009 4246 dotandos
1027 4207 1096 4246 esse.
1138 4191 1234 4261 ltaque
1253 4190 1340 4245 visum
1362 4198 1403 4244 est
1420 4190 1454 4256 ei,
1469 4209 1530 4262 quaa
1550 4192 1583 4247 de
1605 4192 1674 4257 finis,

45 4270 182 4341 perverti,
196 4268 287 4340 ipsam
299 4285 353 4324 non
367 4269 461 4341 pollui.
495 4270 599 4325 Rursus
613 4269 695 4324 edam
707 4269 847 4324 bominum
886 4287 966 4340 quern
980 4270 1072 4325 auimo
1085 4270 1212 4325 metimur
1225 4277 1254 4323 et
1268 4269 1441 4335 destinamus,
1456 4270 1589 4343 dignitate
1603 4273 1676 4327 dicta

43 4350 141 4404 studia
155 4356 187 4403 et
199 4346 361 4404 ambitiones
369 4354 504 4420 reputans,
514 4350 567 4403 tria
577 4348 733 4403 ambitionis
748 4365 848 4420 genera
885 4356 956 4414 sunt,
970 4365 1003 4404 ea
1019 4366 1074 4404 non
1090 4349 1179 4405 verbis
1195 4349 1224 4403 in
1237 4348 1326 4418 majus
1339 4356 1425 4415 aucta,
1435 4352 1484 4406 sed
1496 4368 1561 4406 vero
1571 4352 1677 4406 minora

43 4428 218 4501 reperiebat,
232 4428 257 4481 si
271 4426 352 4482 mmo
365 4429 412 4483 uni
435 4446 472 4484 ex
491 4427 525 4482 iis
546 4428 575 4481 id
591 4444 692 4482 nomeu
707 4429 848 4499 imponere
886 4445 955 4484 esse.

43 4508 88 4562 a·
102 4509 160 4572 sit:
184 4506 303 4577 primam
322 4523 415 4561 eorum
428 4508 476 4580 qui
489 4506 524 4561 ad
545 4507 684 4577 propriam
699 4508 849 4577 potentiam
927 4507 1063 4578 Cogitavit
1077 4514 1105 4562 et
1123 4507 1190 4562 illud
1195 4529 1203 4571 t
1217 4524 1279 4577 quae
1293 4508 1326 4562 de
1343 4507 1405 4564 finis
1425 4507 1587 4564 excellentia
1605 4508 1677 4564 diota

43 4587 74 4640 in
98 4586 206 4658 patriis
231 4586 288 4641 suis
312 4585 529 4657 amplificandam
552 4603 653 4658 magna
674 4586 848 4642 contentione
886 4595 956 4652 sunt,
976 4602 1056 4658 posse
1074 4587 1146 4641 votis
1167 4585 1269 4641 similia
1282 4587 1375 4643 videri.
1417 4587 1513 4661 Itaque
1531 4588 1677 4643 videndum

42 4667 199 4721 feruntur:
219 4672 303 4737 atque
316 4665 387 4720 hanc
399 4665 538 4736 vulgarem
552 4682 612 4721 esse
630 4673 659 4719 et
678 4666 847 4737 degenerem.
886 4665 987 4730 sedulo,
1001 4665 1066 4736 quid
1079 4666 1139 4736 spei
1148 4664 1285 4736 afftdgeat,
1298 4674 1328 4721 et
1340 4684 1375 4722 ex
1385 4684 1439 4739 qua
1452 4676 1529 4739 parte
1543 4684 1572 4722 se
1586 4675 1676 4722 osten·

41 4745 210 4801 δεωιιᾶιιιι
229 4761 332 4810 eorum,
347 4745 395 4816 qui
416 4745 513 4815 patrita
534 4762 591 4800 suaa
609 4746 758 4816 potentiam
779 4745 850 4800 inter
886 4746 946 4799 dat:
968 4761 999 4799 ac
1023 4744 1179 4809 curandum,
1194 4761 1229 4799 ne
1250 4747 1290 4800 rei
1311 4747 1422 4816 optima:
1435 4763 1467 4801 ac
1487 4746 1677 4819 pulcherrimae

40 4824 206 4880 humanum
220 4840 308 4896 gemm
321 4823 471 4895 provehere
483 4825 612 4889 ninantur,
627 4841 688 4896 qnoe
702 4841 768 4879 sane
787 4823 849 4895 plus
887 4841 979 4879 amore
993 4824 1072 4896 capti,
1088 4825 1261 4879 severitatem
1277 4826 1374 4894 judicii
1386 4827 1542 4881 amiuamus
1561 4833 1607 4880 aut
1622 4825 1676 4880 mi·

39 4903 134 4959 habet
148 4903 306 4974 dignitatis,
321 4903 475 4973 cupiditatis
495 4903 569 4959 haud
590 4905 688 4959 minus.
728 4902 849 4958 Tertiam
886 4920 1009 4959 nuarnus.
1063 4903 1281 4959 Consentaneum
1309 4904 1383 4960 enim
1412 4922 1480 4971 esse,
1506 4904 1677 4975 prudentiam

39 5000 156 5048 eorum,
172 4982 223 5053 qai
244 4981 363 5037 hominis
375 4982 462 5054 ipsius
483 4983 541 5037 sive
553 4983 667 5038 humani
681 4983 790 5054 generis
803 4999 850 5053 po
887 4982 996 5038 civilem
1014 4983 1044 5036 in
1063 4983 1117 5038 hac
1137 4991 1215 5054 parte
1234 4983 1371 5049 adhibere,
1386 5003 1448 5057 qum
1465 5002 1501 5040 ex
1521 4984 1677 5055 praescripto

40 5063 168 5117 tentiam
183 5060 371 5132 etimperium
385 5062 515 5117 inrerum
528 5062 731 5117 universitatem
745 5061 849 5117 instan·
887 5062 994 5128 diffidit,
1003 5070 1030 5117 et
1043 5062 1076 5125 de
1089 5062 1217 5117 humanis
1230 5062 1259 5117 in
1268 5063 1386 5118 deterius
1400 5063 1518 5132 conjicit
1549 5062 1678 5118 Leviores

38 5159 105 5197 rare
119 5150 154 5197 et
170 5139 455 5206 :concremassem
477 5158 537 5212 quaa
551 5141 663 5213 reliquis
676 5140 851 5211 proculdubio
887 5141 973 5211 igitur
992 5142 1051 5211 spei
1069 5158 1149 5196 auras
1169 5142 1347 5210 rejiciendas:
1368 5159 1416 5197 eas
1435 5151 1533 5207 autem,
1548 5160 1609 5213 qua
1629 5141 1679 5196 ali-

38 5230 69 5276 et
92 5221 200 5276 sanior
218 5227 306 5275 estet
326 5220 475 5291 augustior.
517 5220 646 5276 Hominis
659 5228 750 5275 autem
767 5220 851 5290 impe·
889 5220 954 5292 quid
987 5221 1159 5276 firmitudinis
1193 5220 1294 5277 habere
1326 5221 1458 5284 videntur.
1484 5219 1677 5277 discutiendas.

38 5301 116 5387 pium
147 5298 214 5356 suls
236 5299 350 5354 menos
375 5306 514 5354 constare:
536 5306 639 5355 tannim
663 5299 736 5354 enim
762 5304 853 5370 potest
890 5300 978 5371 Atque
991 5300 1105 5370 auguria
1124 5301 1175 5355 rite
1189 5300 1314 5371 capienti,
1328 5301 1418 5371 primo
1431 5298 1499 5354 illud
1511 5300 1678 5365 occurrebat,

38 5377 266 5453 qnantumsoit:
282 5395 371 5449 neque
381 5377 700 5434 ullasviresnaturslium
710 5396 852 5433 causarum
889 5379 949 5444 hoc,
963 5379 1036 5450 quod
1050 5380 1147 5449 agitur,
1155 5380 1190 5433 ob
1203 5380 1268 5435 boni
1281 5388 1407 5435 naturam
1418 5379 1582 5435 eminentem
1595 5379 1680 5434 mani·

38 5466 183 5516 estenam
191 5457 361 5532 pertringam
368 5473 466 5592 porge:
481 5466 606 5592 quterram
620 5457 693 5513 enim
704 5474 758 5514 non
771 5457 853 5513 aliter
890 5458 957 5515 feste
967 5474 985 5514 a
997 5458 1057 5514 Deo
1070 5475 1149 5515 esse:
1163 5467 1244 5532 atque
1257 5460 1288 5515 in
1301 5458 1429 5531 operibus
1441 5458 1540 5515 divims
1553 5459 1679 5516 tenuissi-

449 5552 467 5592 s
