3800 5875
216 288 273 341 333
729 287 780 341 mu
802 286 1027 342 tenuantis
1049 286 1326 342 selanitarum.
1703 284 1769 340 Lis.
1787 285 1843 340 111.

215 463 281 501 sero
307 463 342 502 ex
369 447 422 501 hoc
447 446 609 517 placitomm
640 445 824 516 philosophice
856 445 1013 500 calendario
1049 447 1077 498 in
1087 445 1203 515 physica
1213 447 1359 510 nudanda,
1370 452 1605 516 magnaexparte,
1616 443 1851 507 enumeravimus,

215 543 333 596 nuperae
352 525 475 580 theorias
494 534 522 580 et
543 527 671 596 dognrata
690 524 822 587 excludo;
844 525 915 578 sicut
936 525 1013 580 illam
1050 528 1093 592 (et
1113 525 1214 579 innuas
1237 526 1334 595 prinus
1357 525 1454 580 classis
1474 524 1611 593 appellare
1627 523 1851 588 consuevimus)

215 605 398 677 Theophrasti
409 605 556 670 Paraeelci,
565 604 866 675 eloquenterincorpus
878 605 1013 675 quoddam
1049 604 1149 674 quique
1175 603 1271 673 (veluti
1296 606 1383 659 literae
1406 604 1558 675 alphabeti)
1575 621 1692 658 numero
1710 602 1789 657 haud
1810 602 1854 655 ita

216 692 243 739 et
271 686 442 740 harmoniam
464 683 647 756 philomphiae
674 684 811 737 redactam
839 700 856 736 a
882 685 1013 738 Severius
1049 683 1129 737 multi
1149 692 1223 748 sunt,
1243 692 1380 739 ettamen
1402 684 1533 739 essentias
1552 692 1580 737 et
1601 684 1705 737 formas
1726 683 1856 736 omnium

216 764 310 827 Dan03
332 773 380 819 aut
395 765 497 819 Telesii
515 763 683 828 Consentini,
698 763 744 833 qui
763 763 934 818 Parmenidis
952 764 1013 834 phi·
1050 763 1261 817 substantiarum
1284 764 1430 818 conficiunt
1449 770 1477 816 et
1499 763 1648 826 aretinent3
1670 761 1726 815 hoc
1744 770 1799 825 est,
1813 762 1857 815 in·

215 843 371 914 Iosophiam
387 846 550 907 instaurans,
564 860 641 897 arma
654 842 899 912 Peripateticorum
913 842 941 897 in
950 844 1012 897 illos
1050 859 1139 912 quam,
1160 843 1229 897 illud
1249 844 1348 913 ipsum,
1373 843 1445 913 quod
1464 859 1614 908 conamur)
1635 841 1766 912 quodque
1790 857 1856 895 eam

216 924 291 993 ipsos
311 924 407 988 vertit3
429 931 477 977 aut
495 923 607 977 Patricii
622 922 729 987 Veneti,
745 922 791 993 qui
809 922 1013 977 Platonicorum
1049 929 1155 991 partem
1168 922 1370 991 metaphysica,
1385 923 1419 977 de
1433 940 1489 994 qna
1508 938 1580 976 nunc
1596 921 1774 992 inquirimus,
1789 937 1857 974 con·

216 1003 305 1057 firmos
319 1002 491 1066 sublimavit3
513 1010 562 1056 aut
575 1000 692 1056 Gilberti
704 1001 844 1071 populeris
858 1003 953 1066 nostri,
965 1002 1012 1072 qni
1050 1000 1139 1055 stituit
1158 1010 1187 1056 et
1208 1002 1310 1057 delinit
1350 1003 1449 1073 Neque
1467 1001 1528 1056 haec
1541 1001 1674 1064 officiunt,
1688 999 1857 1071 quominus

217 1081 335 1137 Philolai
346 1081 621 1153 dogmatareposuit3
642 1080 1011 1152 autalteriuscujuscunque,
1050 1078 1166 1149 physica
1179 1081 1288 1135 easdem
1296 1089 1407 1136 naturas
1415 1081 1566 1135 consideret
1575 1096 1685 1151 qnoque
1695 1085 1740 1147 (ut
1747 1080 1858 1133 dictam

217 1162 241 1216 si
262 1163 342 1216 modo
360 1163 459 1232 dignus
479 1160 522 1216 sit
565 1161 673 1215 Horum
692 1177 757 1214 vero
776 1160 919 1231 (quoniam
938 1159 1012 1215 volu·
1050 1160 1104 1225 est)
1129 1160 1177 1214 sed
1201 1169 1306 1215 tantum
1334 1162 1422 1232 quoad
1446 1176 1542 1215 causas
1569 1161 1669 1214 fluxas.
1718 1158 1857 1228 Exempli

216 1243 292 1295 mina
305 1242 411 1312 integra
424 1239 532 1309 extant)
546 1257 659 1295 summoe
672 1247 777 1295 tantum
790 1240 853 1294 inde
867 1241 1013 1294 conficien-
1050 1238 1147 1309 gratia,
1162 1240 1185 1293 si
1207 1241 1241 1294 de
1254 1257 1339 1295 causa
1357 1241 1509 1311 inquiratur
1523 1239 1661 1293 albedinis
1675 1239 1706 1292 in
1718 1239 1797 1302 nire,
1813 1237 1857 1291 rel

217 1322 267 1384 da,
282 1328 309 1375 et
326 1340 388 1375 eum
407 1320 514 1374 caeteris
531 1319 736 1391 conjungenda.
780 1318 869 1390 Atque
890 1320 924 1374 de
938 1319 1012 1390 phy·
1050 1333 1160 1387 spuma;
1187 1328 1260 1374 recte
1284 1320 1411 1385 redditur,
1436 1320 1508 1391 qnod
1531 1320 1568 1373 sit
1588 1317 1699 1372 subtilis
1723 1318 1859 1371 inmixtis

217 1402 274 1456 sica
288 1419 348 1454 cum
363 1400 558 1471 appendicibus
571 1399 631 1453 haec
646 1397 794 1453 dictasint
1050 1397 1122 1452 airis
1141 1415 1203 1453 cnm
1226 1415 1307 1470 aqua.
1350 1400 1420 1454 Hac
1438 1407 1538 1463 autern,
1551 1397 1634 1469 longe
1657 1397 1747 1460 abest,
1767 1397 1858 1452 nteit

256 1481 391 1541 Quantum
404 1481 439 1532 ad
452 1479 677 1548 metaphysicam,
692 1479 889 1548 assignavimus
908 1478 966 1546 jam
984 1478 1011 1532 ei
1050 1476 1138 1530 forma
1165 1477 1306 1542 albedinis,
1328 1496 1390 1533 cum
1411 1482 1459 1533 aiir
1479 1479 1563 1532 etiam
1583 1477 1693 1547 pulveri
1714 1478 1785 1531 vitri
1808 1485 1858 1531 sut

217 1560 418 1630 inquisitionem
433 1575 575 1613 causarum
590 1558 742 1612 formalium
757 1557 929 1620 strunium
951 1575 1013 1628 quae
1050 1556 1171 1624 crystalli
1191 1559 1372 1622 intermixtus,
1387 1559 1542 1614 albedinem
1563 1556 1693 1612 similiter
1715 1565 1857 1626 procreat,

217 1639 373 1710 assignatio,
389 1647 521 1709 quatenus
531 1639 566 1691 ad
580 1639 689 1702 formas,
703 1639 839 1692 incassum
853 1638 925 1690 facta
940 1638 1012 1690 vide-
1050 1651 1105 1688 non
1114 1637 1205 1691 minus
1216 1654 1298 1709 quam
1309 1639 1334 1691 si
1347 1638 1530 1692 admisceatur
1543 1654 1638 1707 aqnae3
1654 1653 1755 1690 verum
1769 1653 1858 1691 musa

216 1727 285 1773 atur.
337 1718 456 1772 Invaluit
473 1718 609 1789 siquidem
627 1718 721 1787 opinio
740 1724 823 1787 atque
843 1716 1012 1781 inveteravit,
1051 1714 1170 1770 efficiens
1184 1717 1233 1770 illa
1246 1725 1350 1772 tantum
1365 1727 1413 1783 est,
1427 1736 1488 1789 quse
1500 1716 1572 1771 nihil
1585 1716 1661 1770 eliud
1675 1731 1762 1787 quam
1779 1716 1858 1771 rehi-

217 1816 306 1851 rerum
334 1797 435 1852 formas
461 1797 629 1861 essentiales,
655 1814 704 1851 seu
730 1814 809 1850 veras
835 1796 1011 1862 differentias,
1051 1795 1142 1849 culum
1157 1805 1199 1850 est
1213 1796 1316 1852 formae.
1353 1798 1390 1851 At
1403 1798 1433 1852 in
1447 1795 1644 1866 metaphysica,
1659 1797 1685 1849 si
1698 1796 1858 1868 fiatinqni·

216 1877 292 1931 nulla
306 1877 426 1931 humana
439 1877 554 1931 inveniri
571 1876 717 1946 diligentia
735 1893 823 1946 posse.
864 1875 931 1936 Ques
950 1876 1012 1946 opi·
1050 1873 1122 1939 sitio,
1143 1875 1301 1943 hujusmodi
1326 1877 1467 1947 quidpiam
1487 1877 1623 1946 reperies:
1653 1891 1776 1945 corpora
1801 1877 1857 1930 dno

216 1957 263 2009 nio
276 1956 384 2010 interim
403 1956 481 2010 nobis
495 1955 631 2025 elargitur,
647 1963 729 2026 atque
748 1955 878 2018 concedit,
893 1955 1011 2009 inventi·
1050 1953 1189 2023 disphana
1201 1955 1361 2010 intermixta
1373 1956 1542 2027 portionibus
1556 1971 1650 2009 eornm
1664 1955 1779 2025 opticis,
1794 1956 1859 2010 sim

217 2053 296 2089 onem
311 2036 458 2089 formarum
477 2052 513 2089 ex
531 2035 657 2089 omnibus
676 2035 798 2089 scientiar
816 2035 939 2104 partibus
953 2035 1011 2104 dig·
1051 2032 1116 2102 plici
1141 2034 1236 2089 ordine
1264 2037 1321 2090 sive
1345 2036 1486 2107 aequaliter
1510 2034 1659 2097 collocatis,
1684 2036 1858 2090 emetituere

216 2115 357 2168 nissimam
371 2131 438 2181 esse,
453 2131 515 2185 quas
527 2114 713 2184 investigetur,
724 2114 747 2168 si
758 2115 839 2167 modo
847 2114 905 2167 fieri
916 2115 1011 2184 possit,
1051 2111 1213 2168 albedinem.
1254 2115 1334 2169 Hanc
1350 2116 1546 2186 metaphysica
1566 2122 1675 2184 partem
1696 2114 1858 2169 desiderari

217 2203 246 2246 nt
258 2194 435 2264 reperiantur.
478 2193 702 2248 adinventionis
721 2193 929 2264 possibilitatem
947 2210 1013 2247 vero
1051 2193 1165 2262 reperio.
1205 2194 1267 2247 Nec
1291 2196 1408 2258 mirum;
1431 2195 1495 2267 qnia
1517 2195 1566 2249 illo
1583 2193 1746 2264 inquirendi
1762 2196 1858 2258 modo,

217 2275 289 2342 qnod
307 2274 414 2336 attinet,
434 2281 498 2327 sunt
518 2279 591 2326 certe
611 2273 706 2344 ignari
726 2273 870 2344 regionum
888 2273 1012 2343 explora·
1051 2272 1098 2341 qui
1115 2271 1256 2344 hucusque
1271 2273 1302 2327 in
1320 2291 1401 2329 usum
1415 2276 1498 2338 venit,
1513 2290 1654 2344 nunquam
1675 2272 1707 2327 in
1729 2274 1860 2329 mulum

217 2359 295 2415 tores,
311 2353 357 2422 qui
371 2353 419 2406 ubi
431 2353 470 2406 nil
484 2353 539 2407 nisi
551 2351 685 2407 coelumet
695 2359 807 2422 pontum
817 2353 915 2417 vident,
926 2361 1013 2407 terras
1050 2352 1243 2421 comparebunt
1253 2369 1344 2408 rerum
1355 2354 1456 2409 forma.
1478 2354 1571 2408 Radix
1581 2353 1751 2407 antemurali
1760 2353 1860 2423 hujus,

215 2431 286 2485 ultra
300 2450 359 2486 esse
373 2448 483 2501 prorsus
495 2439 606 2503 negant.
647 2431 685 2485 At
698 2433 872 2486 manifestum
890 2440 931 2486 est
951 2432 1012 2486 Pla
1050 2436 1081 2483 ut
1102 2438 1130 2484 et
1148 2431 1277 2496 omnium,
1302 2450 1338 2488 ea
1356 2441 1414 2496 est;
1436 2433 1509 2505 qnod
1531 2433 1660 2488 homines
1683 2440 1714 2486 et
1734 2449 1860 2504 propere

216 2520 315 2577 tonern,
339 2512 428 2565 virum
450 2512 575 2566 sublimis
597 2511 702 2583 ingenii
726 2513 841 2583 (quique
866 2512 951 2566 veluti
977 2530 1013 2566 ex
1050 2509 1133 2564 nimis
1147 2518 1175 2564 et
1187 2512 1271 2566 nimis
1284 2511 1374 2584 longe,
1388 2513 1424 2567 ab
1437 2512 1607 2584 experientia
1620 2522 1650 2566 et
1662 2511 1748 2567 rebus
1765 2516 1860 2583 parti-

216 2608 283 2660 rupe
297 2590 406 2645 excelsa
424 2591 516 2645 omnis
528 2591 774 2661 circumspiciebat)
789 2591 818 2645 in
833 2608 882 2645 sua
896 2593 929 2646 de
942 2591 1012 2646 ideis
1050 2587 1193 2656 eulanbus,
1215 2591 1394 2662 cogitationes
1411 2609 1474 2647 suas
1496 2593 1626 2648 divellere
1645 2600 1677 2646 et
1690 2591 1861 2649 abensbere

216 2671 346 2734 doctrina,
363 2676 379 2702 ‘⁴
393 2670 508 2725 Formas
525 2688 586 2726 esse
599 2688 694 2725 verum
710 2671 831 2725 scientim
845 2671 1009 2739 objectum‚''
1050 2678 1256 2735 consueverunt,
1272 2679 1300 2724 et
1320 2672 1377 2727 suis
1391 2673 1611 2727 meditationibrs
1627 2679 1658 2725 et
1674 2684 1862 2743 arguments-

216 2750 332 2812 ridisse3
348 2757 484 2821 utcunque
496 2750 638 2805 sententiae
649 2751 889 2819 hujusverissimae
897 2750 1013 2805 fructum
1050 2747 1169 2803 tionibus
1183 2766 1213 2804 se
1226 2756 1298 2805 totos
1310 2751 1417 2805 dedere.

216 2829 347 2892 amiserit,
362 2829 463 2884 formas
480 2831 588 2901 penitus
607 2847 624 2882 a
644 2831 759 2885 materia
779 2831 936 2895 abstractas,
956 2846 1012 2883 non
1090 2828 1163 2882 Usus
1177 2835 1268 2883 autem
1281 2830 1363 2899 hujus
1373 2831 1460 2901 partis
1472 2829 1678 2900 metaphysica,
1689 2848 1777 2902 quam
1788 2833 1862 2886 desi·

215 2908 243 2963 in
257 2909 371 2964 materia
381 2910 582 2975 determinatas,
593 2910 802 2981 contemplando
810 2917 837 2963 et
844 2909 1011 2980 prensando:
1050 2905 1152 2962 deratis
1169 2924 1325 2976 annumero,
1344 2910 1413 2966 duas
1432 2910 1469 2964 ob
1484 2926 1581 2965 musas
1594 2909 1639 2965 vel
1660 2912 1789 2967 maxime
1813 2930 1861 2968 err·

216 2990 287 3043 unde
309 2991 412 3045 iactum
434 2999 483 3054 est,
508 3000 539 3044 ut
562 2991 596 3043 ad
619 2991 819 3060 speculationes
843 2989 1012 3059 theologicas
1050 2987 1134 3041 cellit.
1163 2988 1258 3042 Prima
1267 2996 1317 3054 est,
1328 2991 1399 3062 quod
1412 2991 1586 3045 scientiarum
1595 2992 1721 3046 omnium
1734 2993 1860 3047 officium

215 3069 379 3133 diverteret,
408 3070 480 3141 quod
503 3088 613 3124 omnem
636 3069 788 3124 naturalem
816 3084 893 3122 suam
920 3068 1011 3138 philo·
1051 3066 1088 3120 sit
1105 3074 1134 3121 et
1154 3070 1266 3138 propria
1287 3070 1379 3133 virtus,
1400 3076 1431 3124 ut
1451 3070 1632 3140 experientia
1660 3072 1810 3141 ambages,
1833 3082 1861 3127 et

215 3149 341 3218 sophiam
355 3149 450 3202 intecit
469 3156 497 3202 et
517 3148 622 3219 polluit.
664 3149 780 3210 Quodsi
801 3148 954 3219 diligenter,
968 3165 1011 3203 se·
1050 3145 1148 3200 itinera
1170 3146 1255 3219 longa
1283 3152 1426 3220 (quantum
1448 3150 1572 3204 veritahs
1598 3150 1673 3204 ratio
1699 3152 1859 3221 permittit)

215 3229 264 3293 rio,
290 3237 319 3282 et
342 3229 446 3282 sincere
468 3229 502 3281 ad
523 3230 657 3283 actionem
677 3235 704 3282 et
728 3245 807 3283 usum
833 3227 925 3282 oculos
946 3244 1011 3281 con·
1050 3224 1222 3289 abbreviant3
1238 3244 1270 3281 ac
1283 3229 1397 3299 proinde
1411 3230 1562 3283 remedium
1573 3231 1660 3283 reteri
1672 3233 1860 3300 querimonia

214 3316 368 3371 vertamus;
389 3325 443 3361 non
463 3308 572 3362 difficile
595 3310 647 3362 erit
666 3308 824 3378 disquirere,
842 3315 868 3361 et
884 3308 1011 3361 notitiam
1050 3305 1172 3369 efferent,
1195 3307 1230 3361 de
1248 3309 1306 3362 rita
1326 3309 1402 3363 breri
1423 3316 1451 3362 et
1474 3318 1533 3362 arte
1553 3309 1647 3381 longa.
1693 3310 1771 3364 [llud
1794 3328 1863 3366 reru

214 3390 331 3458 assequi,
347 3406 407 3458 quac
425 3389 480 3441 sint
499 3386 555 3441 illae
578 3387 679 3451 torma,
694 3404 808 3457 qnsmm
830 3388 950 3457 cognitio
967 3404 1011 3440 res
1049 3384 1153 3455 optime
1176 3394 1327 3456 praestetur,
1348 3388 1488 3442 axiomata
1508 3389 1687 3443 scientiarum
1710 3391 1742 3444 in
1765 3392 1861 3463 magis

214 3466 350 3521 humanas
369 3467 446 3521 miris
464 3467 551 3521 modis
571 3466 736 3538 locupletare
757 3475 785 3521 et
806 3467 888 3520 beare
914 3467 1010 3537 possit.
1049 3465 1198 3534 generalia,
1207 3472 1235 3520 et
1248 3484 1309 3537 quae
1323 3468 1397 3521 omni
1411 3469 1532 3522 materies
1545 3485 1638 3523 renim
1648 3470 1862 3525 individuarum
1892 3488 1893 3539 ς

215 3546 436 3601 Substantiamm
457 3547 532 3600 enim
552 3547 647 3601 forma
669 3548 737 3613 (uno
756 3546 867 3600 homine
886 3555 1010 3615 excepto,
1049 3552 1214 3614 competant,
1223 3545 1377 3618 colligendo
1390 3556 1417 3601 et
1430 3548 1556 3602 uniendo.
1588 3549 1662 3602 Sunt
1674 3550 1755 3604 enim
1769 3552 1863 3605 scien·
1892 3574 1893 3579 ¹

214 3626 248 3680 de
277 3644 331 3696 quo
356 3627 504 3697 Scriptura,
534 3632 550 3658 “
563 3626 704 3681 Formavit
724 3625 863 3679 hominem
889 3627 922 3678 de
945 3626 1012 3680 limo
1049 3624 1094 3677 tiss
1108 3624 1193 3678 instar
1202 3627 1383 3694 pyramidum,
1392 3628 1490 3698 quibus
1501 3627 1619 3681 historia
1628 3636 1659 3682 et
1667 3630 1862 3700 experientia,

214 3713 301 3768 terrra,
317 3712 343 3759 et
357 3707 470 3777 spiravit
483 3707 513 3759 in
527 3706 625 3759 faciem
643 3706 702 3773 ejus
723 3705 887 3774 spiraculum
902 3706 1009 3770 vitoe;”
1049 3710 1179 3774 tanquam
1207 3704 1281 3759 basis
1307 3707 1395 3770 unica,
1422 3706 1648 3772 substernantur;
1676 3725 1710 3762 ac
1735 3711 1860 3780 proinde

214 3801 270 3838 non
285 3793 315 3837 ut
329 3786 362 3838 de
377 3786 482 3839 catoris
496 3784 646 3856 speciebus,
659 3791 676 3817 ⁴⁶
686 3784 841 3838 Producant
849 3802 935 3855 aquae,
945 3784 1010 3838 Pro-
1049 3783 1122 3837 basis
1146 3785 1278 3839 naturalis
1300 3785 1482 3855 philosophice
1500 3794 1542 3840 est
1561 3786 1679 3842 historia
1697 3791 1861 3844 naturalis:

214 3863 294 3916 ducat
317 3866 420 3934 terra”)
442 3866 555 3936 species,
575 3864 695 3935 inquam,
710 3874 895 3918 creaturarum
917 3866 1012 3935 (prout
1049 3863 1200 3917 tabulatum
1210 3865 1327 3933 primum
1341 3882 1358 3918 a
1372 3865 1432 3919 basi
1446 3873 1487 3919 est
1501 3864 1631 3936 physica3
1647 3869 1747 3921 vertici
1763 3872 1864 3939 praxi·

213 3960 284 3995 nunc
300 3961 348 4012 per
360 3945 586 4015 compositionem
606 3951 633 3998 et
651 3944 921 4014 transplantationem
936 3945 1010 3998 inre·
1049 3958 1124 3996 mum
1136 3942 1344 4014 metaphysica:
1366 3945 1402 3999 ad
1415 3961 1512 3998 conum
1526 3947 1599 4016 quod
1612 3946 1712 4001 attinet
1725 3955 1755 4001 ct
1772 3966 1864 4019 punc-

214 4022 325 4076 niuntur
337 4022 538 4095 multiplicata)
549 4025 589 4078 ita
599 4024 739 4095 perplexae
748 4030 811 4078 sunt
824 4030 852 4076 et
865 4023 1011 4093 complica-
1048 4029 1105 4075 tum
1121 4022 1250 4077 verticnlc
1265 4026 1347 4095 (opus
1361 4025 1435 4094 quod
1448 4032 1578 4094 operatur
1590 4026 1669 4079 Deus
1683 4044 1702 4079 a
1715 4029 1865 4098 principio

214 4108 256 4165 ts,
271 4110 300 4155 ut
320 4110 367 4157 aut
380 4105 490 4157 omnino
507 4105 541 4157 de
557 4103 593 4157 iis
613 4103 751 4174 inquirere
773 4102 875 4157 frustra
891 4103 942 4166 sit;
964 4113 1011 4157 aut
1048 4103 1182 4171 usquead
1202 4102 1299 4167 tinem3
1321 4104 1495 4158 nummariam
1510 4120 1610 4174 nempe
1623 4114 1734 4160 naturis
1747 4108 1864 4179 legem)

214 4181 356 4251 inquisitio
369 4199 470 4247 earnm,
486 4182 575 4254 qualis
588 4199 648 4237 esse
670 4189 766 4253 potest,
781 4183 875 4253 seponi
890 4183 924 4235 ad
943 4191 1011 4235 tem·
1049 4179 1208 4235 haesitamus
1224 4183 1327 4247 merito,
1341 4200 1377 4236 an
1391 4184 1512 4237 humans
1526 4185 1615 4253 possit
1628 4186 1664 4237 ad
1677 4184 1751 4240 illud
1766 4189 1866 4258 inqui·

214 4277 272 4329 pus,
296 4269 321 4314 et
348 4270 491 4332 postquam
515 4263 609 4316 formae
632 4261 806 4332 simplicioris
828 4271 933 4315 nature
958 4262 1009 4314 rite
1048 4260 1112 4313 sitio
1138 4263 1302 4331 pertingere
1346 4262 1482 4317 Caeterum
1510 4262 1570 4316 haec
1596 4264 1658 4328 tria,
1686 4283 1764 4319 verm
1795 4278 1865 4322 sunt

214 4340 363 4408 explorata
389 4342 444 4395 sint
471 4349 498 4395 et
525 4342 651 4405 inventae,
678 4351 736 4395 tum
760 4342 870 4395 demum
898 4341 1008 4394 institui
1048 4339 1223 4394 scientiarum
1244 4341 1484 4407 contribulationes,
1499 4350 1616 4413 suntque
1631 4345 1709 4413 apud
1722 4345 1863 4402 homines

213 4419 317 4472 debeat.
359 4420 591 4481 Quemadmodum
609 4421 682 4475 enim
695 4438 746 4474 nec
762 4420 842 4474 facile
863 4429 1009 4482 essetnec
1048 4419 1157 4489 propria
1181 4421 1295 4474 scientia
1319 4421 1435 4486 inflatos,
1458 4430 1485 4476 et
1505 4421 1696 4491 theomachos,
1721 4433 1864 4498 tanquam

214 4497 270 4551 ullo
290 4498 370 4551 ruodo
386 4498 461 4563 utile,
478 4501 594 4555 formam
614 4501 673 4555 soni
694 4500 859 4570 investigare
880 4501 946 4567 ej‚us
963 4501 1009 4570 qui
1048 4506 1102 4552 tres
1115 4500 1201 4553 moles
1216 4501 1367 4571 giganteae:

213 4577 324 4630 verbum
338 4577 449 4648 aliquod
469 4580 622 4645 constituat,
637 4597 699 4633 cum
712 4580 796 4633 verba
814 4579 1009 4649 compositione

213 4662 240 4708 et
255 4657 463 4726 transpositione
477 4658 616 4713 literarum
630 4659 685 4713 sint
698 4659 821 4713 infinita:
843 4667 871 4712 at
884 4659 951 4721 soni,
963 4659 1009 4728 qni

212 4735 318 4789 literam
333 4736 453 4807 aliquam
467 4736 619 4808 simplicem
630 4740 775 4809 exprimat,
790 4739 905 4792 sormam
918 4738 1009 4807 inqui·

213 4833 271 4869 rere
288 4815 376 4886 (quali
391 4815 495 4869 scilicet
511 4817 659 4881 collisione,
675 4818 748 4888 quali
765 4814 1006 4871 instrumentorum
1048 4814 1129 4885 Apud
1143 4832 1190 4870 eos
1202 4833 1275 4882 vero,
1290 4816 1337 4887 qui
1355 4833 1386 4871 se
1399 4817 1475 4888 ipsos
1488 4816 1688 4880 exinanientes,
1709 4821 1813 4875 omnia
1827 4824 1863 4877 ad

212 4897 288 4948 vocis
300 4894 492 4965 applicatione,
502 4895 691 4980 constituatur)
702 4895 949 4968 comprehensibile
959 4903 1008 4959 est,
1048 4895 1100 4950 Dei
1115 4895 1231 4965 gloriam
1245 4897 1373 4959 reserant,
1389 4904 1519 4967 tanquam
1532 4896 1603 4950 trina
1615 4895 1665 4950 illa
1679 4898 1862 4966 acclamatio,

212 4976 269 5028 imo
283 4974 384 5028 facilc:
399 4992 460 5045 quae
475 4982 567 5029 tamen
581 4955 675 5030 formae
690 4976 830 5030 literamm
844 4976 961 5047 cognitas
975 4977 1009 5029 ad
1048 4974 1154 5039 Sancte,
1170 4974 1275 5040 Sancte,
1290 4976 1396 5031 Sancte.
1429 4976 1545 5030 Sanctus
1558 4976 1633 5029 enim
1646 4975 1751 5032 Deus
1741 4996 1774 5032 ru
1789 4982 1863 5038 mul

213 5055 469 5108 tormasrerborum
483 5054 772 5110 illiconosdeducent:
788 5055 884 5110 eadem
897 5072 1009 5149 prorsus
1047 5054 1162 5109 titudine
1181 5071 1294 5125 operum
1314 5072 1432 5120 suorum,
1452 5062 1561 5109 saumas
1580 5056 1610 5109 iu
1631 5056 1730 5111 ordine
1749 5075 1861 5123 eorum,

212 5135 325 5199 ratione,
337 5134 451 5187 sormam
462 5134 624 5205 inquirendo
638 5135 733 5199 leonis,
743 5152 866 5205 quercus,
877 5135 944 5198 suri,
953 5137 1010 5189 imo
1049 5142 1159 5188 sanctus
1172 5135 1202 5188 in
1215 5135 1324 5189 unione.
1355 5135 1446 5195 Quare
1455 5134 1605 5204 speculatio
1615 5134 1667 5188 illa
1676 5136 1862 5196 Parmenidis

212 5214 293 5268 etiarn
309 5231 394 5286 aqua,
409 5220 456 5267 aut
470 5212 549 5278 aeris,
564 5231 675 5284 operam
690 5216 751 5284 quis
764 5214 877 5269 luserit:
892 5216 1008 5268 formam
1047 5220 1073 5267 et
1088 5213 1211 5270 Platonis
1229 5216 1367 5286 (quamvis
1380 5216 1408 5267 in
1423 5214 1479 5269 illis
1491 5215 1566 5268 nuda
1582 5213 1669 5269 tuerit
1683 5217 1861 5288 speculatio)

211 5310 275 5346 vero
299 5295 435 5364 inquirere
455 5294 539 5358 densi,
565 5294 637 5357 rari3
659 5293 749 5357 calidi,
773 5294 883 5364 trigidi3
909 5294 1007 5363 gravis,
1047 5292 1178 5347 excelluit
1195 5301 1301 5356 tamem
1325 5299 1341 5325 “
1355 5295 1456 5348 Omnis
1477 5311 1527 5364 per
1542 5294 1647 5349 scalam
1661 5297 1808 5366 quandam
1823 5302 1861 5355 ad

212 5370 299 5434 levis3
329 5372 478 5443 tangibilia,
512 5374 695 5442 pneumatici:
728 5372 854 5438 volatilis,
883 5375 950 5438 tixi3
981 5381 1009 5427 et
1047 5373 1180 5426 unitatem
1203 5374 1374 5428 ascendere.”
1416 5375 1505 5444 Atque
1527 5373 1578 5427 illa
1598 5374 1710 5429 demum
1734 5377 1861 5433 seientia

212 5451 350 5515 similium,
362 5459 417 5506 tam
433 5453 694 5518 schematismomm,
707 5470 787 5523 quam
798 5461 929 5519 motuum,
939 5470 1009 5525 quos
1047 5452 1151 5507 crateris
1170 5459 1212 5508 est
1231 5453 1485 5525 manantiumque
1506 5453 1658 5511 humanum
1679 5455 1858 5514 intellectum

1092 4633 1166 4681 “'l'er
1175 4639 1230 4681 runt
1239 4634 1334 4681 conati
1327 4648 1448 4695 imponere
1459 4633 1527 4682 Pelio
1535 4635 1628 4689 Ossam,

1121 4691 1219 4739 Scilicet
1227 4698 1298 4752 atque
1306 4691 1372 4739 Osse
1382 4692 1517 4739 frondosum
1528 4692 1649 4739 involvere
1661 4692 1832 4757 Olympum,··
