3800 5875
216 302 273 365 676
797 304 964 359 lMPETUS
987 303 1272 361 PHILOSOPHlCl.

213 462 359 529 hermione,
372 463 625 518 examinaverimus.
660 463 747 535 Atque
763 463 874 518 dubium
890 464 1010 533 profecto
1048 464 1160 518 tentiam
1174 463 1332 518 inclinabat.
1374 462 1445 524 Quin
1459 471 1487 517 et
1499 463 1690 531 Fracastoriua,
1701 466 1762 522 lieet
1774 485 1822 524 ns·

213 550 337 607 nonest,
360 544 425 613 quin
450 544 472 596 si
495 544 635 613 opiniones
660 561 760 606 corum,
781 560 848 613 quas
870 559 940 596 nunc
962 561 1010 613 per
1047 554 1102 598 tam
1115 560 1170 598 non
1184 543 1343 605 condiderit,
1363 550 1455 597 tamen
1472 542 1597 598 libertate
1615 545 1820 614 judiciium

213 623 397 677 internuncios
408 623 537 693 quosdam
550 622 736 676 minimefidos
747 621 917 676 solummodo
927 622 1010 677 habe·
1046 640 1111 676 usus
1124 631 1185 688 este
1206 623 1302 678 eadem
1314 639 1396 677 ausus
1410 633 1453 677 εει
1466 622 1614 689 Uardanus,
1628 624 1676 679 sed
1687 626 1772 682 lerior.

213 719 282 766 mus,
297 702 324 755 in
339 703 458 773 propriis
472 709 613 757 exstarent
627 703 764 772 operibus,
777 710 808 755 ut
828 717 875 755 eas
889 718 925 756 ex
938 702 1009 773 ipsis
1086 703 1174 773 Atque
1188 702 1323 767 existimo,
1337 701 1396 767 filii,
1410 718 1459 756 vos
1468 701 1503 755 ad
1516 703 1606 763 istam.
1621 721 1701 774 qnam
1712 722 1746 759 cx
1756 705 1820 762 nobis

214 780 333 835 lontibus
346 781 456 835 haurire
467 782 569 845 liceret,
581 782 711 850 majorem
724 780 917 836 firmitudinem
932 780 1009 836 habi·
1046 782 1152 846 auditis,
1163 788 1219 835 tam
1232 781 1317 835 latam
1330 789 1359 835 et
1371 781 1527 852 generalem
1540 782 1698 853 opinionum
1710 791 1736 839 et
1746 794 1820 841 aucto

212 868 280 915 tura
295 861 425 925 fuissent3
446 877 508 915 com
529 860 695 915 theoriarum
709 862 779 914 vires
799 862 827 916 in
849 868 913 931 apta
930 869 958 915 et
978 879 1008 916 se
1046 878 1104 914 rum
1119 861 1296 929 rejectionem
1306 861 1505 930 obstupescere.
1545 860 1820 920 Liceteaimdenobis

212 947 307 994 mutuo
327 941 474 994 sustinente
496 941 614 1010 partium
634 939 776 994 harmonia
790 950 816 995 et
837 940 955 1012 quadam
976 940 1004 994 in
1045 940 1114 995 bene
1128 940 1302 1007 existimetis,
1314 948 1405 995 tamen
1419 940 1507 994 vereri
1520 941 1659 1007 videmini,
1668 948 1698 996 ιιι
1709 941 1820 999 insidiam

213 1018 306 1073 orbem
320 1019 547 1074 demonstratione
558 1019 713 1085 consistant,
725 1020 838 1090 ideoque
852 1037 902 1090 per
915 1027 1007 1091 partes
1045 1018 1157 1088 hujusce
1172 1019 1210 1074 rei
1224 1020 1366 1074 nobiscum
1384 1036 1440 1073 una
1459 1020 1594 1075 smtinere
1613 1022 1729 1091 possitis.
1763 1022 1819 1084 (hir

212 1098 317 1153 tradita
330 1098 445 1153 infirme
459 1099 522 1154 sint.
1044 1105 1071 1152 et
1086 1098 1139 1170 ipsi
1154 1098 1260 1169 (eredo)
1273 1098 1411 1153 miremini
1424 1108 1452 1153 et
1464 1098 1549 1154 animi
1566 1100 1699 1169 pendetis,
1712 1117 1819 1171 quornm

251 1179 349 1249 Neque
371 1194 503 1249 negamus
525 1195 576 1231 nos
597 1178 724 1248 reperire,
740 1177 810 1232 inter
830 1177 929 1247 placita
949 1186 1004 1232 tarn
1044 1194 1087 1230 res
1103 1178 1163 1231 haro
1182 1195 1297 1232 erasure
1313 1179 1356 1243 sit,
1379 1185 1406 1231 et
1424 1195 1507 1249 quam
1528 1178 1638 1233 tandem
1661 1179 1818 1237 omditimem

212 1257 293 1321 varin,
309 1257 381 1311 haud
395 1275 483 1328 pauca
496 1258 525 1312 in
538 1257 767 1327 contemplatione
780 1266 883 1312 naturoe
897 1266 925 1311 et
944 1274 1004 1311 cau-
1043 1256 1120 1311 vobis
1139 1257 1293 1312 afferamus.
1337 1258 1432 1328 ltaque
1451 1257 1551 1312 diutius
1565 1274 1712 1328 suspensos
1724 1276 1818 1315 rmum

211 1354 303 1391 sarum
316 1337 499 1408 assignatione
520 1353 574 1392 nou
593 1336 766 1408 indiligenter
785 1343 886 1390 notata.
928 1335 1006 1391 altos
1044 1336 1211 1392 tenebimus:
1236 1345 1317 1408 atque
1331 1336 1413 1391 simul
1433 1345 1461 1390 et
1476 1353 1525 1390 vos
1542 1337 1729 1403 admiratione,
1742 1348 1766 1394 ει
1777 1355 1817 1396 nos

211 1424 302 1470 autem
315 1416 420 1472 inaliis
437 1420 479 1488 (ut
493 1416 549 1471 iere
569 1416 627 1470 fieri
641 1414 723 1482 solet)
744 1423 848 1470 constat
870 1416 1005 1470 leliciores
1042 1415 1152 1479 invidia,
1175 1426 1206 1470 ut
1228 1432 1377 1486 speramus,
1395 1415 1450 1470 nisi
1470 1416 1618 1471 admodum
1638 1416 1729 1489 iniqua
1747 1417 1816 1483 insit

210 1494 303 1551 tuisse.
344 1496 422 1557 Quod
442 1496 466 1550 si
486 1513 548 1550 cum
565 1495 710 1549 Aristotele
730 1495 909 1559 conferantur,
924 1494 1004 1565 plane
1042 1495 1222 1550 exsolvemus
1267 1495 1357 1568 Atque
1377 1495 1540 1550 meministis
1560 1496 1685 1565 proiecto
1703 1497 1776 1551 etiam
1789 1498 1816 1552 ab

210 1591 353 1631 censemus
366 1574 449 1631 tuisse
463 1592 499 1630 ex
512 1574 547 1630 iis
560 1574 771 1645 nonnullosqui
786 1576 815 1628 in
828 1574 919 1629 multis
930 1574 1004 1628 Aris-
1042 1573 1120 1629 initio
1132 1591 1183 1629 nos
1196 1574 1251 1629 tale
1266 1575 1394 1646 quiddam
1415 1574 1597 1645 significasse.
1639 1573 1758 1647 Antiquis
1773 1593 1815 1630 noa

210 1655 384 1726 totelelonge
398 1663 425 1709 et
439 1656 542 1709 acutius
556 1660 583 1709 et
597 1652 680 1709 altius
694 1655 722 1708 in
739 1662 865 1709 naturam
880 1660 1005 1725 penetra·
1042 1662 1113 1707 certe
1133 1655 1321 1709 auctoritatem
1342 1661 1371 1709 et
1391 1654 1472 1709 fidem
1490 1654 1531 1724 (id
1551 1655 1628 1710 enirn
1646 1656 1814 1724 perniciosum)

209 1735 312 1800 ιειίιιις
334 1735 407 1804 quod
435 1734 493 1789 fieri
520 1750 632 1788 necesse
657 1734 716 1797 fuit,
738 1751 801 1787 cum
824 1733 1004 1804 experientia
1041 1732 1089 1786 sed
1109 1733 1241 1788 honorem
1264 1750 1297 1787 sc
1321 1735 1502 1788 reverentiam
1525 1733 1631 1788 intacta
1652 1742 1679 1789 et
1698 1734 1815 1789 imminua

210 1814 328 1869 cultores
340 1813 430 1885 magis
443 1813 566 1884 religiosi
579 1813 847 1883 tuerint,praesertim
861 1813 1003 1867 Democri·
1041 1811 1114 1878 iore;
1136 1813 1244 1867 tametsi
1265 1829 1407 1883 possemus
1423 1829 1474 1883 pro
1494 1814 1557 1882 jure
1578 1823 1679 1877 nostro
1696 1830 1774 1884 neque
1790 1829 1815 1867 eo

208 1899 261 1959 tus,
273 1894 319 1964 qui
333 1894 368 1948 ob
378 1899 481 1948 nahusa
494 1892 618 1963 peritiam
631 1893 713 1947 etiam
727 1909 822 1963 magus
836 1891 1002 1947 habitarero
1042 1891 1103 1962 ipso
1115 1891 1171 1946 alio
1188 1909 1271 1963 quam
1285 1892 1413 1956 omnium,
1428 1892 1453 1946 si
1471 1891 1537 1963 quid
1550 1892 1627 1962 apud
1640 1908 1686 1946 eos
1697 1908 1746 1946 non
1759 1902 1815 1947 reete

209 1973 394 2027 Veruntamen
407 1972 485 2027 nobis
498 1988 609 2026 necesse
624 1979 673 2034 est,
688 1971 711 2025 si
731 1971 890 2042 simpliciter
903 1978 931 2025 et
944 1972 1003 2026 abs
1041 1970 1178 2026 inventum
1193 1980 1239 2026 aut
1260 1972 1377 2042 positum
1396 1971 1441 2036 sit,
1454 1972 1484 2025 id
1503 1970 1703 2041 reprehendere
1721 1977 1763 2025 aut
1777 1988 1815 2025 no·

208 2069 261 2124 que
274 2068 390 2122 persona
408 2051 545 2105 vobiscum
562 2067 644 2122 agere
662 2057 715 2105 stat
733 2051 878 2113 decretum,
892 2051 1004 2105 nomina
1041 2057 1107 2105 tare.
1151 2050 1207 2105 Sed
1219 2052 1338 2122 resipsa
1351 2049 1404 2105 hoo
1420 2066 1474 2104 uon
1495 2049 1627 2120 postulat,
1643 2050 1698 2105 tato
1713 2050 1813 2121 quodam,

208 2133 261 2187 ista
274 2147 374 2202 magua
387 2130 462 2185 brevi
482 2130 626 2184 admodum
646 2129 780 2184 sententis
800 2131 1002 2185 transmittere:
1041 2139 1072 2183 ut
1090 2131 1259 2196 arbitramur,
1279 2131 1314 2184 ad
1333 2129 1464 2184 insidiam
1483 2137 1511 2183 et
1531 2129 1765 2185 contradictionem
1779 2146 1814 2185 ex·

208 2227 268 2266 esse
281 2209 408 2265 nimirum
428 2209 584 2279 hujusmodi
604 2208 831 2280 philosophorum
852 2207 955 2281 placita
971 2227 1003 2264 ac
1042 2209 1232 2280 stinguendam
1246 2218 1274 2265 et
1286 2209 1477 2279 depellendam
1490 2209 1616 2264 meliore.

208 2288 334 2355 theorias,
348 2288 431 2343 veluti
446 2290 613 2343 diversarum
628 2288 779 2343 tabularum
797 2289 826 2343 in
839 2288 946 2343 theatro
959 2305 1003 2344 ar·
1081 2288 1180 2343 Audite
1200 2289 1301 2360 itaque,
1323 2288 1381 2355 dlii,
1401 2306 1462 2359 ques
1482 2288 1541 2357 jam
1561 2288 1693 2344 dicemus.
1728 2286 1813 2343 Noas'

207 2375 345 2441 gumenta,
358 2368 388 2422 in
405 2368 541 2440 quandam
559 2368 618 2423 reri
638 2366 851 2432 similitudinem,
871 2368 926 2423 alia
947 2367 1003 2423 ele·
1041 2368 1214 2438 profiteamur
1227 2386 1277 2424 nos
1292 2368 1408 2423 meliora
1425 2368 1524 2422 afferre
1543 2384 1630 2439 qnam
1649 2367 1752 2438 antiqui,
1766 2382 1814 2421 eat·

207 2449 323 2522 gantim,
333 2447 389 2502 alia
398 2447 582 2520 negligentius
592 2455 640 2503 aut
649 2447 766 2501 crassius
774 2448 903 2502 conficta:
920 2454 1002 2520 atque
1041 2447 1102 2502 dem
1124 2465 1207 2519 quam
1229 2448 1333 2519 antiqui
1349 2447 1423 2501 viam
1443 2447 1592 2519 ingressos
1610 2446 1686 2503 nulla
1696 2447 1813 2501 verbum

206 2528 309 2584 habere
322 2527 394 2601 quod
408 2527 560 2582 fabularum
574 2528 714 2599 proprium
728 2534 778 2592 est,
792 2535 822 2581 ut
835 2528 906 2582 seris
919 2527 1002 2582 inter·
1041 2535 1098 2582 arte
1118 2528 1224 2583 efficere
1244 2528 1390 2599 possimus,
1407 2526 1474 2598 quin
1493 2527 1641 2582 inducatur
1658 2525 1770 2597 quadarn
1784 2525 1814 2578 ir·

207 2608 271 2663 dum
284 2608 485 2663 narrationibus
497 2608 672 2663 concinniora
689 2614 717 2661 et
736 2608 919 2662 commodiora
931 2607 1004 2663 vide·
1041 2607 1123 2678 genii,
1137 2607 1182 2662 rel
1195 2606 1366 2662 excellentiae
1379 2606 1423 2661 vel
1436 2605 1575 2660 facultatis
1595 2606 1753 2677 comparatio
1768 2603 1813 2659 sire

207 2695 294 2752 antur,
308 2694 336 2742 et
349 2686 442 2759 qualia
456 2688 517 2758 quis
533 2687 664 2741 libentius
680 2687 811 2742 crederet.
855 2686 925 2742 Sane
940 2704 1002 2743 cum
1041 2688 1192 2742 contentio:
1225 2703 1279 2741 non
1301 2685 1464 2758 ecquidem
1483 2684 1585 2740 illicita
1608 2695 1655 2741 aut
1675 2701 1753 2750 sorar
1776 2681 1814 2738 md

169 2829 171 2831 .
206 2768 252 2823 isti
263 2768 343 2823 iamae
357 2775 384 2822 et
398 2767 520 2837 opinioni
529 2774 657 2838 tanquam
672 2783 762 2822 scente
771 2766 862 2821 minus
870 2766 1003 2822 servirent
1041 2765 1129 2837 impar
1143 2766 1178 2821 ob
1191 2766 1289 2821 virium
1302 2774 1457 2821 nostrarum
1464 2765 1595 2830 modum3
1617 2782 1696 2836 quem
1705 2778 1813 2819 cumeae

207 2864 289 2918 quam
303 2846 463 2903 Aristoteles
476 2856 503 2901 et
517 2846 598 2902 Plato
611 2854 638 2901 et
651 2845 776 2917 reliquie
790 2845 1003 2918 scholiapurio·
1041 2846 1109 2901 sads
1130 2846 1268 2911 sentimus,
1282 2856 1312 2901 ut
1330 2861 1385 2900 non
1402 2844 1491 2899 solum
1509 2844 1640 2917 antiquis,
1655 2842 1701 2899 sed
1719 2848 1745 2898 et
1760 2840 1814 2895 risis

206 2945 251 2983 res
272 2926 347 2984 fuere
371 2927 407 2983 ab
426 2927 605 2982 ostentatione
632 2937 659 2980 et
685 2926 842 2998 impostura,
864 2932 946 2997 atque
969 2943 1004 2981 eo
1040 2925 1128 2981 cedat.
1170 2924 1241 2981 Cum
1254 2932 1345 2980 autem
1361 2927 1403 2994 (ut
1416 2922 1580 2995 simpliciter
1594 2923 1668 2996 apud
1679 2940 1725 2978 ros
1738 2919 1814 2993 loqua-

206 3007 314 3063 nomioe
329 3009 466 3072 saniorem
487 3016 587 3063 catera
602 3005 707 3061 similes
724 3014 809 3060 erant.
851 3006 914 3060 Una
927 3007 1003 3060 enim
1040 3008 1112 3074 mur)
1127 3005 1240 3060 claudus
1253 3006 1282 3059 in
1296 3005 1341 3059 ria
1355 3005 1441 3076 (quod
1454 3003 1815 3073 dicisolet)oursorcmerua

207 3088 284 3158 quasi
308 3088 385 3142 naris
404 3086 588 3158 philosophias
610 3086 766 3142 Gracoram
787 3086 899 3151 videtur,
919 3095 1001 3157 atque
1040 3085 1114 3140 viam
1136 3092 1296 3151 antevertat,
1317 3090 1483 3140 commutata
1505 3084 1580 3139 ratio
1602 3091 1654 3139 est.
1692 3078 1814 3152 Atquede

206 3183 311 3222 errores
324 3167 430 3232 diversi,
444 3183 527 3221 causa
540 3166 647 3221 errandi
661 3181 828 3220 communes.
1041 3165 1085 3218 vis
1100 3165 1289 3233 (mementote)
1304 3180 1358 3218 non
1372 3165 1405 3218 de
1419 3163 1521 3218 viribus
1536 3164 1656 3234 quaestio
1668 3163 1754 3224 oritur,
1765 3175 1813 3212 noe·

246 3246 403 3307 Quinetiam
424 3246 503 3301 nobis
531 3246 642 3300 minime
670 3246 780 3300 dubium
802 3252 850 3310 est,
872 3244 897 3299 si
917 3261 1002 3315 penes
1041 3260 1093 3315 que
1107 3244 1274 3300 indicisnon
1291 3242 1392 3312 judicis
1412 3250 1503 3313 partes
1522 3243 1699 3298 sustinemus.
1738 3240 1812 3308 ltaque

205 3324 337 3396 populum
350 3334 378 3379 et
391 3325 515 3380 civitates
529 3325 630 3379 liberas
643 3341 687 3379 res
700 3324 868 3389 mansissent,
879 3324 938 3378 fieri
947 3341 1002 3379 non
1040 3332 1133 3394 aperte
1156 3324 1217 3380 sale
1239 3323 1317 3393 jusso
1337 3322 1411 3377 omui
1430 3322 1493 3378 fuco
1506 3331 1547 3382 ,et
1574 3322 1695 3385 artificio,
1720 3319 1813 3374 meno

205 3404 325 3475 potuisse
336 3411 367 3460 ut
380 3403 493 3460 humani
506 3405 610 3476 ingenii
624 3404 855 3475 peregrinationes
866 3403 1003 3474 populari·
1040 3419 1089 3458 nos
1113 3404 1140 3458 in
1162 3403 1214 3457 bac
1235 3402 1363 3474 opinione
1383 3418 1451 3465 esse,
1472 3401 1565 3456 omnia
1586 3400 1706 3457 omnium
1724 3403 1813 3453 auton

204 3483 257 3540 bus
270 3484 344 3540 auris
357 3483 531 3550 velificantes,
545 3492 681 3554 utcunque
700 3484 772 3538 inter
785 3492 840 3539 tam
857 3500 1003 3539 numerosa
1040 3483 1158 3555 ingenia,
1173 3484 1196 3537 si
1210 3483 1239 3535 iu
1251 3499 1333 3538 unum
1346 3481 1466 3545 coierint.
1478 3498 1512 3536 eo
1524 3498 1581 3553 quo
1594 3496 1666 3536 nime
1679 3494 1720 3534 res
1730 3475 1812 3550 geritur

206 3571 233 3618 et
246 3564 322 3619 varia
335 3563 501 3620 theoriarum
521 3573 675 3618 commenta
693 3580 723 3618 se
742 3563 838 3617 sistere
857 3571 903 3618 aut
915 3564 1002 3617 conti·
1040 3563 1129 3628 modo,
1144 3562 1196 3617 hoc
1210 3572 1254 3617 εει
1273 3564 1317 3629 (ιιι
1333 3559 1407 3616 clare
1424 3559 1583 3632 loquamur)
1605 3578 1642 3615 ex
1661 3556 1811 3613 meditatione

206 3660 271 3698 nera
291 3643 452 3715 potuissent.
492 3642 721 3704 Quemadmodum
741 3643 860 3697 enimin
878 3651 1001 3697 astrouo·
1041 3652 1067 3696 et
1091 3642 1332 3713 argumentatione,
1355 3640 1385 3694 in
1408 3639 1531 3695 scientiis
1554 3655 1671 3711 magnos
1692 3649 1811 3708 prooem

205 3723 293 3788 micis,
307 3731 333 3778 et
346 3723 381 3778 iis
395 3722 493 3793 quibus
513 3729 610 3777 terram
632 3723 714 3777 rotari
734 3721 830 3792 placet,
845 3731 872 3777 et
892 3723 933 3777 eis
955 3722 1002 3793 qui
1041 3723 1129 3777 tacere
1143 3738 1199 3776 uon
1217 3737 1306 3792 posse.
1348 3719 1420 3781 Quin
1441 3735 1529 3791 aeque
1549 3718 1597 3774 hic
1615 3718 1685 3782 tinia,
1698 3712 1811 3771 setledd'L

205 3820 256 3873 per
271 3812 389 3857 veterem
404 3803 632 3857 constructionem
650 3803 792 3874 tenuerint,
807 3802 1000 3872 phaenomeno·
1040 3819 1100 3856 mus
1110 3802 1229 3871 insuper,
1240 3807 1340 3872 quanto
1355 3799 1415 3870 quis
1425 3799 1537 3870 ingenio
1547 3798 1612 3869 plus
1621 3796 1700 3862 valet,
1710 3792 1810 3852 enodem·

205 3882 303 3937 rumin
314 3882 391 3937 cotis
402 3881 640 3953 patrociniumque
652 3890 722 3945 sunt,
738 3881 1001 3952 quinettabularnm
1040 3882 1064 3936 si
1077 3892 1180 3936 naturae
1194 3881 1291 3946 lucem,
1305 3879 1334 3933 id
1348 3886 1396 3942 est,
1410 3877 1555 3933 historiam
1569 3887 1599 3933 et
1617 3893 1706 3933 rerum
1717 3872 1810 3945 partict-

205 3961 302 4016 calculi
315 3962 436 4034 utrisque
451 3961 632 4032 respondent:
654 3961 749 4016 eodem
769 3960 856 4026 modo,
871 3978 903 4015 ac
917 3961 1003 4016 multo
1040 3959 1137 4015 larium
1151 3960 1314 4015 evidentiam
1327 3958 1517 4027 intempestive
1531 3957 1647 4022 deserat,
1661 3963 1732 4011 tanto
1742 3954 1766 4006 in
1776 3949 1811 4003 ob

206 4042 290 4096 etiam
304 4040 411 4096 facilius
429 4048 471 4095 est
488 4042 517 4093 in
531 4039 647 4094 naturali
662 4040 836 4111 philosophia
850 4040 1002 4110 complures
1040 4042 1172 4096 scariotes
1183 4048 1211 4095 et
1223 4039 1312 4110 magis
1326 4037 1472 4110 perplexos
1486 4036 1693 4108 phantasiarum
1703 4043 1809 4089 recem

205 4120 326 4175 theorias
340 4120 495 4191 excogitare
509 4120 580 4174 inter
593 4137 622 4174 se
642 4119 757 4175 multum
778 4120 940 4184 differentes,
955 4121 1002 4175 sed
1040 4128 1069 4174 et
1083 4119 1160 4191 qussi
1173 4134 1270 4191 specus
1284 4134 1314 4173 se
1326 4117 1468 4172 detrudere
1482 4126 1510 4173 et
1522 4115 1671 4170 involvere.
1794 4186 1799 4195 ι

205 4209 297 4254 tamen
315 4198 437 4271 singulas
458 4200 511 4254 sibi
530 4207 690 4264 constantes,
713 4207 740 4254 et
761 4200 959 4270 experientiam
976 4208 1003 4255 et
1080 4199 1178 4253 Annon
1198 4197 1266 4253 torte
1285 4196 1521 4261 animadvertistis,
1537 4194 1595 4260 tilii,
1610 4200 1709 4268 quanta
1725 4191 1809 4259 iugem·

206 4278 357 4350 praesertim
377 4279 521 4333 instantias
534 4278 743 4351 vulgaresque
761 4280 789 4333 in
809 4280 1002 4351 quaestionibus
1041 4296 1116 4333 orum
1130 4285 1158 4332 et
1170 4278 1295 4332 acumina
1308 4284 1337 4332 et
1350 4276 1448 4332 robora
1467 4275 1541 4346 apud
1559 4271 1735 4345 philosophos
1745 4266 1809 4324 atho·

205 4357 404 4430 philosophicis
426 4360 468 4428 (ut
486 4375 557 4412 nunc
572 4359 615 4427 fit)
634 4358 738 4427 judicia
757 4375 884 4413 exercere
905 4357 1001 4424 solent,
1040 4357 1157 4422 lasticoa,
1179 4358 1236 4412 otio
1256 4365 1283 4410 ει
1304 4354 1528 4411 meditationibus
1547 4353 1723 4412 luxuriantes,
1742 4356 1766 4402 et
1783 4343 1810 4396 ob

206 4438 235 4492 in
250 4436 385 4492 diversum
400 4436 536 4492 trahentes
550 4446 576 4491 et
589 4454 640 4508 pro
654 4438 768 4492 testibus
781 4439 902 4492 citantes,
1041 4438 1167 4492 tenebras
1181 4438 1256 4507 ipsas
1269 4435 1299 4491 in
1312 4435 1411 4507 quibus
1424 4434 1534 4489 enutriti
1547 4442 1625 4488 erant
1639 4433 1744 4492 t‘eroeeb
1761 4439 1810 4496 iffi·

246 4516 345 4588 Neque
359 4516 432 4571 enim
446 4515 588 4572 defuerunt
601 4517 685 4572 etiam
694 4525 785 4572 nostra
798 4524 884 4581 aetate,
898 4518 926 4572 in
939 4534 1002 4572 nos·
1040 4517 1080 4571 les
1094 4517 1172 4572 nobis
1186 4515 1256 4570 telas
1269 4530 1429 4570 aranearum
1442 4513 1605 4585 pepererint,
1621 4502 1810 4567 texturaetsoh

207 4595 264 4662 tris,
279 4596 399 4667 inquam,
413 4595 519 4667 frigidis
533 4597 688 4666 precordiis
709 4606 791 4668 atque
805 4606 934 4668 tempore,
949 4615 1003 4668 quo
1041 4597 1139 4651 tilitate
1166 4595 1207 4649 fili
1231 4594 1377 4659 mirabiles,
1401 4611 1467 4649 usus
1490 4601 1519 4648 et
1541 4591 1675 4648 commodi
1697 4590 1810 4656 experto&

206 4693 251 4731 res
264 4676 406 4748 religionis
425 4675 536 4746 ingenia
553 4677 759 4741 consumserint
774 4677 821 4748 qui
836 4693 920 4732 novas
939 4676 1003 4747 phi·
1040 4676 1132 4730 Etiam
1152 4674 1219 4729 illud
1240 4674 1324 4730 simul
1343 4674 1524 4736 affirmamusr
1555 4679 1674 4727 nostram
1695 4683 1767 4738 quatu
1783 4658 1810 4714 ul

206 4755 340 4827 losophiae
367 4754 499 4809 naturalis
526 4755 642 4810 fabricas
668 4756 790 4811 meditati
816 4762 888 4811 suut
928 4756 1003 4810 Nam
1041 4764 1113 4812 artes
1132 4753 1289 4810 adducimus
1308 4755 1449 4817 rationem,
1468 4761 1496 4806 et
1515 4748 1697 4823 inquisitionis
1716 4746 1810 4800 tormen

208 4835 332 4891 Telesius
346 4852 382 4891 ex
400 4834 549 4890 Consentia
562 4851 672 4890 scenam
686 4835 849 4900 conscendit,
864 4845 891 4890 et
904 4853 1003 4890 novam
1042 4836 1122 4889 talem
1142 4851 1210 4900 esse,
1226 4851 1287 4906 quas
1304 4833 1446 4889 hominum
1464 4831 1577 4902 ingenia
1594 4839 1622 4884 et
1640 4826 1776 4884 smututea
1787 4826 1812 4874 ¹11

208 4914 327 4970 tabulam
342 4915 406 4986 egit,
422 4923 583 4986 argumento
593 4915 713 4985 proiecto
727 4915 815 4986 magis
826 4915 1003 4986 probabilem,
1041 4913 1215 4970 haereditates
1222 4913 1369 4984 Spartanae
1380 4912 1435 4967 lere
1442 4917 1539 4982 aequet.
1580 4911 1653 4964 Nam
1663 4902 1810 4978 quomodote

208 5012 290 5066 quam
311 4994 408 5065 plausu
431 4995 577 5049 celebrem.
618 4994 655 5048 Et
676 4994 814 5049 Gilbertus
836 5013 871 5050 ex
894 4995 1003 5066 Augila,
1042 4995 1107 5049 dam
1127 4994 1161 5048 ad
1179 4994 1241 5056 hoc,
1257 5000 1288 5047 ut
1307 4993 1381 5047 linea
1401 4999 1474 5046 recta
1497 4999 1544 5044 aut
1564 4986 1678 5044 circulus
1697 4981 1810 5054 perfectu

208 5091 269 5129 cum
283 5082 407 5129 naturam
421 5073 556 5145 magnetis
575 5071 786 5129 laboriosissime
800 5081 828 5128 et
847 5092 948 5147 magna
961 5074 1003 5128 in·
1043 5074 1216 5138 describatur,
1227 5071 1372 5144 plurimum
1383 5079 1424 5125 est
1432 5070 1462 5124 in
1472 5086 1608 5124 manasse
1617 5068 1688 5120 riam
1698 5059 1809 5117 ιιιειιιιειε

209 5154 364 5224 quisitionis
379 5153 543 5207 firmitudine
557 5160 585 5205 et
602 5153 760 5218 constantia,
775 5171 881 5208 necnon
899 5155 1005 5224 experi-
1043 5154 1066 5208 si
1082 5171 1130 5224 per
1143 5154 1323 5207 constantiam
1337 5167 1433 5207 manus
1446 5158 1474 5204 et
1488 5147 1626 5203 oculorum
1637 5143 1809 5214 judiciumtau

208 5241 358 5288 mentorum
372 5249 473 5304 magno
485 5231 615 5286 comitatu
634 5238 661 5284 et
676 5231 733 5288 iere
752 5234 861 5304 agmine
881 5250 1004 5304 perscru-
1044 5241 1101 5287 tum
1121 5249 1165 5287 res
1185 5238 1315 5295 tentetur;
1350 5231 1393 5286 sin
1413 5247 1461 5301 per
1481 5228 1604 5299 regulam
1623 5226 1757 5283 admotam,
1773 5221 1809 5269 tui

208 5318 281 5365 tatus
296 5319 374 5374 esset,
390 5313 482 5365 statim
496 5309 657 5364 imminebat
672 5317 698 5363 et
712 5312 770 5381 ipse
791 5329 868 5367 novae
882 5312 1006 5382 pbiloso·
1045 5312 1174 5367 circinum
1192 5311 1411 5374 circumductum,
1429 5323 1483 5363 non
1501 5309 1587 5372 item3
1607 5304 1698 5361 eadem
1717 5297 1808 5388 ratif‘tb

209 5388 283 5456 phire
302 5390 455 5453 condendae,
473 5406 523 5443 nec
543 5388 724 5457 Xenophanis
742 5406 840 5445 nomen
861 5392 889 5444 in
911 5392 1006 5445 Xeno·
1045 5400 1072 5446 et
1097 5393 1125 5446 iu
1150 5389 1379 5461 contemplatione
1402 5405 1501 5453 rerum,
1524 5404 1586 5458 quse
1610 5381 1703 5439 mentis
1726 5373 1808 5466 utibflt

210 5482 317 5519 manem
331 5483 381 5534 per
394 5468 540 5521 ludibrium
554 5483 661 5522 versum
677 5469 792 5538 expavit,
809 5470 837 5522 in
852 5470 930 5539 eujus
944 5487 1006 5525 sen·
1045 5471 1132 5525 solum
1146 5469 1285 5535 incumbit,
1300 5468 1384 5524 borno
1403 5467 1509 5523 homini
1521 5473 1630 5537 prestat
1642 5460 1684 5517 rel
1700 5465 1806 5514 nummi·
