3800 5875
57 3269 133 3310 fitam

56 295 123 350 Lis.
139 296 177 349 ll.

258 451 306 505 20.
329 451 401 506 Huic
434 466 490 504 non
521 449 692 519 subjungitur
717 452 852 520 negativa.

316 529 398 584 Nihil
411 529 485 583 enim
499 528 631 599 reperitur
644 529 716 597 apud
730 546 780 583 nos
798 530 853 583 sive

113 607 259 679 tangibile,
273 608 331 663 sire
345 607 476 678 spiritale,
491 608 563 679 quod
576 607 713 661 admotum
727 608 785 678 igni
799 626 852 661 non

112 689 238 759 excipiat
251 687 379 742 calorem.
421 688 454 740 In
468 703 502 740 eo
522 695 613 739 tamen
634 686 768 749 differunt,
783 684 853 756 quod

112 767 171 820 alia
191 767 332 835 excipiant
348 767 467 820 calorem
484 765 572 830 citius,
587 772 617 819 ut
635 763 690 828 a'e'r‚
710 765 807 829 oleum,
827 774 853 819 et

115 863 206 917 aquar
230 845 286 899 alia
298 846 409 908 tardius,
423 853 453 898 ut
466 844 537 914 lapis
550 852 579 896 et
591 843 724 898 metalla..
753 845 853 899 Verum

114 926 170 979 hoc
184 926 303 995 pertinet
316 924 351 978 sd
365 925 481 977 talaiam
493 925 636 994 graduum.

257 1004 303 1058 21.
325 1001 853 1072 lluicinstantiarnoasubjungiturneg-

315 1085 389 1136 atina
399 1081 461 1145 alia,
471 1097 551 1153 quarn
560 1090 589 1135 ut
596 1082 665 1134 bene
674 1089 787 1143 notetur,
799 1097 852 1133 nou

110 1161 231 1215 excitari
248 1161 379 1216 scintillas
399 1178 435 1214 ex
449 1161 526 1214 silice
548 1168 576 1214 et
594 1159 717 1229 chalybe,
732 1167 780 1212 aut
799 1159 852 1212 alia

111 1239 207 1311 aliqua
221 1241 375 1294 substantia
387 1242 461 1303 dura,
476 1240 530 1293 nisi
551 1240 598 1293 ubi
613 1239 785 1292 excutiuntur
802 1239 851 1290 mi-

110 1316 850 1390 nutiaealiquaeexipsasubstantialapidisrelmetalli;

111 1415 203 1470 neque
225 1398 317 1452 aerem
333 1400 454 1452 attritum
475 1414 595 1466 unquam
609 1414 659 1467 per
679 1394 851 1465 regenerare

112 1477 257 1541 scintillas,
282 1485 313 1531 ut
336 1478 419 1548 vulgo
440 1484 559 1547 putant:
588 1476 654 1546 quin
677 1484 703 1528 et
716 1476 784 1544 ipsae
797 1474 851 1529 illae

112 1556 243 1611 scintillae
256 1573 292 1610 ex
311 1557 429 1626 pondere
450 1554 570 1624 carpens
583 1555 664 1625 igniti
685 1554 773 1623 magis
794 1571 851 1607 ver-

112 1643 184 1706 gunt
203 1638 339 1699 deorsum,
360 1652 441 1705 qnam
463 1650 575 1697 aurarem,
588 1641 616 1686 et
637 1634 665 1686 in
686 1633 850 1687 extinctione

114 1715 275 1769 redeuntia
288 1716 422 1785 quandam
438 1713 578 1783 fuliginem
592 1728 758 1782 corpoream.

256 1793 304 1847 22.
324 1793 521 1848 Existimamus
547 1792 611 1846 buia
635 1790 772 1844 instantia
796 1807 850 1844 noa

315 1873 441 1941 subjungi
452 1873 613 1942 negativam.
654 1869 769 1924 Nullum
779 1870 851 1924 enim

111 1949 253 2006 invenitur
265 1952 341 2020 apud
349 1968 399 2004 nos
410 1966 507 2020 corpus
516 1949 656 2020 tangibile,
667 1950 739 2020 quod
748 1965 803 2001 nan
816 1966 851 2003 ex

112 2030 254 2083 attritione
275 2030 422 2084 manifesto
442 2028 573 2093 calescat3
600 2029 669 2082 adeo
692 2036 722 2082 ut
745 2037 849 2082 veteres

111 2108 282 2163 somniarent
293 2126 350 2163 non
358 2109 388 2162 ia
399 2125 458 2164 esse
467 2107 622 2162 coelestibus
631 2107 713 2161 aliam
724 2108 793 2160 riam
803 2114 850 2160 aut

110 2187 240 2241 virtutem
251 2187 436 2252 calefaciendi,
450 2188 504 2241 nisi
518 2204 554 2241 ex
563 2188 699 2240 attritione
717 2185 788 2241 airis
802 2203 850 2255 per

87 496 120 538 Ad
130 499 189 536 llam

86 1049 197 1090 Atiliana.

87 1838 120 1878 Ad
131 1840 196 1879 lnam.

110 2267 275 2321 mtationem
286 2268 410 2337 rapidam
424 2276 451 2321 et
464 2267 614 2320 incitatam.
647 2265 787 2319 Verumia
796 2265 849 2319 hoc
888 2268 934 2331 27.
957 2266 1029 2319 Huic
1042 2265 1176 2319 instantia
1186 2265 1235 2317 rix
1247 2262 1478 2335 subjungiturne-

111 2362 215 2416 genere
235 2346 348 2401 ulterius
361 2346 551 2418 inquirendam
563 2352 612 2409 est,
626 2353 715 2398 utrum
729 2361 848 2414 corpora,

113 2441 176 2495 quse
198 2427 361 2480 emittuntur
382 2443 418 2479 ex
431 2425 566 2479 machinis
586 2424 693 2494 (qualia
705 2431 768 2478 sunt
787 2423 849 2492 piloe

112 2521 150 2558 ex
159 2505 316 2571 tormentis)
328 2522 383 2559 non
391 2522 427 2559 ex
438 2505 498 2573 ipsa
508 2504 681 2574 percussione
691 2503 850 2556 contrahant

112 2583 236 2654 aliquem
262 2585 376 2654 gradum
399 2583 515 2647 ιιιοιιις
551 2584 619 2636 adeo
646 2590 683 2646 ut,
707 2590 849 2653 postquam
888 2585 934 2641 28.
955 2582 1087 2653 Liquores
1099 2583 1169 2649 (sive
1179 2597 1257 2650 aqam
1270 2587 1405 2643 vocentur,
1419 2581 1476 2634 sive

113 2662 273 2726 deciderint,
293 2664 466 2717 inveniantur
478 2661 603 2716 nonnihil
616 2661 712 2715 calida.
753 2661 790 2714 At
802 2660 850 2715 aer

112 2750 206 2796 motus
219 2744 310 2813 magis
332 2742 481 2813 infrigidat,
494 2759 575 2813 quam
597 2741 741 2804 calefacit3
769 2747 799 2793 ιιι
821 2740 850 2793 in

113 2822 213 2884 ventis,
224 2830 251 2875 et
261 2822 381 2887 follibus,
393 2832 420 2875 et
431 2823 497 2875 flatu
508 2823 561 2875 oris
571 2821 708 2875 contracti.
750 2818 851 2873 Verum

113 2899 272 2968 hujusmodi
286 2908 374 2956 motus
387 2918 441 2956 non
454 2908 496 2956 est
508 2908 564 2955 tum
580 2899 696 2970 rapidus,
710 2906 739 2953 ut
750 2899 850 2954 excitet

114 2981 249 3044 calorem3
271 2989 298 3034 et
313 2982 344 3034 lit
358 2981 505 3035 secundum
519 2989 613 3044 totum,
624 2997 677 3033 noa
692 2996 741 3049 per
754 2980 850 3048 partic-

113 3058 191 3124 ulas3
213 3066 243 3113 ιιι
252 3060 352 3114 mirum
365 3077 419 3113 non
434 3060 476 3124 sit,
492 3059 514 3112 si
530 3076 585 3113 noa
599 3066 711 3129 generet
724 3057 848 3112 calorem.

56 3171 90 3211 Ad
100 3171 232 3212 immam
257 3139 304 3194 23.
327 3138 409 3193 Circa
422 3138 492 3192 hanc
506 3139 663 3192 instantiam
674 3137 798 3190 facienda
809 3146 850 3191 est

58 3219 123 3262 tram
136 3220 233 3262 stanna
314 3218 455 3289 inquisitio
473 3216 636 3288 diligentior.
677 3216 811 3270 Videntur
825 3233 850 3269 e·

313 3299 371 3350 nim
385 3297 478 3351 herba
491 3305 518 3350 et
536 3295 700 3365 vegetabilis
712 3295 810 3349 viridia
824 3304 850 3348 et

113 3372 230 3427 humida
257 3374 362 3445 aliquid
388 3375 489 3430 habere
512 3376 542 3428 in
566 3392 596 3429 se
620 3374 717 3429 occulti
741 3374 847 3428 caloris.

115 3451 169 3506 llle
183 3468 249 3506 vero
262 3453 337 3507 calor
351 3462 408 3508 tam
421 3455 509 3509 tenuis
523 3461 572 3516 est,
582 3461 612 3507 ut
624 3455 654 3507 in
668 3453 782 3523 singulis
795 3470 850 3506 non
887 3456 934 3511 29.
956 3454 1017 3508 Fiat
1031 3454 1246 3524 experimentum
1260 3452 1371 3522 spiritus
1383 3451 1438 3504 vini
1449 3450 1478 3504 in

115 3530 285 3601 percipiatur
308 3534 343 3586 ad
365 3540 483 3587 tactum:
512 3550 604 3587 verum
631 3542 775 3603 postquam
802 3531 851 3586 illa

114 3611 234 3665 maneta
244 3611 299 3664 sint
309 3621 337 3665 et
350 3611 484 3676 conclusa,
494 3619 524 3665 ut
537 3612 649 3680 spiritus
661 3613 780 3681 ipsorum
795 3628 847 3665 non

113 3690 224 3758 expiret
237 3688 267 3741 ιιι
281 3694 380 3754 adrem,
395 3692 443 3745 sed
465 3708 494 3745 se
514 3691 633 3745 invicem
653 3692 761 3754 foreat3
792 3698 849 3744 tum

113 3784 180 3822 vero
207 3768 294 3823 oritur
318 3769 392 3823 calor
414 3770 582 3834 manifestus,
607 3777 635 3823 et
657 3785 849 3839 nonnunquam

114 3848 228 3901 flamma
242 3847 271 3900 in
285 3850 399 3904 materia
411 3865 538 3919 congrua.

256 3927 304 3981 24.
325 3928 415 3982 Etiam
429 3929 502 3982 circs
515 3928 586 3981 hanc
600 3927 802 3982 instantantiam
812 3927 850 3980 di·

315 4007 442 4077 ligentior
475 4007 598 4061 facienda
625 4013 666 4060 est
701 4007 848 4076 inquisitio.

116 4089 232 4142 Videtur
246 4085 319 4141 enim
334 4085 396 4141 calx
407 4087 476 4150 riva,
491 4103 563 4157 aqua
576 4102 694 4155 aspersa,
709 4086 850 4155 concipere

116 4168 244 4230 calorem,
258 4165 303 4219 rel
323 4174 435 4236 propter
448 4166 575 4219 unionem
588 4164 693 4230 caloris,
709 4164 755 4234 qui
770 4173 851 4218 antea

116 4246 318 4302 distrahebatur
344 4246 384 4311 (ut
411 4251 473 4297 ante
500 4245 602 4297 dictum
630 4251 671 4297 est
697 4244 730 4296 de
757 4242 851 4297 herbis

116 4326 265 4390 conclusis)
280 4323 325 4376 rel
339 4324 374 4376 ob
387 4323 566 4378 irritationem
577 4331 605 4377 et
617 4323 850 4392 exasperationem

116 4406 229 4475 spiritus
240 4402 317 4474 ignei
332 4402 367 4455 ab
381 4418 459 4472 aqua,
475 4410 505 4455 ut
518 4404 566 4455 liat
587 4402 696 4472 quidam
710 4402 850 4455 conflictus

87 3977 120 4019 ad
130 3981 197 4021 Idm

117 4493 144 4537 et
163 4481 374 4553 antiperistasis.
417 4481 485 4534 Utra
508 4498 573 4535 vero
595 4498 637 4535 res
660 4482 696 4534 sit
717 4482 849 4544 incausti,
888 4473 1096 4547 absarensis,
1111 4492 1138 4536 et
1150 4482 1241 4536 herba
1258 4498 1334 4535 acres
1355 4481 1390 4533 ad
1407 4482 1481 4551 pala·

118 4563 226 4618 facilius
236 4560 385 4631 apparebit,
395 4559 419 4613 si
429 4560 490 4613 loco
501 4577 580 4630 aqute
586 4560 745 4613 immittatur
752 4559 850 4614 oleum.

118 4643 217 4697 Oleum
239 4640 314 4694 enim
335 4655 411 4709 arque
426 4655 458 4692 ac
478 4656 549 4710 aqua
564 4639 664 4693 valebit
677 4640 712 4691 ad
725 4639 851 4693 unionem

118 4723 229 4790 spiritus
243 4718 350 4780 inclusi,
363 4717 410 4771 sed
423 4735 477 4770 non
490 4718 525 4771 ad
537 4718 722 4773 irritationem.
762 4719 852 4772 Etiam

121 4800 273 4854 faciendum
289 4805 333 4851 est
346 4797 563 4866 experimentum
575 4797 658 4850 latius
669 4806 723 4851 tam
736 4797 766 4850 in
776 4799 850 4851 cine·

120 4879 193 4933 ribus
206 4887 233 4932 et
247 4876 368 4930 calcibus
378 4876 701 4945 diversorumoorporum,
710 4893 791 4946 quam
804 4894 862 4952 per·

121 4958 317 5012 immissionem
331 4954 494 5009 diversorum
512 4954 656 5025 liquorum.

259 5033 307 5087 25.
330 5031 404 5086 Huic
426 5034 560 5089 instantior
581 5035 751 5105 subjungitur
768 5053 851 5106 nega·

317 5120 375 5164 twa
389 5111 503 5166 aliorum
518 5113 698 5177 metallorum,
713 5132 774 5185 quoe
791 5123 853 5168 sunt

123 5192 208 5262 tnagis
221 5190 316 5246 mollia
331 5198 358 5243 et
370 5191 453 5245 doxa.
494 5192 615 5246 Etenim
629 5192 771 5247 bracteola
785 5193 851 5254 auri,

125 5270 215 5324 soluta
228 5271 398 5340 inliquorem
408 5287 457 5340 per
469 5287 568 5340 aquam
578 5272 659 5340 regis,
670 5271 774 5326 nullum
788 5272 853 5324 dant

94 5086 203 5130 Adisam-

125 5349 240 5404 calorem
253 5350 289 5402 ad
304 5357 405 5402 tactum
422 5350 451 5402 in
465 5349 656 5404 dissolutione:
677 5367 766 5421 neque
779 5351 853 5404 sirni-
891 5348 936 5405 31.
958 5350 1113 5404 acrimonia
1121 5352 1178 5405 sive
1187 5353 1338 5420 penetratio
1347 5352 1416 5404 inest
1426 5359 1482 5403 tam

126 5427 184 5482 luter
203 5427 345 5499 plumbum
358 5428 387 5482 in
400 5443 472 5498 aqua
488 5429 559 5483 forti.
597 5430 696 5499 Neque
717 5431 799 5486 etism
813 5446 854 5483 ar-

890 1242 937 1295 26.
959 1238 1051 1292 Caroli
1071 1236 1228 1290 animalium
1247 1236 1322 1289 nulla
1345 1235 1481 1307 subjungi·
1529 1287 1577 1331 ad·

695 292 834 347 NOVUM
855 290 1055 346 ORGANUM.
1623 292 1680 347 463

950 455 1065 519 gentum
1078 448 1169 501 vivum
1181 450 1223 514 (ut
1236 447 1358 514 memini)
1373 448 1422 501 sed
1435 454 1576 518 argentum
1589 450 1679 518 ipsum

950 542 1048 598 parum
1060 526 1161 580 excitat
1181 525 1286 588 caloris,
1301 533 1383 598 atque
1403 527 1487 579 etiam
1507 542 1620 596 cuprum
1634 527 1680 604 (ut

950 606 1074 673 memini)
1085 606 1132 659 sed
1140 605 1228 676 magis
1238 604 1382 659 manifesto
1391 614 1524 668 stannum,
1533 612 1615 677 atque
1624 624 1680 660 om·

949 688 1024 739 nium
1035 684 1154 738 maxime
1162 685 1263 738 ferrum
1273 690 1300 737 et
1308 683 1436 752 chalybs;
1459 701 1519 755 qnae
1527 701 1581 738 uon
1592 685 1680 741 solum

950 765 1046 818 fortem
1060 763 1163 817 exitant
1176 762 1293 817 calorem
1306 764 1335 817 in
1345 762 1528 825 ιιιιιοιιιιιοιιε,
1539 763 1586 817 sed
1597 765 1679 818 etiam

949 843 1096 897 violentam
1117 842 1309 897 ebullitionem.
1362 844 1456 914 ltaque
1479 842 1585 896 videtur
1604 843 1679 897 calor

949 922 1008 976 fieri
1023 938 1073 992 per
1085 921 1246 985 conflictum,
1261 938 1323 975 cum
1339 939 1417 992 aqum
1434 922 1517 976 fortes
1536 929 1679 991 penetrant

950 1009 978 1053 et
989 1001 1100 1063 fodiunt,
1109 1007 1136 1053 et
1146 1000 1277 1053 divellunt
1289 1008 1380 1070 partes
1389 1001 1518 1069 corporis,
1529 1008 1558 1053 et
1565 1018 1678 1071 corpora

948 1080 1010 1148 ipsa
1022 1080 1155 1134 resistunt
1197 1078 1251 1132 Ubi
1258 1096 1322 1133 vero
1332 1095 1445 1150 corpora
1458 1079 1564 1134 facilius
1572 1082 1675 1146 cedunt,

949 1160 997 1213 rix
1007 1160 1141 1212 excitatur
1154 1157 1236 1212 calor.

948 1324 992 1371 tar
1015 1318 1151 1387 negativa,
1175 1317 1229 1369 nisi
1249 1316 1411 1370 insectorum
1436 1320 1481 1385 (ut
1572 1293 1641 1331 Μ

947 1396 1117 1461 dictumest)
1132 1395 1168 1447 ob
1181 1394 1340 1464 parvitatem
1354 1395 1482 1463 corporis
1522 1392 1631 1447 Etenim
1645 1395 1674 1448 in

947 1475 1067 1544 piscibus
1077 1473 1182 1528 collatis
1196 1475 1230 1527 ad
1239 1473 1367 1528 animalia
1379 1473 1515 1527 terrestria
1527 1473 1615 1542 magis
1628 1490 1674 1525 ao

947 1561 1017 1607 tatur
1027 1553 1127 1626 gradus
1140 1553 1245 1615 caloris,
1259 1570 1341 1623 quam
1354 1552 1480 1622 privatio.
1522 1551 1554 1605 ln
1562 1560 1672 1620 vegeta·

947 1633 1048 1689 bilibus
1062 1640 1153 1686 autem
1164 1638 1192 1684 et
1204 1631 1305 1702 plantis
1313 1631 1401 1686 nullus
1415 1630 1561 1700 percipitur
1574 1630 1673 1700 gradus

946 1711 1045 1766 caloris
1058 1711 1093 1764 ad
1112 1718 1220 1774 tactum,
1242 1726 1329 1781 neque
1347 1712 1376 1764 in
1395 1710 1523 1778 lacrymis
1543 1710 1671 1779 ipsorum,

945 1807 1034 1859 neque
1047 1791 1076 1844 ia
1090 1789 1215 1844 medullis
1230 1798 1351 1843 recenter
1368 1790 1477 1858 apertis.
1517 1788 1554 1841 At
1573 1789 1601 1841 iu
1616 1789 1672 1841 aui-

945 1869 1061 1923 malib'us
1077 1884 1177 1940 magna
1191 1869 1321 1937 reperitur
1337 1868 1478 1922 diversitas
1495 1867 1599 1931 caloris,
1614 1878 1672 1922 tum

946 1948 975 2002 ιιι
988 1949 1108 2019 partibus
1128 1950 1249 2017 ipsorum
1265 1947 1346 2015 (alius
1359 1955 1402 2000 est
1415 1948 1487 2001 enim
1507 1946 1580 2000 calor
1600 1947 1672 2000 circa

946 2044 1001 2092 cor,
1013 2028 1082 2081 alius
1094 2029 1124 2081 in
1137 2025 1256 2091 cerebro,
1267 2027 1337 2081 alius
1350 2028 1420 2079 circa
1433 2026 1558 2093 externa)
1572 2033 1629 2080 tum
1641 2027 1671 2080 in

946 2107 1129 2161 accidentibus
1153 2122 1254 2171 eorum,
1273 2113 1303 2161 ut
1325 2106 1355 2160 iu
1376 2106 1566 2160 exercitatione
1587 2105 1671 2159 rebe·

945 2188 1039 2251 menti,
1053 2193 1080 2239 et
1095 2185 1223 2240 febribus.

943 2347 1047 2416 patina.
1088 2344 1480 2406 Quinetiamexcrementaani-
1527 2315 1637 2357 mm

945 2423 1057 2478 melium
1076 2441 1131 2477 non
1145 2422 1265 2476 recentis
1277 2424 1418 2476 manifeste
1434 2422 1536 2475 babent
1554 2420 1671 2475 calorem

944 2502 1130 2572 potentialem,
1144 2510 1174 2556 ut
1188 2501 1306 2555 cernitur
1318 2502 1347 2554 in
1358 2501 1570 2571 impinguatione
1584 2499 1645 2554 soli.

946 2659 1020 2730 olea)
1035 2662 1081 2731 qui
1096 2660 1196 2713 habent
1209 2675 1337 2728 magnam
1352 2667 1379 2712 et
1391 2660 1478 2713 inten·
1526 2636 1639 2728 ssdgffl'

945 2756 1004 2793 sam
1014 2739 1197 2803 acrimoniam,
1212 2746 1380 2808 exequuntur
1393 2754 1477 2809 opera

946 2818 1044 2874 caloris
1056 2821 1084 2872 ia
1098 2818 1251 2872 divulsione
1272 2833 1421 2887 corpomm,
1435 2827 1515 2888 atque
1532 2814 1672 2868 adustione

945 2906 1008 2969 post
1028 2899 1146 2970 aliquam
1161 2913 1280 2961 moram3
1301 2896 1349 2950 sed
1369 2904 1457 2951 tamen
1472 2896 1607 2966 adipsum
1619 2903 1673 2948 tac·

946 2987 1001 3032 tum
1014 2996 1110 3033 manus
1123 2994 1177 3031 non
1187 2983 1250 3031 sunt
1258 2975 1338 3030 calidi
1352 2977 1386 3029 ab
1396 2976 1481 3030 initio.
1522 2976 1673 3043 Operantur

946 3065 1038 3112 autem
1056 3058 1203 3111 secundum
1222 3055 1376 3126 analogiam
1389 3063 1418 3109 et
1440 3071 1520 3124 poros
1544 3053 1671 3123 corporis,

946 3138 989 3190 cui
1007 3137 1197 3207 adjunguntur.
1237 3134 1315 3204 Aqua
1333 3135 1405 3188 enim
1423 3135 1497 3204 regis
1510 3150 1603 3187 aurum
1618 3132 1672 3186 sol·

945 3216 993 3280 vit,
1016 3224 1157 3287 argentum
1179 3214 1302 3268 minime:
1329 3222 1479 3278 utcontra,
1503 3195 1573 3284 aqui
1596 3213 1673 3265 fortis

945 3306 1084 3364 argentum
1095 3295 1182 3358 solvit,
1193 3311 1287 3348 aurum
1300 3293 1426 3347 minime:
1446 3300 1571 3346 neutrum
1582 3300 1673 3345 autem

947 3375 1027 3428 solvit
1041 3375 1156 3437 vitrum;
1178 3374 1216 3427 sic
1229 3372 1263 3425 de
1277 3373 1389 3426 crateris.

945 3532 1079 3603 figniano
1094 3534 1176 3586 etiam
1189 3533 1218 3585 ia
1232 3532 1337 3600 butyro,
1349 3538 1395 3584 aut
1407 3547 1477 3594 cera,
1534 3496 1566 3536 Μ
1574 3499 1639 3535 Μ’

945 3621 992 3665 aut
1011 3613 1087 3682 pice;
1119 3613 1142 3665 si
1165 3611 1232 3665 forte
1253 3627 1301 3680 per
1322 3606 1438 3676 calorem
1461 3625 1539 3663 suurn
1566 3625 1599 3661 ea
1625 3607 1674 3661 ali·

946 3699 1078 3761 quatenus
1104 3690 1268 3761 liquefaciat.
1322 3690 1430 3743 Etenim
1454 3687 1582 3742 instantis
1604 3688 1673 3741 rice·

946 3772 1015 3824 sima
1029 3779 1122 3840 quarta
1136 3769 1251 3824 ostendit
1264 3776 1427 3839 potestatem
1441 3768 1498 3835 ejus
1513 3767 1674 3821 imitativum

945 3849 1043 3903 caloris
1056 3851 1084 3902 in
1098 3848 1352 3903 incrustationibus:
1373 3848 1466 3917 itaque
1485 3848 1533 3900 fiat
1548 3846 1673 3901 similiter

946 3929 1163 3998 experimentum
1180 3928 1209 3981 ia
1226 3927 1468 3997 liquefactionibus.
1509 3926 1571 3980 Fiat
1591 3926 1673 3981 etiam

946 4009 1162 4077 experimentum
1183 4023 1232 4075 per
1248 4008 1345 4060 vitrum
1366 4006 1496 4076 graduum
1513 4006 1569 4060 sive
1583 4005 1673 4060 calen-

946 4088 1017 4150 dare‚
1032 4087 1102 4157 quod
1120 4102 1267 4140 concavum
1286 4086 1321 4138 sit
1340 4086 1370 4138 in
1391 4085 1542 4139 summitate
1557 4101 1606 4139 sua
1625 4102 1674 4155 per

947 4167 1080 4228 exterius;
1102 4173 1129 4219 et
1146 4165 1305 4218 immittatur
1318 4165 1346 4217 in
1360 4164 1429 4218 illud
1442 4180 1588 4218 concavum
1603 4174 1674 4219 exte·

946 4247 1003 4301 rius
1017 4246 1127 4315 spiritus
1140 4245 1195 4298 vini
1205 4244 1274 4298 bene
1289 4244 1457 4307 rectificatus‚
1468 4260 1528 4297 cum
1539 4243 1673 4314 operculo,

946 4334 976 4378 ut
995 4324 1091 4378 melius
1113 4324 1248 4378 contiueat
1267 4322 1384 4376 calorem
1406 4339 1501 4386 suum;
1522 4331 1550 4377 et
1570 4332 1675 4377 notetur

945 4413 1035 4458 utrum
1045 4421 1093 4473 per
1102 4403 1303 4457 caloremsuum
1311 4402 1673 4473 faciataquamdescendere.

948 4569 1012 4626 tum,
1027 4561 1111 4615 multo
1123 4562 1211 4631 magis
1225 4569 1342 4630 sumpta>
1359 4561 1479 4627 interius,
1536 4529 1567 4569 Ad
1576 4532 1641 4568 m

947 4642 1132 4711 percipiuntur
1141 4641 1236 4694 calida
1275 4640 1427 4695 Videndum
1438 4640 1528 4712 itaque
1538 4640 1567 4694 in
1577 4640 1674 4712 quibus

948 4720 1009 4774 aliis
1017 4720 1139 4774 materiis
1149 4720 1516 4789 exequanturoperacaloris.
1538 4720 1627 4790 Atque
1635 4737 1674 4772 re-

948 4798 1035 4853 ierunt
1044 4805 1142 4861 nautae,
1154 4815 1215 4852 cum
1223 4797 1322 4857 cumuli
1331 4808 1358 4851 et
1368 4816 1463 4852 maeste
1474 4806 1621 4852 aromatum
1629 4798 1674 4851 diu

947 4877 1080 4931 conclusae
1103 4878 1192 4930 subito
1216 4877 1381 4945 aperiuntur,
1400 4878 1549 4947 periculum
1572 4877 1674 4929 instare

947 4955 1011 5019 illis,
1018 4957 1064 5027 qui
1073 4972 1119 5008 eas
1128 4957 1216 5025 primo
1223 4956 1327 5026 agitant
1338 4957 1521 5020 etextrahunt,
1530 4973 1547 5008 a
1556 4955 1675 5009 iebrrbus

950 5043 976 5088 et
984 5035 1240 5088 inflammationibus
1250 5036 1368 5105 spiritus.
1410 5034 1540 5090 Similiter
1550 5034 1607 5087 fieri
1617 5043 1675 5102 pot-

948 5112 1676 5184 eritexperimeatum,utrumpulvercshujusmodiaro-

949 5201 1053 5246 matum
1069 5200 1114 5246 aut
1132 5193 1278 5246 herbarum
1291 5211 1346 5247 non
1359 5194 1505 5248 arefaciant
1520 5191 1636 5245 laridum
1648 5199 1676 5246 et

948 5288 1056 5325 carnem
1065 5289 1223 5341 suspensam
1232 5289 1314 5342 super
1323 5271 1676 5342 ipsos,velutifumusignis.

948 5428 1162 5501 frigidis,qualia
1171 5438 1234 5485 sunt
1243 5438 1347 5485 acetum
1357 5435 1384 5484 et
1394 5428 1483 5483 oleum
1532 5393 1565 5435 Ad
1578 5396 1644 5436 m
