3800 5875
209 299 266 353 328
730 298 781 354 Da
803 299 1027 357 AUGMENTIS
1049 301 1323 359 SCIENTIARUM.
1715 300 1774 356 Lis
1789 302 1822 356 ll.

208 457 311 511 audias.
364 457 458 528 ltaque
486 455 587 510 Perseo
613 463 676 511 sunt
701 457 759 512 istae
783 459 870 514 Groeae
892 460 1003 515 concili·
1039 477 1147 532 quoque
1169 461 1332 516 immittendi
1355 465 1517 531 potestatem
1537 458 1666 513 babebat.
1708 458 1826 513 Certein

207 536 294 599 anda,
308 543 388 607 atque
409 537 440 590 in
461 536 594 589 auxilium
615 536 787 602 adducendae,
802 541 949 608 prasertim
973 546 1003 594 ut
1039 540 1124 610 orgiis
1146 541 1250 608 ejusa
1274 540 1434 594 mulieribus
1457 538 1547 592 furore
1565 537 1686 606 percitis,
1705 536 1761 591 duo
1779 540 1826 591 viri

208 615 316 669 oculum
331 624 359 668 et
377 615 484 668 dentem
500 631 581 668 suum
594 614 620 668 ei
633 616 822 680 commodent;
844 619 953 672 oculum
967 620 1002 673 ad
1038 619 1160 689 insignes
1172 619 1301 690 discerpti
1315 625 1468 682 narramur,
1482 616 1619 671 Pentheus
1637 625 1667 669 et
1685 615 1826 686 Orpheusz

206 694 322 758 indicia;
344 693 452 749 dentem
473 694 507 746 sd
527 710 648 747 rumores
668 696 803 760 serendos,
819 703 849 749 et
870 697 1000 753 invidiam
1037 697 1093 761 ille,
1116 698 1182 752 dum
1205 699 1301 752 arbore
1324 713 1475 753 cosmam
1497 703 1634 766 spectator
1653 711 1828 766 eorumquae

207 774 384 837 conflandam,
398 781 426 826 et
439 772 544 826 animos
553 772 696 827 hominum
709 774 890 830 solicitandoa.
924 776 1000 831 Post-
1037 785 1190 847 agerentur,
1204 777 1329 831 curiosus
1342 793 1403 832 esse
1421 774 1568 838 volmsetae,
1590 773 1644 837 bic,
1659 790 1723 827 cum
1744 775 1828 844 lyram

208 868 290 922 quam
304 869 368 906 vero
380 852 472 905 omnia
484 851 553 905 bene
567 849 666 906 fuerint
679 851 715 905 ad
727 852 829 908 bellum
849 864 999 924 preparate
1037 856 1156 911 suaviter
1165 864 1192 909 et
1201 856 1288 925 perite
1296 855 1436 925 pulsaret:
1450 863 1533 925 atque
1543 852 1626 921 hujm
1636 853 1681 907 dei
1692 869 1737 907 res
1746 863 1829 925 geste

207 931 346 1002 disposita,
367 930 434 984 illud
455 929 589 1001 imprimis
611 932 767 995 curandum,
792 933 863 1003 quod
883 934 999 989 Perseus
1036 951 1098 989 cum
1111 933 1189 989 lovis
1201 935 1283 989 rebus
1296 935 1353 990 fere
1367 933 1574 989 confunduntur.

207 1012 279 1074 fecit,
302 1019 333 1064 ut
361 1009 479 1064 Medusa
502 1008 640 1063 dormiens
666 1010 826 1065 inveniatur.
876 1012 999 1069 Prudens

206 1090 281 1143 enim
293 1088 358 1142 belli
380 1095 521 1158 susceptor
534 1104 641 1159 semper
654 1088 710 1142 fere
724 1089 831 1144 hostem
844 1092 998 1163 assequitur
1075 1092 1193 1147 Faunus
1212 1091 1318 1147 videtur
1330 1091 1366 1145 ad
1378 1107 1468 1146 mores
1485 1089 1630 1160 pertinere,
1644 1095 1677 1144 ut
1689 1089 1738 1144 vix
1759 1090 1828 1160 quio·

206 1169 379 1238 imparatum,
402 1175 430 1221 et
448 1167 585 1221 securitati
607 1167 772 1238 propiorem.
818 1168 944 1242 Denique
969 1172 997 1225 in
1036 1187 1117 1240 quam
1130 1171 1160 1225 in
1174 1170 1349 1241 pbilosophis
1361 1168 1458 1225 morali
1470 1169 1568 1224 melius
1577 1169 1740 1259 inveniatur.
1774 1168 1824 1224 lle·

206 1248 274 1317 ipsis
294 1246 358 1300 belli
373 1246 524 1300 actionibus
544 1255 625 1317 atque
648 1246 802 1313 insultibus,
816 1248 863 1302 ille
884 1250 997 1305 intuitus
1035 1250 1162 1304 scribitur
1171 1257 1262 1304 auum
1273 1247 1825 1339 subpersonaBacchinaturacuprditstis,

205 1326 235 1379 in
249 1324 387 1396 speculum
401 1325 521 1379 Palladis
532 1325 718 1396 adoperandus
728 1334 778 1381 est.
799 1326 913 1382 Plurimi
923 1330 997 1384 eniru
1035 1328 1091 1381 sive
1110 1329 1255 1383 affectuum
1275 1337 1303 1383 et
1321 1327 1551 1398 perturbationum
1570 1327 1665 1380 animi.
1707 1326 1826 1418 Pramum

206 1414 269 1459 ante
290 1405 351 1474 ipsa
371 1404 491 1475 pericula
504 1421 548 1459 res
563 1404 683 1459 hostium
696 1415 773 1459 acute
787 1415 814 1460 et
831 1414 932 1462 attente
953 1409 996 1462 in·
1033 1406 1127 1477 igitur,
1150 1408 1222 1479 quod
1245 1408 1281 1461 ad
1301 1406 1406 1461 natalia
1428 1407 1585 1477 cupiditatis
1608 1405 1723 1470 attinere
1750 1423 1825 1478 ongo

206 1484 352 1553 trospicere
367 1492 498 1554 possunt;
520 1491 548 1537 at
560 1483 590 1537 in
602 1484 664 1554 ipso
676 1484 791 1555 periculi
812 1485 934 1551 articulo,
949 1495 997 1542 ant
1034 1486 1190 1556 cupiditatis
1213 1486 1309 1550 omnis,
1322 1485 1388 1540 licet
1400 1486 1609 1549 nocentissimae,
1623 1501 1679 1539 non
1702 1484 1757 1538 alis
1775 1494 1824 1550 est,
1881 1511 1882 1558 3

205 1569 307 1617 terrore
321 1562 502 1627 offunduntur,
516 1569 565 1616 aut
581 1562 703 1633 pericula
716 1564 830 1619 nimium
843 1567 996 1636 prmcipites
1034 1581 1117 1634 quam
1130 1566 1230 1619 bouum
1244 1582 1390 1635 apparens.
1430 1565 1507 1620 Sicut
1526 1566 1600 1619 euim
1613 1564 1721 1618 virtutis
1741 1573 1825 1620 mater

205 1649 234 1696 et
254 1660 272 1695 a
293 1643 379 1696 fronte
404 1649 541 1712 spectant;
566 1642 639 1696 unde
661 1642 691 1696 iu
713 1641 762 1697 illa
785 1651 887 1698 temere
906 1653 995 1710 ruunt,
1033 1652 1077 1697 est
1095 1645 1197 1699 bonum
1210 1645 1340 1711 existens,
1355 1643 1479 1699 similiter
1498 1642 1657 1714 cupiditatis
1677 1651 1765 1697 mater
1782 1652 1826 1698 est

207 1721 332 1776 vincendi
343 1721 595 1785 memores,vitandi
607 1721 692 1775 obliti.
714 1721 884 1778 Atueutrum
899 1725 996 1780 horum
1033 1722 1136 1778 bonum
1155 1739 1297 1794 apparens.
1337 1723 1432 1778 Altera
1451 1723 1468 1777 J
1471 1723 1532 1777 ovis
1546 1722 1611 1792 (sub
1620 1722 1700 1790 cujus
1712 1739 1824 1793 persona

205 1800 262 1854 lieri
277 1802 364 1865 debet,
376 1800 424 1855 aed
436 1800 466 1853 in
477 1800 618 1870 speculum
628 1799 755 1864 Palladis,
767 1803 871 1857 cervice
884 1805 994 1868 reflexa,
1033 1802 1125 1856 anima
1137 1803 1258 1857 humana
1270 1805 1491 1872 representatur)
1506 1819 1577 1858 uxor
1594 1801 1728 1872 legitima,
1741 1801 1824 1856 altera

205 1879 413 1949 inspiciendum,
424 1886 453 1932 nt
465 1879 583 1948 impetus
597 1887 669 1933 recte
683 1879 823 1950 dirigatur,
834 1882 937 1953 absque
951 1883 996 1939 vel
1032 1880 1141 1950 pellex:
1163 1898 1224 1951 quse
1237 1887 1329 1936 umen
1344 1881 1460 1937 lunonis
1474 1881 1591 1936 honores
1603 1880 1755 1946 amuletur,
1768 1890 1824 1935 tan

204 1968 312 2023 terrore,
327 1958 371 2012 vel
385 1957 481 2012 furore.
1033 1977 1115 2030 qnam
1137 1960 1254 2016 Semele.
1294 1960 1454 2031 Concipitur
1472 1977 1538 2016 vero
1557 1960 1692 2030 cupiditas
1710 1960 1741 2014 iu
1761 1969 1825 2014 voto

242 2038 267 2092 A
281 2036 354 2092 bello
364 2037 485 2107 perfecto
494 2045 522 2090 et
530 2036 649 2100 victoria,
661 2043 810 2108 sequuntur
819 2039 916 2096 effecte
925 2042 994 2097 duo:
1032 2038 1135 2103 illicito,
1150 2040 1226 2109 prius
1239 2048 1341 2095 temere
1359 2056 1496 2104 concesso,
1511 2057 1595 2111 quam
1613 2040 1666 2094 rite
1683 2037 1824 2094 intellecto

203 2116 305 2186 Pegasi
328 2115 377 2170 illa
405 2116 543 2185 generatio
566 2121 594 2169 et
617 2118 808 2182 exsuscitatio;
841 2136 902 2189 quae
926 2123 994 2177 satis
1032 2126 1061 2173 et
1077 2119 1205 2188 judicato.
1246 2119 1335 2190 Atque
1355 2126 1500 2189 postquam
1513 2120 1688 2174 effervescere
1702 2120 1823 2190 eruperit,

203 2195 343 2250 evidentur
361 2195 462 2248 ιἐιιιεω
481 2194 598 2258 denotat,
614 2212 675 2265 quoe
695 2212 745 2265 per
767 2199 860 2251 omnia
872 2198 953 2266 volat,
967 2208 995 2255 et
1032 2207 1119 2253 nister
1131 2199 1190 2266 ejus
1203 2202 1312 2266 (natura
1324 2198 1428 2253 scilicet
1441 2207 1469 2254 et
1480 2199 1588 2268 species
1597 2197 1675 2265 boni)
1687 2215 1725 2253 ex
1736 2198 1824 2253 nimio

203 2273 344 2328 victoriani
364 2273 490 2339 celebrat,
509 2281 538 2327 et
558 2274 688 2345 reliquias
711 2274 777 2330 belli
798 2276 895 2332 faciles
915 2289 944 2333 et
964 2281 994 2336 in
1031 2278 1156 2332 incendio
1165 2277 1313 2332 destruitur
1325 2282 1355 2332 et
1367 2278 1446 2348 perit.
1485 2277 1633 2332 Processus
1643 2278 1823 2349 autemcupi·

201 2362 294 2406 votum
315 2353 441 2407 cedentes
462 2353 553 2408 efficit.
593 2353 755 2419 Secundum,
769 2357 885 2426 gestatio
897 2359 994 2428 capitis
1031 2357 1124 2411 ditatis
1151 2373 1169 2410 a
1191 2363 1323 2426 conceptu
1346 2372 1395 2411 suo
1418 2355 1482 2411 talis
1507 2363 1568 2412 est:
1598 2355 1648 2410 illa
1672 2356 1709 2411 ab
1730 2358 1825 2412 auimo

203 2431 329 2486 Medusae
341 2433 370 2486 in
383 2439 474 2497 scuto;
495 2432 628 2504 siquidem
642 2433 747 2489 nullum
766 2435 887 2504 presidii
907 2454 994 2508 genus
1031 2434 1152 2490 humano
1163 2437 1224 2507 (qui
1236 2435 1296 2504 ejus
1309 2442 1351 2491 est
1360 2436 1479 2507 genitor)
1491 2444 1519 2490 et
1528 2437 1684 2503 nunicatur,
1696 2443 1725 2489 et
1735 2436 1824 2492 occul·

202 2510 267 2564 huic
295 2512 330 2565 ob
356 2511 539 2581 prestantium
560 2513 712 2583 comparari
736 2515 833 2584 possit.
874 2515 994 2573 Unicum
1031 2521 1110 2581 tatur,
1133 2517 1268 2584 praecipue
1291 2516 1322 2570 in
1344 2515 1473 2570 inferiore
1495 2521 1574 2587 parte
1600 2515 1667 2583 ejus,
1692 2522 1824 2588 tanquam

202 2590 275 2644 enim
289 2590 393 2645 facinus
407 2590 512 2662 insigne
526 2599 554 2645 ει
564 2591 747 2658 memorabile,
761 2591 875 2648 feliciter
885 2606 993 2666 gestum
1031 2593 1148 2659 femoree
1169 2602 1251 2666 atque
1272 2594 1394 2649 animum
1415 2595 1520 2666 pungit,
1534 2602 1562 2650 et
1580 2593 1716 2660 convellit,
1729 2604 1760 2650 et
1779 2596 1825 2652 de·

202 2675 229 2722 et
248 2677 441 2740 perpetratum,
456 2686 550 2725 omnes
568 2670 690 2726 hostium
710 2679 801 2727 motus
822 2673 993 2746 obrigescere
1030 2674 1130 2743 primit,
1139 2673 1208 2728 adeo
1217 2683 1247 2727 nt
1256 2673 1376 2729 actiones
1387 2682 1415 2729 et
1424 2674 1533 2729 decreta
1542 2675 1578 2729 ab
1588 2691 1622 2728 ea
1630 2674 1823 2744 impediantur,

201 2747 275 2814 facit,
290 2757 370 2820 atque
385 2748 602 2804 malevolentiam
615 2751 704 2820 ipsam
718 2752 856 2822 stupidum
869 2754 964 2811 reddit.
1030 2759 1058 2806 et
1080 2752 1238 2807 claudicent
1289 2752 1444 2814 Quinetiam
1467 2761 1613 2824 postquam
1635 2770 1774 2809 consensu
1798 2763 1825 2809 et

1031 2839 1152 2903 tempore
1170 2833 1329 2887 confirmata
1342 2841 1391 2898 est,
1405 2840 1434 2887 et
1445 2832 1474 2887 in
1487 2841 1562 2888 actua
1576 2833 1702 2903 erumpit,
1716 2841 1749 2888 ut
1765 2835 1823 2902 jnrn

202 2953 359 2994 musana
380 2955 509 2994 ranrrrm
523 2955 722 3005 pernoscerem,
739 2956 895 2998 sacnnnusr
909 2959 992 3000 eann-
1030 2928 1108 2981 q¹¹⁸⁸¹
1127 2927 1235 2968 meum
1253 2911 1437 2983 mmplevemt
1451 2919 1480 2968 θ*
1492 2912 1565 2968 “³¹²⁸
1583 2912 1665 2982 plne
1685 2922 1723 2969 ⁸¹²
1739 2921 1823 2986 mque

351 3035 436 3073 nom
456 3035 605 3084 mmm,
620 3034 652 3074 m
674 3036 842 3077 „omum
1029 2997 1100 3056 ueta,
1114 2993 1203 3062 primo
1215 3001 1306 3048 tamen
1319 2993 1358 3084 ad·
1366 3000 1473 3064 tempus
1485 2993 1645 3048 nonnullum
1665 2994 1738 3085 apud
1760 2993 1824 3050 Pro

1029 3071 1166 3141 serpinam
1189 3071 1326 3137 educatur,
1349 3071 1378 3125 rd
1400 3080 1450 3137 est,
1472 3071 1590 3127 latebras
1611 3082 1715 3142 quant,
1739 3083 1824 3146 atque

272 3155 316 3208 De
330 3158 488 3228 cupiditate,
503 3159 647 3212 secundum
653 3160 780 3232 fabulum
794 3159 921 3231 Dionysi.
1028 3149 1196 3205 chfldfflfinss
1209 3158 1259 3215 ²⁸12
1269 3159 1297 3205 et
1310 3151 1388 3221 quui
1401 3150 1591 3244 'ubtemfl‘ffi
1612 3152 1697 3206 ‘1⁰¹¹oe
1709 3155 1823 3245 {e-mffi‘

1028 3228 1139 3298 pudoris
1162 3236 1190 3284 et
1210 3236 1299 3285 metus
1322 3230 1424 3296 fraenis,
1448 3238 1475 3284 et
1503 3230 1604 3285 coalita
1628 3232 1753 3296 audacia,
1779 3244 1824 3288 aut

239 3297 361 3351 Narrant
375 3297 509 3352 Semelam
523 3297 599 3353 lovis
613 3299 746 3369 pellicem,
759 3308 903 3373 postquam
913 3304 990 3372 jura·
1027 3308 1823 3382 virtutisalicujusprretextumsumit,antiufamiamipaam

199 3384 291 3430 mento
301 3394 363 3431 eum
373 3376 523 3432 inviolabili
534 3378 569 3431 ad
577 3386 669 3433 votnm
678 3379 846 3435 indefinitum
856 3383 990 3439 obstrinx-
1027 3388 1183 3444 contemnit.
1231 3388 1321 3459 Atque
1348 3387 1417 3443 illud
1441 3389 1613 3445 verissimum
1639 3398 1688 3455 est,
1711 3407 1822 3446 omnem

198 3456 273 3519 isset,
287 3456 405 3526 petiisse,
419 3464 451 3510 ut
465 3456 500 3510 ad
514 3455 656 3527 amplexus
676 3475 739 3514 suos
758 3461 898 3515 accederet
918 3463 989 3527 talis,
1027 3467 1153 3522 affectum
1175 3467 1404 3522 vehementiorem
1430 3473 1560 3539 tanquam
1587 3470 1710 3541 ambigui
1739 3488 1823 3526 sexus

199 3533 287 3604 qualis
300 3553 362 3589 curn
382 3534 488 3590 lunone
502 3546 666 3591 consuesset.
710 3538 803 3611 ltaque
816 3539 915 3596 illaex
928 3558 991 3597 con·
1027 3561 1095 3602 esse.
1137 3546 1230 3601 Habet
1250 3547 1323 3602 enim
1344 3548 1475 3617 impetum
1494 3547 1609 3613 virilem,
1630 3549 1822 3619 impotentiam

197 3614 359 3684 flagratione
382 3615 471 3684 periit.
519 3615 611 3670 lufaus
636 3625 734 3682 autenn
757 3635 837 3688 quem
859 3619 889 3674 in
913 3627 990 3676 utero
1027 3632 1117 3680 autem
1130 3626 1299 3681 muliebrem.
1320 3625 1413 3680 Etiam
1426 3626 1496 3680 illud
1505 3627 1644 3697 praeclare,
1655 3629 1822 3687 “Bacchum

197 3693 329 3761 gestabat,
339 3711 357 3748 a
369 3702 447 3762 patre
461 3702 597 3763 exceptus,
608 3695 637 3749 in
647 3696 735 3751 femur
748 3699 807 3766 ejus
820 3698 926 3754 insutus
939 3709 988 3766 est,
1026 3712 1160 3760 mortuum
1170 3705 1332 3760 reviviscere
1341 3727 1349 3770 ;
1358 3705 1374 3732 ”
1396 3706 1521 3761 videntur
1530 3707 1603 3762 enim
1612 3709 1727 3763 affectus
1738 3727 1823 3781 quan

198 3771 283 3826 donec
301 3789 410 3828 menses
423 3773 500 3828 foetui
521 3773 669 3830 destinatos
691 3775 855 3845 compleret:
876 3795 912 3832 ex
934 3798 989 3850 quo
1026 3782 1115 3854 doque
1128 3784 1218 3854 sopiti,
1229 3792 1310 3855 atque
1320 3784 1449 3849 extincti3
1471 3785 1822 3845 utnumndesnabenda

198 3857 290 3905 tamen
309 3867 391 3906 onere
410 3851 518 3922 Jupiter
538 3851 645 3907 interim
666 3854 792 3909 nonnihil
811 3854 988 3913 claudicabat
1026 3870 1067 3916 est
1074 3863 1122 3926 eis,
1131 3880 1165 3916 ne
1173 3863 1287 3933 sepultis
1295 3864 1422 3934 quidem:
1437 3864 1571 3934 siquidem
1579 3867 1695 3937 prrebita
1704 3870 1821 3924 materia

198 3927 296 4000 ltaque
314 3947 389 4000 puer,
404 3931 477 4002 quod
494 3931 599 3996 lovem,
614 3932 678 3987 dnm
691 3935 721 3988 in
734 3934 837 3990 femore
852 3936 911 4005 ejus
924 3954 988 4007 por-
1026 3948 1054 3995 et
1066 3943 1207 3997 occasione
1220 3949 1372 4014 resurgunt.

197 4013 307 4073 teretur,
315 4018 442 4079 gravaret
449 4018 478 4065 et
486 4018 627 4082 pungeret,
639 4012 755 4082 Dionysi
765 4031 864 4069 nomen
874 4017 987 4087 accepit.
1064 4019 1107 4075 De
1120 4022 1277 4077 inventione
1290 4022 1354 4076 vitis
1370 4022 1500 4093 parabola
1519 4022 1638 4093 prudens
1652 4033 1711 4081 est:
1732 4028 1820 4082 omnis

197 4084 343 4157 Postquam
366 4095 458 4143 autern
480 4090 569 4145 editus
596 4100 677 4160 esset,
701 4093 774 4163 apud
796 4093 989 4165 Proserpinam
1026 4100 1099 4154 enim
1111 4101 1226 4156 affectus
1239 4101 1396 4173 ingeniosus
1408 4108 1450 4156 est
1471 4102 1617 4158 admodum
1630 4111 1658 4158 et
1676 4121 1775 4178 sagax,
1787 4107 1821 4160 ad

192 4180 247 4234 per
259 4164 362 4236 aliquot
374 4184 460 4222 annos
477 4170 593 4224 nutritus
613 4179 662 4225 est
702 4171 773 4227 Cum
794 4189 858 4227 vero
879 4174 988 4230 adultus
1025 4178 1246 4250 inuestigandum
1254 4197 1363 4252 eaquae
1373 4181 1464 4251 ipsum
1474 4180 1549 4236 alant
1558 4190 1586 4236 et
1597 4183 1717 4240 foveant.
1736 4185 1821 4258 Atqui

197 4251 276 4308 esset,
301 4262 347 4299 ore
370 4246 427 4301 fere
452 4247 578 4302 muliebri
602 4250 826 4321 conspiciebatur,
849 4261 880 4307 ut
904 4270 988 4310 sexus
1025 4266 1087 4312 ante
1102 4259 1274 4330 omniaque
1286 4260 1443 4315 hominibus
1453 4260 1603 4327 innotuere,
1612 4262 1821 4336 vinumadper·

197 4322 334 4377 videretur
356 4330 484 4396 tanquam
507 4328 639 4399 ambigui.
687 4328 780 4385 Etiam
802 4331 937 4386 extinctus
960 4343 989 4388 et
1021 4337 1190 4392 turbationes
1210 4338 1392 4409 cujuscunque
1416 4339 1524 4410 generis
1545 4341 1706 4398 excitandas
1728 4354 1758 4399 et
1778 4346 1820 4399 in·

196 4400 318 4470 sepultus
332 4404 466 4473 quondam
479 4415 537 4460 erat
550 4407 585 4461 ad
598 4416 712 4477 tempus,
726 4418 755 4464 et
767 4426 822 4464 non
843 4411 882 4465 itu
903 4411 989 4466 multo
1024 4415 1210 4482 dammandus,
1224 4416 1441 4487 potentissimum
1454 4426 1502 4484 est,
1516 4426 1543 4473 et
1560 4420 1681 4475 maxime
1701 4423 1820 4489 efficax;

196 4488 259 4550 post
271 4481 377 4536 revixit.
418 4486 507 4554 Atque
521 4485 610 4555 prima
628 4487 743 4556 juvente
763 4489 826 4543 vitis
844 4489 987 4557 culturam,
1025 4502 1106 4566 atque
1116 4502 1157 4550 est
1170 4496 1362 4566 cupiditatibus
1375 4498 1404 4552 iu
1417 4514 1517 4569 genere
1530 4499 1617 4554 instar
1630 4500 1734 4556 fomitis
1749 4521 1821 4558 cnm·

196 4566 279 4630 atque
289 4560 357 4614 adeo
365 4562 420 4615 vini
431 4562 626 4619 confectionem
636 4573 664 4621 et
673 4584 753 4622 usum
762 4569 865 4638 primus
874 4569 987 4636 invenit,
1023 4575 1122 4630 munis.
1162 4574 1374 4647 Elegantissime
1385 4584 1480 4631 autem
1500 4578 1611 4648 ponitur
1628 4580 1744 4635 atiecnrs
1763 4584 1820 4638 sive

197 4646 227 4691 et
256 4639 381 4704 edocuit;
413 4657 448 4694 ex
479 4659 533 4712 quo
556 4643 671 4700 celebris
694 4647 781 4702 factus
809 4656 837 4702 et
862 4648 987 4718 inclytus,
1024 4654 1167 4723 cupiditas,
1181 4654 1384 4725 provinciarum
1402 4656 1568 4727 subiugatos,
1588 4665 1618 4712 et
1633 4661 1820 4730 expeditionis

197 4717 290 4771 orbem
304 4726 435 4772 terrarum
449 4720 612 4791 subjugavit,
627 4731 654 4778 et
674 4725 710 4779 ad
730 4725 841 4781 ultimos
859 4727 988 4785 Indorum
1024 4731 1139 4788 infinitae
1152 4740 1310 4803 susceptor:
1330 4751 1469 4806 nunquam
1480 4737 1552 4790 enim
1563 4738 1651 4807 partis
1661 4741 1819 4811 acquiescit,

195 4797 326 4852 terminos
348 4798 475 4867 perrexit.
516 4800 603 4856 Curru
617 4810 708 4859 autern
718 4806 867 4861 vehebatur
881 4824 898 4859 a
912 4808 988 4878 tigri·
1024 4811 1073 4865 sed
1094 4813 1216 4883 appetitu
1237 4813 1353 4876 infinito,
1373 4831 1463 4886 neque
1483 4815 1611 4881 satiabili,
1631 4817 1668 4871 ad
1688 4818 1820 4876 ulteriora

196 4873 247 4930 bus
262 4883 363 4940 tracto;
384 4876 458 4930 circa
471 4880 883 4940 eumsubmlnbnntdoemones
896 4885 986 4941 defor·
1024 4890 1120 4955 tendit,
1134 4898 1162 4946 et
1174 4892 1252 4947 novis
1270 4909 1380 4963 semper
1397 4893 1495 4949 inhiat.
1536 4894 1628 4950 Etiam
1646 4898 1734 4968 tigres
1748 4900 1819 4970 apud

195 4971 262 5019 mes,
277 4951 372 5010 Cobali
384 4956 482 5022 vocati,
495 4957 611 5014 Acratus
624 4961 720 5018 etalii.
761 4963 832 5025 Quin
853 4974 881 5018 et
897 4964 987 5021 Mune
1024 4970 1137 5025 affectus
1151 4970 1293 5036 stabulant,
1307 4978 1336 5025 et
1352 4971 1507 5027 adcurrum
1528 4989 1621 5029 eorum
1640 4977 1759 5033 subinde
1773 4980 1818 5049 ju·

195 5034 337 5088 comitatui
351 5034 411 5102 ejus
424 5052 454 5090 se
465 5034 667 5108 adjungebant:
687 5058 801 5097 uxorem
822 5052 912 5099 autem
933 5045 987 5099 sibi
1024 5055 1132 5119 gantur.
1162 5049 1313 5120 Postquam
1326 5052 1401 5105 enim
1414 5051 1528 5106 affectus
1540 5053 1642 5109 curulis
1655 5073 1718 5111 esse
1731 5075 1819 5129 empe-

195 5113 311 5182 sumpsit
327 5113 481 5180 Ariadnem,
496 5132 513 5168 a
526 5115 634 5172 Theseo
654 5119 786 5175 desertam
807 5131 834 5176 et
855 5122 985 5179 relictam.
1024 5128 1067 5193 rit,
1081 5144 1137 5182 nnn
1157 5128 1297 5199 pedestris,
1312 5129 1360 5184 sed
1380 5131 1466 5185 victor
1486 5131 1607 5197 rationis,
1621 5142 1651 5189 et
1669 5139 1748 5206 qussi
1769 5137 1817 5192 tri-

195 5190 283 5245 Arbor
306 5192 332 5246 ei
355 5210 433 5248 sacra
455 5202 514 5249 erat
536 5195 646 5252 hedera.
688 5198 779 5254 Etiam
802 5218 939 5257 sacrorum
960 5212 988 5258 et
1022 5206 1169 5277 umphator
1187 5208 1275 5263 factus
1295 5208 1337 5274 sit,
1351 5209 1381 5263 in
1397 5226 1498 5273 omnes,
1518 5213 1565 5282 qui
1579 5213 1758 5271 adversantur
1771 5226 1818 5270 ant

195 5271 409 5327 ceremoniarum
422 5274 546 5328 inventor
554 5282 582 5330 et
591 5276 730 5332 institutor
739 5279 905 5336 habebatur:
927 5284 986 5351 ejus
1023 5301 1053 5339 se
1067 5293 1213 5356 opponunt,
1228 5287 1346 5342 crudelis
1367 5296 1417 5354 est,
1430 5299 1458 5345 et
1476 5289 1623 5347 indomitus
1643 5308 1677 5348 ac
1695 5295 1815 5350 immitis

196 5355 287 5403 tamen
311 5352 429 5420 generis,
453 5371 514 5423 quse
538 5362 566 5408 et
588 5355 713 5412 fanaticae
741 5366 824 5424 erant,
846 5370 874 5414 et
896 5361 986 5430 plenm
1023 5363 1153 5419 Facetum
1167 5374 1259 5420 autem
1273 5374 1322 5431 est,
1337 5368 1409 5438 quod
1423 5369 1499 5423 circa
1517 5386 1626 5425 currum
1639 5371 1744 5429 Bacchi
1757 5374 1818 5429 sub-

195 5428 416 5498 corruptelarum,
445 5442 526 5503 atque
553 5435 663 5507 insuper
689 5437 819 5493 crudeles.
870 5439 986 5497 Furores
1023 5444 1124 5498 saltant
1142 5442 1184 5498 illi
1203 5444 1339 5501 daemones
1359 5446 1494 5502 deformes
1513 5456 1542 5503 et
1559 5450 1679 5507 ridiculi.
1720 5453 1817 5509 Omnis
