3800 5875
73 334 127 390 bia
149 333 170 389 Ι.
581 332 634 388 ΒΕ
655 328 881 389 AUGMENTIS
903 334 1178 391 SClENTlARUM.
1632 336 1691 392 293

72 495 95 546 in
108 493 230 563 personis,
245 491 384 557 elucescit,
399 497 500 563 quanto
512 491 642 546 nimirum
662 492 782 547 seculum
805 493 853 547 ho·
889 493 1075 564 exemplorum
1087 494 1202 563 copiam,
1213 493 1247 546 ad
1258 492 1390 562 regendos
1400 499 1513 548 eventus
1526 493 1596 559 vita,
1607 498 1691 552 etiam

71 574 134 626 mine
144 571 276 648 objectam
288 573 419 643 grandim
429 580 479 626 est.
513 571 580 641 Ipsa
590 573 693 641 quippe
704 573 852 643 eademque
889 574 918 626 in
938 590 993 627 uno
1011 575 1130 628 homine.
1172 573 1247 626 Sicut
1261 572 1335 626 enim
1349 572 1485 626 interdum
1501 573 1530 625 tit
1552 583 1581 626 ut
1601 592 1688 645 nepos

71 663 185 722 tempora,
198 653 272 723 apud
294 653 447 723 AEgyptios,
461 650 597 720 Assyrios,
612 651 717 715 Persas,
733 650 851 715 Graecos,
889 651 933 706 vel
964 669 1109 723 pronepos,
1133 669 1214 705 avum
1239 652 1282 704 vel
1311 668 1442 721 proavum
1471 652 1561 722 magis
1582 654 1687 718 reserat,

71 732 256 802 Romanosque,
264 749 327 802 qua:
337 740 447 802 propter
457 729 584 785 bellicam
596 730 723 784 virtutem
732 732 851 785 maxime
890 748 972 802 quam
993 740 1113 802 patrem:
1138 732 1232 785 eodem
1254 731 1334 784 modo
1355 730 1430 784 haud
1451 747 1513 785 raro
1537 735 1635 797 evenit,
1658 744 1689 788 ut

71 811 234 875 celebrantur,
248 813 335 866 etiam
350 819 378 864 et
389 811 477 865 literis
490 809 637 880 plurimum
652 809 763 863 fuerunt
776 810 851 864 nobi·
889 811 999 881 negotia
1026 812 1171 881 prasentia
1195 811 1284 880 magis
1309 810 1441 880 quadrent
1468 827 1530 864 cunr
1550 813 1687 882 exemplis

70 891 149 954 btata;
170 892 238 945 adeo
257 899 288 946 ut
308 891 464 962 gradssimi
486 896 610 943 auctores
629 888 850 959 philosophique,
888 891 1090 955 vetustioribus,
1111 908 1192 960 quam
1215 908 1277 943 cum
1296 890 1502 944 recentioribus.
1544 891 1687 950 Postremo

71 977 93 1023 ct
103 969 238 1024 clarissimi
253 971 339 1024 duces
353 978 436 1040 atque
449 969 635 1039 imperatores,
650 968 745 1023 eodem
760 968 851 1022 seculo
890 971 971 1024 unius
984 970 1123 1040 ingenium
1138 978 1242 1023 tanturn
1256 970 1327 1023 cedit
1348 968 1520 1038 amplitudini
1534 969 1684 1036 literarum,

70 1051 179 1104 vixerint.
206 1051 269 1105 Nec
279 1067 347 1104 sane
356 1049 435 1103 aliter
444 1049 503 1103 fieri
515 1056 618 1117 potest:
634 1048 850 1118 quandoquidem
889 1058 1019 1118 quantum
1033 1050 1132 1118 privati
1147 1050 1249 1103 reditus
1263 1048 1368 1102 aerario.

69 1132 132 1182 utin
151 1129 262 1184 homine
283 1130 363 1201 rigor
383 1129 505 1198 corporis
525 1127 664 1198 animique
687 1128 769 1181 simul
793 1127 850 1183 iere
927 1128 1005 1188 Quod
1019 1129 1042 1182 si
1057 1129 1141 1193 detur,
1152 1129 1357 1199 depravationes
1365 1128 1427 1181 illas
1441 1133 1469 1182 et
1483 1128 1685 1198 impedimenta,

69 1218 242 1274 namrescunt,
257 1210 314 1263 nisi
331 1210 401 1279 quod
422 1208 470 1262 ille
493 1208 566 1261 bunc
579 1206 662 1277 paulo
683 1215 849 1271 antevertat:
888 1224 949 1277 quae
973 1225 990 1262 a
1013 1207 1132 1278 politicis
1154 1210 1322 1279 imputantur
1342 1206 1435 1271 literis,
1460 1207 1563 1279 aliquid
1585 1209 1685 1264 virium

69 1290 100 1340 sic
110 1291 136 1342 in
149 1287 351 1361 rebuspublicis
361 1288 488 1342 militaris
499 1286 586 1358 gloria
599 1287 760 1356 literataque
772 1287 850 1356 (qua-
889 1285 990 1341 habere
1005 1295 1032 1340 et
1046 1288 1184 1351 veritatis:
1207 1297 1328 1341 attamen
1341 1287 1425 1341 simul
1439 1288 1612 1350 monendum,
1627 1305 1685 1343 eru.

68 1384 116 1421 nrm
134 1368 180 1421 illa
200 1369 311 1438 corpori
334 1368 486 1438 respondet,
501 1367 561 1420 hac
574 1364 678 1434 animo)
692 1373 740 1420 aut
758 1382 850 1420 coaeva
887 1366 1052 1420 ditionemin
1061 1367 1249 1438 singuliaplos
1260 1367 1476 1437 remedii,quam
1487 1367 1562 1433 mali,
1572 1368 1681 1423 afferre.

67 1456 124 1510 sunt,
137 1456 182 1502 aut
195 1465 224 1502 se
238 1449 368 1518 proxime
383 1452 593 1518 consequuntur.
888 1445 955 1500 Esto
968 1448 1049 1509 enim,
1065 1445 1152 1500 litera
1165 1448 1246 1501 tacita
1260 1446 1377 1516 quadam
1391 1449 1417 1499 ri
1433 1447 1554 1500 animum
1569 1447 1684 1502 reddunt

98 1525 154 1581 lam
167 1546 239 1591 rero,
250 1527 436 1582 eruditionem
446 1525 565 1597 politicis
579 1523 775 1594 impedimento
789 1542 849 1580 esse
887 1525 1019 1579 incertum
1034 1535 1114 1596 atque
1128 1525 1307 1597 perplexum:
1329 1533 1359 1578 at
1377 1534 1450 1579 certe
1471 1525 1577 1596 liquido
1588 1527 1683 1595 praeci·

66 1606 238 1677 potiusquam
252 1606 421 1676 adjumento,
430 1607 470 1660 nil
483 1605 575 1659 minus
585 1604 735 1675 probabile.
771 1606 850 1659 Fate-
888 1606 966 1674 piunt
993 1607 1128 1675 quomodo
1159 1606 1339 1676 cogitationes
1364 1605 1420 1658 sint
1445 1605 1630 1674 expedienda,
1655 1614 1684 1660 et

66 1702 116 1739 mur
136 1704 235 1751 omnes,
262 1686 443 1741 temerarium
467 1684 597 1755 quiddam
621 1699 681 1737 esse
710 1685 848 1754 empiricis
888 1701 1027 1755 quousque
1042 1686 1077 1739 sit
1090 1685 1301 1749 deliberandum,
1316 1685 1423 1754 quando
1437 1684 1545 1738 demum
1564 1692 1682 1739 statuen-

66 1765 163 1822 medicis
185 1783 288 1837 corpus
307 1774 338 1820 et
359 1765 523 1820 valetudinis
544 1780 638 1818 curam
658 1764 780 1826 tradere:
802 1765 849 1834 qui
886 1764 969 1827 dum:
991 1765 1048 1818 imo
1066 1764 1217 1828 ostendunt,
1229 1764 1364 1835 quomodo
1384 1781 1428 1817 res
1449 1765 1557 1818 interim
1578 1765 1681 1835 absque

66 1844 140 1900 solent
158 1863 245 1918 pauca
268 1846 398 1917 quaedam
419 1844 625 1907 medicamenta,
650 1859 711 1912 quaa
735 1842 790 1897 illis
811 1844 849 1897 ri·
886 1843 1009 1912 periculo
1032 1844 1105 1898 trahi
1129 1845 1243 1914 possint,
1266 1852 1293 1898 et
1318 1842 1456 1913 suspendi.
1497 1843 1564 1898 Esto
1588 1845 1680 1907 etiam,

66 1923 146 1979 dentur
162 1926 342 1996 panchresta,
358 1924 505 1988 venditare,
525 1937 638 1993 quorum
658 1922 758 1976 fiducia
778 1923 850 1977 nihil
887 1924 993 1977 animos
1012 1924 1134 1977 efficiunt
1154 1925 1243 1994 magis
1263 1923 1425 1993 pertinaces,
1441 1931 1469 1977 et
1490 1923 1631 1986 difficiles:
1653 1932 1681 1977 at

65 2006 211 2060 nonaudent
220 2012 346 2060 tentare:
366 2022 427 2058 cum
436 2011 527 2057 tamen
538 2019 626 2073 neque
638 2019 734 2056 causas
745 2003 849 2056 morbo
886 2002 966 2056 simul
980 2004 1084 2066 docent,
1099 2020 1160 2073 qna:
1178 2021 1222 2057 res
1241 2003 1521 2066 demonstrationibus,
1537 2019 1598 2072 quae
1619 2019 1681 2057 con-

65 2099 211 2156 rumneqoe
225 2093 396 2157 :egrotorum
406 2083 623 2152 habitus,neque
637 2090 848 2151 symptomatum
883 2083 995 2149 jecturis
1016 2083 1180 2148 innituntur:
1209 2099 1297 2153 neque
1318 2083 1408 2135 minus
1429 2082 1630 2136 distinctionum
1652 2092 1681 2137 et

64 2164 176 2232 lancula,
190 2181 282 2235 neque
300 2181 396 2219 reram
414 2161 528 2217 sanandi
549 2160 705 2215 methodum
720 2161 846 2215 calleant.
886 2163 1079 2232 exceptionum
1092 2179 1180 2228 usum,
1196 2179 1276 2233 quam
1290 2178 1424 2216 canonum
1438 2171 1467 2216 et
1484 2162 1680 2232 principiorum

64 2241 178 2299 l’idemus
190 2245 299 2315 pariter
319 2260 411 2299 errare
432 2259 487 2305 eos,
503 2242 549 2312 qui
568 2240 603 2294 ad
623 2257 720 2295 causas
739 2249 768 2295 et
785 2240 848 2295 lites
886 2242 1073 2306 constantiam,
1089 2250 1248 2311 proponunt.
1289 2241 1357 2295 Esto
1377 2259 1478 2305 rursus,
1498 2241 1632 2296 seducunt
1653 2251 1680 2296 et

65 2338 117 2375 roas
136 2324 324 2394 expediendas
349 2322 481 2377 adhibent
502 2320 646 2391 leguleius,
670 2320 699 2374 in
729 2320 848 2390 practica
886 2320 1047 2391 detorquent
1067 2322 1173 2374 animos
1194 2321 1381 2391 exemplorum
1395 2321 1438 2374 vel
1459 2321 1613 2390 imparitate
1634 2322 1680 2375 rel

65 2403 145 2469 potius,
159 2421 240 2475 quam
251 2405 283 2457 in
297 2402 379 2457 libris
389 2402 459 2472 juris
472 2408 599 2465 versatos,
611 2400 708 2472 quibus
722 2416 753 2454 os
766 2400 847 2455 facile
885 2400 1122 2465 dissimilitudine:
1150 2401 1257 2464 nescio:
1286 2400 1333 2453 sed
1359 2401 1427 2454 satis
1450 2401 1522 2466 nori,
1542 2418 1597 2464 eas,
1622 2408 1679 2456 tam

66 2479 183 2546 oblinitur,
198 2485 221 2537 si
236 2483 306 2554 quid
322 2499 432 2546 norum,
446 2489 493 2536 aut
506 2488 586 2535 extra
599 2471 777 2550 experientia
791 2497 848 2534 suta
885 2480 1148 2534 circumstantiarum
1173 2480 1315 2542 efficacias,
1338 2497 1419 2549 quam
1446 2479 1680 2550 comparationum

65 2559 133 2615 rades
148 2563 224 2617 tn'tos
238 2569 385 2617 occurrat:
406 2559 586 2616 consimiliter
605 2576 661 2614 non
682 2567 772 2629 potest
792 2576 847 2614 non
886 2576 998 2623 errores,
1010 2567 1039 2614 et
1052 2559 1263 2630 applicationum
1278 2560 1423 2624 cautiones,
1439 2558 1589 2629 explicare:
1610 2560 1680 2613 adeo

65 2642 724 2713 essepericulosissimum‚quotiessummarerum
739 2640 848 2710 empiri·
887 2648 916 2693 ut
943 2639 972 2692 in
997 2640 1153 2694 universum
1182 2640 1271 2709 magis
1297 2639 1435 2708 corrigant
1460 2639 1574 2702 animos,
1597 2656 1679 2709 quam

64 2719 96 2771 cis
111 2721 268 2776 consiliariis
289 2721 431 2792 praecipue
450 2721 604 2775 mandatur.
645 2719 785 2782 licontra,
800 2719 848 2773 vix
885 2726 1065 2788 corrumpant.
1110 2719 1178 2772 Hac
1193 2728 1282 2773 autem
1302 2718 1424 2772 remedia
1443 2719 1680 2773 insinuantundc·

64 2801 200 2870 exemplum
221 2801 326 2856 adduci
347 2801 433 2872 possit
454 2798 612 2870 reipublice
633 2797 781 2852 infeliciter
802 2798 847 2852 ad·
886 2814 992 2869 quaque
1011 2798 1106 2862 litera,
1121 2814 1222 2868 magna
1235 2798 1269 2861 ri,
1285 2804 1312 2851 et
1331 2798 1463 2851 varietate
1482 2795 1678 2867 exemplorum.

65 2879 212 2946 ministrata,
237 2882 274 2935 nd
300 2880 413 2935 clavum
440 2879 598 2934 sedentibus
627 2878 693 2932 viris
723 2878 845 2932 eruditis.
885 2878 1040 2949 Perpendat
1053 2879 1113 2949 quia
1131 2894 1237 2931 errores
1257 2876 1407 2931 Clementis
1426 2878 1576 2948 septimis
1598 2877 1680 2931 Guio-

64 2957 173 3018 Quarnris
184 2963 261 3017 enim
284 2963 318 3016 in
337 2977 413 3016 more
427 2961 463 3015 sit
475 2959 605 3031 politicis,
620 2959 743 3013 literatos
766 2959 847 3028 peda-
885 2958 1015 3021 ciardino,
1027 2960 1073 3029 qui
1089 2961 1115 3013 ei
1129 2957 1180 3012 toi:
1192 2958 1269 3028 quasi
1280 2957 1451 3022 domesticus,
1463 2966 1516 3011 tam
1527 2957 1679 3012 luculenter

64 3053 157 3095 aeorum
177 3044 291 3097 nomine
314 3040 442 3105 elevare:
469 3040 585 3093 historia
605 3046 704 3102 umen,
725 3039 846 3093 veritatis
884 3039 1023 3109 depictos:
1045 3047 1092 3091 aut
1104 3037 1292 3091 vacillationes
1306 3038 1454 3101 Ciceronis,
1465 3039 1494 3090 in
1508 3036 1629 3107 epistolis
1643 3038 1678 3091 ad

64 3120 219 3191 nagidmin
230 3121 364 3193 plurimis
375 3121 456 3174 iidem
467 3120 541 3182 iacit,
550 3117 699 3189 pupillares
708 3118 846 3188 principes
885 3119 1012 3181 Atticum,
1028 3135 1110 3172 manu
1124 3117 1234 3187 propria
1248 3117 1283 3170 ad
1300 3118 1392 3171 risum
1411 3126 1545 3180 resectas:
1567 3117 1679 3170 omnino

64 3197 238 3273 addbslonge
253 3201 419 3272 praestitisse
434 3202 500 3267 (ιιοιι
511 3200 634 3253 obstante
645 3198 734 3251 :etatis
745 3199 846 3252 incom-
884 3198 1095 3251 inconstantiam
1118 3207 1145 3251 et
1169 3197 1277 3251 crebras
1307 3195 1481 3251 consiliorum
1511 3197 1678 3251 mutationes

64 3278 139 3346 nodo)
149 3298 182 3333 ea
195 3281 257 3352 ipsa
268 3282 303 3336 de
316 3297 408 3345 causa,
420 3296 501 3349 quam
512 3278 616 3348 politici
626 3276 762 3348 sugillant,
775 3278 846 3347 quod
884 3278 996 3332 vitabit:
1026 3278 1154 3348 inspiciat
1177 3293 1281 3330 errores
1305 3277 1453 3330 Phocionis
1460 3298 1467 3341 ;
1497 3276 1678 3347 pervicaciam

64 3357 225 3415 scilicettunc
248 3360 386 3431 temporis
407 3376 424 3413 a
445 3358 604 3429 paedagogis
629 3357 846 3413 administratum
885 3356 1060 3412 exhorrebit:
1083 3356 1203 3415 tabulam
1217 3356 1323 3410 Ixionis
1336 3355 1427 3427 legat:
1450 3362 1479 3408 et
1491 3356 1590 3410 nimias
1605 3372 1676 3425 spes,

22 3500 23 3507 ,
64 3437 91 3488 sit
106 3438 253 3508 imperinm.
302 3440 374 3501 Quis
394 3440 511 3510 ignorat,
526 3454 576 3508 per
594 3437 765 3492 decantatum
778 3436 847 3491 illud
884 3446 912 3490 et
924 3437 1082 3505 hujusmodi
1094 3437 1190 3498 fumos,
1205 3454 1236 3489 ac
1249 3436 1362 3490 nebulas
1376 3436 1521 3506 dispoliet:
1542 3436 1678 3490 intueatur

64 3518 260 3589 quinquennium
284 3519 418 3583 Neronis,
432 3535 499 3573 onus
521 3534 612 3573 rerum
629 3517 785 3571 incubuisse
800 3516 846 3570 Se·
885 3517 1017 3571 Catonem
1043 3517 1208 3579 secundum:
1236 3532 1326 3586 neque
1350 3533 1468 3585 unquam
1490 3516 1618 3585 migrabit
1642 3515 1677 3569 ad

63 3609 121 3649 bern
140 3600 317 3671 padagogo?
340 3598 412 3660 Quin
426 3606 452 3652 et
467 3596 620 3652 Gordianus
638 3595 731 3665 junior
751 3597 846 3650 decen·
884 3597 1034 3666 antipodas,
1046 3604 1073 3651 et
1081 3596 1219 3650 contraria
1232 3596 1360 3665 prasenti
1372 3596 1463 3649 seculo
1474 3595 1590 3665 vestigia
1601 3595 1676 3665 liget

64 3674 122 3729 aium
135 3678 222 3733 laudis
236 3678 378 3734 Misitheo
391 3677 542 3748 paedagogo
553 3677 654 3731 debuit.
695 3677 795 3746 Neque
805 3676 846 3729 in·
922 3676 939 3729 J
942 3693 986 3729 arn
1002 3676 1048 3746 qui
1058 3682 1156 3746 putant
1162 3675 1255 3729 literas
1263 3675 1374 3729 desidia:
1386 3676 1486 3730 amicas
1497 3692 1564 3737 esse,
1575 3675 1677 3745 otiique

64 3752 153 3811 felicius
173 3759 324 3829 imperium
348 3758 434 3828 gessit
455 3756 572 3812 Severus
594 3755 758 3819 Alexander,
781 3756 846 3810 dum
885 3763 913 3809 et
926 3772 1051 3811 secessus
1071 3756 1213 3810 dulcedine
1233 3756 1395 3825 perfundere
1415 3757 1549 3818 animum:
1577 3755 1676 3809 mirum

65 3834 203 3892 minoriuit:
220 3856 277 3910 quo
286 3847 413 3907 tempore
424 3837 512 3890 omnia
521 3836 701 3907 procurabant
710 3835 845 3900 mulieres,
884 3837 1058 3906 praestabunt,
1072 3837 1104 3901 si,
1120 3853 1181 3907 qum
1196 3835 1378 3889 assuefaciunt
1399 3845 1515 3889 mentem
1537 3842 1678 3905 perpetum

65 3912 468 3989 stacamliopraecepromm.
491 3916 743 3970 lmoconvertamus
753 3915 846 3969 oculos
883 3916 1034 3985 agitationi,
1046 3916 1177 3970 socordiae
1191 3923 1320 3985 patronas
1330 3916 1489 3970 ostendant:
1510 3924 1678 3970 cumcontra

65 3992 91 4043 ad
106 3998 219 4065 regimen
245 3997 430 4069 pontificium,
450 4012 482 4050 ac
505 3996 665 4050 nominatim
687 3994 731 4048 Pii
752 3994 844 4056 Quinti
884 4013 945 4049 vere
961 3997 1088 4050 affirmari
1104 3996 1199 4066 possit,
1214 3995 1286 4048 inter
1299 3996 1392 4048 omnia
1412 3995 1553 4049 hominum
1577 4011 1679 4065 genera

66 4070 98 4123 tel
114 4073 177 4129 Sirti
198 4076 306 4141 Quinti,
321 4083 416 4130 nostro
437 4075 535 4140 seculo,
552 4077 598 4146 qui
617 4076 669 4129 sub
687 4074 774 4128 initiis
788 4076 845 4129 suis
883 4075 989 4130 nullum
1002 4076 1114 4147 negotia
1127 4092 1219 4128 amare
1233 4083 1344 4145 propter
1364 4075 1425 4145 ipsa
1445 4076 1564 4145 negotia,
1580 4082 1678 4144 praeter

65 4147 135 4206 babiti
150 4166 209 4210 sunt
227 4174 280 4227 pro
296 4155 451 4210 fraterculis
465 4173 555 4210 rerum
570 4154 720 4226 imperitis:
745 4155 845 4225 reperi-
883 4154 1028 4209 literatum.
1070 4156 1126 4209 Alii
1140 4155 1213 4209 enim
1228 4171 1271 4208 res
1285 4162 1313 4208 et
1325 4156 1437 4225 negotia
1454 4155 1573 4226 diligunt
1593 4172 1678 4225 quaes·

66 4244 173 4302 tutusque
181 4247 242 4289 acta
251 4252 390 4306 paparum
402 4235 459 4302 ejus
470 4236 579 4306 generis
589 4235 678 4306 magis
688 4251 748 4289 esse
758 4234 844 4289 solere
883 4244 927 4289 tus
946 4236 1043 4306 gratia,
1058 4244 1087 4289 ut
1101 4234 1261 4288 conductitii
1283 4251 1351 4304 opus
1372 4244 1484 4306 propter
1506 4235 1676 4290 mercedem:

65 4314 238 4380 memorabilia,
253 4332 341 4386 quam
355 4330 455 4378 eorum,
471 4316 519 4385 qui
538 4315 568 4368 in
587 4314 708 4385 negotiis
721 4314 845 4370 civilibus
883 4315 931 4369 alii
944 4314 1058 4369 honoris
1070 4332 1151 4385 ergo:
1173 4314 1273 4368 etenim
1288 4314 1351 4368 durn
1366 4332 1410 4369 res
1425 4324 1531 4386 gerunt,
1544 4316 1637 4369 vivum
1649 4315 1678 4369 in

67 4392 238 4463 tipdncipum
258 4395 333 4449 aulis
348 4395 459 4448 enutriti
474 4394 509 4448 ad
522 4403 653 4465 papatum
666 4394 844 4449 ascenderint.
883 4395 970 4449 oculis
994 4394 1144 4457 hominum,
1168 4394 1419 4465 existimationique
1441 4412 1498 4449 suaa
1521 4396 1677 4458 inserviunt,

68 4464 175 4526 Quavis
189 4475 272 4539 enim,
289 4474 340 4546 qui
359 4474 387 4528 in
408 4472 494 4528 literis
507 4476 590 4528 vitam
604 4473 723 4529 maxime
738 4474 846 4528 tradux·
883 4473 986 4544 alioqui
995 4475 1159 4528 evaniturm:
1181 4472 1229 4527 alii
1237 4483 1348 4544 propter
1357 4477 1514 4544 potentiam,
1525 4483 1553 4528 et
1563 4475 1678 4528 fortuna:

66 4554 227 4607 crontminus
249 4554 367 4608 solertes
387 4553 442 4608 sint
464 4563 545 4624 atque
566 4553 708 4609 versatiles
727 4554 755 4608 in
770 4570 846 4607 occa-
883 4555 1099 4625 praerogativam,
1107 4562 1135 4607 ut
1143 4554 1245 4607 amicos
1256 4571 1437 4618 remunerare,
1449 4556 1574 4609 inimicos
1582 4554 1678 4609 ulcisci

66 4625 168 4684 tionibus
186 4633 359 4702 prensandis,
382 4641 461 4703 atque
485 4633 723 4688 accommodandis
745 4633 844 4698 rebus:
882 4635 1005 4704 possint:
1030 4622 1083 4687 ‘alii
1107 4642 1137 4688 ut
1161 4633 1318 4688 facultatem
1341 4633 1460 4705 aliquam
1485 4652 1571 4698 suam,
1596 4651 1678 4705 quam

66 4720 110 4774 quo
127 4720 247 4780 spectant
270 4730 314 4777 ea,
331 4729 393 4784 quas
406 4713 442 4767 ab
457 4713 534 4768 Italis
549 4714 662 4784 regioni
675 4713 706 4767 di
722 4722 795 4767 stato
807 4713 846 4767 di·
883 4716 1019 4775 adamant,
1031 4720 1183 4776 exerceant,
1194 4730 1226 4766 ac
1240 4714 1293 4767 sibi
1306 4715 1374 4784 ipsis
1388 4716 1440 4768 hoc
1454 4716 1563 4769 nomine
1578 4714 1678 4783 saepius

66 4795 154 4853 cuntur,
176 4808 292 4861 quorum
314 4809 414 4847 nomen
440 4793 531 4862 ipsum
555 4800 694 4847 aversatus
716 4800 758 4849 est
779 4792 845 4847 Pius
883 4791 1060 4863 gratulentur,
1076 4802 1103 4846 et
1116 4794 1269 4847 arrideant:
1291 4793 1338 4847 alii
1352 4795 1469 4866 denique
1490 4804 1519 4849 ut
1533 4795 1600 4849 alios
1615 4810 1678 4847 suos

67 4862 171 4933 Quintus,
183 4871 282 4925 solitus
293 4872 400 4937 dicere:
422 4873 512 4927 “Esse
527 4890 602 4927 mera
615 4872 749 4927 malorum
759 4872 846 4927 homi·
883 4875 951 4928 fines
965 4881 1176 4942 consequantur.
1220 4871 1297 4927 Adeo
1311 4882 1347 4939 ut,
1359 4875 1430 4945 quod
1444 4875 1477 4928 de
1489 4874 1614 4944 gloriosis
1624 4873 1678 4926 dici

66 4958 119 4998 num
144 4959 307 5014 commenta,
338 4968 399 5022 quaa
428 4959 630 5023 opponerentur
656 4952 792 5024 religioni,
817 4961 846 5007 et
883 4954 959 5015 solet,
975 4968 1066 5005 eorum
1081 4952 1265 5007 fortitudinem
1287 4954 1366 5007 sitam
1381 4972 1440 5009 esse
1455 4955 1484 5008 in
1499 4953 1679 5023 spectantium

66 5022 189 5082 rimatus
202 5031 393 5097 moralibus;’'
414 5031 442 5085 in
457 5049 490 5086 eo
503 5042 594 5087 tamen
609 5032 715 5087 abunde
730 5033 761 5085 fit
774 5049 845 5086 com·
883 5032 977 5097 oculis,
992 5031 1032 5085 sic
1050 5030 1204 5099 hujusmodi
1228 5033 1370 5088 hominurn
1383 5034 1525 5104 diligentia
1538 5040 1566 5086 et
1578 5038 1679 5086 strenu-

66 5107 180 5189 ptmttio,
195 5112 268 5180 quod
283 5126 334 5180 per
347 5118 434 5166 tutum
446 5111 610 5184 planumque
631 5113 682 5166 iter
696 5111 844 5183 religionis,
882 5114 936 5167 itas
956 5111 1009 5165 hoc
1024 5111 1131 5165 ridetur
1145 5129 1235 5182 agere,
1250 5121 1297 5166 aut
1315 5121 1346 5166 ut
1366 5113 1413 5167 alii
1428 5113 1566 5184 plaudant,
1581 5117 1628 5165 aut
1648 5120 1679 5165 ut

65 5184 169 5250 imilla,
183 5188 346 5254 honestatis,
361 5191 542 5263 virtutumque
560 5191 704 5246 moralium
718 5201 845 5262 prompte
882 5191 935 5263 ipsi
950 5191 1025 5245 intra
1038 5208 1067 5245 se
1082 5193 1211 5261 gestiant.
1253 5192 1310 5247 Soli
1324 5193 1424 5247 literati
1438 5192 1555 5261 negotiis
1565 5198 1593 5245 et
1602 5206 1680 5245 occu·

67 5268 135 5331 itque
147 5268 273 5337 expedite
284 5270 431 5324 incedant:
452 5288 533 5341 quam
546 5273 618 5326 viam
634 5273 679 5343 qui
690 5280 847 5326 constanter
884 5270 1043 5341 potionibus
1066 5271 1240 5336 delectantur,
1256 5280 1384 5342 tanquam
1405 5271 1555 5325 actionibus
1576 5278 1680 5325 natura

68 5344 259 5409 bunenntillis
270 5349 365 5403 alteris
377 5351 502 5405 remediis
512 5369 566 5404 non
577 5353 665 5423 magis
676 5352 845 5422 indigebunt,
883 5351 1084 5415 consentaneis,
1098 5360 1125 5405 et
1141 5368 1197 5405 non
1216 5353 1307 5408 minus
1322 5351 1472 5406 salubribus
1485 5350 1583 5414 animo,
1598 5367 1681 5421 quam

70 5436 138 5507 ‘m
157 5442 253 5497 corpus
274 5444 372 5484 sanum
385 5430 525 5485 medicina.
568 5431 654 5486 Porro
675 5440 767 5485 autem
789 5448 847 5484 cur·
884 5430 1044 5486 exercitatio
1055 5440 1096 5484 est
1105 5433 1312 5502 corpori,ipsam
1321 5446 1448 5494 rem,non
1458 5429 1680 5495 emolumentum,

70 5500 169 5558 oculum
184 5506 246 5560 ritae
260 5508 291 5562 iu
304 5524 358 5564 uno
370 5509 480 5565 homine
496 5511 668 5583 suppeditare
682 5527 735 5565 non
758 5516 848 5582 potest
884 5511 1035 5566 intuentes:
1057 5511 1096 5565 ita
1109 5518 1140 5566 ut
1153 5513 1281 5570 omnium·
1290 5512 1403 5565 minime
1415 5509 1471 5564 siut
1481 5509 1680 5583 defatigabiles,
