3800 5875
258 279 317 333 418
772 280 823 333 DE
845 279 1069 335 subuaudis
1091 276 1364 334 selanitarum.
1707 273 1764 329 Lis
1776 271 1840 329 Vnt.

258 438 340 492 totius
359 437 423 491 belli
450 438 557 492 fortuna
584 438 727 491 commissa
748 444 797 491 est.
841 435 910 491 illud
932 438 1044 491 minime
1083 436 1169 500 nobis,
1183 434 1305 489 instituto
1313 439 1405 490 nostro
1420 432 1583 503 fidis,neqoe
1597 431 1702 502 uspiam
1715 431 1746 486 de
1758 433 1796 485 vin
1807 433 1841 487 de·

257 518 377 578 dubium,
388 518 459 587 quod
480 518 525 587 qui
547 518 629 571 maris
641 517 741 586 potitur
754 516 882 577 dominio,
903 516 931 568 in
945 532 1045 586 magna
1083 514 1247 569 elinantibus
1257 512 1486 584 (quandoquidem
1500 510 1674 580 amplificatio
1686 511 1786 580 imperii
1798 512 1841 565 ine

258 595 382 649 libertate
396 597 461 665 agit,
475 604 625 657 attentum,
640 605 769 665 quantum
783 594 854 657 velit,
869 595 901 648 de
916 593 988 647 bello
1000 611 1045 648 su·
1083 595 1118 647 rit
1132 595 1202 648 inter
1215 592 1304 646 officia
1324 592 1377 645 tria
1396 590 1521 665 politices
1534 589 1657 656 tertium)
1672 588 1737 642 illud
1755 591 1843 644 omnino

258 691 332 728 mere
347 684 449 744 potest:
470 674 517 728 ubi
534 684 635 738 contra,
657 675 701 743 qui
716 674 884 728 terrestribus
903 673 989 742 copiis
1003 683 1045 726 est
1084 672 1283 742 praetermittere
1292 688 1347 726 non
1359 669 1472 725 licuerit.
1514 669 1609 722 Restat
1619 669 1676 736 jann
1690 668 1842 723 desideratum

259 753 389 822 superior,
403 752 852 823 nihilominusplurimisangustiis
865 753 1042 806 conflictatur.
1083 752 1196 806 alterum
1211 767 1246 805 ex
1259 749 1302 813 iis,
1316 767 1377 820 quae
1399 748 1545 819 posuimus,
1558 746 1670 809 duobus,
1688 747 1842 811 nimirnmda

260 832 296 885 At
309 832 397 896 hodic,
412 842 491 901 atque
504 832 576 902 apud
589 848 638 884 nos
653 831 806 900 Europaeos,
820 832 843 884 si
858 847 985 901 unquam,
999 837 1045 883 aut
1079 830 1186 898 justitia
1198 828 1353 893 universali,
1368 828 1424 883 sire
1436 828 1469 881 de
1485 827 1603 881 fontibus
1614 825 1694 893 juris.

258 911 372 979 uspiam,
397 910 515 981 potentia
536 909 640 963 navalis
661 914 735 979 (quoe
750 910 858 980 quidem
877 909 942 964 huic
962 925 1045 979 regno
1123 910 1175 970 Qui
1194 909 1227 961 dc
1247 907 1353 978 legibue
1373 908 1544 979 scripserunt,
1558 920 1662 968 omnes,
1675 903 1717 957 rel
1738 912 1843 975 tanquan

259 989 415 1043 Brittannia
429 990 458 1043 in
468 990 556 1043 dotem
569 989 663 1055 cessit)
674 990 772 1042 summi
786 989 821 1041 ad
833 1005 922 1042 rerum
936 988 1044 1057 imtigin
1083 987 1248 1058 philosophi,
1262 986 1306 1041 sel
1320 994 1449 1057 tanquam
1468 982 1663 1053 jurisconsulti,
1684 992 1842 1054 argumentum

259 1069 387 1121 momenti
402 1078 455 1131 est;
476 1075 532 1121 tum
546 1069 611 1138 quin
624 1067 753 1138 pleraque
762 1068 880 1136 Europae
889 1084 975 1137 regna
986 1082 1044 1120 me·
1083 1066 1150 1121 illud
1177 1074 1362 1120 tractaverunt.
1415 1065 1505 1136 Atque
1531 1061 1691 1133 philosophi
1716 1074 1843 1132 proponunt

259 1147 409 1200 diterranea
422 1147 581 1217 simpliciter
591 1163 644 1199 non
655 1155 724 1209 sunt,
735 1148 782 1200 sed
793 1147 912 1199 maxima
922 1163 957 1199 ex
968 1148 1044 1215 prirte
1082 1146 1174 1210 multa,
1189 1143 1398 1216 dictnpulcbra,
1409 1143 1457 1198 sed
1470 1143 1506 1197 ab
1519 1159 1570 1196 usu
1583 1130 1695 1196 remota.
1733 1140 1843 1195 iuriscon-

258 1225 327 1278 mari
340 1226 442 1287 cincta;
464 1234 519 1279 tum
534 1226 625 1287 etiarn,
640 1226 703 1294 quia
724 1226 861 1295 utriusque
883 1225 967 1278 ludim
985 1223 1045 1278 the·
1083 1224 1146 1280 sulti
1167 1233 1264 1287 autem,
1279 1240 1335 1278 suoe
1355 1224 1469 1294 quisque
1490 1222 1587 1292 patrina
1607 1219 1706 1290 legum,
1720 1220 1760 1273 rel
1779 1220 1841 1275 enm

258 1304 330 1357 sauri
342 1311 369 1357 et
383 1321 448 1374 opes
462 1305 576 1374 irnperio
590 1305 672 1357 maris
686 1304 769 1358 veluti
782 1304 960 1358 accessorium
970 1303 1044 1373 quid·
1083 1304 1277 1361 Romanarum.
1292 1311 1339 1356 aut
1359 1301 1571 1364 Pontificinrum,
1594 1299 1702 1370 placitis
1719 1299 1812 1353 obnoxii
1822 1310 1841 1353 et

259 1382 320 1436 dam
334 1383 460 1436 existunt.
1082 1383 1188 1446 addicti,
1206 1382 1310 1450 judicio
1324 1381 1429 1435 siccem
1442 1396 1496 1434 non
1510 1386 1632 1443 amantur,
1647 1379 1694 1432 sed
1713 1386 1840 1448 tanqnaue

302 1461 344 1515 10.
366 1461 442 1514 Bella
455 1461 589 1523 moderna,
604 1460 684 1514 saluti
705 1462 732 1515 in
752 1461 869 1515 tenebris
883 1469 967 1531 gesta,
984 1477 1045 1513 cen·
1081 1460 1427 1517 vinculissermocinantur.
1468 1457 1840 1528 Certecognitioistandriru

258 1541 311 1595 seri
325 1548 446 1610 possunt,
462 1557 517 1611 pras
528 1540 614 1609 gioria
627 1549 654 1593 et
667 1540 761 1594 decore
776 1541 858 1601 ramo,
873 1557 933 1610 quoe
952 1541 980 1592 in
994 1538 1044 1592 ho·
1081 1540 1174 1595 civiles
1187 1540 1293 1610 proprie
1308 1546 1429 1608 spectat3
1450 1537 1497 1608 qui
1517 1538 1620 1608 optime
1634 1544 1736 1600 nonant,
1749 1535 1802 1606 quid
1813 1537 1840 1589 le·

258 1619 345 1673 mines
358 1618 496 1683 militares,
511 1619 607 1689 priscis
621 1619 793 1688 temporibus,
808 1635 824 1671 a
841 1619 922 1673 rebus
939 1616 1044 1671 bellicis
1082 1626 1124 1673 rat
1134 1619 1248 1674 societas
1262 1618 1388 1681 hnmana,
1398 1617 1462 1689 quid
1475 1615 1549 1671 salus
1563 1616 1667 1686 populi,
1681 1614 1741 1685 quid
1752 1616 1840 1684 aequitas

258 1698 362 1751 resilire
378 1698 507 1752 solebant.
550 1698 690 1752 Habemus
703 1697 792 1762 hodie,
807 1698 918 1752 fumasse
937 1697 972 1750 ad
989 1697 1044 1750 ani-
1081 1698 1218 1763 naturalis,
1238 1698 1303 1768 quid
1317 1697 1439 1767 gentium
1454 1711 1551 1757 mores,
1572 1695 1639 1766 quid
1660 1693 1840 1764 rerumpublica-

258 1793 317 1830 mos
331 1777 474 1839 iaciendos,
494 1777 600 1830 ordines
615 1776 744 1847 quosdam
757 1776 917 1830 honorificos
931 1776 1043 1840 militiae,
1081 1794 1141 1832 rum
1155 1777 1248 1832 forma
1262 1777 1392 1831 diversas:
1412 1775 1527 1845 ideoque
1540 1774 1648 1844 possint
1660 1775 1693 1827 de
1706 1772 1804 1844 legibus,
1814 1790 1839 1826 er

259 1855 305 1925 qui
316 1863 405 1909 tamen
416 1857 474 1922 jam
484 1854 548 1908 theti
562 1865 623 1908 sunt
634 1864 660 1908 et
669 1855 751 1908 armis
762 1864 789 1909 et
800 1863 871 1925 togoe
880 1871 1043 1910 communes.
1081 1856 1223 1927 principiis
1233 1863 1262 1910 at
1271 1854 1420 1925 praeceptis,
1429 1861 1484 1908 tam
1495 1853 1839 1924 mqnitatisnatnraliaqurn

258 1934 349 1989 Etiam
362 1934 392 1988 in
404 1934 487 1988 scutis
501 1933 643 2003 gentilitiis
658 1942 799 1988 stemmata
815 1933 945 1987 nonnulla
958 1932 1043 1987 habe·
1082 1935 1212 2005 politices,
1237 1936 1390 1990 decernere.
1431 1933 1614 1995 Quamobrem
1638 1931 1666 1985 id
1684 1948 1750 1985 nunc
1761 1938 1838 2001 agatur,

259 2029 334 2066 mus:
359 2012 469 2081 insuper
490 2011 608 2082 hospitia
631 2013 753 2083 quadam
773 2012 889 2083 publica,
914 2011 1044 2066 militibus
1082 2021 1112 2068 ut
1126 2014 1212 2068 fontes
1223 2013 1336 2082 justitiae
1346 2021 1374 2066 et
1386 2012 1510 2066 utilitatis
1523 2010 1644 2081 publicas
1657 2019 1777 2080 petantur,
1788 2011 1838 2063 etin

259 2091 379 2144 emeritis
393 2100 421 2145 et
442 2090 571 2144 mutilatis
588 2091 727 2153 destinata,
742 2099 769 2145 et
788 2090 951 2159 hujusmodi.
992 2090 1043 2145 Ve-
1082 2091 1197 2164 singulis
1208 2093 1279 2162 juris
1287 2091 1409 2162 partibus
1419 2091 1560 2145 character
1572 2090 1684 2162 quidam
1694 2098 1720 2144 et
1729 2090 1782 2143 idea
1790 2089 1838 2156 justi

259 2186 329 2233 rum,
343 2170 415 2239 apud
425 2178 537 2231 veteres,
552 2169 579 2221 in
594 2168 668 2233 locis,
682 2170 729 2224 ubi
742 2170 862 2224 victorine
875 2177 960 2240 partae
974 2179 1043 2234 sunt,
1082 2172 1249 2237 exhibeatur,
1264 2172 1297 2225 nd
1312 2187 1394 2241 quarn
1407 2169 1612 2240 particularium
1630 2186 1765 2240 regnorum
1779 2176 1838 2221 etri·

260 2255 382 2302 extnncta
403 2248 539 2318 trophaea3
560 2247 726 2303 laudationes
748 2248 881 2312 funebres,
900 2256 928 2302 et
946 2266 1043 2304 monn·
1081 2251 1308 2321 rnmpublicarum
1321 2250 1397 2320 leges
1417 2250 1538 2319 probare,
1556 2258 1642 2320 atque
1663 2248 1723 2303 inde
1742 2245 1838 2302 emenda

260 2334 350 2380 menta
373 2327 516 2395 magnifica
539 2327 752 2383 occumbentium
771 2328 800 2382 in
822 2327 909 2390 bellur
937 2344 1044 2383 coronas
1082 2330 1184 2385 tionem
1204 2329 1300 2391 moliri,
1315 2330 1436 2399 quisque,
1457 2329 1501 2383 cui
1522 2328 1576 2382 hoc
1595 2328 1670 2382 cordi
1689 2327 1737 2382 erit
1747 2334 1770 2380 et
1780 2340 1838 2381 cura.

260 2405 361 2469 civicae,
380 2405 518 2468 militares,
532 2405 646 2476 singulis
665 2423 815 2469 concessoer
837 2423 934 2461 nornen
954 2407 1044 2477 ipsum
1081 2410 1176 2477 possit.
1219 2410 1308 2478 Hujus
1321 2408 1465 2478 igiturrei,
1479 2424 1553 2462 more
1568 2417 1672 2471 nostro,
1681 2404 1837 2476 exemplnmin

260 2485 436 2553 imperatoris,
450 2485 521 2554 quod
533 2493 627 2553 postea
641 2502 719 2557 reges
732 2486 843 2539 maximi
857 2503 874 2539 a
892 2484 957 2539 belli
971 2485 1043 2541 duci·
1081 2505 1135 2543 uno
1147 2488 1225 2543 titulo
1238 2503 1431 2560 proponemus.

260 2562 309 2616 bus
320 2564 430 2617 mutuati
441 2571 516 2626 sunt,
537 2563 703 2619 redeuntium
710 2564 814 2628 ducum,
822 2564 901 2619 bellis
914 2581 1043 2635 prospere

259 2641 395 2706 coniectis,
415 2641 533 2697 celebres
553 2642 701 2714 triumphi3
721 2644 853 2709 donativa,
869 2653 949 2716 atque
963 2644 1043 2715 largi·
1081 2676 1238 2715 mmm„
1269 2674 1431 2714 memus
1462 2673 1501 2713 Μ
1528 2675 1664 2713 mmm
1692 2668 1837 2713 mmmm

260 2721 347 2775 hones
363 2722 485 2791 ingentes
498 2721 527 2775 in
541 2721 648 2786 milites,
669 2723 720 2777 sub
732 2724 898 2777 exercituum
912 2724 1044 2778 dimissio·
1121 2754 1187 2794 m
1207 2756 1246 2794 „E
1267 2754 1407 2794 mmm
1428 2754 1521 2805 mm,
1543 2754 1576 2792 ,ῃ
1600 2755 1659 2793 0Νο
1686 2750 1784 2799 mum,
1800 2746 1836 2786 pm

259 2816 337 2853 nem:
366 2800 433 2854 Haec
452 2797 594 2873 (inquam)
616 2809 655 2854 tot
675 2810 701 2855 et
722 2811 796 2856 tants
817 2802 973 2865 incrustet
989 2810 1044 2858 tam
1124 2835 1309 2874 mommo&

258 2878 361 2949 insigni
379 2878 520 2949 splendore
541 2881 714 2944 coruscantia,
730 2888 758 2935 ut
780 2882 933 2953 pectoribus
945 2892 1044 2937 morta·

259 2959 334 3022 lium,
352 2958 434 3013 ctiam
447 2961 563 3014 maxime
577 2958 761 3030 conspiciemus,
775 2960 908 3032 igniculos
921 2962 1042 3027 subdere,

260 3054 345 3107 eaque
359 3038 394 3090 ad
410 3038 510 3092 bellum
529 3039 704 3103 inflammare,
718 3042 862 3110 potuerint.
903 3040 974 3095 Ante
984 3057 1042 3096 om·
1366 3038 1546 3077 ⁴⁹³⁰²¹⁸¹¹⁰⁸
1567 3039 1588 3077 ¹·

260 3117 306 3169 nia
318 3134 381 3171 vero
394 3134 453 3171 mos
466 3116 512 3171 ille
530 3117 713 3188 triumphandi
734 3119 806 3189 apud
825 3120 971 3184 Romanos,
989 3137 1041 3175 non
1122 3132 1154 3185 ln
1163 3132 1289 3185 societate
1299 3130 1374 3185 civili
1387 3139 1434 3186 aut
1442 3130 1489 3185 lex
1499 3139 1546 3186 aut
1555 3132 1600 3187 vis
1610 3132 1688 3186 salet
1720 3130 1836 3185 Edanten

260 3211 303 3250 Μ
317 3204 374 3250 ⁰¹⁸²
385 3213 420 3251 ⁸¹
433 3213 539 3267 P⁰¹¹¹P³r
553 3207 599 3251 ⁸¹¹1
611 3197 792 3267 ⁸P⁸⁰l⁸⁰¹¹l¹¹m
807 3199 940 3269 (tumidam
954 3199 1042 3264 inmte,
1081 3218 1108 3265 et
1129 3210 1171 3265 vis
1193 3210 1316 3282 quaedam
1338 3211 1428 3281 legem
1449 3209 1598 3266 simulans:
1628 3219 1656 3265 et
1676 3210 1719 3266 lex
1738 3205 1836 3262 nonnulla

260 3276 307 3328 sed
315 3275 683 3345 interprudentissimaplane
691 3276 911 3349 nobilissimaque
922 3278 1044 3333 instituta
1081 3290 1458 3360 magiavimsapiens,quam
1472 3289 1631 3361 nequitatem
1642 3291 1717 3357 juris
1752 3285 1836 3355 Triplu

258 3355 452 3408 numerandum
473 3363 565 3424 ¹¹li³⁰te
587 3357 634 3426 (iui
657 3356 685 3409 ln
705 3372 735 3410 ⁸0
758 3355 818 3411 hm
841 3360 892 3411 ¹¹5⁸
911 3356 1042 3422 haberti}
1081 3376 1124 3423 est
1146 3369 1231 3439 igitur
1258 3368 1398 3439 injustitiae
1422 3369 1498 3424 fons:
1526 3369 1568 3424 vis
1593 3387 1685 3434 mera;
1713 3363 1836 3437 illaqueatio

259 3433 358 3524 dueum
372 3434 493 3488 decusat
507 3432 639 3525 glqriam
655 3434 748 3524 'ararit
769 3452 804 3489 ex
818 3435 913 3505 spoliis
925 3435 1044 3507 locuple·
1082 3448 1218 3502 malitiosa
1231 3455 1366 3519 praetextu
1376 3447 1467 3519 legin
1488 3454 1517 3502 et
1529 3450 1667 3504 acerbius
1680 3449 1757 3519 ipsius
1768 3444 1825 3514 leg'a

259 3519 400 3575 tanonem;
422 3522 449 3566 et
460 3513 586 3567 donativa
605 3512 730 3568 militum.
772 3514 871 3569 Verum
893 3514 980 3569 honor
1000 3518 1044 3571 tri-

259 3591 352 3661 umphi
365 3592 476 3646 tortasse
487 3591 650 3646 monarchiis
659 3609 713 3646 non
721 3594 856 3662 competit,
866 3601 1044 3665 preterquam
1459 3587 1490 3626 ¹¹·

258 3669 287 3723 in
299 3671 422 3741 personis
443 3670 516 3742 regis
536 3670 629 3742 ipsius,
643 3679 690 3726 aut
710 3672 824 3726 tiliorum
845 3673 927 3744 regis.
967 3674 1044 3736 Quod
1121 3681 1331 3736 Firmamentum
1342 3678 1411 3749 juris
1421 3680 1518 3752 privati
1528 3681 1584 3736 mle
1599 3690 1649 3738 mr,
1682 3676 1835 3746 Quiinjnrisn

259 3751 340 3803 etiam
354 3751 519 3819 temporibus
532 3750 724 3820 imperatorum
739 3751 833 3806 noma
846 3752 975 3818 obtinuit;
997 3755 1043 3824 qui
1083 3760 1156 3824 iacit,
1176 3778 1206 3815 re
1221 3760 1362 3815 utilitatem
1383 3768 1431 3814 aut
1451 3759 1621 3831 voluptatem
1640 3761 1717 3832 capit,
1737 3753 1836 3822 exemplo

259 3827 388 3883 honorem
402 3830 489 3897 ipsum
504 3828 642 3899 triumphi,
656 3830 708 3884 sibi
722 3838 749 3883 et
761 3830 823 3884 tiliis
836 3832 900 3896 suis,
911 3832 944 3886 dc
955 3832 1042 3898 bellis,
1082 3839 1237 3910 periculum,
1292 3839 1390 3893 cmreri
1410 3838 1534 3894 militaris
1561 3851 1610 3895 am
1629 3839 1762 3910 volupiam
1782 3833 1835 3887 illins

259 3923 319 3976 quas
330 3917 473 3975 praesentes
487 3908 540 3977 ipsi
553 3909 722 3973 conticerent,
737 3916 865 3980 tanquam
878 3910 1043 3982 peculiarem
1082 3919 1227 3990 participes
1247 3935 1302 3972 non
1320 3926 1390 3982 sunt,
1404 3918 1452 3972 sed
1468 3919 1625 3989 exemplum
1639 3920 1672 3973 ad
1691 3936 1718 3972 se
1730 3914 1835 3987 pertinere

258 3996 444 4039 reservarunt:
466 3987 625 4041 vestimenta
647 3997 737 4043 autem
758 3989 934 4054 solummodo,
949 4000 978 4045 et
999 3991 1042 4045 in·
1082 4006 1184 4067 purant,
1226 3999 1320 4068 ltaque
1335 3996 1520 4056 sacilecohunt
1534 3998 1563 4052 in
1578 4005 1834 4060 consensumntcnre-

258 4064 346 4134 Signia
358 4064 540 4134 triumphalia,
550 4065 612 4120 aliis
626 4067 738 4122 (lucibus
747 4067 925 4124 indulserunt.
1082 4086 1141 4135 alul·
1154 4077 1206 4131 gibi
1221 4095 1270 4147 per
1278 4076 1368 4146 legen
1388 4093 1422 4130 ne
1433 4077 1540 4145 injuriffi
1552 4094 1604 4148 per
1614 4079 1686 4133 vim
1699 4077 1730 4130 ad
1741 4067 1835 4142 dagal&

297 4142 405 4208 Verum,
413 4152 443 4197 ut
451 4162 587 4200 sermones
600 4145 651 4199 hos
664 4146 837 4209 claudamus;
858 4164 938 4202 nemo
952 4155 993 4202 est
1002 4151 1044 4216 (ut
1081 4157 1199 4210 redeant
1232 4149 1316 4217 ‘Quod
1330 4156 1354 4210 si
1365 4172 1401 4210 ex
1413 4156 1518 4210 ratium
1532 4163 1691 4228 temporum,
1705 4166 1729 4209 et
1740 4165 1834 4207 commn-

258 4229 370 4275 “smmi
391 4240 468 4276 ⁸²¹⁰?st
490 4224 639 4293 smmum)
655 4230 670 4256 “
681 4225 735 4296 qul,
756 4225 869 4280 ⁸⁰¹5&oe
892 4228 1042 4298 cogitando,
1082 4236 1163 4289 nionc
1179 4234 1274 4305 culpae,
1289 4236 1317 4288 id
1331 4235 1475 4289 eveniatut
1488 4234 1613 4305 pluribus
1626 4243 1652 4290 et
1665 4228 1833 4305 montimbre

258 4308 347 4368 potest
360 4318 494 4370 apponere
509 4303 543 4358 ad
556 4311 686 4359 staturam
700 4321 777 4359 suam
791 4305 911 4360 cubitum
924 4323 1007 4361 unum
1016 4308 1041 4371 ;'’
1082 4314 1233 4385 perlegam
1247 4313 1375 4385 aliquam,
1389 4314 1537 4384 periculum
1553 4324 1665 4378 creetur,
1677 4329 1750 4384 quam
1760 4321 1833 4364 carra

258 4379 287 4431 in
303 4379 401 4471 pusillo
414 4381 518 4434 scilicet
536 4383 655 4452 corporis
676 4382 787 4437 humani
810 4384 932 4440 modulo:
954 4385 1043 4441 Coete·
1083 4401 1132 4459 tur,
1147 4394 1230 4448 factio
1243 4393 1325 4448 solvit
1337 4393 1440 4463 legem,
1462 4393 1533 4464 quod
1549 4405 1575 4448 et
1589 4412 1661 4465 aaepe
1674 4394 1710 4447 lit.

258 4475 325 4520 runr,
336 4475 365 4511 nn
374 4475 472 4529 magna
481 4477 622 4529 regnorum
633 4471 661 4516 et
669 4463 927 4532 rerumpublicarum
941 4464 1043 4519 fabrica

257 4538 402 4608 imperium
415 4539 580 4608 amplificare
594 4548 623 4594 et
635 4541 703 4594 fines
719 4541 847 4610 proferre,
865 4560 944 4613 reges
959 4560 1043 4613 penes
1453 4531 1495 4570 ¹¹¹·

258 4625 286 4669 et
308 4616 475 4671 dominantes
494 4626 543 4673 est.
584 4620 658 4672 Nam
680 4620 825 4688 prudenter
847 4622 1041 4677 introducendo
1121 4624 1157 4679 nt
1174 4626 1220 4693 jus
1241 4623 1374 4694 privatum
1395 4623 1445 4677 snb
1469 4624 1555 4678 tutela
1573 4623 1643 4693 juris
1665 4617 1757 4693 publici
1777 4614 1831 4667 latei

258 4694 341 4766 leges,
355 4695 483 4760 instituta,
497 4705 525 4751 et
538 4698 750 4762 consuetudines,
765 4698 859 4770 quales
875 4701 932 4769 jorn
948 4717 1044 4771 propo·
1081 4704 1142 4759 Lex
1156 4705 1228 4757 enim
1245 4710 1324 4756 cavet
1339 4702 1450 4767 civibus,
1464 4704 1640 4774 magistratus
1652 4701 1757 4773 legibus.
1790 4691 1832 4746 ll*

258 4774 368 4838 suimus,
383 4782 410 4829 et
422 4775 490 4829 alias
504 4776 548 4831 his
561 4776 672 4840 similes,
686 4779 808 4847 posteris,
822 4786 850 4832 et
863 4779 962 4833 seculis
976 4780 1043 4835 iutu-
1081 4784 1241 4854 gistratuum
1265 4789 1355 4835 autem
1379 4782 1523 4836 auctoritas
1547 4783 1646 4851 pendet
1668 4798 1702 4834 ex
1720 4777 1831 4844 majestate

258 4854 303 4918 ris,
324 4854 515 4925 magnitudinis
535 4864 683 4911 sementem
704 4856 825 4911 iecerint.
867 4858 969 4913 Verum
990 4860 1044 4912 ista
1081 4862 1197 4932 imperii,
1216 4868 1243 4915 et
1256 4861 1360 4914 fabrica
1374 4860 1486 4929 politia,
1501 4869 1527 4915 et
1540 4860 1647 4932 legibus
1660 4847 1832 4912 fundamentali-

257 4933 370 4986 consilia
383 4934 454 5004 apud
467 4935 603 5005 principes
623 4952 685 4989 raro
698 4942 855 5002 tractantur,
869 4938 917 4992 sed
929 4954 973 4991 res
988 4938 1043 4993 lor·
1081 4942 1140 4995 bus.
1180 4939 1277 5004 Quare,
1292 4939 1315 4994 si
1330 4956 1365 4994 ex
1379 4938 1426 4993 illa
1442 4948 1518 5008 parte
1532 4942 1635 4994 sanitas
1649 4933 1855 4999 turritanus

258 5018 330 5066 tunes
344 5011 493 5083 plerunque
507 5014 689 5069 committitur.
1081 5019 1245 5082 constitutio,
1258 5017 1334 5089 leges
1348 5027 1425 5072 erunt
1438 5019 1468 5073 in
1482 5019 1553 5073 bono
1566 5036 1633 5084 usu;
1654 5017 1694 5072 sin
1706 5014 1787 5073 minna
1798 5019 1831 5075 t*

1081 5117 1142 5155 rum
1154 5100 1183 5153 in
1196 5098 1232 5152 iis
1244 5096 1365 5167 praesidii
1379 5097 1441 5152 erit.

299 5168 397 5229 Arous
410 5171 468 5225 hoec
477 5169 629 5234 habuimus,
638 5188 698 5241 quae
708 5171 742 5224 de
755 5173 922 5241 proterendis
935 5174 1043 5244 imperii

258 5247 355 5300 finibus
364 5248 541 5318 inpraesentia
556 5257 704 5303 occurrunt.
745 5251 845 5307 Verum
856 5254 1045 5323 quorsumista

258 5329 463 5393 commentatio,
485 5346 546 5382 cunr
571 5327 727 5382 monarchia
752 5330 875 5385 Romana
898 5332 988 5386 futura
1008 5332 1044 5386 sit
1120 5330 1219 5401 Neque
1233 5336 1323 5383 tamen
1340 5328 1386 5396 jus
1399 5328 1536 5399 publicum
1556 5329 1589 5382 ad
1602 5327 1653 5381 hoc
1667 5329 1756 5378 tantum
1771 5324 1828 5379 spre-

258 5403 327 5456 inter
348 5406 497 5462 mundanas
518 5409 560 5480 (ut
580 5406 711 5474 ereditur)
733 5407 848 5464 ultima?
884 5411 948 5465 Nisi
973 5410 1044 5480 quod
1082 5416 1128 5474 tat,
1143 5419 1172 5464 ut
1187 5409 1299 5464 addatur
1313 5416 1441 5477 tanquam
1455 5418 1544 5462 custos
1554 5408 1607 5476 juri
1623 5406 1725 5477 privato,
1738 5413 1766 5450 ne
1777 5384 1828 5444 illud

1394 2928 1564 2968 PROOEhllUll.

1458 5233 1497 5273 IV.
