3800 5875
653 305 823 363 iuratus
843 306 1129 365 PHILOSOPHIOI.
1647 309 1702 374 611

68 461 169 529 salem,
184 472 231 518 aut
244 463 279 518 ob
291 463 483 519 nmcsdtatem
497 466 532 521 ad
544 465 718 536 probationes
731 467 871 522 mechani·
908 482 1079 523 summovere
1092 482 1204 523 necesse
1223 468 1274 533 sit;
1296 478 1324 523 ct
1342 468 1367 522 si
1387 468 1500 538 propias
1520 468 1657 536 accedere,
1678 479 1707 527 et

67 559 126 597 aaa
170 543 260 615 Atque
273 543 320 597 hic
333 543 535 607 ministrationi,
549 562 612 616 quaa
626 545 660 599 ad
681 547 871 617 contemplati·
907 564 969 600 cum
990 548 1106 618 siugulis
1125 564 1235 602 manum
1255 564 1398 602 conserere
1415 548 1538 612 velimus,
1559 548 1586 602 id
1607 550 1707 606 frustra

66 638 135 676 vam
156 633 261 693 partem
281 629 394 693 spectat,
417 624 498 678 finem
521 625 696 693 imponimus.
745 625 870 681 Ardeam
908 626 1006 690 fuerit3
1028 626 1135 681 sublata
1148 627 1339 697 disputationis
1352 625 1424 698 lege,
1438 643 1501 680 curn
1515 627 1549 681 de
1564 629 1706 699 principiis

66 710 165 756 autem
187 712 292 772 partem
306 720 339 756 ac
361 704 421 772 ejus
441 704 667 759 ministrationem
682 706 784 776 triplici
806 707 870 760 doc·
907 720 961 759 non
981 706 1196 771 consentiamus3
1217 714 1244 759 et
1256 705 1342 760 multo
1357 707 1446 775 magis
1465 707 1538 778 quod
1556 708 1631 777 ipsas
1645 724 1705 778 pro·

67 781 146 835 trina
161 781 326 846 claudemus,
341 783 364 837 si
379 785 455 852 prius
468 783 522 837 duo
535 784 638 838 monita
652 785 687 838 ad
708 786 869 855 aperiendas
907 785 1047 840 bationum
1068 792 1098 840 et
1117 785 1373 839 demonstrationum
1394 786 1496 839 formas
1510 794 1537 840 et
1555 796 1704 856 potestates

67 860 214 914 hominum
242 869 347 915 mentes
367 864 570 933 praemittamus.
617 865 723 919 Horum
750 866 868 935 primum
906 864 1070 933 rejiciamus.
1111 864 1231 925 Quodsi
1251 864 1292 932 (id
1313 864 1384 935 quod
1398 865 1485 919 solum
1498 865 1616 937 relinqui
1631 868 1704 921 vide-

66 947 121 1003 est,
135 940 167 992 iu
186 941 364 1010 inquisitione
378 958 419 1005 ea,
434 960 496 1013 quae
510 944 540 996 flt
560 960 609 1013 per
630 944 782 1009 formulam,
797 945 869 1000 iuter
906 943 961 1011 tur)
983 960 1024 1009 ea,
1039 958 1101 1014 qum
1123 959 1173 998 uos
1193 945 1346 1009 asserimus,
1361 960 1379 995 a
1392 961 1474 998 sensu
1492 944 1554 1015 ipso
1572 952 1602 999 et
1618 963 1703 1017 expe·

66 1017 312 1089 contemplativam
331 1028 436 1091 partem
451 1022 567 1075 activam
580 1023 670 1093 ipsam
684 1033 816 1093 perpetuo
829 1024 868 1078 in·
905 1023 1006 1076 rientia
1032 1023 1148 1077 educere
1179 1030 1208 1077 et
1236 1024 1358 1077 excitare
1392 1024 1582 1087 concitamur3
1610 1042 1703 1081 rursus

68 1106 230 1153 tercurrere.
273 1100 334 1153 Hoc
348 1100 421 1154 enim
436 1101 490 1154 fert
502 1118 592 1156 rerum
605 1110 710 1166 ustura,
725 1112 754 1157 ut
767 1120 868 1174 propo·
906 1101 1004 1156 eodem
1016 1102 1197 1168 revolvimur,
1218 1112 1248 1156 et
1266 1103 1344 1157 obliti
1357 1118 1459 1165 eorum,
1474 1120 1534 1173 quta
1553 1103 1587 1157 de
1600 1107 1703 1160 animo-

67 1177 188 1232 sitiones
203 1186 232 1232 et
246 1180 390 1245 axiomata,
406 1181 524 1250 amagis
538 1181 711 1252 generalibus
724 1198 774 1251 per
786 1199 867 1254 argu-
905 1196 966 1234 rum
992 1183 1188 1252 preparatione
1214 1180 1287 1236 dicta
1308 1190 1377 1246 aunt,
1403 1183 1564 1237 contrariam
1583 1183 1702 1253 ingressi

66 1259 268 1312 mentationera
281 1258 452 1314 dialecticam
466 1259 580 1315 deducta
588 1269 616 1315 et
628 1262 750 1316 derivata
759 1262 794 1315 ad
807 1278 869 1332 par-
905 1259 978 1313 viam
1005 1261 1188 1325 inveniamur3
1218 1276 1283 1316 nam
1309 1262 1337 1316 iu
1365 1278 1408 1315 res
1431 1262 1506 1331 ipsas
1533 1262 1647 1331 abrupte
1673 1273 1702 1319 et

68 1335 199 1390 ticularia
227 1345 255 1391 et
279 1354 370 1407 opera,
399 1341 511 1394 obscure
538 1339 683 1394 admodum
708 1347 737 1394 et
762 1341 868 1395 incerto
905 1338 1008 1392 directo
1028 1339 1189 1404 incidamus,
1208 1341 1243 1395 ad
1263 1357 1332 1411 quas
1348 1342 1419 1394 viam
1443 1341 1577 1411 quandam
1597 1343 1698 1411 aperiri

67 1415 197 1469 innuant.
240 1416 316 1477 Quod
343 1426 432 1471 autem
460 1435 496 1472 ex
522 1420 733 1489 particularibus
758 1422 868 1474 axioma
904 1424 934 1471 et
961 1419 1104 1483 substerni,
1132 1429 1242 1489 propter
1269 1420 1423 1474 obfirmatas
1449 1420 1600 1474 animorum
1630 1439 1700 1491 prar-

67 1494 206 1560 educitur,
219 1496 255 1549 ad
274 1513 344 1550 nova
367 1497 547 1567 particularia,
561 1506 689 1569 tauquam
710 1516 867 1569 correspon·
905 1498 1096 1567 occupationes
1117 1508 1146 1552 et
1169 1500 1346 1562 obsessiones,
1370 1515 1480 1552 necesse
1499 1517 1559 1554 csse
1582 1501 1700 1554 decrevi-

67 1574 173 1639 dentia,
188 1576 334 1629 manifesto
347 1584 377 1630 et
393 1579 526 1631 constanti
541 1578 649 1632 tramite
663 1580 750 1633 ducat.
791 1578 867 1633 alte·
905 1593 973 1631 mua
1028 1578 1083 1632 Sed
1116 1586 1207 1631 tamen
1239 1586 1382 1648 propterea
1414 1578 1466 1647 ipsi
1499 1594 1550 1632 nos
1586 1581 1698 1634 minime

67 1671 131 1707 rum
145 1654 300 1723 hujusmodi
314 1663 402 1719 estut
414 1656 587 1712 meminerint
598 1657 724 1712 homiues
737 1659 766 1712 in
779 1658 866 1729 inqui·
904 1656 1074 1721 deseremus;
1096 1658 1145 1711 sed
1158 1657 1261 1728 aliquid
1274 1657 1442 1711 comminisci
1458 1664 1485 1711 et
1498 1666 1609 1722 tentare,
1626 1661 1698 1730 quod

67 1732 171 1787 sitione
185 1735 275 1787 activa
287 1751 398 1789 necesse
411 1752 470 1789 esse
490 1752 550 1790 rem
569 1754 619 1808 per
639 1737 740 1791 scalant
753 1738 865 1791 descen-
904 1737 1045 1806 proposito
1058 1745 1152 1790 nostro
1168 1744 1378 1790 consentaneum
1392 1736 1434 1799 sit,
1449 1738 1622 1802 conabimur;
1639 1747 1697 1793 tum

68 1812 174 1867 soriam
195 1815 287 1882 (crtjus
308 1832 387 1869 usum
410 1816 440 1868 in
463 1815 673 1886 contemplativa
693 1817 865 1885 sustulimus)
904 1815 983 1885 signa
996 1816 1120 1886 quaedam
1134 1815 1303 1879 adducentes,
1314 1833 1349 1869 ex
1363 1816 1461 1886 quibus
1471 1815 1504 1869 de
1513 1816 1697 1886 philosophiis

68 1893 179 1945 confici.
209 1893 304 1947 Omnis
318 1894 391 1948 enim
406 1895 529 1964 operatio
539 1896 568 1948 in
582 1896 729 1951 individuis
737 1905 865 1961 versamr,
901 1894 1035 1961 iudicium
1049 1895 1106 1949 fieri
1123 1895 1221 1965 possit3
1242 1903 1298 1950 tum
1312 1895 1501 1949 interiminter
1515 1896 1589 1965 ipsas
1606 1896 1697 1966 philo·

68 1988 133 2040 quae
153 1972 248 2025 intimo
266 1972 327 2025 loco
350 1982 419 2027 sunt
462 1975 558 2045 ltaque
582 1991 599 2028 a
622 1974 796 2047 generalibus
816 1992 866 2045 per
903 1973 1022 2044 sophias,
1038 1981 1162 2043 portenta
1176 1990 1295 2028 errorum
1310 1973 1447 2035 nonnulla,
1461 1983 1488 2027 et
1503 1991 1578 2029 mera
1591 1976 1696 2028 animo-

68 2049 173 2120 gradus
193 2051 229 2104 ad
256 2067 289 2104 ea
316 2052 531 2108 descendendum
558 2061 608 2107 est.
650 2055 749 2124 Neque
773 2072 865 2110 rursus
902 2068 963 2106 rum
977 2052 1094 2107 ludibria
1107 2053 1141 2107 ad
1164 2070 1257 2108 eamus
1279 2054 1465 2108 auctoritatem
1480 2053 1696 2108 labefactandam

68 2129 130 2182 fieri
145 2136 245 2199 potest,
258 2138 289 2184 ut
308 2148 363 2201 per.
377 2134 515 2187 axiomata
529 2133 664 2204 simplicia
678 2134 713 2186 ad
727 2150 759 2187 ea
773 2150 865 2204 perve-
903 2139 1036 2186 notantes.
1078 2134 1176 2204 Neque
1200 2141 1290 2187 tamen
1314 2149 1365 2186 nos
1389 2133 1467 2201 fugit,
1488 2134 1584 2186 fortius
1604 2132 1697 2199 hujus·

68 2208 179 2273 niatur3
194 2211 357 2265 omncenim
371 2228 439 2281 opus
450 2221 530 2283 atque
545 2213 603 2280 ejus
617 2214 686 2267 ratio
701 2230 735 2267 ex
748 2214 865 2268 coitione
903 2212 976 2265 modi
998 2228 1118 2267 erronum
1137 2212 1202 2267 aira
1222 2212 1278 2283 figi,
1298 2229 1380 2283 quam
1400 2212 1488 2265 ateis
1507 2228 1558 2282 per
1577 2220 1695 2266 saturam

68 2288 242 2342 axiomatum
271 2289 437 2345 diuersorum
469 2291 617 2346 instituitur
642 2301 670 2347 et
697 2292 862 2365 designatur.
903 2290 1065 2361 derogetur-3
1087 2292 1237 2361 prasertim
1257 2308 1319 2345 cum
1332 2291 1399 2345 viris
1411 2291 1498 2344 doctis
1508 2307 1562 2344 non
1577 2293 1612 2343 sit
1626 2307 1697 2344 nova

69 2365 170 2438 ltaque
193 2366 253 2422 haac
278 2370 384 2439 praefati
406 2370 440 2424 ad
462 2370 595 2441 triplicem
617 2372 694 2426 illam
715 2372 863 2427 doctrinam
903 2379 949 2423 aut
971 2371 1112 2441 incognita
1134 2388 1167 2425 ea
1188 2371 1360 2425 confidentia
1379 2378 1406 2423 et
1424 2370 1562 2437 jactantia
1582 2371 1695 2439 species,

68 2446 191 2500 activam
205 2449 360 2511 veniemu83
382 2466 495 2520 quarum
514 2450 602 2521 prima
615 2453 742 2522 proponit
756 2453 864 2507 modum
903 2467 964 2520 quse
984 2451 1126 2519 opiniones
1149 2450 1254 2518 abjecit,
1268 2467 1323 2504 nou
1344 2450 1454 2519 frangit.
1497 2448 1551 2502 Sed
1575 2466 1624 2502 uec
1645 2466 1695 2504 nos

67 2525 256 2596 inquisitionis
276 2527 432 2583 distinctum
454 2538 481 2582 et
501 2531 647 2599 proprium,
668 2531 714 2584 ubi
735 2547 790 2584 uun
807 2531 865 2599 jam
903 2528 1006 2599 aliquid
1016 2528 1103 2583 levius
1116 2537 1163 2583 aut
1171 2529 1293 2591 inferius,
1308 2545 1389 2599 quarn
1400 2545 1452 2597 pro
1464 2529 1514 2593 rei,
1524 2547 1585 2599 quar
1594 2530 1694 2597 agitur,

68 2620 161 2669 marsa,
180 2614 227 2659 aut
247 2608 365 2671 axioma,
383 2608 431 2661 sed
451 2610 541 2678 operis
564 2609 678 2677 alicujus
702 2610 808 2664 effectio
829 2628 864 2665 ex
902 2608 1043 2675 majestate
1057 2609 1209 2672 afferemus,
1224 2625 1311 2679 aeque
1325 2625 1362 2662 ex
1380 2607 1433 2660 hoc
1452 2624 1551 2677 genere
1566 2608 1696 2678 redarga-

68 2683 222 2739 intentions
236 2694 284 2749 est,
296 2695 376 2757 atque
390 2688 559 2758 inquisitioni
570 2689 717 2757 subjicitur.
740 2690 865 2744 Secunda
903 2687 984 2740 tionis
1004 2703 1115 2756 prorsus
1129 2687 1211 2741 fidem
1231 2688 1328 2751 facere,
1344 2687 1392 2741 sed
1411 2694 1515 2740 tantum
1536 2687 1696 2756 patientiam

68 2764 190 2817 ostendit
204 2765 311 2819 modum
326 2767 486 2821 conficiendi
506 2767 612 2822 tabulas
631 2769 765 2838 practicae
784 2786 865 2839 gene·
902 2773 930 2819 et
941 2766 1177 2836 mquanimitatem,
1186 2767 1303 2837 idquein
1312 2766 1428 2836 ingeniis
1439 2773 1542 2818 tantum
1554 2765 1696 2821 altioribus

68 2842 151 2903 talea,
179 2858 229 2913 per
255 2861 322 2915 quas
349 2847 500 2916 omnigenae
528 2864 640 2916 operum
661 2847 864 2918 designationes
903 2851 931 2899 et
953 2845 1124 2908 firmioribus,
1146 2846 1291 2899 conciliare
1311 2861 1458 2915 speramus.
1500 2845 1599 2915 Neque
1622 2847 1696 2899 euim

68 2921 178 2977 facilius
193 2930 221 2977 et
241 2925 392 2995 promptius
405 2925 576 2983 deducantur.
618 2926 712 2982 'fertis
725 2928 865 3001 subjungit
903 2925 1039 2997 quispiam
1053 2942 1088 2979 ex
1099 2926 1152 2979 isto
1161 2925 1271 2980 assiduo
1280 2933 1307 2979 et
1320 2932 1452 2996 perpetuo
1466 2941 1587 2979 errorum
1601 2935 1696 2978 contu·

66 3001 179 3055 modum
194 3004 328 3073 quendam
346 3005 499 3076 inquirendi
519 3006 577 3060 sive
594 3007 750 3062 inveniendi
774 3025 864 3078 opera,
902 3005 998 3059 bernio
1008 3006 1048 3057 ita
1062 3023 1092 3058 se
1103 3006 1223 3075 recipere
1237 3013 1335 3075 potest,
1349 3014 1377 3059 et
1390 3004 1424 3058 ad
1437 3013 1529 3058 nostra
1543 3021 1604 3058 cum
1620 3012 1696 3058 tanta

67 3080 261 3151 imperfectum
274 3091 353 3147 certe,
369 3086 416 3138 sed
431 3095 521 3139 tamen
535 3103 590 3140 nou
608 3088 740 3149 inutilem,
756 3105 811 3159 quo
830 3089 865 3142 ab
902 3083 1090 3138 benevolentia
1107 3093 1134 3137 ct
1148 3085 1233 3139 animi
1246 3084 1431 3155 magnitudine
1445 3084 1582 3144 accedere,
1596 3093 1626 3137 ut
1639 3099 1695 3136 nou

67 3161 259 3230 experimento
282 3164 316 3216 ad
338 3165 554 3234 experimentum
575 3166 738 3237 procedatur
762 3167 864 3239 absque
902 3165 995 3234 cupiat
1012 3162 1114 3217 habere
1134 3165 1244 3219 interim
1259 3181 1320 3235 quac
1333 3164 1366 3217 de
1383 3163 1519 3217 veteribus
1536 3170 1564 3216 et
1578 3163 1695 3232 receptis

66 3241 261 3296 consuturione
286 3243 437 3299 axiomatis.
478 3245 553 3299 Nam
578 3246 801 3315 quemadmodum
830 3248 864 3301 ab
902 3244 1005 3314 cogitet
1019 3249 1046 3297 et
1060 3243 1194 3315 opinetur.
1236 3244 1306 3297 Sane
1327 3243 1356 3296 in
1379 3242 1487 3297 tabellis
1503 3258 1557 3295 non
1576 3241 1630 3294 alia
1652 3243 1695 3294 in·

66 3319 207 3374 axiomate
226 3321 261 3375 ad
282 3323 399 3387 axioma,
413 3322 454 3377 ita
474 3325 555 3378 etiam
575 3325 611 3379 ab
630 3326 816 3395 experimento
830 3327 865 3381 ad
902 3323 1045 3393 scripseris
1072 3323 1125 3377 nisi
1153 3322 1245 3393 priora
1268 3323 1417 3386 deleveris,
1448 3322 1477 3376 iu
1505 3331 1595 3375 mente
1622 3337 1696 3391 agre

66 3400 286 3467 experimentum
306 3401 383 3455 datur
397 3410 423 3456 et
442 3402 562 3474 aperitur
574 3405 697 3474 quaedam
711 3405 757 3458 via
770 3405 805 3459 ad
824 3405 865 3459 in·
902 3402 994 3472 priora
1007 3402 1146 3466 deleveris,
1160 3403 1213 3456 nisi
1227 3402 1283 3455 alia
1295 3402 1475 3471 inscripseris.

65 3479 232 3533 veniendum
259 3480 394 3536 instabilis
419 3489 447 3536 et
473 3482 585 3547 lubrica,
615 3485 663 3538 sed
689 3491 781 3538 umen
808 3501 862 3539 uon
943 3481 1039 3551 ltaque
1061 3482 1128 3536 huic
1146 3481 1282 3536 desiderio
1301 3482 1515 3537 subveniendum
1532 3481 1694 3551 putavimus,

65 3573 180 3626 prorsus
214 3557 322 3614 silentio
351 3562 591 3631 praetermittenda.
633 3562 696 3618 Jam
728 3564 813 3633 igitur
838 3573 865 3619 et
902 3568 984 3632 atque
1010 3560 1069 3615 hac
1092 3578 1205 3632 prorsus
1225 3578 1259 3615 eo
1280 3569 1404 3631 spectant
1426 3561 1469 3628 (ut
1490 3561 1561 3631 quod
1582 3577 1626 3614 res
1654 3569 1696 3614 est

65 3637 219 3705 practicam
236 3640 462 3695 ministrationem
477 3658 591 3712 quoque,
607 3659 667 3712 quae
686 3643 714 3696 in
736 3643 863 3697 distrihu·
902 3647 994 3708 aperte
1004 3640 1173 3712 eloquamur)
1184 3639 1343 3695 utrolentes
1353 3641 1458 3703 ducant,
1469 3656 1523 3693 nan
1533 3631 1695 3693 utnofentes

65 3715 142 3769 tione
152 3716 251 3772 ultinm
266 3720 354 3788 posita
367 3728 416 3786 est,
431 3720 603 3775 absolvimus.
645 3721 734 3793 Atque
748 3721 808 3775 hrso
823 3732 864 3777 est
902 3718 1018 3774 trahant.
1058 3720 1175 3774 Omnem
1195 3720 1353 3774 violentiam
1367 3722 1410 3790 (ut
1421 3720 1478 3786 jam
1494 3719 1529 3772 ab
1541 3719 1621 3771 initio
1635 3735 1695 3788 pro·

65 3793 183 3862 hujusce
204 3797 314 3852 secundi
341 3798 405 3853 libri
430 3808 524 3870 aperta
549 3809 577 3855 et
598 3802 687 3855 brevis
710 3801 862 3856 delineatio.
902 3798 967 3852 fessi
986 3799 1091 3868 sumus)
1114 3800 1210 3854 abesse
1233 3798 1373 3854 volumus:
1395 3807 1475 3870 atque
1497 3799 1569 3869 quod
1594 3798 1695 3865 Borgia

66 3873 173 3933 Quibus
197 3877 346 3946 explicatis,
368 3878 519 3935 thalamum
541 3895 591 3934 nos
613 3882 711 3935 mentis
738 3880 864 3935 humanas
902 3878 989 3932 facete
1000 3878 1034 3932 de
1051 3878 1143 3932 Caroli
1161 3880 1248 3932 octavi
1262 3878 1436 3947 expeditione
1451 3879 1478 3930 in
1495 3877 1602 3931 ltaliam
1616 3877 1694 3939 dixit,

65 3962 95 4007 et
103 3955 234 4017 universi,
249 3958 370 4026 pronuba
384 3959 476 4012 diviua
488 3959 618 4024 bonitate,
636 3959 717 4030 plane
736 3960 864 4014 constitu·
903 3956 998 4012 Gallos
1006 3958 1111 4012 venisse
1121 3959 1150 4012 iu
1160 3959 1285 4012 manibus
1295 3967 1396 4012 cretam
1406 3964 1534 4020 tenentes,
1543 3973 1597 4028 qua
1609 3955 1696 4010 diver·

65 4033 122 4087 isse
146 4035 314 4092 confidimus.
353 4037 534 4107 Epithalamii
555 4049 645 4094 autem
665 4047 756 4094 votnm
777 4039 819 4102 sit,
833 4047 865 4093 ut
902 4036 975 4090 soria
994 4044 1128 4101 notarent,
1157 4052 1211 4091 nou
1238 4053 1322 4100 arma,
1350 4037 1449 4108 quibus
1480 4044 1694 4106 perrumperent.

66 4128 104 4166 ex
132 4130 167 4167 co
193 4117 327 4170 connubio
351 4117 456 4171 auxilia
478 4116 606 4182 bumana,
628 4126 757 4189 tauquam
781 4118 863 4188 stirps
903 4115 1027 4169 Similem
1041 4132 1148 4188 quoque
1167 4116 1338 4171 inventorum
1353 4124 1504 4170 nostrorum
1518 4126 1547 4170 et
1561 4116 1695 4170 rationem

66 4191 193 4258 heroum,
207 4211 269 4265 qun
288 4197 466 4251 necessitates
482 4205 511 4251 et
524 4197 647 4254 miserias
660 4198 800 4253 homiuum
816 4197 864 4252 ali·
902 4204 931 4248 et
943 4212 1098 4250 successum
1112 4197 1204 4250 animo
1217 4196 1407 4266 precipimus3
1423 4195 1549 4249 uimimm
1564 4204 1594 4249 ut
1607 4196 1695 4265 potius

66 4288 122 4341 qua
146 4290 184 4328 ex
210 4282 287 4344 parte
301 4275 436 4330 debellent
463 4284 491 4330 et
514 4276 632 4341 doment,
654 4278 815 4348 suscipiatur
836 4285 864 4331 et
902 4275 1007 4329 animos
1033 4275 1174 4330 hominum
1195 4291 1309 4346 capaces
1330 4282 1358 4328 et
1384 4274 1495 4329 idoneos
1515 4291 1646 4346 seponere
1668 4281 1696 4328 et

66 4351 227 4409 deducatur.
269 4354 326 4409 Sub
346 4356 428 4409 finem
449 4364 539 4410 tamen
554 4356 678 4426 quadam
691 4357 724 4411 de
738 4355 862 4411 laborum
902 4354 993 4409 subire
1018 4356 1129 4424 possim,
1158 4372 1238 4426 quam
1263 4362 1354 4408 contra
1377 4354 1556 4409 sentientibus
1579 4355 1696 4408 molesta

68 4432 270 4487 consonatione
297 4441 325 4488 et
351 4437 520 4489 successione
548 4433 734 4511 subjiciemus.
786 4436 863 4490 Tunc
901 4431 965 4488 sint.
1005 4434 1107 4489 Verum
1130 4436 1158 4488 in
1179 4434 1231 4488 hac
1250 4442 1335 4503 parte.
1350 4433 1383 4487 de
1397 4450 1452 4505 quo
1471 4435 1529 4502 itm
1550 4435 1694 4506 loquimur·

65 4511 142 4563 enim
162 4511 272 4568 demum
286 4513 411 4568 homiues
424 4516 495 4568 vires
514 4531 579 4568 suas
592 4522 711 4580 noscent,
726 4532 787 4570 cum
807 4532 863 4569 non
902 4530 964 4583 quar
991 4514 1026 4567 ad
1051 4514 1267 4585 redargutionem
1302 4512 1537 4583 philosophiamm
1569 4514 1695 4584 pertinet,

67 4590 163 4643 eadem
178 4591 287 4658 infiniti,
302 4593 349 4646 sed
370 4594 470 4648 omissa
484 4594 532 4648 alii
550 4595 724 4663 praestabunt.
764 4595 864 4666 Neque
902 4593 1018 4647 feliciter
1036 4609 1101 4648 saue
1119 4593 1201 4646 levati
1221 4610 1321 4655 sumus,
1334 4609 1398 4650 casu
1412 4595 1528 4663 quodam
1542 4601 1696 4663 opportuno

66 4684 134 4722 sanc
153 4673 188 4724 dc
208 4671 307 4727 futuris
326 4675 449 4728 aetatibus
470 4690 546 4744 spem
567 4673 723 4741 abjecimus,
739 4674 803 4743 quin
817 4692 864 4729 ex·
903 4680 929 4725 et
950 4671 1077 4727 mirabili.
1118 4672 1284 4726 ‘Namdum
1304 4672 1362 4725 haec
1383 4680 1533 4739 tractarem,
1552 4672 1697 4726 intervenit

66 4749 191 4804 oriantur
202 4750 248 4820 qui
263 4752 344 4805 istan
357 4753 482 4807 tenuibus
496 4752 618 4822 profecta
631 4753 719 4807 initiis
732 4754 760 4807 iu
775 4754 864 4822 majus
903 4752 1006 4806 amicus
1021 4768 1098 4806 meus
1112 4751 1221 4823 quidam
1238 4768 1274 4806 ex
1293 4751 1384 4805 Gallia
1403 4752 1519 4816 rediens,
1533 4768 1613 4822 qoem
1633 4767 1696 4805 curn

66 4828 227 4896 provehant.
270 4831 341 4885 lllud
355 4832 427 4885 euim
441 4832 563 4894 occurrit,
574 4832 627 4886 boc
641 4832 713 4903 quod
723 4832 819 4904 agitur,
829 4834 864 4886 ob
901 4831 1070 4895 salutassem,
1082 4839 1162 4902 atque
1176 4847 1229 4902 ego
1240 4831 1326 4896 ilium,
1341 4831 1388 4886 iile
1399 4849 1451 4897 me,
1461 4834 1493 4886 dc
1507 4833 1587 4886 rebus
1597 4832 1696 4884 nostris

65 4907 131 4961 boni
147 4917 271 4963 naturam
285 4912 457 4972 eminentem,
471 4910 615 4965 manifeste
628 4911 716 4966 aDeo
728 4928 798 4966 esse.
831 4913 864 4965 ln
901 4910 1072 4964 familiariter
1079 4911 1321 4981 interrogassemus
1333 4931 1340 4964 ι
1360 4912 1403 4965 'l'u
1416 4928 1482 4966 rero
1494 4911 1588 4981 inquit,
1602 4910 1696 4964 vacuis

66 4986 167 5039 divinis
190 4998 281 5042 autem
306 4989 434 5060 operibus
455 4990 570 5044 minima
593 5008 708 5062 quaque
729 4990 864 5062 principia
902 4991 957 5044 tuis
967 4990 1002 5043 ab
1010 4990 1233 5060 occupationibus
1241 4990 1363 5045 civilibus
1376 4989 1531 5054 intervallis,
1542 4997 1589 5043 aut
1599 4988 1696 5043 saltem

66 5074 193 5121 eventum
206 5067 325 5123 trahunt
902 5069 1102 5123 remittentibus
1124 5068 1250 5138 negotiis,
1271 5070 1336 5139 quid
1360 5070 1442 5139 agis?
1462 5069 1630 5139 Opportune,
1654 5069 1697 5122 in·

106 5145 198 5217 Atque
213 5148 241 5200 in
256 5147 447 5219 radargutione
461 5147 521 5218 ipsa
530 5148 864 5220 philosophiamm,quam
903 5165 992 5218 quam,
1008 5165 1071 5202 nam
1084 5164 1120 5203 nc
1137 5148 1178 5202 nil
1198 5165 1241 5202 me
1263 5165 1345 5220 agere
1366 5149 1514 5213 existimes,
1527 5148 1643 5203 meditor
1656 5147 1698 5201 in·

65 5239 204 5294 paramus,
218 5227 355 5281 nescimus
369 5227 434 5291 fere,
449 5245 562 5299 quonos
575 5239 719 5292 vertamus,
733 5247 795 5282 cum
809 5229 862 5290 via,
902 5227 1097 5281 staurationem
1106 5227 1296 5298 philosophiae,
1305 5227 1444 5297 ejusmodi,
1456 5245 1517 5298 quta
1526 5227 1597 5280 nihil
1606 5227 1697 5281 inanis

65 5321 128 5373 quae
145 5305 210 5358 aliis
225 5305 253 5358 in
267 5306 495 5361 confutationibus
510 5308 605 5378 patuit,
619 5310 698 5363 nohis
717 5307 864 5362 interclusa
902 5317 948 5361 aut
972 5307 1099 5361 abstracti
1121 5308 1227 5372 habeat,
1248 5323 1363 5378 quaeque
1380 5307 1444 5360 ritae
1462 5307 1589 5361 humauoe
1607 5306 1698 5360 condi·

65 5383 109 5437 δὴ
150 5385 228 5438 Nam
255 5392 283 5437 ει
311 5393 352 5438 t⁰t
374 5394 402 5438 et
424 5393 499 5440 ‘anm
523 5404 553 5440 ⁸⁸
576 5388 719 5442 ”tendum
742 5403 863 5441 “mrum
933 5427 947 5456 ⁴
966 5423 1024 5478 Qua
1041 5424 1127 5471 abhinc
1143 5431 1283 5485 sequuntur,
1299 5424 1323 5470 in
1358 5423 1414 5470 riori
1429 5422 1532 5472 editione
1547 5423 1698 5474 hastatulum

66 5463 188 5534 agurius,
200 5470 231 5518 ut
244 5477 341 5519 canoa
354 5465 476 5532 strictim,
485 5467 532 5520 sed
546 5466 689 5523 confertim
703 5475 822 5523 evertere
838 5475 865 5520 et
903 5481 1002 5541 tmiuut,
1011 5483 1050 5530 cui
1061 5482 1302 5543 titulusRedorputto
1312 5439 1533 5542 Plttosopttcrum.
