3800 5875
220 289 278 352 574
756 287 938 345 HISTORIA
959 288 1058 343 Vl'l'AE
1078 287 1127 342 BT
1146 286 1299 343 MOR'l'lS·

220 449 343 515 miliaria,
354 455 462 504 centum
475 464 561 503 annos
571 448 722 519 ruperarit3
743 448 786 503 sir
795 447 917 517 ingentis
925 446 1014 510 laxus,
1053 461 1118 500 num
1142 446 1261 509 metiaae3
1281 461 1371 516 neque
1393 444 1497 500 sensim
1520 451 1548 498 et
1570 441 1708 514 paulatim
1733 443 1777 510 (ut
1794 443 1850 514 quir

220 530 359 600 eloquens,
378 528 518 584 literarum
539 527 633 591 cultor,
658 534 779 581 attamen
799 526 954 590 vehemens,
973 543 1015 581 au·
1053 524 1187 591 crederet)
1197 523 1360 580 declinasse.
1395 524 1466 579 Sunt
1478 531 1551 578 certe
1564 522 1733 593 temporain
1740 522 1852 592 singul'n

220 610 328 680 perbns,
351 607 476 671 crudelis,
498 615 525 661 et
544 615 673 678 tanquam
695 606 748 661 aibi
768 613 857 660 nutas
899 604 1015 660 lnsaluit
1054 603 1218 675 regionibus,
1233 604 1332 675 quibus
1352 603 1479 658 homines
1499 602 1603 658 diutius
1617 610 1666 655 aut
1680 602 1798 655 brevius
1809 601 1852 655 de·

221 689 315 758 opinio
335 688 369 742 de
392 687 503 751 Seneca,
526 686 599 758 quod
617 685 762 740 admodum
785 702 904 740 annoms
925 685 1014 749 fuerit,
1053 690 1129 753 gunt.
1183 683 1293 738 Diutius
1316 682 1485 753 plerumque,
1509 699 1572 736 cunr
1599 689 1728 751 tempora
1754 680 1853 735 fuerint

219 784 306 839 usque
329 767 363 821 ad
387 783 487 821 annum
512 766 690 820 centesimum
716 765 851 820 decimum
873 774 1013 836 quartum3
1052 762 1175 827 barbara,
1195 771 1224 817 et
1241 761 1415 832 simplicioris
1427 762 1523 825 metus,
1538 770 1568 814 et
1587 760 1783 815 exercitationi
1796 777 1851 813 eor·

167 852 172 864 '
221 849 395 918 quodvemm
405 862 528 901 essenon
544 852 641 913 potest,
651 862 713 900 cum
724 853 828 898 tantum
842 844 920 908 absit,
930 852 960 897 ut
974 860 1014 897 se-
1052 841 1127 911 poris
1147 842 1236 913 magia
1255 842 1361 907 dedita3
1379 840 1499 904 brevius,
1512 857 1576 895 curn
1597 840 1691 910 magia
1704 838 1806 903 civilis,
1825 848 1851 894 et

220 942 275 982 nex
288 926 441 997 decrepitus
460 924 494 978 ad
515 925 633 979 Neronis
652 924 814 995 tyrocinium
831 924 955 976 admotus
968 924 1012 986 sit,
1051 920 1113 990 plus
1127 921 1243 976 luxuriae
1256 928 1284 976 et
1297 921 1360 974 otii:
1373 938 1469 976 verum
1482 920 1536 973 ista
1549 927 1693 975 transeunt
1706 935 1760 988 per
1773 920 1850 982 vices,

219 1014 250 1059 ut
264 1014 357 1060 contra
371 1006 451 1059 rebus
465 1003 591 1076 gerendis
604 1014 713 1059 strenue
727 1003 877 1067 srtffecerit3
898 1002 1014 1073 quineti·
1051 1015 1175 1071 propago
1192 1001 1254 1071 ipsa
1272 998 1432 1055 nihilfecit.
1473 1000 1574 1070 Neque
1592 999 1709 1053 dubium
1723 1007 1775 1062 est,
1788 1001 1851 1069 quin

221 1102 265 1138 am
279 1084 360 1155 paulo
373 1092 445 1149 ante,
459 1084 549 1137 medio
571 1091 692 1154 tempore
713 1082 829 1147 Claudii,
840 1081 965 1146 exularit,
979 1082 1014 1134 ob
1051 1079 1125 1133 idem
1139 1081 1189 1133 fiat
1200 1080 1230 1133 in
1244 1080 1408 1135 animalibus
1421 1079 1535 1142 caeteris,
1548 1078 1688 1152 siquidem
1698 1094 1752 1131 nec
1763 1077 1849 1142 boses,

221 1164 352 1219 adulteria
375 1164 527 1235 aliquarum
549 1163 703 1234 principum
726 1162 913 1224 foemiuarum3
942 1160 1013 1231 qnod
1050 1174 1101 1212 nec
1115 1161 1187 1230 equi,
1201 1165 1248 1213 aut
1261 1175 1333 1223 ores,
1348 1168 1376 1213 et
1389 1158 1497 1222 similia,
1512 1174 1578 1222 ravo,
1593 1157 1701 1212 ultimis
1717 1157 1766 1211 his
1780 1174 1850 1211 aecu-

219 1244 249 1297 in
270 1243 353 1298 talem
373 1252 479 1298 aetatem
499 1259 554 1296 non
574 1243 711 1313 competit.
751 1241 873 1294 Joannea
887 1241 920 1294 dc
933 1240 1012 1293 Tem·
1050 1235 1093 1303 lis,
1107 1239 1281 1304 minuuntur3
1301 1238 1394 1310 itaque
1409 1238 1589 1308 praecipitatio
1611 1237 1702 1291 mtatis
1723 1234 1850 1292 t'sctaest

220 1325 338 1394 poribus,
353 1341 388 1378 ex
403 1323 527 1377 omnibus
541 1321 734 1393 posterioribus
748 1321 855 1384 seculis,
869 1319 1011 1374 traditione
1050 1333 1100 1386 per
1118 1317 1265 1381 diluvium
1293 1325 1321 1371 et
1346 1318 1404 1371 fieri
1428 1317 1541 1371 tortasse
1559 1324 1651 1386 potest
1673 1333 1725 1385 per
1747 1316 1849 1371 similes

220 1404 337 1474 quadm
356 1409 384 1456 et
402 1403 529 1473 opinione
550 1400 665 1471 vulgari,
680 1417 765 1471 usque
786 1401 821 1454 ad
844 1398 1011 1464 miraculum,
1049 1397 1166 1466 majorca
1186 1413 1272 1462 casus,
1295 1398 1338 1464 (ut
1359 1395 1527 1466 loquuntur.)
1551 1396 1637 1450 saluti
1656 1396 1848 1450 inundationes

219 1482 263 1536 sel
284 1482 375 1552 potius
392 1498 478 1553 usque
501 1481 535 1534 ad
548 1481 677 1546 tabulam,
691 1479 831 1551 longaevus
843 1478 1010 1549 perhibetur,
1050 1476 1234 1545 particulares,
1244 1476 1444 1531 combustiones
1451 1474 1601 1546 perlongus
1611 1474 1761 1539 siccitates,
1771 1483 1848 1530 terre

220 1578 351 1616 annorum
373 1577 454 1630 snpra
478 1567 631 1625 trecentos;
666 1560 774 1614 natione
801 1559 853 1613 tuit
879 1558 1010 1625 Francus,
1050 1562 1147 1620 motus,
1162 1564 1189 1609 et
1209 1555 1320 1610 similia.
1361 1555 1518 1616 Quinetiam
1536 1555 1643 1609 videtur
1664 1553 1769 1609 similia
1788 1572 1846 1610 esse

220 1640 347 1695 militavit
368 1649 459 1695 autem
479 1640 529 1695 sub
550 1639 649 1695 Carolo
661 1639 775 1710 Magno.
817 1638 929 1692 (lartius
942 1637 1011 1691 Are·
1049 1634 1120 1689 ratio
1142 1635 1172 1688 in
1192 1634 1380 1706 magnitudine
1403 1650 1546 1704 corporum
1568 1634 1627 1688 aive
1644 1641 1768 1697 atatam
1788 1652 1846 1706 qm

220 1720 300 1786 tinus,
324 1719 481 1775 Petrarchae
505 1735 629 1790 proavus,
654 1719 689 1772 ad
713 1725 821 1772 eentum
846 1724 874 1771 et
896 1724 1012 1786 qrratuor
1049 1730 1099 1768 nec
1119 1714 1179 1785 ipsa
1193 1731 1243 1784 per
1256 1714 1453 1769 successionem
1468 1712 1630 1785 propaginis
1650 1713 1764 1778 deiluitr
1785 1714 1846 1768 lieet

219 1816 305 1855 annos
327 1799 458 1870 pervenit,
481 1814 613 1868 prospera
632 1814 740 1868 semper
762 1813 827 1851 usus
847 1795 1010 1860 valetudine,
1049 1792 1183 1864 Virgilius
1206 1796 1390 1862 (communem
1409 1792 1566 1863 opinionem
1584 1794 1709 1861 sacoma)
1725 1792 1845 1847 divinu-

219 1888 301 1951 atque
322 1880 352 1933 in
374 1878 505 1935 extremis
526 1877 598 1932 sires
621 1877 745 1932 labantes
770 1876 890 1930 sentiens
912 1876 1010 1945 potius,
1049 1881 1089 1927 set
1102 1881 1226 1942 posteros
1246 1873 1350 1928 futuros
1363 1872 1544 1943 presentibus
1563 1872 1702 1936 minoren
1723 1873 1796 1926 ande
1808 1873 1847 1927 ait

219 1976 300 2029 quam
313 1958 452 2022 morbum
474 1973 534 2028 quaa
548 1972 614 2011 vera
633 1965 675 2010 est
692 1954 820 2010 resolutio
833 1971 882 2025 per
895 1956 1010 2009 senium.
1049 1951 1083 2006 de
1095 1953 1200 2021 eampis
1213 1952 1366 2017 AEmathiis,
1381 1961 1409 2005 et
1422 1952 1634 2006 AEmonensibus
1647 1951 1828 2007 mrbsrand‘n:

218 2038 264 2094 lix
277 2039 391 2092 Venetia
408 2037 578 2107 reperiuntur
595 2035 669 2090 haud
689 2034 769 2105 pauci
788 2034 913 2104 longasi,
928 2033 1011 2089 etiam
1107 2080 1284 2142 “Gramma
1295 2079 1616 2129 mmmmm
1633 2080 1751 2128 mairie·

219 2117 305 2188 gradu
317 2115 488 2171 eminentiori
499 2137 506 2180 t
531 2115 692 2170 Franciscus
704 2114 828 2168 Donatus
841 2112 914 2177 dun
939 2113 1010 2167 Tho
1617 2095 1633 2141 Ρ

218 2213 279 2250 mas
300 2196 468 2251 Contarenua
490 2205 649 2264 procurator
668 2194 696 2248 S.
718 2192 824 2256 Ματρὶς
848 2192 1010 2247 Fraumacua
1046 2189 1156 2248 Etenim
1165 2201 1342 2249 cumconstat
1354 2193 1585 2265 fuissequondam
1594 2193 1723 2249 homiues
1736 2197 1846 2252 staturis

219 2274 341 2329 Moliuus
354 2275 421 2329 item
435 2281 591 2344 procurator
605 2274 634 2328 S.
652 2272 755 2337 March
777 2271 833 2325 alii.
874 2272 911 2325 At
924 2273 1011 2326 maxi·
1049 2272 1191 2343 giganteis,
1207 2273 1315 2345 (quales
1337 2282 1364 2328 et
1383 2275 1412 2329 in
1434 2273 1536 2338 Sicilia,
1550 2283 1580 2328 et
1594 2272 1670 2338 alibi,
1684 2274 1715 2328 in
1733 2277 1846 2330 munis

218 2371 263 2408 me
284 2353 461 2409 memorabile
482 2360 524 2407 eat
545 2351 613 2407 illud
633 2352 667 2407 de
684 2352 806 2408 (ismaro
825 2349 940 2416 Veneto,
964 2353 1010 2422 qui
1048 2350 1200 2422 sepulchris
1213 2363 1240 2407 et
1252 2354 1383 2418 cavernis,
1393 2370 1443 2425 pro
1453 2361 1529 2409 certo
1539 2354 1640 2424 reperti
1654 2355 1741 2420 aaut)
1755 2365 1846 2409 tamen

218 2450 339 2504 corpore,
353 2434 404 2488 sub
418 2433 503 2496 initio,
517 2432 721 2496 valetudinario,
732 2430 814 2501 coepit
824 2430 942 2501 primum
955 2448 1010 2485 me·
1045 2431 1103 2499 jam
1117 2448 1166 2502 per
1180 2433 1233 2486 tria
1254 2432 1310 2488 iere
1329 2433 1484 2488 millenaria
1502 2449 1643 2497 annornm,
1657 2434 1771 2504 adquae
1783 2452 1845 2506 pro-

218 2513 264 2568 tiri
284 2512 374 2567 cibum
396 2521 425 2567 et
444 2522 545 2582 potum,
566 2512 601 2567 sd
621 2520 723 2568 certum
743 2511 855 2581 pondus,
869 2510 898 2564 in
917 2526 1011 2565 curam
1048 2510 1154 2565 ducitur
1167 2513 1298 2567 memoria
1311 2513 1378 2567 satis
1391 2521 1473 2578 certa,
1487 2512 1516 2566 in
1530 2512 1629 2567 iisdem
1642 2512 1713 2566 loeis
1733 2513 1775 2568 uil
1791 2514 1845 2568 tale

218 2592 360 2646 sanitatis:
381 2609 486 2646 eacura
498 2592 608 2647 mansiit
617 2591 829 2653 asnindietam,
840 2597 867 2644 et
881 2606 918 2644 ex
928 2589 1011 2646 diaeta
1048 2592 1236 2657 continuatum
1257 2590 1321 2647 licet
1334 2594 1416 2647 etiam
1430 2592 1490 2647 brec
1504 2609 1548 2647 res
1562 2609 1613 2664 per
1625 2609 1717 2647 mores
1736 2601 1765 2647 et
1782 2610 1844 2648 eon·
1893 2595 1894 2598 ’

217 2671 248 2726 in
261 2688 388 2742 magnam
401 2672 613 2742 longevitatem,
628 2688 713 2743 usque
728 2670 763 2724 ad
783 2686 884 2724 anunm
897 2669 1010 2723 centesi-
1048 2671 1204 2726 suetudines
1221 2672 1316 2727 civiles
1331 2672 1404 2728 vices
1425 2672 1557 2743 quasdam
1572 2672 1703 2743 patiatur,
1717 2674 1844 2743 quemad·

217 2769 300 2817 mum,
315 2759 342 2805 et
355 2750 433 2817 ultra,
447 2752 561 2822 integris
574 2752 705 2817 sensibus,
720 2758 749 2805 et
762 2749 898 2803 constanti
908 2749 1009 2804 valetu-
1048 2751 1157 2804 modum
1179 2759 1208 2805 et
1230 2750 1279 2805 illa
1300 2751 1394 2807 altera.
1435 2752 1525 2822 Atque
1539 2751 1600 2807 haec
1615 2752 1707 2823 magis
1719 2752 1843 2815 notanda,

217 2831 288 2886 dine.
330 2830 480 2886 Grdielmus
494 2830 638 2894 Postellus,
652 2839 743 2885 nostra
757 2828 1010 2892 antecelluerit
1048 2829 1113 2899 quia
1126 2830 1227 2885 insedit
1248 2831 1348 2886 animis
1366 2830 1508 2886 hominum
1526 2831 1638 2902 penitus
1653 2832 1756 2901 opinio,
1776 2832 1844 2904 qnod
1893 2821 1894 2836 ¹

216 2912 395 2967 centesimum
408 2919 437 2967 et
450 2927 534 2982 propa
548 2911 707 2966 vicesimum
718 2926 817 2964 annum
830 2908 911 2973 vixit3
926 2909 1008 2963 etiam
1048 2910 1084 2964 sit
1097 2919 1244 2981 perpetuus
1257 2911 1382 2967 defluxus
1395 2928 1446 2983 per
1467 2919 1583 2977 sentem,
1598 2918 1660 2967 tum
1677 2911 1769 2983 quoad
1790 2912 1845 2967 diu-

217 2992 416 3048 summitatibus
436 2991 528 3046 barbae
541 2991 571 3046 in
584 2991 661 3046 labro
680 2991 818 3061 superiore
832 2988 957 3043 nonnihil
970 2989 1009 3042 ni·
1048 2990 1204 3045 tamitatem
1217 2990 1287 3055 vitae,
1302 2998 1359 3046 tum
1373 2992 1462 3063 quoad
1482 2993 1703 3063 magnitudinem
1724 3001 1755 3047 et
1767 2993 1845 3048 robur

217 3072 413 3143 grescentibus,
426 3088 515 3141 neque
529 3072 736 3141 promuscanis3
756 3070 798 3123 sir
811 3069 899 3138 capite
912 3077 1008 3133 motus,
1047 3071 1180 3140 corporia;
1202 3072 1347 3143 omniaque
1361 3070 1416 3125 labi
1431 3078 1459 3126 et
1471 3089 1550 3127 ruere
1559 3073 1589 3126 in
1603 3071 1735 3127 deterius.

217 3159 245 3205 et
257 3168 311 3206 non
325 3152 438 3222 integrae
452 3150 562 3204 omnino
574 3150 739 3222 phantasiam
760 3164 875 3220 magnus
890 3148 1010 3218 peregri·
1087 3149 1134 3204 24.
1156 3150 1326 3222 Regionibus
1339 3150 1523 3222 frigidioribus
1542 3160 1570 3205 et
1589 3151 1774 3222 hyperboreis
1788 3152 1846 3208 diu-

216 3239 304 3296 uator,
324 3238 353 3285 ct
372 3230 587 3296 mathematicus,
601 3238 630 3284 et
648 3230 778 3285 haeretica
797 3228 929 3299 pravitate
942 3245 1009 3282 uon·
1047 3227 1101 3282 tius
1114 3229 1239 3284 homines
1253 3231 1347 3286 visunt
1366 3231 1534 3302 plerumque,
1548 3247 1632 3303 quam
1654 3229 1844 3295 calidioribus;

217 3310 288 3364 nihil
301 3326 438 3381 aspersus.
1048 3308 1121 3379 quod
1133 3325 1245 3364 necesse
1260 3318 1303 3365 est
1316 3311 1383 3377 fieri,
1398 3328 1459 3365 curn
1472 3320 1501 3365 et
1514 3311 1586 3366 cutis
1600 3312 1637 3365 ait
1651 3312 1744 3383 magis
1756 3313 1845 3366 satrio

257 3389 306 3445 20.
327 3389 407 3460 Apud
430 3406 480 3443 nos
498 3389 528 3442 in
546 3390 654 3462 Anglia,
679 3388 794 3443 arbitror
815 3404 871 3441 non
892 3387 1008 3442 existere
1048 3396 1090 3452 ta3
1114 3394 1142 3443 et
1155 3390 1229 3444 succi
1242 3391 1363 3461 corporis
1376 3391 1466 3445 minna
1479 3389 1668 3461 dissipabilea;
1694 3399 1723 3445 et
1735 3392 1845 3461 spiritns

216 3469 338 3524 villulam
351 3467 435 3539 paulo
448 3469 655 3539 populosiorem,
670 3469 698 3523 in
713 3484 766 3540 qua
783 3484 839 3521 non
858 3469 1010 3537 reperiatur
1047 3467 1101 3536 ipsi
1111 3468 1201 3523 minus
1215 3486 1292 3524 aerea
1305 3470 1340 3523 ad
1353 3471 1575 3533 consumendum,
1589 3478 1619 3524 et
1631 3472 1724 3541 magia
1737 3470 1846 3526 fabriles

216 3548 316 3621 aliquis
329 3549 377 3612 sir,
392 3556 439 3603 aut
458 3548 553 3604 mulier
570 3567 606 3604 ex
627 3548 821 3620 octogenariis3
842 3548 924 3601 etiam
945 3555 1008 3602 ante
1048 3547 1083 3601 ad
1095 3549 1289 3619 reparandum
1311 3557 1339 3604 et
1353 3552 1400 3604 air
1414 3547 1522 3625 (utpote
1542 3550 1651 3604 modice
1666 3548 1815 3604 calefactas
1828 3568 1846 3604 a

216 3646 317 3700 paucos
331 3644 423 3691 anuos,
437 3630 465 3681 iu
475 3645 543 3699 agro
556 3628 767 3691 Heresordieusi,
781 3627 852 3682 inter
865 3626 942 3680 ludos
959 3627 1009 3680 ilo-
1047 3627 1131 3683 radiis
1144 3623 1226 3702 solia)
1240 3629 1330 3683 minua
1343 3629 1532 3700 praedatorias:
1553 3638 1583 3682 at
1596 3630 1648 3684 sub
1669 3630 1745 3684 linea
1765 3630 1847 3700 equi-

217 3709 296 3774 mles,
311 3709 433 3763 instituta
446 3716 504 3761 erat
516 3707 618 3763 chorea
637 3716 664 3762 et
687 3706 795 3762 saltatio
809 3723 844 3761 ex
858 3707 925 3760 viris
938 3714 1008 3771 octo,
1047 3707 1166 3773 noctiali,
1176 3708 1222 3762 ubi
1236 3708 1278 3763 sol
1291 3710 1395 3774 transit,
1404 3717 1433 3764 et
1443 3708 1545 3780 duplex
1558 3709 1597 3763 ait
1609 3709 1704 3764 hiems
1717 3719 1746 3764 et
1758 3717 1846 3772 utra,

218 3805 332 3860 quorum
354 3793 420 3842 satas
447 3787 528 3842 simul
551 3796 706 3857 computata
730 3787 899 3858 octingentos
923 3802 1009 3840 annos
1047 3786 1136 3858 sitque
1150 3788 1233 3841 etiam
1247 3788 1334 3857 major
1348 3787 1488 3859 equalitas
1501 3789 1574 3843 iuter
1587 3789 1678 3859 spatia
1698 3788 1802 3843 dierum
1818 3799 1848 3843 et

216 3868 384 3939 complebam
405 3884 467 3921 cum
478 3867 549 3937 quod
563 3867 656 3922 alteria
670 3884 764 3921 eorum
777 3865 812 3920 ad
825 3866 1009 3920 centenarium
1047 3868 1174 3932 noctium,
1189 3867 1340 3940 (sicaetera
1352 3884 1407 3921 non
1419 3865 1592 3938 impediant)
1613 3870 1699 3924 etiam
1712 3869 1782 3923 bene
1799 3870 1847 3924 diu

217 3948 330 4012 deesset,
344 3946 439 4001 alteris
453 3946 589 4018 aliquibus
602 3953 763 4017 superesset.
1046 3946 1156 4011 visuum
1177 3953 1207 4000 ut
1219 3947 1248 4000 in
1262 3945 1381 4002 Perusia
1392 3956 1420 4002 et
1434 3947 1605 4018 Taprobane.

257 4027 305 4083 21.
329 4026 361 4080 In
375 4024 505 4095 hospitali
521 4026 672 4091 Bethleem,
687 4027 722 4082 ad
736 4024 864 4081 suburbia
881 4023 1007 4089 Londini,
1088 4024 1135 4080 25.
1158 4026 1281 4081 lnaulaui
1291 4027 1494 4083 mediterraneis
1506 4035 1538 4082 ut
1550 4026 1703 4098 plurimum
1716 4036 1780 4083 sunt
1789 4027 1847 4082 lan·

217 4106 289 4179 quod
303 4107 331 4160 in
346 4106 566 4161 sustentationem
580 4116 609 4161 et
628 4106 777 4161 custodiam
790 4104 1009 4175 phreneticomm
1048 4105 1197 4176 graviores,
1218 4122 1307 4176 neque
1329 4107 1402 4161 enim
1422 4113 1479 4161 tam
1500 4107 1548 4163 din
1570 4108 1668 4162 sirunt
1687 4109 1716 4162 in
1737 4106 1845 4173 numa,

216 4186 368 4241 institutum
388 4191 437 4249 est,
456 4187 630 4241 inveniuntur
649 4186 683 4241 de
703 4194 825 4256 tempore
848 4185 878 4239 in
902 4193 1009 4253 tempus
1048 4201 1130 4255 quam
1143 4185 1173 4240 in
1193 4185 1360 4251 Orcadibusr
1381 4203 1470 4257 neque
1484 4193 1541 4241 tam
1554 4186 1600 4241 din
1615 4190 1646 4240 in
1660 4186 1757 4241 Africa
1777 4189 1847 4255 ejus

217 4264 295 4321 multi
309 4282 345 4319 ex
358 4273 449 4318 mente
462 4266 549 4336 captis
562 4266 646 4321 fuisse
659 4265 786 4336 longavi.
1048 4264 1110 4319 dem
1132 4264 1263 4335 paralleli,
1278 4282 1359 4336 quam
1373 4265 1403 4319 in
1417 4265 1542 4320 canariis
1556 4274 1584 4320 et
1599 4266 1743 4331 Tercen‘s;
1765 4266 1846 4337 lapa-
1892 4302 1893 4309 ι

257 4345 304 4399 22.
325 4345 438 4409 AEtatea,
463 4344 496 4399 de
520 4346 618 4416 quibus
642 4346 803 4408 fabulantur,
826 4341 1009 4412 nympharum
1048 4361 1145 4399 nenses
1159 4345 1240 4398 etiam
1256 4345 1439 4400 Chinensibus
1454 4342 1536 4420 (licet
1548 4344 1580 4400 hi
1600 4346 1786 4418 longaevitatis
1798 4364 1845 4416 ap·

217 4432 246 4480 et
259 4425 410 4478 daemonum
424 4423 572 4490 alireorum,
588 4426 634 4498 qui
648 4441 760 4496 corpore
771 4421 897 4477 mortales
911 4430 1008 4487 essent,
1048 4432 1170 4492 petentes
1191 4425 1246 4479 sint
1265 4440 1351 4496 usque
1371 4424 1406 4479 ad
1426 4421 1578 4499 insaniam)
1594 4436 1659 4480 sunt
1676 4427 1844 4488 sisamcrear

218 4505 266 4559 sed
284 4504 429 4558 admodum
440 4503 558 4574 longaesi
574 4505 614 4574 (id
628 4505 699 4576 quod
713 4514 740 4559 et
760 4503 881 4574 antiqua,
896 4509 924 4555 et
937 4503 1009 4556 inter
1048 4519 1098 4557 nec
1109 4504 1215 4568 mirum,
1229 4521 1291 4558 cum
1305 4521 1372 4559 aura
1385 4505 1476 4568 maris,
1490 4514 1518 4560 et
1528 4503 1557 4558 in
1569 4504 1731 4575 regionibus
1743 4505 1845 4579 frigidi·

218 4584 349 4656 quosdam
357 4583 458 4637 recenti
467 4585 656 4654 superstitione
662 4592 690 4640 et
697 4583 1010 4652 credulitate,receptnm
1048 4583 1141 4638 oribus
1154 4583 1252 4647 foveat,
1266 4591 1295 4637 et
1307 4584 1337 4637 in
1350 4583 1524 4639 calidioribus
1538 4583 1693 4656 refrigeret

218 4666 289 4735 eat);
304 4680 354 4735 pro
363 4663 495 4717 rabuliset
505 4664 616 4719 somniis
625 4665 770 4727 habemna3
785 4662 935 4734 praesertim
946 4678 1008 4715 cum
1087 4662 1134 4717 26.
1155 4662 1230 4717 Loca
1248 4663 1357 4717 excelsa
1378 4663 1469 4734 potins
1490 4662 1573 4717 edunt
1594 4662 1745 4735 longaevos,
1765 4680 1846 4736 qnam

218 4745 253 4799 sit
267 4762 319 4808 res,
329 4760 380 4797 nec
394 4760 456 4797 cum
469 4741 653 4814 philosophia,
661 4761 711 4799 nec
720 4761 780 4797 cum
794 4742 925 4814 religione
939 4741 1009 4794 bene
1048 4742 1189 4812 depressa3
1211 4744 1361 4814 praesertim
1376 4743 1400 4798 si
1413 4760 1468 4797 non
1482 4743 1536 4797 sint
1551 4743 1619 4814 juga
1640 4745 1784 4808 montium,
1797 4744 1845 4798 sed

218 4823 399 4880 consentiens.
439 4822 528 4893 Atque
542 4823 575 4876 de
590 4822 703 4878 historia
716 4821 900 4894 longaevitatis
914 4821 944 4874 in
958 4818 1009 4874 ho·
1048 4830 1126 4876 terrae
1149 4821 1212 4876 altre
1236 4829 1368 4893 quatenus
1390 4823 1425 4876 ad
1446 4823 1529 4876 situm
1552 4838 1647 4878 eorum
1670 4823 1843 4894 generalem

217 4905 298 4968 mine,
319 4920 369 4974 per
389 4902 534 4966 individua,
557 4914 604 4956 ant
624 4904 771 4958 individuis
795 4902 926 4973 proxima,
949 4898 1009 4953 haec
1048 4900 1137 4972 qualis
1153 4901 1206 4955 luit
1226 4902 1343 4955 Arcadia
1361 4901 1391 4956 in
1413 4901 1527 4966 Graecia,
1541 4911 1568 4956 et
1582 4901 1694 4957 AEtoliae
1707 4919 1780 4973 pars,
1799 4902 1844 4956 abi

217 4983 413 5055 inquisitasint
454 4980 770 5038 Jamadobaerrationes
780 4999 829 5053 per
838 4980 928 5051 capita
939 4988 1009 5033 tran·
1048 4979 1164 5051 longaevi
1188 4981 1332 5036 admodum
1358 4981 1484 5036 luerunt:
1512 4989 1541 5034 at
1563 4981 1599 5035 de
1619 4983 1762 5037 montibus
1780 4984 1844 5053 ipsis

219 5063 340 5118 sibimus.
1048 5061 1143 5115 eadem
1157 5060 1227 5115 foret
1240 5061 1317 5125 ratio,
1331 5069 1442 5131 propter
1454 5058 1546 5115 adrem
1566 5059 1697 5115 videlieet
1709 5063 1844 5132 puriorem

1048 5148 1075 5194 et
1088 5139 1279 5211 limpidiorem,
1290 5140 1345 5194 nisi
1354 5140 1407 5193 hoc
1421 5140 1632 5194 labefactaretur
1642 5157 1693 5211 per
1702 5141 1843 5203 accidens,

258 5221 307 5274 23.
329 5219 467 5274 Decursus
480 5218 640 5284 seculorum,
653 5227 681 5275 et
694 5220 829 5274 successio
841 5217 1009 5291 propaginis,
1047 5219 1198 5274 interventu
1208 5219 1313 5274 scilicet
1326 5236 1456 5289 vapomm
1470 5235 1507 5274 ex
1518 5218 1635 5273 vallibus
1650 5236 1684 5273 eo
1697 5220 1845 5274 ascenden·

218 5298 291 5354 nihil
303 5299 427 5352 videntur
440 5299 549 5352 omnino
562 5299 669 5353 demere
685 5299 718 5353 de
732 5299 907 5353 diuturnitate
927 5299 992 5354 vitre
1002 5321 1009 5362 3
1048 5299 1122 5362 tium,
1147 5299 1234 5353 stibi
1256 5299 1495 5370 acquiescentium.
1538 5299 1635 5369 ltaque
1657 5300 1687 5353 in
1707 5299 1847 5354 montibus

220 5379 321 5449 quippe
344 5376 505 5431 curriculum
524 5378 652 5432 humanae
673 5380 762 5432 aetatis
780 5378 909 5441 videmus,
924 5394 1011 5449 usque
1048 5378 1184 5433 nivalibus
1194 5396 1249 5433 non
1257 5380 1389 5447 reperitur
1398 5379 1491 5449 aliqua
1499 5376 1845 5450 insignisvitmiorrgitud03

220 5473 237 5508 a
250 5465 371 5525 tempore
386 5456 474 5511 Masis
490 5456 524 5510 ad
544 5465 642 5523 nostra,
660 5458 732 5511 circa
751 5458 946 5529 octogesimum
966 5475 1012 5513 an·
1047 5474 1101 5514 uon
1114 5458 1145 5513 in
1158 5457 1281 5531 Alpibus,
1289 5474 1344 5514 uon
1357 5459 1386 5513 in
1399 5457 1566 5528 Pyrenaeis,
1577 5472 1632 5513 nou
1645 5458 1845 5530 inapenninor
