3800 5875
603 311 787 370 HISTORIA
807 313 896 370 sorti
916 314 965 370 ET
984 313 1161 372 nuntius.
1625 317 1683 373 605

54 489 146 529 rerma
159 488 276 538 mnam:
289 478 379 526 utrum
392 470 520 527 videlicet
533 471 644 526 flamma
652 466 768 542 alicujus
779 489 848 528 craa·
882 472 993 528 matiam
1008 474 1066 529 aive
1078 474 1168 531 aeteae
1187 474 1308 547 corporis
1327 474 1467 547 tangibilia
1485 475 1683 531 communicent

56 553 180 608 situdinis
205 552 317 607 omnino
341 558 433 606 arceat
454 564 483 606 et
499 551 655 621 intercipiat
674 567 778 616 sonum,
801 560 847 607 ant
882 569 946 608 cum
959 557 1023 608 a'e’re
1043 563 1165 610 externo.

54 632 147 686 saltem
158 649 224 687 cunr
239 630 327 702 magis
346 630 465 696 hebetet,
479 647 562 702 quam
581 633 638 685 air.
680 630 715 686 In
736 630 847 702 ignibus
922 632 1026 703 Accipe
1038 635 1160 689 cofinum
1177 651 1257 705 aquae
1277 644 1444 704 argenteum,
1458 632 1574 688 alterum
1592 633 1681 704 ligne-

56 711 137 767 lubili
150 711 204 766 hoc
218 710 339 781 experiri
352 709 426 764 licet.
883 727 946 775 um:
968 713 1061 783 accipe
1080 713 1210 783 forcipem
1225 713 1349 777 ferream,
1367 720 1396 768 et
1408 721 1517 784 percute
1530 714 1599 767 fines
1619 714 1680 780 ejtra

92 791 287 862 inquirendum
307 789 391 843 etiam
409 789 445 843 de
462 788 553 844 medio
576 787 649 844 aina
668 787 847 845 vehementer
883 790 955 844 intra
968 807 1068 862 aquam
1087 793 1117 845 in
1135 792 1234 847 catinis
1253 791 1317 858 illia,
1331 792 1361 847 in
1380 792 1510 847 distantia
1529 790 1680 847 latitudinis

57 871 125 925 moti.
166 869 249 924 Licet
270 870 344 923 enim
364 874 460 923 sennua
482 868 586 923 deferat
602 885 707 931 sonum,
731 868 846 923 arbitror
884 868 992 938 pollicis
1004 871 1118 926 fortasse
1131 879 1179 926 aut
1192 871 1309 941 amplius
1322 872 1450 927 afundo:
1470 871 1566 926 audies
1583 887 1679 926 sonum

58 958 140 1005 umen
152 948 472 1004 ventosnehementiorea
482 946 608 1002 nonnihil
620 947 729 1001 turbare
739 963 845 1013 aunum,
884 948 996 1019 forcipis
1018 967 1153 1021 percussae
1173 951 1203 1004 in
1223 952 1315 1006 catino
1335 958 1466 1022 argenteo
1485 951 1575 1021 magis
1594 951 1680 1006 multo

58 1028 275 1099 utminualonge
288 1027 549 1091 exaudiatur,etiam
562 1026 845 1092 secundumrentum
883 1042 1017 1092 sonorum,
1032 1030 1154 1099 quamin
1168 1031 1268 1100 ligneo.
1308 1030 1526 1092 Quodaitamen
1538 1046 1625 1084 vacua
1638 1029 1679 1085 fo·

58 1124 132 1179 qoam
142 1108 172 1162 in
181 1105 350 1179 tranquillo:
367 1107 402 1160 de
416 1123 471 1177 quo
477 1105 629 1177 inquiratur
641 1104 765 1160 munus.
882 1113 943 1161 rent
956 1108 1053 1173 catina,
1068 1117 1096 1163 et
1108 1117 1291 1179 percuteretur
1305 1110 1412 1180 forceps
1431 1109 1467 1163 ad
1488 1109 1603 1163 eandem
1621 1108 1678 1164 dia·

92 1187 244 1241 Videndum
266 1184 374 1256 qualem
393 1185 483 1240 reddit
502 1201 600 1239 aunum
616 1200 662 1248 tea,
675 1192 722 1238 aut
744 1184 845 1241 ferrum
883 1186 1004 1251 nntium,
1021 1204 1116 1258 parum
1131 1195 1179 1243 aut
1192 1188 1264 1242 nihil
1277 1189 1427 1243 interesset.
1467 1188 1512 1242 Ex
1526 1205 1580 1259 quo
1592 1186 1679 1258 liquet

57 1266 165 1336 ignitum
185 1265 288 1320 malleo
314 1281 483 1335 percussum,
510 1270 695 1334 comparatum
719 1262 756 1317 ad
782 1281 845 1320 eum
883 1266 1008 1334 primum,
1022 1267 1068 1321 ubi
1081 1267 1173 1322 nullus
1186 1276 1228 1322 est
1240 1266 1296 1333 aar,
1306 1269 1354 1338 qui
1368 1267 1456 1339 possit
1468 1267 1542 1332 elidi,
1557 1267 1605 1321 aed
1619 1276 1677 1320 tan·

58 1363 131 1416 qnam
144 1345 235 1400 reddit
248 1344 387 1415 frigidum.
884 1352 941 1399 tum
953 1361 1032 1416 aqua,
1054 1347 1098 1400 edi
1115 1362 1228 1412 sonuum
1248 1346 1353 1411 deinde,
1367 1345 1464 1402 melius
1484 1345 1677 1401 communicari

883 1439 980 1478 sonum
1003 1425 1105 1480 editum
1127 1442 1177 1495 per
1200 1426 1403 1496 percussionem
1426 1443 1489 1479 cum
1513 1426 1604 1479 canno
1627 1441 1677 1494 per

882 1519 989 1573 aquam,
1005 1521 1088 1575 quam
1101 1508 1260 1574 pereiram
1300 1504 1401 1560 Clauso
1414 1521 1460 1559 ore
1473 1504 1578 1559 fortiter
1590 1504 1677 1558 reddi·

93 1578 174 1633 Larra
196 1578 294 1634 aetites
308 1578 392 1633 babet
410 1586 539 1649 tanquam
557 1576 684 1632 nucleum
697 1584 745 1632 ant
764 1594 844 1633 orum
882 1589 926 1636 tur
944 1598 1065 1638 murmur
1087 1582 1185 1657 (quale
1204 1584 1276 1639 solet
1294 1600 1353 1639 eaac
1372 1579 1522 1656 matonam)
1536 1601 1586 1654 per
1598 1582 1675 1652 pola·

59 1657 155 1729 lapidis,
170 1658 217 1729 qni
238 1659 359 1729 agitatus
382 1658 471 1712 reddit
492 1674 589 1712 acuum
608 1656 750 1722 obtusum:
778 1658 844 1713 item
882 1668 958 1725 tum;
979 1662 1172 1732 quodsinarea
1182 1663 1266 1718 etiam
1279 1663 1383 1718 fortiter
1396 1663 1560 1727 obturentur,
1571 1661 1676 1717 nullum

62 1737 247 1803 tintinnabula:
270 1738 319 1792 aed
331 1738 413 1808 longe
426 1736 577 1801 clariorem,
586 1735 611 1790 ai
624 1736 704 1791 detur
716 1736 794 1791 rima.
882 1741 969 1810 possit
980 1741 1041 1795 fieri
1053 1759 1182 1797 murmur.
1222 1742 1300 1798 Unde
1314 1742 1407 1813 liquet,
1422 1758 1518 1796 sonum
1534 1741 1612 1796 illum
1625 1759 1676 1812 per

95 1817 245 1885 lnquiratur
260 1817 296 1870 ab
307 1816 497 1879 urinatoribna,
508 1815 533 1869 ai
543 1816 653 1870 omnino
663 1815 773 1869 audiant
783 1817 844 1871 aub
882 1819 1004 1889 palatum
1017 1836 1072 1875 non
1083 1822 1194 1886 actuari,
1208 1821 1262 1876 nisi
1276 1839 1325 1892 per
1338 1830 1460 1891 apertum
1474 1821 1547 1891 quod
1558 1822 1675 1876 interae·

61 1902 96 1949 ter
108 1912 210 1966 aquam,
223 1895 377 1966 prasertim
389 1895 608 1966 profundiorem:
629 1901 709 1966 atque
723 1894 844 1965 inquim-
882 1899 921 1954 dit
932 1899 1006 1973 inter
1018 1899 1140 1971 palatum
1153 1908 1181 1956 et
1193 1917 1281 1956 nares.

62 1982 100 2028 tur
119 1976 197 2045 plane
219 1982 385 2046 utrumque:
418 1991 473 2029 non
494 1981 598 2029 tantum
620 1982 711 2028 utrum
734 1975 844 2029 audiant

63 2068 148 2108 mum
165 2053 288 2122 aliquem
307 2054 435 2124 desupra
464 2052 511 2125 qui
533 2053 621 2108 editur
641 2053 671 2107 in
693 2055 774 2108 agre,
795 2055 843 2108 sed
882 2038 920 2077 nn
939 2039 1101 2079 numitoris
1121 2041 1198 2090 soni,
1222 2041 1257 2079 ετ
1283 2039 1455 2080 nraaorrons
1474 2040 1526 2079 aso
1548 2040 1675 2079 rosione

63 2132 134 2187 etiam
152 2140 240 2188 utrum
265 2133 375 2188 audiant
398 2093 600 2203 peicussionem
623 2132 743 2202 corporis
765 2093 843 2204 aquae
921 2119 1006 2169 ³³⁰⁸
1040 2120 1075 2159 ΕΤ
1097 2120 1134 2158 ⁰²
1153 2121 1227 2159 ΜΔ
1248 2121 1329 2166 ‘²⁰⁵¹‘
1354 2119 1490 2170 ⁰⁰⁰¹Jm’
1519 2119 1618 2169 ΗΜ*
1639 2120 1674 2157 Π

63 2211 240 2282 intraaquam,
255 2212 303 2266 ubi
325 2219 441 2267 nonest
461 2211 519 2267 air.
560 2212 698 2282 Expertus
717 2212 770 2266 hoc
783 2229 843 2267 auin
923 2198 1095 2239 mmm·

65 2289 89 2344 in
98 2290 205 2355 balneo:
226 2291 417 2347 demittebatur
436 2290 517 2346 situla
536 2291 605 2346 bene
618 2307 722 2361 capax:
742 2292 781 2345 ita
793 2308 843 2345 au·
922 2291 1021 2348 Oranus
1034 2309 1118 2349 aonua
1127 2292 1285 2347 diffunditur
1297 2291 1327 2347 iu
1339 2291 1470 2346 ambitum
1483 2288 1674 2360 sphaericum

64 2376 109 2424 tem
121 2370 312 2426 demittebatur
323 2387 369 2426 ore
389 2370 497 2426 inverso
514 2370 547 2426 iu
567 2369 726 2440 aequilibrio,
740 2377 770 2425 ut
789 2387 844 2425 om·
881 2370 943 2425 loco
963 2372 1130 2442 pulsationis,
1147 2379 1175 2426 et
1195 2377 1307 2441 occupat
1328 2371 1484 2424 universam
1503 2386 1596 2424 aream
1616 2368 1675 2436 ejus

64 2447 119 2503 uino
135 2451 164 2503 in
179 2466 300 2505 concavo
319 2466 369 2505 suo
390 2450 507 2505 deferret
527 2466 620 2504 aecum
639 2449 731 2505 aerem
751 2450 844 2505 subter
882 2449 997 2521 apbmrae
1010 2451 1045 2506 ad
1064 2452 1210 2506 terminum
1228 2457 1339 2516 certum,
1353 2466 1467 2514 sursum,
1482 2448 1615 2514 deorsum,
1629 2447 1673 2502 la·

65 2543 150 2598 aquam
162 2529 197 2584 ad
208 2529 381 2584 altitudinem
395 2529 495 2599 palmae
508 2529 606 2594 nnius:
627 2536 709 2599 atque
722 2528 758 2583 ad
771 2528 843 2584 huuc
882 2529 1009 2596 teraliter,
1023 2531 1210 2602 undequaque.
1386 2533 1389 2539 '

64 2607 160 2662 modum
172 2610 317 2664 tenebatur
335 2608 417 2664 situla
429 2609 554 2664 manibus
568 2608 703 2678 depressa,
718 2625 752 2662 ne
766 2625 843 2663 ever·
921 2608 975 2665 Per
984 2626 1076 2665 aream
1087 2611 1146 2678 ejus
1157 2609 1272 2679 sphaerae
1281 2606 1444 2663 fortissimus
1453 2612 1584 2663 eatsonna
1594 2606 1675 2675 juxta

65 2693 152 2741 teretur
163 2696 209 2742 aut
222 2696 395 2759 resurgeret:
416 2688 604 2744 tumurinator
612 2686 749 2745 inserebat
761 2697 844 2758 caput
881 2688 1084 2758 pulsationem:
1112 2689 1209 2744 deinde
1229 2687 1376 2743 meandum
1395 2686 1598 2758 proportionem
1620 2686 1675 2741 dia·

65 2763 244 2823 mconcarum
271 2767 366 2832 simle,
391 2774 419 2822 et
439 2766 616 2838 loquebatur:
650 2767 844 2833 exaudiebatur
882 2769 975 2824 tactim
988 2768 1161 2840 elanguescit,
1175 2775 1204 2822 et
1216 2766 1324 2821 demum
1338 2767 1482 2821 evanescit.

66 2844 272 2917 ruxloquentis3
294 2847 378 2901 etiam
391 2863 481 2901 sermo
493 2846 697 2918 intelligebatur
717 2846 843 2901 articula-
920 2847 1042 2903 Termini
1060 2849 1119 2917 ejus
1138 2847 1254 2917 sphera
1273 2846 1461 2910 extenduntur,
1480 2859 1530 2913 pro
1549 2844 1673 2899 acumine

66 2922 113 2988 tim,
125 2926 170 2980 aed
182 2928 282 2982 mimm
295 2927 323 2981 in
332 2925 441 2983 modum
452 2934 554 2993 acutus,
566 2935 592 2981 et
600 2927 687 2981 instar
694 2924 767 2982 sibili
777 2926 842 2994 fere,
881 2927 996 2993 auditura,
1007 2927 1191 3000 aliquatenus:
1212 2925 1313 2982 sedeat
1326 2924 1454 2996 quiddam
1466 2923 1600 2989 ultimum,
1610 2941 1672 2995 quo,

66 3002 141 3073 qualis
152 3006 179 3060 in
191 3023 327 3077 paparum
341 3006 405 3061 ludo
419 3024 472 3062 vox
486 3006 609 3063 exaudiri
623 3007 700 3061 solet.
880 3008 910 3062 in
923 3024 1005 3063 aenan
1017 3009 1136 3063 maxime
1147 3006 1291 3078 exquisito,
1304 3021 1359 3060 non
1372 3003 1503 3076 pertingit
1515 3019 1605 3058 sonus.

99 3083 245 3155 luquiratur
260 3085 328 3140 illud
340 3093 444 3151 exacte,
457 3094 488 3141 ut
504 3086 631 3141 reddatur
645 3086 755 3140 omnino
769 3086 842 3156 posi-
920 3086 972 3141 Est
986 3088 1127 3156 (arbitror)
1147 3085 1273 3142 nonnihil
1291 3085 1322 3139 in
1339 3083 1487 3140 directione
1509 3082 1605 3153 primis
1623 3082 1673 3138 im-

67 3160 147 3227 tivum,
158 3172 247 3220 unum
261 3165 349 3235 poaait
362 3166 487 3237 generari
499 3182 590 3228 sonus,
600 3165 653 3219 nisi
668 3166 704 3219 sit
712 3163 761 3220 air
773 3166 844 3221 inter
881 3165 1021 3236 pulsionia.
1063 3167 1093 3222 si
1113 3166 1174 3238 quia
1187 3165 1261 3221 enim
1280 3171 1365 3219 staret
1382 3163 1412 3218 in
1430 3170 1560 3234 suggesto
1576 3171 1673 3231 aperto

67 3243 201 3307 pematiens
211 3253 238 3299 et
252 3261 409 3314 percussum
419 3262 524 3315 corpus.
564 3244 657 3300 Veluti
670 3245 844 3300 demittantur
881 3246 910 3299 in
923 3246 1037 3317 campis,
1047 3253 1076 3300 et
1089 3245 1225 3308 clamaret,
1235 3244 1342 3315 longius
1353 3243 1469 3298 arbitror
1478 3241 1602 3296 exaudiri
1612 3258 1673 3311 pca-

66 3317 199 3391 duolapilli
212 3324 334 3395 pensiles
348 3340 396 3393 per
406 3324 482 3379 filum
495 3324 524 3379 in
535 3323 636 3395 pelvim
650 3340 728 3395 aqua
739 3323 783 3379 rel
796 3325 843 3380 flu·
881 3326 1167 3397 aetvoxinproraum
1181 3341 1198 3378 a
1212 3323 1347 3395 loquente,
1367 3340 1450 3393 quam
1464 3338 1543 3392 pone.
1584 3321 1672 3376 Sicci

67 3413 125 3464 men,
138 3408 163 3455 et
174 3404 310 3474 agitentur
324 3410 354 3457 ut
367 3404 519 3474 percutiant
537 3421 567 3458 ae
580 3403 698 3458 invicem
711 3405 742 3458 in
754 3405 844 3459 medio
881 3404 1049 3475 displodetur
1060 3404 1217 3470 bombarda,
1228 3403 1272 3458 vel
1285 3403 1427 3473 aclopetua,
1441 3401 1549 3473 longius
1558 3399 1673 3457 arbitror

68 3492 146 3547 aque:
165 3482 207 3537 vel
216 3483 341 3537 mittatur
350 3482 455 3553 forceps
465 3491 574 3553 apertus
584 3483 613 3537 iu
627 3483 842 3556 mediumaquae,
881 3485 1005 3539 exaudiri
1024 3485 1110 3555 poaait
1123 3501 1205 3539 souua
1224 3483 1253 3538 in
1272 3499 1398 3555 prorsum
1419 3498 1437 3536 a
1455 3480 1612 3546 bombarda,
1626 3487 1674 3535 aut

68 3563 91 3607 et
106 3557 141 3611 ibi
158 3559 311 3617 claudatur:
332 3569 361 3616 et
382 3570 488 3617 notetur
507 3571 596 3618 utrum
616 3563 678 3617 edat
695 3580 802 3628 sonum,
816 3571 845 3618 et
882 3563 1011 3634 sclopeto‚
1025 3581 1108 3635 quam
1122 3580 1202 3634 pone.

68 3635 170 3704 qualem.
207 3641 343 3712 Equidem
358 3641 487 3697 existimo
496 3642 654 3707 urinatores,
664 3658 726 3697 cum
739 3651 842 3709 natant,
921 3644 1017 3699 Utrum
1031 3643 1134 3715 aliquid
1153 3643 1189 3698 ait
1208 3641 1238 3697 iu
1251 3640 1410 3698 ascensione
1423 3638 1483 3695 soni
1497 3655 1611 3704 sursum,
1625 3645 1673 3694 aut

69 3713 146 3771 subter
165 3735 264 3790 aquam
282 3738 338 3776 non
358 3721 437 3776 edere
457 3737 570 3787 sonum:
590 3722 644 3775 nisi
659 3721 782 3777 fortassis
795 3721 844 3777 ali·
881 3722 911 3776 in
923 3723 1099 3778 descensione
1112 3723 1172 3777 soni
1186 3722 1319 3786 deorsum,
1329 3720 1401 3793 qnod
1411 3735 1507 3774 sonum
1516 3727 1673 3789 promoveat

70 3794 182 3861 ᾳιιίοεεεε
190 3800 276 3869 possit
287 3817 336 3870 per
346 3799 544 3856 successionem
554 3808 643 3856 motus
656 3800 692 3855 ad
703 3801 843 3871 superlici·
881 3802 910 3855 in
924 3802 1045 3866 ulterius,
1059 3808 1106 3856 ant
1117 3818 1224 3857 cessare
1245 3801 1329 3855 faciat
1347 3799 1479 3870 proprius,
1493 3815 1547 3853 non
1558 3805 1673 3853 constat.

70 3887 105 3926 tn
117 3891 196 3947 aquae,
210 3886 292 3950 atque
306 3879 369 3933 inde
382 3879 553 3951 percutiente
567 3897 638 3952 aqua
651 3883 753 3935 airem.
880 3880 997 3936 Auditur
1009 3880 1119 3952 quidem
1132 3882 1214 3952 plane
1227 3896 1318 3943 sonus,
1328 3879 1351 3933 si
1363 3879 1425 3950 quia
1436 3895 1473 3932 ex
1483 3876 1540 3932 alta
1554 3878 1674 3933 fenestra

101 3951 210 4012 Dubium
231 3974 288 4012 non
313 3965 363 4023 est,
387 3960 453 4030 quin
478 3958 509 4012 in
532 3959 637 4014 utribus
659 3958 767 4025 clausis,
791 3975 843 4014 nec
881 3961 1008 4015 autturri
1022 3960 1155 4031 loquatur,
1169 3961 1205 4014 ab
1223 3960 1259 4014 iia
1274 3959 1322 4030 qui
1336 3956 1449 4012 stantia
1469 3955 1546 4021 solo:
1567 3964 1595 4011 et
1609 3974 1673 4013 cou-

71 4044 164 4097 proraua
176 4037 302 4108 impletis,
316 4046 344 4092 et
357 4038 475 4109 agitatis,
489 4038 617 4093 reddatur
629 4054 719 4102 sonus,
730 4039 844 4109 liquoris
881 4046 931 4104 tra,
953 4040 1041 4094 editus
1054 4040 1090 4093 ab
1109 4039 1145 4094 iia
1158 4039 1205 4110 qui
1225 4039 1255 4092 in
1272 4038 1332 4093 aulo
1351 4043 1431 4100 stant,
1448 4052 1466 4089 a
1486 4036 1612 4101 fenestra,
1627 4044 1675 4091 aut

71 4109 161 4168 scilieet
179 4114 207 4169 in
227 4117 264 4170 iia
285 4117 420 4172 contenti:
440 4133 491 4171 uec
512 4118 602 4171 minus
622 4119 741 4172 redditur
761 4135 843 4173 sonus
881 4119 964 4174 turri:
984 4118 1033 4174 aed
1046 4119 1082 4172 ab
1093 4118 1162 4173 utris
1175 4118 1290 4183 facilius,
1304 4123 1351 4172 aut
1363 4114 1480 4187 longius,
1491 4114 1524 4169 de
1539 4132 1573 4171 eo
1584 4115 1674 4187 inqui·

71 4186 172 4247 domim
183 4194 272 4265 lapide
285 4197 313 4251 in
327 4213 434 4268 aquam,
448 4212 510 4250 cum
524 4197 658 4267 percutiat
671 4197 784 4252 fundum
795 4213 843 4251 ra·
880 4205 955 4253 ratur
969 4197 1090 4253 ulterius.

72 4266 109 4321 tia
145 4271 241 4329 Verum
260 4275 290 4329 in
303 4277 393 4347 primo
406 4276 592 4346 experimento
605 4276 767 4331 admiscemur
781 4274 842 4340 ae'r:
921 4277 1016 4332 Solent
1036 4277 1064 4332 in
1087 4275 1261 4331 concionibus
1284 4274 1408 4344 usurpari
1430 4280 1567 4345 suggesta,
1591 4281 1620 4328 et
1645 4274 1674 4329 in

71 4343 212 4407 insecundo
225 4354 364 4424 percussio
377 4355 453 4409 fundi
465 4356 539 4410 raaia
556 4372 605 4426 per
623 4354 748 4425 lapillum
769 4372 843 4410 corn-
881 4357 1057 4412 conciouibua
1077 4354 1258 4426 imperatoriis
1281 4352 1430 4408 monticelli
1450 4370 1486 4409 ex
1507 4353 1672 4425 cespitibus:

71 4428 317 4489 municateumae're
332 4442 479 4489 exueras.
521 4433 557 4488 At
570 4441 631 4504 post
644 4435 844 4504 percussionem
881 4435 929 4490 aed
942 4436 1055 4491 minime
1069 4442 1159 4490 tamen
1177 4451 1227 4504 per
1239 4432 1299 4488 brec
1313 4433 1444 4488 evincitur
1458 4449 1555 4488 conum
1568 4433 1675 4486 facibus

72 4503 171 4595 Primam
190 4528 244 4567 non
265 4529 377 4568 neceam
398 4521 441 4568 eat
459 4522 490 4569 ut
513 4512 562 4572 air
582 4514 618 4568 ait
635 4514 663 4567 in
684 4514 773 4568 medio
794 4529 844 4584 per
881 4515 1007 4580 defluere,
1023 4532 1105 4586 quam
1117 4515 1274 4584 insurgere:
1297 4512 1423 4582 quoniam
1437 4511 1520 4580 hujus
1533 4512 1573 4566 rei
1589 4512 1675 4581 possit

71 4596 206 4645 universam
218 4610 310 4648 aream
328 4592 443 4663 spboerte
456 4591 620 4649 deferentia:
639 4609 705 4646 nam
718 4593 747 4647 id
766 4592 843 4646 evin·
881 4611 941 4649 esse
961 4612 1044 4649 causa
1056 4594 1126 4649 liber
1142 4593 1172 4646 in
1192 4592 1253 4646 loco
1271 4591 1366 4646 altiore
1386 4594 1441 4656 air,
1461 4608 1512 4646 nec
1526 4592 1675 4660 obstipatus

72 4661 130 4718 citur
147 4683 193 4738 per
213 4673 428 4743 experimentum
450 4672 585 4744 loquentia
604 4672 633 4725 in
650 4671 732 4726 situla
752 4671 845 4726 subter
881 4680 929 4728 aut
942 4674 1096 4744 impeditus,
1110 4681 1140 4726 ut
1153 4673 1184 4725 fit
1197 4672 1269 4726 infra
1282 4671 1311 4724 in
1325 4671 1418 4736 turba:
1439 4687 1493 4725 non
1507 4679 1598 4725 autem
1616 4686 1675 4723 mo·

73 4753 164 4811 squam
175 4750 220 4804 ubi
234 4768 297 4823 pars
310 4751 457 4807 deferentia
470 4770 506 4808 ex
520 4768 591 4823 aqua
605 4768 659 4805 non
674 4758 717 4805 eat
730 4750 785 4818 air,
796 4750 845 4805 aad
881 4761 925 4809 tua
943 4753 1087 4824 proclivior
1100 4753 1129 4806 in
1149 4751 1283 4806 deorsum.
1332 4749 1429 4822 Itaque
1445 4750 1475 4804 in
1496 4750 1549 4816 hoc
1570 4749 1676 4818 experi-

73 4815 163 4890 ¹id¹¹um
180 4829 272 4894 aitnloe,
294 4838 322 4886 et
343 4848 415 4902 aqua
424 4853 432 4898 ς
453 4832 524 4888 unde
545 4831 650 4885 acuitur
670 4838 697 4885 et
716 4829 846 4886 minuitur
882 4841 974 4888 mento
985 4849 1040 4887 non
1054 4830 1209 4904 acquiescat
1222 4829 1422 4900 contemplatio,
1436 4829 1484 4884 aad
1500 4831 1549 4884 fiat
1566 4827 1675 4898 experi-

75 4911 150 4966 *ΟΜ
163 4912 188 4959 et
201 4910 374 4981 exunguitur.
882 4919 1005 4967 mentum
1017 4911 1064 4966 ubi
1077 4918 1175 4965 catera
1187 4909 1241 4964 aiut
1255 4910 1340 4980 paria

266 1483 305 1521 nrt
325 1481 540 1522 PENBTBA'I'IONB
560 1481 634 1521 soni.

105 4977 225 5042 Quoniam
237 4996 329 5045 autem
342 4989 514 5046 manifestum
527 4997 575 5054 eat,
589 5006 639 5060 per
651 5004 766 5060 corpora
778 4988 845 5044 dura
921 4991 972 5046 Vis
986 4991 1046 5046 soni
1056 4989 1191 5060 excipitur
1200 4996 1257 5044 tota
1271 4990 1300 5043 in
1311 4988 1433 5060 qualibet
1443 4992 1520 5056 parte
1530 4984 1609 5051 aeria,
1619 5001 1677 5042 non

76 5050 150 5127 (velut
161 5070 253 5122 terram
267 5069 408 5139 figularern
421 5077 450 5125 et
462 5065 578 5142 vitrum)
591 5069 706 5124 naurire
720 5075 747 5123 et
760 5084 844 5138 pene·
882 5076 940 5124 tota
959 5071 988 5124 in
1008 5076 1064 5125 toto
1084 5072 1155 5133 aire,
1176 5069 1230 5122 nisi
1253 5068 1376 5124 foramen
1399 5076 1446 5121 aut
1464 5073 1571 5120 meatus
1592 5065 1676 5120 fuerit

75 5139 133 5190 trare
145 5157 248 5213 sonum
267 5148 349 5219 idque
360 5150 442 5204 etiam
456 5149 636 5203 certissimum
648 5156 688 5202 eat
702 5147 782 5223 (licet
795 5147 844 5201 ad-
883 5149 960 5203 valde
975 5148 1072 5213 exilia:
1093 5149 1189 5202 namsi
1199 5156 1252 5203 stet
1266 5149 1327 5219 quia
1339 5148 1369 5201 iu
1382 5145 1443 5199 loco
1453 5144 1545 5215 aliquo
1555 5145 1675 5199 maxime

75 5208 120 5303 hile
131 5217 260 5280 hominum
274 5227 489 5283 observationem
502 5225 629 5300 latuerit)
644 5228 733 5281 inesse
746 5227 777 5281 in
789 5244 846 5281 oni·
882 5228 984 5292 clauso,
998 5229 1037 5282 ita
1056 5238 1085 5282 ut
1105 5244 1160 5282 non
1180 5234 1304 5297 penetret
1322 5242 1406 5280 sonus
1420 5224 1536 5287 omnino,
1550 5223 1632 5294 idque
1646 5224 1675 5278 in

75 5301 99 5343 ¹¹¹
115 5311 216 5369 torpore
237 5307 361 5377 tangibili
383 5308 584 5379 pneumaticum
605 5308 733 5378 quiddam
747 5314 844 5376 prater
883 5324 1042 5378 quacunque
1064 5315 1143 5378 parte
1165 5307 1281 5377 aphaerae
1294 5305 1362 5367 coni,
1375 5312 1402 5357 et
1419 5304 1465 5356 fiat
1478 5301 1601 5357 foramen
1613 5319 1676 5372 par·

76 5380 152 5466 imit·
169 5396 267 5438 masam
284 5387 479 5449 intermixtum,
498 5386 644 5441 videndum
664 5403 730 5441 num
750 5386 844 5457 hujus·
883 5404 954 5451 vum,
968 5404 1022 5441 vox
1036 5386 1179 5441 articulata
1188 5385 1297 5439 intrabit
1310 5400 1360 5453 per
1373 5381 1441 5436 illud
1454 5381 1584 5447 foramen,
1596 5390 1623 5435 et
1631 5382 1677 5435 de·

77 5452 136 5507 ΜΦ
148 5466 289 5527 peremtio
302 5466 362 5523 soni
372 5466 497 5522 noninde
511 5467 567 5531 fiat,
578 5465 651 5537 quod
661 5472 753 5537 partes
762 5483 845 5538 pneu·
882 5466 964 5540 nique
976 5483 1026 5538 per
1039 5474 1080 5521 tot
1098 5465 1232 5521 foramina
1249 5471 1315 5534 quot
1332 5460 1464 5532 placuerit
1477 5461 1613 5519 terebrare
1627 5478 1677 5533 per
