3800 5875
212 303 272 360 688
509 302 762 369 PARMENIDIS,
783 301 943 369 TELESH,
963 303 1012 358 ΕΤ
1034 301 1250 358 DEMOCRITI
1271 300 1543 365 Pntbososffla.

209 464 289 528 ditor,
299 462 336 517 iia
344 462 472 534 quaedixi
481 462 684 533 impedimentis
692 461 822 517 obruitur.
848 461 1008 533 Longealia
1041 461 1194 516 istiusmodi
1216 477 1245 515 re
1265 460 1384 514 maerere
1404 467 1562 530 praesumat,
1582 459 1686 531 quibos
1708 460 1794 516 morie
1806 469 1852 516 est

210 545 282 599 ratio
295 551 338 598 est
348 542 477 607 scientim,
487 545 565 612 cujus
578 541 698 614 dignitas
708 541 870 595 utilitatibus
881 550 908 594 et
919 541 1007 611 operi·
1041 557 1077 594 ex
1090 556 1214 610 personae
1229 538 1343 594 calculis
1356 538 1465 610 singola
1476 541 1621 603 animae,
1636 539 1682 593 rel
1697 558 1734 595 ex
1747 541 1851 596 similis

210 623 262 679 bos
277 622 404 677 monitor.
440 620 481 676 Ac
494 623 690 691 detemporom
703 621 811 688 injuriis
825 620 881 675 iere
895 637 1007 674 securus
1041 629 1155 674 conatus
1182 617 1317 689 exemplis
1343 619 1526 692 conjecturam
1550 618 1652 684 iacere,
1674 619 1718 673 illi
1743 621 1851 676 dictam

210 719 281 769 sum,
292 702 326 756 de
336 700 479 756 hominum
488 718 553 755 vero
566 701 674 769 injuriis
688 716 742 754 non
755 699 860 755 laboro.
901 698 1006 770 Siquis
1041 699 1103 753 volo
1124 705 1154 752 et
1173 698 1241 754 illud
1254 706 1338 762 vetus,
1353 697 1480 753 claudum
1497 699 1527 753 in
1541 699 1595 765 aia,
1609 715 1754 754 cunerem
1767 709 1850 755 extra

210 783 283 837 enim
298 797 341 835 me
354 779 532 835 nimisaltom
552 796 648 849 sapere
668 779 748 843 dicat,
766 777 918 849 respondeo
938 779 1005 832 sim·
1041 778 1114 833 viam
1135 786 1313 842 antevertere,
1328 784 1356 832 et
1376 778 1409 832 de
1430 777 1567 849 exemplis
1587 795 1643 832 non
1657 779 1848 850 cogitandum,

210 861 326 931 pliciter,
341 859 370 913 io
385 858 512 914 civilibus
529 859 609 914 rebus
623 875 684 914 esse
698 858 838 913 modestice
851 856 955 921 locom;
977 859 1005 912 io
1041 874 1098 912 rem
1120 857 1194 912 enim
1217 857 1277 912 sine
1300 856 1428 926 exemplo
1448 874 1517 912 esse.
1558 856 1727 912 Publicsndi
1751 869 1847 914 sotem

210 938 485 1011 contemplationibus
496 939 608 993 veritati
637 937 1005 1009 Siquiarerooperastatiro
1040 936 1093 990 ista
1106 937 1175 991 ratio
1188 954 1223 991 ea
1235 944 1283 1000 est,
1298 943 1328 992 ot
1349 954 1411 1008 qoae
1431 938 1467 991 ad
1486 936 1664 1007 ingeniorum
1682 955 1846 1009 compon-

210 1020 313 1090 exigat,
328 1018 372 1071 aio
385 1018 444 1072 sine
458 1019 531 1072 omni
546 1019 703 1087 impostura,
723 1034 776 1081 me,
790 1017 929 1071 hominem
947 1033 1003 1070 non
1040 1015 1145 1070 dentiae
1159 1016 1314 1087 captandas,
1329 1025 1357 1069 et
1369 1016 1502 1070 mentium
1516 1032 1595 1071 areas
1608 1019 1772 1088 purgandae
1786 1037 1847 1089 per-

210 1114 303 1153 senem
324 1095 556 1162 valetudinarium,
571 1097 699 1152 civilibus
713 1096 811 1150 studiis
826 1096 1004 1166 implicatum,
1042 1096 1136 1159 tinent,
1145 1097 1260 1150 edantur
1273 1096 1301 1150 in
1313 1094 1411 1165 vulgos
1425 1104 1452 1149 et
1465 1112 1515 1167 per
1528 1113 1576 1150 ora
1591 1095 1722 1160 volitent;
1737 1097 1846 1169 reliqna

211 1176 401 1231 remomuiorn
413 1176 631 1231 obscurissimam
643 1175 1005 1246 sinedoceacluceaggres
1040 1191 1089 1245 per
1102 1191 1198 1230 manus
1213 1175 1352 1229 tradantur
1362 1191 1424 1228 cum
1436 1174 1569 1229 electione
1583 1183 1612 1230 et
1623 1176 1740 1244 judicio.
1783 1179 1846 1233 Nec

210 1272 278 1322 sum,
287 1255 353 1310 satia
363 1255 552 1325 proiecisse,ei
565 1255 721 1310 machinam
730 1256 818 1325 ipsunt
830 1271 861 1307 ac
874 1254 1005 1308 iabricam
1040 1272 1084 1308 me
1097 1253 1172 1319 latet,
1186 1254 1316 1309 usitatum
1330 1263 1357 1307 et
1377 1255 1470 1308 tritum
1485 1271 1545 1308 eme
1559 1255 1742 1325 impostorum
1755 1258 1844 1311 artili-

209 1335 399 1399 cxstroxerinr,
410 1336 474 1391 licet
485 1351 546 1390 eam
559 1351 613 1389 non
624 1335 791 1389 exercuerim
805 1340 850 1388 rut
863 1334 1003 1389 moverim.
1040 1333 1120 1399 cium,
1136 1341 1165 1388 ot
1179 1333 1304 1405 qomdam
1318 1350 1334 1386 s
1348 1332 1432 1405 volgo
1444 1341 1595 1400 secernant,
1610 1334 1703 1389 nihilo
1715 1336 1752 1390 iis
1765 1337 1844 1409 inep-

210 1414 251 1469 Ac
261 1414 356 1469 eodem
365 1415 481 1470 candore
495 1414 629 1485 profiteor,
641 1413 889 1484 interpretationem
902 1421 1005 1469 notorie
1041 1413 1095 1477 tiis,
1110 1430 1178 1484 quas
1192 1412 1275 1485 volgo
1296 1413 1449 1483 propinent,
1463 1413 1587 1469 meliora
1631 1414 1689 1469 Sed
1710 1432 1765 1487 ego
1781 1417 1842 1472 aine

209 1493 363 1566 legitimam
376 1495 407 1548 in
420 1496 508 1564 primo
521 1494 660 1558 adscensu,
675 1500 821 1563 antequam
839 1493 874 1545 sd
889 1492 1004 1563 gradum
1039 1493 1114 1547 omni
1127 1493 1276 1563 impostore
1285 1509 1321 1546 ex
1334 1492 1506 1562 providentia
1519 1509 1587 1548 sana
1596 1495 1741 1565 promicio
1752 1496 1842 1566 ipsam

209 1582 313 1628 certum
327 1573 495 1644 generalium
509 1581 668 1643 perventum
681 1572 723 1636 sit,
738 1572 774 1626 ab
788 1571 862 1627 omni
883 1571 1004 1643 applica·
1039 1572 1270 1642 interpretationis
1294 1569 1445 1636 formulam,
1464 1580 1492 1626 et
1513 1572 1624 1627 inrema
1645 1591 1698 1646 per
1719 1576 1843 1640 eandem,

210 1653 285 1707 tione
299 1652 334 1707 ad
354 1669 437 1723 opera
459 1669 554 1723 puram
571 1669 603 1706 ac
617 1652 765 1720 sejunctam
779 1651 880 1706 serrari
894 1651 1003 1707 debere.
1039 1652 1111 1705 intra
1123 1650 1247 1722 legitima
1260 1659 1288 1706 et
1305 1659 1400 1720 optata
1416 1651 1527 1722 ingenia
1540 1651 1645 1717 clausa,
1659 1656 1800 1724 vegetiora
1811 1665 1842 1710 et

210 1731 281 1793 Quin
294 1740 321 1787 et
331 1749 378 1786 eoa
387 1749 488 1795 omnes,
498 1733 544 1802 qoi
555 1730 858 1802 experientiaeaeundis
868 1728 960 1801 aliqua
969 1748 1005 1785 ex
1040 1731 1185 1785 munitiora
1208 1731 1305 1786 fotura
1348 1731 1410 1800 lpse
1436 1747 1501 1785 vero
1524 1730 1617 1786 alieno
1641 1733 1769 1804 periculo
1789 1736 1843 1789 ista

210 1819 286 1881 perte
300 1811 467 1875 dediderunt,
482 1828 543 1865 cum
557 1810 899 1881 animoparumfirmi,aut
912 1818 1004 1865 osten·
1040 1809 1144 1865 molior.
1186 1809 1259 1864 Mihi
1286 1808 1361 1865 enim
1386 1808 1427 1863 nil
1448 1826 1550 1875 eorum,
1576 1829 1641 1883 quae
1663 1813 1701 1866 ab
1721 1815 1843 1869 exterma

211 1892 323 1945 tationis
336 1890 427 1960 cupidi
441 1889 695 1954 essent,inintroito
706 1905 818 1959 operum
831 1889 948 1959 pignora
961 1890 1004 1943 in·
1040 1890 1165 1959 pendent,
1176 1889 1251 1943 cordi
1265 1898 1315 1944 est.
1355 1889 1455 1960 Neque
1469 1892 1544 1944 enim
1560 1891 1643 1946 fame
1656 1908 1761 1963 anceps
1774 1910 1843 1958 son,

210 1970 371 2040 tempestive
382 1969 568 2039 investigasse,
580 1977 607 2022 et
615 1968 677 2022 inde
685 1968 849 2032 exturbatos,
861 1974 888 2021 et
898 1970 1005 2022 nsotra-
1039 1985 1089 2024 nec
1110 1968 1353 2024 haeresiarcbarom
1370 1985 1446 2024 more
1466 1978 1571 2025 sectam
1591 1971 1713 2027 condere
1732 1983 1844 2043 mom

211 2049 355 2119 gosiuisse
366 2050 433 2103 scio.
466 2048 494 2101 Si
506 2048 567 2118 quis
580 2053 672 2102 autem
682 2046 893 2116 pollicitationes
907 2048 1004 2103 saltem
1039 2049 1136 2114 habeo,
1151 2056 1179 2102 et
1195 2047 1330 2119 privatum
1347 2047 1457 2119 aliquod
1478 2049 1695 2106 emolumentum
1712 2070 1750 2108 ex
1769 2061 1845 2108 tanta

210 2127 387 2197 particulares
407 2126 537 2197 requirat,
559 2127 584 2180 is
604 2127 709 2180 noverit
725 2125 850 2181 homines
873 2142 1004 2196 peream,
1041 2128 1180 2182 molitione
1202 2135 1311 2198 captare
1333 2127 1477 2182 ridiculum
1499 2137 1528 2182 et
1544 2137 1626 2201 turpe
1647 2131 1727 2187 duco.
1771 2131 1844 2187 Mihi

211 2224 272 2277 quas
285 2223 356 2261 nunc
375 2205 404 2260 in
419 2223 470 2261 oso
491 2214 539 2270 est,
554 2205 703 2270 scientiam,
717 2222 751 2259 ne
769 2207 836 2260 satis
856 2205 950 2261 doctos
969 2207 1004 2260 ad
1040 2208 1138 2262 sufficit
1151 2208 1240 2262 meriti
1253 2207 1427 2272 conscientia,
1442 2215 1470 2263 et
1483 2209 1546 2279 ipsa
1555 2208 1606 2263 illa
1620 2227 1713 2267 rernm
1726 2211 1844 2277 effectio,

211 2285 356 2354 optandum
371 2285 480 2356 quidem
494 2300 562 2339 esse.
604 2283 681 2345 Qood
700 2294 791 2339 antem
811 2285 925 2340 minoris
944 2303 1004 2340 mo·
1040 2288 1084 2342 coi
1097 2303 1132 2341 ne
1147 2286 1255 2342 fortuna
1268 2286 1330 2359 ipsa
1343 2286 1510 2343 intercedere
1525 2289 1623 2360 possit.

210 2364 295 2419 menti
309 2381 353 2420 res
367 2372 415 2431 est,
430 2364 453 2419 ai
468 2364 529 2436 quis
543 2381 579 2419 ex
593 2363 710 2434 politicis
730 2364 862 2433 judicium
877 2381 956 2421 mum
975 2365 1004 2421 in

569 2832 636 2907 DE
664 2834 938 2910 PRINCIPIIS
966 2836 1140 2920 ATQUE
1167 2837 1483 2926 ORIGINIBUS,

644 3070 840 3121 SECUNDUM
859 3070 1020 3122 assutas
1039 3072 1219 3123 CUPlDlNlS
1238 3072 1282 3122 ET
1301 3072 1409 3124 (3OEle

995 3245 1055 3281 ΜΕ

732 3370 1024 3436 PARMENlDlS
1046 3371 1102 3436 ET
1122 3371 1312 3451 TELESll,

916 3555 951 3590 tt·
967 3554 1102 3591 tauteus

519 3691 941 3782 DEMOCRITI
986 3701 1520 3802 PHILOSOPHIA,

818 3886 1009 3941 Tuscum
1028 3891 1063 3941 ΙΝ
1081 3892 1227 3944 Fabula.

887 4055 939 4112 DE
960 4056 1157 4114 CUPlDlNE.

248 4251 317 4313 Qua
330 4253 363 4308 de
381 4253 516 4325 Cupidine
533 4257 591 4313 sive
605 4257 706 4316 Amore
720 4260 755 4315 ab
768 4261 887 4332 antiquis
899 4279 1002 4318 memo·
1037 4264 1305 4330 retheris,maris,et
1324 4268 1446 4323 terranei
1466 4269 1672 4327 deserebantur.
1715 4271 1836 4342 Fingitor

207 4337 268 4383 rata
281 4340 350 4397 sont,
364 4333 394 4387 in
408 4336 522 4391 eandem
543 4354 686 4408 personam
706 4340 849 4395 convenire
866 4357 922 4396 non
943 4360 1003 4413 pos·
1037 4360 1145 4414 quoque
1166 4351 1194 4399 et
1216 4345 1368 4402 celebrator
1386 4347 1456 4403 alter
1477 4349 1587 4420 Cupido
1608 4352 1708 4417 minor,
1722 4351 1835 4406 Venetis

207 4417 286 4475 aunt;
308 4412 471 4482 quinetiam
486 4415 521 4470 ab
534 4417 603 4488 ipsis
621 4426 757 4488 ponuntur
776 4420 926 4490 Cupidines
940 4422 1002 4487 dno,
1037 4423 1116 4487 filius,
1132 4424 1160 4476 in
1175 4440 1257 4494 quern
1270 4427 1398 4482 attributa
1408 4428 1572 4500 antiquioris
1586 4431 1794 4497 transferuntur,
1807 4440 1834 4485 et

206 4497 234 4542 et
247 4486 330 4560 longo
344 4508 410 4546 sane
424 4493 569 4561 intervallo
582 4497 781 4569 discrepantem
802 4516 865 4554 cum
882 4517 954 4557 onos
968 4519 1004 4557 ex
1037 4503 1149 4573 propria
1162 4504 1248 4558 molta
1259 4505 1430 4575 adjiciuntur.

206 4567 241 4621 iis
252 4568 372 4624 Deorum
386 4573 598 4644 antiquissimos,
614 4575 761 4632 alternato
776 4578 905 4633 minimos
916 4580 1002 4635 tuisse
1077 4581 1183 4635 Fabula
1191 4582 1326 4650 iata,com
1336 4587 1461 4657 sequenti
1475 4587 1509 4642 de
1520 4587 1599 4653 eoelo,
1608 4589 1686 4644 brevi
1701 4589 1833 4660 parabola

206 4646 347 4704 diceretur.
390 4650 478 4723 Atque
487 4653 519 4708 de
534 4657 648 4727 antiquo
660 4655 709 4710 illo
722 4658 800 4712 nobis
813 4657 842 4711 in
856 4662 1003 4728 praesentia
1037 4660 1182 4731 complexo
1196 4680 1347 4734 proponere
1360 4665 1467 4722 videtur
1480 4667 1632 4723 doctrinam
1647 4669 1682 4723 de
1697 4668 1832 4739 principiis

206 4741 296 4781 sertim
309 4737 360 4784 est.
403 4731 523 4787 Narrant
540 4735 633 4805 itaque
648 4736 776 4791 Amorem
790 4736 868 4791 illum
882 4738 1003 4793 omnium
1038 4755 1127 4794 rerum
1141 4747 1168 4794 et
1182 4742 1277 4796 mundi
1290 4744 1449 4815 originibus,
1460 4762 1515 4800 non
1530 4746 1647 4802 multum
1660 4748 1830 4803 dissidentem

206 4804 327 4861 Deorum
348 4809 432 4864 foisse
453 4813 671 4884 antiquissimum
692 4825 774 4887 atque
794 4816 864 4871 adeo
883 4818 1003 4873 omnium
1037 4819 1072 4872 ab
1086 4835 1119 4873 es
1133 4819 1316 4892 philosophia,
1329 4840 1411 4894 qoam
1429 4824 1606 4881 Democritus
1619 4827 1766 4892 exhibuit;
1780 4826 1828 4881 nisi

205 4902 304 4949 rerum,
319 4898 434 4958 excepto
452 4891 537 4956 Chao,
553 4893 626 4964 qood
645 4895 671 4948 ei
694 4912 815 4951 coaevum
835 4896 1002 4967 perhibetur.
1038 4899 1110 4969 quod
1124 4899 1247 4956 rideatur
1260 4901 1400 4973 aliquanto
1420 4905 1511 4975 magis
1532 4922 1636 4970 severa,
1651 4914 1679 4961 et
1698 4907 1793 4969 sobria,
1806 4914 1829 4959 et

205 4963 294 5036 Atque
307 4967 391 5023 Amor
404 4970 457 5025 iate
478 4987 590 5040 prorsus
603 4973 662 5027 sine
682 4981 795 5043 parente
816 4975 1002 5032 introducitur.
1037 4987 1209 5050 perpurgata
1251 4980 1318 5049 Ejus
1331 4982 1405 5037 enim
1418 4983 1478 5049 viri,
1492 4983 1557 5038 licet
1571 4988 1724 5041 acutissimi
1737 4984 1828 5041 etdtli

206 5042 268 5112 lpse
283 5054 447 5103 autemcom
461 5048 540 5104 Corio
553 5051 664 5116 mixtus,
679 5060 707 5107 et
720 5053 785 5109 deos
799 5063 827 5108 et
841 5072 885 5111 res
899 5057 1004 5111 unirer·
1038 5059 1198 5128 gentissimi,
1226 5060 1468 5131 contemplationes
1501 5063 1655 5135 gliscebant
1682 5074 1782 5129 umen,
1804 5074 1825 5117 ct

203 5139 249 5176 aas
270 5129 422 5195 progenuit
465 5128 649 5185 Anonnullis
671 5139 761 5187 tamen
781 5150 833 5188 ovo
854 5144 1004 5207 prognatus
1038 5136 1148 5192 modum
1162 5146 1255 5194 tenere
1267 5141 1368 5195 nescire
1381 5149 1466 5207 erant,
1476 5160 1527 5197 nec
1542 5161 1571 5197 se
1586 5145 1654 5199 satis
1668 5144 1825 5217 stringebant

203 5201 349 5258 incubante
373 5206 462 5262 Nocte
482 5208 595 5262 traditus
616 5217 667 5264 est.
687 5212 777 5280 ·Ejns
790 5229 855 5267 vero
875 5216 1005 5270 attributa
1038 5224 1086 5269 aot
1101 5217 1278 5274 sustinebant
1306 5218 1394 5289 Atque
1408 5221 1492 5276 etiam
1505 5222 1566 5277 hoec
1580 5226 1644 5295 ipsa
1656 5224 1823 5295 placitaque

204 5290 342 5349 ponuntur
368 5285 484 5350 diversa,
507 5295 537 5341 ut
559 5288 595 5342 sit
618 5289 709 5344 infans
730 5299 886 5361 perpetuos,
905 5311 1002 5361 emens,
1038 5295 1066 5348 in
1083 5296 1389 5365 parabolsdelitescunt,
1405 5303 1531 5372 quamvis
1544 5303 1626 5372 paolo
1641 5304 1822 5363 emendatiora

203 5442 232 5487 et
245 5441 364 5508 propria,
378 5443 414 5497 ad
433 5459 546 5513 corpora
565 5445 684 5501 unienda
701 5447 787 5503 valet:
810 5450 893 5506 etiam
913 5451 1003 5509 claves
1038 5454 1089 5508 sibi
1102 5455 1244 5524 permisso,
1257 5458 1352 5512 necab
1363 5460 1535 5529 experientia
1545 5463 1717 5518 continentes
1730 5470 1755 5517 et

204 5359 584 5436 nodoqalatuqsagittarios.
614 5368 665 5421 Vis
678 5376 769 5422 autem
785 5371 845 5438 ejus
856 5375 1002 5444 praecipua,
1038 5373 1104 5428 talia
1118 5376 1289 5448 suntqoab'a
1302 5394 1361 5432 esse
1376 5389 1490 5449 possunt
1503 5379 1633 5454 illaque
1647 5385 1683 5437 ab
1696 5381 1768 5437 intell

1736 5392 1824 5831 Ῐ
