3800 5875
630 310 680 365 DE
701 307 903 369 sacreum
922 309 1117 366 vacuam.
1629 310 1686 373 719

64 466 170 529 cebant,
181 470 262 536 atque
275 465 301 519 is
314 464 421 520 demum
436 464 555 537 palmam
569 468 681 538 accepit,
692 467 740 539 qui
754 468 857 538 primns
892 467 1002 523 hibetur
1015 484 1065 537 per
1076 468 1182 538 virgam
1195 484 1231 522 ex
1245 466 1331 522 serula
1344 465 1378 520 ad
1392 482 1498 521 currum
1516 465 1582 520 solis
1594 468 1687 525 admo·

64 545 155 600 lacem
168 560 311 600 accensam
324 545 360 601 etl
373 553 474 600 metam
488 563 573 617 usque
586 546 733 601 detulisset.
893 554 958 602 tam.
999 547 1099 601 Ferula
1112 548 1185 602 enim
1199 547 1234 600 cd
1247 547 1447 617 percussionem
1459 554 1487 600 et
1499 545 1595 616 plagas
1609 548 1686 602 adhi-

106 623 211 679 Pahula
236 624 480 695 contemplationes
510 625 641 696 plurimas
667 642 745 680 seraa
775 631 855 697 atque
893 627 979 691 betur,
993 634 1023 681 ut
1035 626 1185 680 luculenter
1203 626 1378 697 significetur,
1392 625 1466 696 ignia
1482 627 1686 695 generationem

65 719 172 773 graves,
185 712 213 758 et
230 719 287 772 prae
305 720 335 758 se
353 704 414 767 lert,
433 711 462 758 et
477 705 585 774 premit.
627 705 765 759 Nonnulla
783 704 855 758 enim
894 722 942 775 per
961 721 1104 776 corpcmm
1123 706 1255 759 violentas
1275 706 1462 775 percussiones
1481 711 1508 758 et
1528 703 1685 761 collisiones

64 784 97 837 in
118 799 153 837 ea
175 781 338 852 jampridem
359 790 432 837 recte
455 789 554 846 notata,
575 782 630 837 alia
652 782 732 852 plane
755 783 856 837 intacta
893 784 960 848 lieri,
974 801 1010 838 ex
1022 784 1121 855 quibua
1135 792 1307 839 attenuantur
1319 784 1447 847 materia,
1461 792 1490 838 et
1505 784 1533 836 in
1547 791 1623 838 motu
1636 802 1686 854 po-

64 871 137 916 sunt.
177 861 355 916 Prometheus
374 861 570 932 providentiam
590 861 693 933 liquido
713 869 740 917 et
757 862 855 917 diserte
892 872 997 927 cuntur,
1012 863 1086 919 etad
1100 862 1218 918 calorem
1230 863 1381 918 coelestium
1398 862 1600 932 suscipiendum
1618 880 1686 933 prar-

63 942 217 1012 aignificat:
251 949 332 1010 atque
358 942 388 995 in
413 957 504 995 rernm
527 942 701 996 universitate
728 940 786 996 sola
810 943 856 996 de·
893 951 1029 1012 parantur,
1056 942 1211 1013 ignemque,
1235 943 1318 998 veluti
1339 959 1375 997 ex
1399 959 1478 996 curru
1502 942 1575 1006 solis,
1597 942 1686 997 modis

65 1026 174 1088 sumpta
191 1028 219 1074 et
236 1019 341 1073 delecta
360 1028 402 1074 est
420 1020 456 1073 ab
476 1020 596 1091 antiquis
614 1019 733 1075 hominis
753 1021 855 1076 fabrica
893 1021 1075 1084 clandestinis,
1097 1038 1129 1075 ae
1152 1022 1229 1091 quasi
1248 1022 1339 1076 furtim
1358 1022 1505 1091 decerpunt
1523 1029 1550 1074 et
1567 1021 1684 1090 rapiunt.

65 1099 268 1162 etconstitutio,
282 1117 344 1170 qum
357 1099 533 1169 providentias
552 1100 714 1154 attribuatur
726 1108 856 1172 tanquam
894 1100 1021 1171 Sequitur
1041 1099 1178 1170 parabola
1205 1118 1269 1171 pars
1296 1100 1420 1170 insignis.
1461 1100 1602 1163 Homines,
1624 1099 1686 1155 loco

64 1194 135 1249 opus
148 1179 298 1248 proprium.
339 1179 430 1248 Hujus
439 1179 479 1234 rei
488 1195 543 1233 non
558 1178 645 1233 solum
658 1178 724 1234 illud
737 1179 766 1233 iu
774 1196 855 1235 causa
892 1179 1080 1251 gratulationis
1093 1188 1121 1234 et
1134 1181 1281 1251 gratiarum
1294 1180 1415 1243 actionis,
1427 1178 1461 1231 ad
1469 1179 1684 1249 indignationem

64 1274 127 1312 esse
140 1257 254 1320 sidetur,
268 1257 339 1329 qnod
352 1258 469 1312 hominia
487 1265 582 1313 natura
599 1265 719 1313 mentem
736 1260 854 1328 suscipit,
892 1266 921 1313 et
933 1258 1178 1330 expostulationem
1192 1275 1284 1314 versos
1304 1275 1371 1323 esse,
1387 1265 1468 1329 atque
1485 1259 1685 1314 accusationem

63 1344 149 1407 atque
163 1336 329 1392 intellectum
341 1337 517 1406 providentias
537 1337 644 1403 sedem;
665 1344 746 1409 atque
759 1338 855 1393 durum
892 1344 921 1392 et
933 1338 1089 1393 Promethei
1103 1346 1130 1393 et
1142 1338 1216 1409 ignia
1229 1337 1302 1410 apud
1314 1337 1411 1393 lovem
1428 1336 1576 1392 instituisse
1584 1358 1592 1403 ς
1613 1355 1685 1392 eam-

64 1416 263 1488 quodammodo
287 1416 392 1471 ridetur
416 1424 444 1470 et
468 1415 625 1471 incredibile
653 1433 689 1471 ex
713 1416 855 1488 principiis
892 1434 944 1489 quc
955 1434 1014 1472 rem
1022 1417 1085 1471 lovi
1095 1417 1311 1488 acceptissimam
1321 1417 1413 1483 fnisse,
1425 1415 1494 1471 adeo
1504 1422 1534 1470 ut
1542 1415 1685 1472 homiuum

63 1496 151 1551 brutis
175 1504 203 1551 et
225 1495 312 1551 mrdie
336 1497 461 1560 excitare,
483 1502 512 1550 et
534 1496 648 1550 educere
671 1495 804 1549 rationem
828 1505 855 1550 et
892 1497 1032 1551 commoda
1059 1496 1094 1549 ob
1120 1495 1172 1551 hoc
1196 1513 1266 1551 noca
1290 1496 1474 1551 munificentia
1499 1495 1683 1552 cumulaverit.

63 1582 192 1640 mentem,
206 1582 237 1629 nt
254 1575 310 1630 fere
327 1575 479 1630 necessario
496 1574 672 1629 concludatur
685 1575 854 1644 providentia
892 1575 1025 1636 Quorsum
1038 1576 1110 1630 enim
1130 1576 1185 1631 ista
1203 1577 1324 1630 criminis
1341 1576 1443 1647 ingrati
1461 1591 1528 1645 erga
1547 1583 1684 1630 auctorem

63 1654 165 1708 animm
177 1654 303 1709 humanae
319 1654 407 1708 indita
423 1670 492 1718 ease,
505 1669 561 1707 non
579 1654 638 1707 sine
655 1653 812 1723 exemplari,
826 1662 855 1709 ct
892 1670 970 1710 suurn
984 1654 1067 1709 animi
1087 1656 1172 1726 (quod
1185 1655 1280 1710 sitium
1299 1656 1391 1709 omnia
1410 1656 1466 1709 tere
1484 1653 1682 1725 complectitur)

63 1734 224 1797 intentione,
244 1741 272 1788 et
298 1740 501 1788 asrctoramentc
526 1732 702 1803 providentiae
725 1734 854 1800 majoriae
892 1734 1052 1804 approbatio
1065 1741 1092 1788 et
1104 1735 1306 1789 remuneratiol
1328 1733 1384 1789 lies
1403 1733 1458 1788 alio
1476 1741 1598 1803 spectare
1611 1734 1684 1789 ride·

62 1829 161 1867 aerum
169 1820 197 1867 et
210 1812 262 1867 hcc
276 1812 412 1883 praecipue
425 1812 588 1883 proponitur,
599 1811 672 1884 quod
682 1811 854 1867 homoseluti
892 1819 943 1867 tur.
983 1813 1046 1867 Hoc
1059 1814 1134 1867 enim
1146 1812 1203 1868 vult
1216 1813 1363 1884 allegoria;
1383 1811 1580 1867 incusationem
1593 1821 1682 1867 etna·

63 1900 188 1946 centrum
200 1891 294 1946 mundi
306 1892 350 1956 ait,
361 1900 492 1963 quatenus
502 1890 538 1944 ad
547 1906 642 1946 causas
655 1890 765 1954 tinalear
787 1891 855 1946 adeo
891 1897 958 1947 turae
976 1908 1040 1957 aure,
1055 1899 1083 1948 at
1102 1893 1175 1956 artis,
1190 1909 1239 1963 per
1259 1892 1384 1947 homines
1403 1892 1511 1955 tactam,
1525 1908 1561 1946 ex
1580 1893 1683 1962 optimo

62 1977 104 2034 ut,
117 1971 254 2026 sublatos
267 1971 348 2026 rebus
365 1970 483 2034 homine,
497 1969 604 2041 reliqua
616 1970 710 2041 vagari
724 1970 782 2025 sine
795 1987 855 2041 pro·
891 1971 990 2026 mentis
1003 1978 1075 2026 statu
1089 1972 1229 2040 proticisci,
1241 1979 1321 2043 atque
1333 1971 1363 2026 in
1376 1972 1476 2025 bonum
1489 1970 1601 2035 cederes
1622 1987 1684 2026 cou-

63 2050 351 2119 poaitosideanturet
364 2050 496 2114 fluctuari,
510 2057 599 2121 atquc,
614 2048 686 2120 qnod
700 2048 782 2113 aiunt,
796 2066 855 2104 cco·
891 2051 1003 2105 manum
1016 2051 1069 2104 diis
1088 2051 1205 2106 inrisum
1222 2057 1251 2105 et
1268 2051 1415 2106 infaustum
1435 2066 1503 2105 ease.
1545 2050 1597 2111 Qui
1610 2051 1684 2106 enim

63 2146 108 2199 pta
121 2129 258 2183 dissolutae
273 2145 341 2193 esse,
355 2145 406 2184 nec
423 2130 507 2184 finem
523 2135 624 2199 petere.
665 2128 765 2183 Omnia
783 2129 855 2184 enim
891 2137 1016 2184 naturam
1029 2129 1175 2185 humanam
1189 2129 1233 2185 vel
1246 2139 1317 2184 artes
1331 2137 1454 2200 receptas
1473 2130 1503 2182 in
1521 2128 1684 2185 immensum

63 2209 235 2263 subserviunt
247 2208 359 2272 homini,
370 2208 537 2280 iaqueuaum
550 2214 578 2262 et
586 2208 702 2262 fructum
716 2223 752 2261 ex
764 2206 854 2279 singn-
892 2209 1033 2274 extollunt,
1060 2218 1088 2263 et
1114 2209 1193 2264 effusi
1219 2210 1332 2264 suntin
1358 2208 1564 2264 admirationem
1591 2225 1684 2264 earum

64 2284 101 2342 lia
117 2286 193 2341 elicit
213 2291 241 2342 et
261 2287 342 2357 capit
381 2286 490 2342 Etenim
508 2293 642 2341 astrorum
659 2287 854 2353 conversiones,
891 2304 1071 2359 rerumquae
1089 2287 1192 2342 habent
1209 2297 1238 2342 et
1256 2289 1446 2360 possident,et
1465 2288 1705 2359 scientias,quaa

64 2374 93 2420 et
106 2367 220 2437 periodi,
233 2374 262 2422 et
275 2366 509 2421 addistinctionea
526 2372 683 2441 temporum,
698 2372 727 2420 et
743 2367 778 2419 ad
795 2366 855 2436 pla·
893 2369 1053 2437 prolitenmr
1078 2376 1124 2421 sut
1149 2367 1246 2432 colunt,
1274 2368 1408 2438 perlectas
1439 2382 1549 2438 prorsus
1580 2367 1684 2422 censeri

63 2462 163 2515 garum
182 2445 275 2501 mundi
296 2445 510 2501 distributionem
528 2445 641 2501 laciunt.
681 2444 718 2498 Et
736 2452 855 2500 meteora
892 2445 992 2511 volunt,
1006 2445 1048 2500 illi
1066 2448 1155 2516 primo
1174 2447 1301 2501 adsersus
1318 2446 1438 2501 divinam
1455 2455 1579 2501 naturam
1594 2446 1684 2502 minua

63 2525 99 2578 ad
113 2526 247 2597 praesagia
259 2532 456 2595 tempestatum,
471 2531 499 2579 et
511 2523 585 2579 venti
597 2532 655 2579 mm
671 2524 706 2578 ad
725 2524 855 2595 navigan·
892 2533 1048 2580 reverentes
1064 2533 1133 2589 sunt,
1147 2526 1224 2594 cujus
1239 2525 1400 2595 perfectioni
1418 2542 1467 2580 sua
1489 2526 1545 2579 sere
1563 2525 1684 2597 aequipa-

63 2604 137 2667 dum,
152 2614 209 2659 tum
225 2604 260 2658 ad
277 2603 371 2669 molas,
385 2612 413 2659 et
431 2603 586 2659 machinas:
607 2610 635 2658 et
655 2603 753 2674 plantas
774 2613 855 2675 atque
892 2612 969 2668 rant;
989 2604 1085 2658 deinde
1099 2605 1181 2658 iidem
1196 2620 1261 2676 erga
1271 2604 1396 2659 homines
1409 2605 1497 2675 magis
1510 2610 1572 2658 sunt
1586 2605 1684 2659 infruc-

62 2682 197 2738 animalia
206 2683 388 2755 cujuscunque
398 2684 513 2755 generis,
521 2690 568 2737 aut
577 2682 611 2736 ad
621 2682 758 2737 domicilia
768 2681 855 2738 homi·
892 2684 971 2746 tucci,
991 2701 1053 2738 cum
1074 2683 1159 2738 seed
1181 2684 1321 2754 fastigium
1342 2701 1433 2739 rerum
1453 2684 1511 2752 jam
1528 2684 1684 2753 pervenisse

63 2761 108 2817 nis
121 2769 151 2816 et
162 2762 286 2828 latebras,
301 2770 346 2818 aut
359 2764 501 2825 adrestas,
516 2770 562 2817 aut
581 2761 617 2817 ad
629 2762 739 2826 rictum,
753 2771 801 2816 aut
821 2764 855 2817 ad
892 2769 993 2832 putent,
1007 2769 1036 2817 et
1048 2770 1175 2832 tanquam
1189 2763 1322 2833 perfuncti
1341 2763 1470 2817 ulteriora
1483 2778 1537 2815 uon
1552 2770 1683 2832 quierant.

62 2841 236 2907 medicinam,
251 2848 299 2897 aut
311 2843 346 2897 ad
358 2840 614 2909 levandoslahores,
627 2848 675 2895 aut
686 2841 803 2913 denique
821 2842 856 2896 ad
893 2840 995 2896 Contra
1009 2843 1055 2913 qui
1073 2851 1195 2896 naturam
1214 2849 1241 2895 et
1260 2849 1332 2896 artes
1352 2842 1483 2905 deferunt,
1501 2849 1529 2895 et
1546 2849 1682 2905 accusant,

62 2920 271 2977 delectationem
284 2928 311 2978 et
320 2921 446 2977 solatium
455 2921 623 2978 reseruntur:
644 2921 712 2976 adeo
721 2929 752 2976 ut
764 2922 856 2978 omnia
893 2930 920 2977 et
944 2922 1173 2993 querimoniarum
1195 2921 1270 2992 pleni
1295 2928 1365 2986 sunt,
1389 2920 1430 2977 illi
1453 2938 1517 2976 sere
1543 2928 1570 2975 et
1596 2920 1685 2993 magis

61 3017 176 3070 prorsus
190 3017 244 3055 non
258 3017 336 3056 snam
349 3019 408 3058 rem
421 3018 502 3072 egere
512 3001 660 3064 rideantur,
670 3001 718 3057 sed
727 3001 854 3057 hominis.
892 3002 1044 3057 modestum
1064 3002 1148 3055 animi
1172 3018 1282 3056 sensum
1303 3002 1428 3064 retinent,
1451 3007 1479 3055 ct
1498 3008 1630 3070 perpetuo
1649 3000 1684 3055 ad

61 3079 165 3152 Neque
176 3088 278 3135 temere
288 3080 409 3136 additum
418 3090 467 3145 est,
476 3080 506 3134 in
518 3096 608 3134 masaa
620 3079 668 3134 illa
682 3088 710 3133 et
723 3080 855 3150 plasmate
892 3098 991 3135 novam
1011 3081 1178 3144 industriam,
1199 3087 1226 3135 et
1245 3097 1315 3134 nova
1336 3081 1446 3135 iuventa
1466 3078 1683 3135 exstimulantur.

61 3158 213 3229 particulas
227 3177 264 3215 ex
275 3160 389 3215 diversis
402 3159 584 3214 animantibus
596 3160 759 3228 desumptas,
774 3167 854 3231 atque
893 3160 953 3222 Quo
964 3159 1035 3215 mihi
1048 3160 1136 3230 magia
1151 3160 1242 3214 mirari
1265 3159 1332 3214 libet
1347 3158 1488 3214 hominum
1505 3157 1641 3213 inscitiam
1657 3165 1685 3213 et

61 3237 686 3309 cumlutcillotemperatasetconlusasiuimes
701 3240 855 3309 quieveris
893 3239 994 3294 malum
1014 3240 1133 3310 genium,
1154 3240 1208 3310 qui,
1229 3254 1375 3309 paucorum
1395 3237 1556 3309 arrogantia
1576 3237 1684 3305 servuli,

61 3317 164 3372 simum
178 3325 227 3382 est,
238 3320 357 3374 omnium
369 3336 467 3384 rerum,
478 3333 545 3389 quas
553 3318 708 3372 uuiversum
721 3316 855 3388 complec-
892 3318 973 3372 istam
987 3318 1222 3388 peripateticorum
1233 3318 1443 3389 philosophiam,
1452 3317 1603 3387 portionem
1612 3316 1685 3373 Grae-

61 3395 139 3461 titnr,
160 3394 300 3452 homiuem
319 3414 378 3452 rem
400 3397 520 3452 maxime
541 3398 719 3467 compositam
744 3413 804 3451 esse
828 3405 856 3452 et
892 3415 932 3452 cae
945 3396 1094 3468 sapientise,
1108 3413 1158 3450 nec
1172 3414 1233 3452 eam
1243 3413 1379 3468 magnam,
1388 3398 1416 3451 in
1427 3404 1502 3450 tanta
1511 3396 1685 3451 veneratione

61 3475 285 3546 decompositam,
300 3485 330 3531 ut
343 3493 397 3531 non
410 3476 546 3531 immerito
558 3476 593 3530 ab
606 3476 724 3542 antiquis
740 3476 855 3531 mundus
893 3477 1001 3541 habent,
1015 3484 1046 3531 ut
1058 3492 1164 3530 omnem
1179 3478 1237 3545 ejus
1250 3476 1445 3530 incusationem
1465 3491 1520 3529 nou
1540 3475 1628 3529 solum
1644 3476 1686 3530 in-

60 3554 155 3608 minor
167 3562 278 3610 vocatus
291 3556 334 3611 sit.
374 3555 503 3618 Quamvis
516 3556 590 3610 enim
601 3554 676 3609 serbi
686 3554 855 3610 microcosmi
892 3555 995 3620 utilem,
1004 3555 1211 3625 sedauspectam
1219 3565 1247 3611 et
1260 3555 1315 3610 lere
1324 3554 1502 3625 periculosam
1513 3554 1684 3610 reddiderint.

61 3633 231 3703 elegantiam
243 3634 360 3689 chemici
373 3635 455 3689 nimis
468 3634 561 3704 putide
575 3641 603 3688 et
615 3635 650 3688 ad
662 3633 769 3689 literam
779 3650 855 3689 acce·
893 3636 982 3706 Atque
995 3634 1083 3705 magis
1096 3635 1250 3705 probandus
1264 3643 1305 3690 est
1318 3642 1347 3689 et
1359 3633 1545 3704 Empedocles,
1559 3633 1605 3704 qui
1627 3639 1686 3687 tan·
1737 3646 1739 3649 ⁴

60 3713 156 3782 perint
168 3720 196 3767 et
208 3713 376 3779 detorserint,
391 3714 455 3769 dum
468 3714 498 3768 in
511 3712 620 3768 homine
641 3729 748 3768 omnem
768 3714 855 3768 mine·
893 3731 973 3785 quam
996 3714 1095 3779 furens,
1110 3722 1138 3767 ct
1157 3713 1334 3777 Democrima,
1349 3714 1397 3785 qui
1416 3730 1517 3784 magna
1537 3729 1598 3767 cum
1611 3728 1686 3767 vere·

60 3808 132 3853 rem,
154 3807 233 3848 omne
256 3793 416 3864 vegetabile,
442 3792 602 3865 etreliqua,
623 3799 671 3848 aut
692 3791 795 3865 aliquid
815 3795 855 3847 eis
893 3793 998 3858 cundia,
1023 3801 1175 3865 queruntur,
1198 3794 1289 3847 omnia
1309 3794 1433 3847 abstrusa
1453 3809 1522 3857 ease,
1542 3791 1613 3845 nihil
1633 3807 1685 3847 nos

60 3871 302 3941 proportionatum,
315 3872 426 3927 subesse
438 3871 547 3937 volunts
567 3879 660 3932 manet
678 3879 768 3927 tamen
788 3872 856 3927 illud
893 3873 969 3937 scire,
984 3873 1024 3926 nil
1038 3889 1156 3936 cernere,
1170 3873 1311 3927 veritatem
1331 3873 1360 3927 in
1377 3871 1517 3941 profundis
1531 3871 1619 3941 puteis
1632 3871 1685 3925 im·

60 3948 182 4004 solidum
207 3959 236 4004 et
260 3967 355 4006 sanum
378 3951 449 4022 quod
470 3951 595 4017 diximus,
617 3967 714 4021 corpus
737 3952 856 4007 hominia
892 3969 1016 4017 mersam,
1040 3951 1113 4006 veria
1140 3952 1208 4006 falsa
1231 3952 1309 4006 miris
1335 3951 1423 4005 modis
1450 3951 1576 4026 adjuncta
1602 3957 1684 4021 atque

60 4028 187 4084 omnium
201 4029 303 4084 entium
316 4037 345 4084 et
357 4030 477 4085 maxime
488 4030 612 4096 mixtum,
627 4038 656 4084 et
677 4030 796 4085 maxime
811 4047 854 4085 or·
893 4030 995 4085 intorta
1009 4048 1068 4086 ease
1084 4034 1160 4099 (nam
1173 4030 1312 4085 academia
1321 4046 1392 4083 nova
1402 4029 1511 4084 modum
1522 4045 1630 4099 prorsus
1637 4046 1685 4084 ex·

60 4107 193 4177 ganicum
205 4109 326 4178 reperiri,
341 4125 396 4179 quo
413 4110 501 4180 magis
520 4109 690 4164 admirandas
704 4110 814 4165 virtutes
829 4118 856 4165 et
893 4111 986 4180 cessit)
1001 4128 1082 4181 quam
1096 4110 1249 4165 Aristotelis
1267 4109 1361 4163 schola
1374 4109 1459 4164 tideus
1480 4115 1508 4163 et
1527 4108 1687 4176 pronuncia·

61 4184 208 4240 facultates
220 4188 341 4257 suscipit,
356 4194 383 4242 et
402 4188 581 4243 nanciscitur:
603 4186 767 4258 simplicium
783 4189 855 4243 enim
893 4189 957 4245 trix.
1006 4190 1102 4260 Itaque
1126 4189 1253 4243 monendi
1280 4195 1343 4243 sunt
1367 4187 1500 4253 homines,
1522 4188 1685 4243 delationem

61 4280 208 4334 corporum
220 4266 293 4320 sires
312 4283 406 4336 paucae
426 4275 496 4331 sunt,
517 4267 581 4323 licet
599 4275 679 4322 certae
699 4274 726 4321 et
745 4267 855 4338 rapidae,
893 4277 996 4324 naturas
1010 4276 1038 4323 et
1052 4267 1118 4322 artis
1130 4268 1183 4321 diis
1196 4268 1270 4322 cordi
1283 4283 1350 4332 esse,
1361 4274 1388 4321 et
1397 4283 1481 4322 novas
1489 4266 1684 4336 eleemosynas,

61 4344 130 4414 quia
145 4344 255 4399 minime
276 4361 324 4414 per
341 4346 481 4400 misturam
494 4345 624 4411 refracta,
638 4354 664 4400 et
677 4348 855 4413 comminutae,
893 4355 921 4401 ct
934 4347 1046 4402 donaria
1060 4363 1077 4400 a
1090 4347 1183 4401 divina
1195 4347 1362 4416 benignitate
1375 4347 1539 4417 impetrare3
1569 4346 1686 4402 etincu·

60 4430 92 4475 et
103 4420 211 4476 libratae
229 4423 365 4478 existunt:
386 4424 491 4479 virnttis
510 4432 603 4479 autem
622 4425 701 4494 copia
718 4435 747 4479 et
766 4426 856 4480 excel·
893 4426 1025 4481 sationem
1039 4425 1204 4490 Promethei,
1219 4425 1283 4479 licet
1296 4425 1413 4480 auctoris
1426 4433 1454 4480 et
1465 4426 1596 4497 magistri,
1610 4419 1686 4481 eam·

59 4500 151 4555 lentis
170 4501 198 4556 in
218 4503 331 4557 mistura
351 4511 379 4556 ct
399 4504 593 4574 compositione
613 4503 725 4559 habitat.
766 4504 855 4575 atqua
894 4511 948 4576 que·
960 4522 1049 4560 acrem
1063 4512 1091 4559 et
1104 4505 1299 4569 vehementem,
1315 4505 1404 4575 magis
1423 4522 1518 4559 sanam
1537 4511 1562 4559 et
1580 4505 1684 4569 utilem,

59 4579 245 4636 nihilomiuus
265 4581 349 4636 homo
368 4582 398 4636 in
421 4582 570 4654 originibus
592 4583 649 4637 suis
670 4584 774 4638 videtur
795 4601 856 4639 esse
894 4601 974 4655 quam
989 4584 1195 4655 gratulationem
1209 4584 1332 4648 effusam,
1351 4600 1426 4648 essc;
1447 4585 1562 4655 denique
1583 4585 1686 4654 opinio·

59 4675 107 4713 res
126 4659 239 4715 inermis
257 4669 284 4715 et
302 4661 381 4723 nuda,
402 4668 430 4716 et
452 4662 528 4715 tarda
548 4662 578 4716 in
598 4659 786 4737 juvamentum
805 4665 855 4729 sni,
892 4680 956 4718 nem
976 4664 1063 4733 copisa
1089 4664 1160 4717 inter
1182 4657 1317 4718 maximis
1338 4679 1435 4719 causas
1458 4664 1558 4734 incpioe
1581 4662 1684 4733 reponi.

59 4737 181 4809 denique
196 4756 257 4810 quse
271 4739 393 4809 plurimis
406 4741 487 4795 rebus
498 4740 630 4812 indigeat
673 4741 768 4812 ltaque
782 4743 857 4797 lesti-
893 4742 971 4803 Quod
983 4759 1048 4797 vero
1061 4743 1160 4796 attinet
1172 4742 1207 4795 ad
1225 4741 1290 4796 doni
1310 4758 1404 4813 genus,
1424 4743 1494 4815 quod
1512 4741 1636 4797 homines
1655 4742 1686 4797 in

59 4818 141 4871 navit
152 4817 331 4873 Prometheus
345 4819 379 4873 sd
392 4820 575 4875 inventionem
583 4818 663 4890 ignis,
675 4820 720 4890 qui
731 4822 856 4877 omnibus
893 4823 1034 4890 praemium
1060 4822 1239 4876 accusationis
1260 4821 1385 4894 dicuntur
1406 4823 1551 4892 accepisse,
1576 4821 1685 4890 (florem

59 4896 120 4951 lere
133 4896 264 4952 humanis
276 4899 484 4954 necessitatibus
498 4907 526 4952 et
544 4899 637 4954 usibus
656 4899 810 4968 suppeditat
830 4909 857 4956 et
891 4901 1041 4967 juventutis
1053 4900 1180 4955 videlicet
1191 4917 1245 4955 nou
1263 4900 1429 4968 deciduum.)
1444 4900 1577 4969 ejusmodi
1590 4907 1639 4964 est,
1653 4906 1686 4953 ut

59 4976 199 5030 ministrat
212 4974 367 5032 levamenta
384 4986 413 5030 et
430 4977 548 5032 auxilia:
568 4985 599 5033 ut
618 4978 642 5031 ai
656 4977 743 5031 forma
756 4979 856 5033 t'orma·
893 4979 1034 5034 videantur
1046 4980 1150 5050 antiqui
1163 4979 1197 5034 de
1210 4980 1298 5035 modia
1311 4988 1338 5034 et
1347 4979 1488 5036 medicinis
1496 4980 1530 5032 ad
1540 4979 1685 5034 senectutis

60 5071 123 5110 rum
136 5055 239 5118 anime,
253 5055 277 5109 ai
290 5055 743 5112 instrumentumiustrumcntorum
752 5073 855 5122 manus,
893 5058 1101 5113 retardationem
1128 5067 1156 5114 et
1181 5059 1246 5113 vitre
1271 5059 1505 5130 prolongationem
1525 5058 1700 5112 facientibus.

59 5135 146 5188 etiam
175 5133 309 5188 auxilinm
334 5135 496 5190 auxiliorum
519 5136 577 5190 slve
600 5135 661 5206 opis
682 5153 764 5207 opum
784 5137 857 5206 ignis
893 5153 948 5191 non
967 5137 1140 5209 desperasse;
1168 5137 1216 5193 sed
1236 5138 1286 5193 illa
1305 5140 1398 5210 utiquc
1420 5154 1576 5192 numerasse
1596 5137 1686 5206 potius

59 5213 115 5267 dici
135 5221 282 5267 mereatur.
324 5214 397 5268 Hinc
413 5214 487 5269 eninr
505 5216 674 5285 operationes
692 5214 857 5286 quampluri·
893 5216 965 5270 inter
985 5233 1026 5280 ea,
1040 5235 1101 5288 ques
1119 5234 1168 5288 per
1188 5217 1329 5273 hominum
1350 5217 1476 5271 inertiam
1496 5224 1525 5270 ct
1544 5216 1684 5282 incuriam,

59 5309 133 5355 mser
162 5292 228 5346 hinc
252 5300 324 5347 artes
345 5293 531 5357 mechanicae
559 5293 624 5348 hinc
645 5294 767 5349 scientim
789 5295 857 5364 ipsse
893 5295 957 5351 licet
970 5297 1055 5352 semel
1068 5305 1188 5368 accepta,
1197 5298 1302 5368 periere
1316 5302 1363 5351 aut
1372 5296 1501 5351 lmatrata
1511 5303 1589 5361 suntr
1605 5312 1686 5367 quam

59 5371 177 5425 intinitis
191 5371 279 5424 modia
292 5372 460 5441 adiuvantur.
501 5372 601 5426 Modus
610 5374 857 5445 antemfurtiignis
894 5374 966 5430 inter
989 5393 1030 5443 ea,
1052 5394 1112 5448 quae
1133 5376 1214 5447 plane
1237 5383 1336 5447 negata
1353 5382 1381 5429 et
1399 5391 1539 5446 nunquam
1558 5392 1687 5432 concessa

60 5457 125 5521 apte
139 5449 311 5516 describitur,
325 5458 406 5522 atque
420 5469 456 5505 ex
469 5459 565 5508 natura
578 5452 625 5507 rei.
668 5453 858 5525 lsfnisaeper-
895 5454 1003 5511 luerint.
1042 5455 1203 5527 Significant
1216 5455 1290 5511 enim
1309 5462 1336 5509 et
1351 5454 1475 5522 innuunt,
1489 5455 1687 5528 exigniasero
