3800 5875
666 811 934 885 FRANClSCl
963 811 1031 883 DE
1060 808 1373 897 VERULAMIO,

796 1065 890 1107 summi
904 1064 1020 1106 ANGLlAE
1032 1063 1233 1112 cunctabatur,

549 1271 1119 1357 INSTAURATIO
1169 1271 1475 1355 MAGNA.

672 1765 954 1833 NOBlLlSSlMl
986 1766 1210 1831 AUCTORIS
1240 1768 1356 1832 VITA.

243 2017 422 2073 Fnsncracus
436 2016 578 2080 Baconus,
593 2016 677 2074 seculi
690 2022 719 2069 et
730 2015 821 2085 gentis
835 2032 891 2070 sure
905 2014 996 2079 decus,
1031 2033 1088 2084 prae
1102 2015 1163 2069 aliis
1177 2014 1409 2085 contemporaneis
1423 2015 1486 2080 suis,
1498 2014 1613 2070 mirifice
1625 2013 1806 2085 profecissede·

203 2104 321 2160 ornator,
333 2103 360 2151 et
372 2102 559 2150 ornamentum
572 2094 720 2158 literarum,
730 2102 810 2148 natus
824 2102 865 2149 cst
878 2094 908 2148 in
921 2094 996 2163 pala·
1031 2096 1180 2165 prehensus
1194 2102 1243 2148 est
1284 2095 1357 2149 Dum
1371 2094 1460 2148 adhuc
1475 2096 1504 2148 in
1518 2094 1659 2149 academia
1674 2094 1762 2147 studiis
1773 2093 1806 2146 iu·

203 2175 422 2240 tioEboracensi,
430 2174 502 2228 iufra
511 2174 737 2244 plateamdictam
747 2174 788 2227 Le
800 2174 996 2241 Strand,juxtn
1031 2174 1129 2238 cubuit,
1154 2182 1259 2227 tantum
1284 2190 1339 2228 non
1366 2173 1505 2228 sexdecim
1531 2190 1618 2229 annos
1645 2173 1728 2228 cratis
1750 2181 1806 2225 nato

203 2255 366 2319 Londinum,
391 2259 465 2308 χιιιο
492 2253 625 2319 ianuarii,
649 2270 721 2307 anno
745 2252 840 2307 salutis
868 2252 995 2306 humanae
1032 2256 1124 2322 (prout
1137 2253 1315 2307 dominationi
1329 2270 1387 2307 suae
1401 2253 1470 2308 mihi
1482 2269 1604 2307 seorsum
1615 2252 1747 2323 impertire
1758 2251 1807 2321 pls·

203 2349 295 2389 mnnx.
338 2334 448 2388 Patrem
462 2333 558 2387 habuit
576 2332 710 2387 illustrem
730 2331 808 2386 illum
827 2331 995 2386 Elisabethoe
1030 2334 1099 2400 cuit)
1114 2332 1289 2402 philosophia
1304 2332 1480 2387 Aristotelica
1501 2333 1621 2402 primum
1635 2331 1805 2401 insipidavisa

202 2414 307 2485 reginae
330 2411 522 2477 consiliarium,
548 2413 626 2483 regni
651 2413 709 2480 ejus
734 2412 812 2480 (dum
833 2411 892 2481 ipse
912 2411 993 2476 vixit)
1030 2411 1096 2475 tuin
1117 2428 1171 2465 non
1193 2420 1302 2481 propter
1314 2411 1491 2482 vilipendium
1510 2413 1637 2477 auctoris,
1652 2428 1729 2482 quem
1747 2427 1808 2464 sum·

201 2492 327 2546 columen
354 2492 479 2555 alterum,
507 2492 647 2546 dominum
674 2490 819 2545 Nicolaum
846 2490 994 2554 Baconum,
1030 2490 1082 2544 mis
1104 2507 1212 2561 semper
1230 2487 1355 2545 laudibus
1375 2491 1491 2546 evehere
1511 2491 1541 2544 in
1562 2507 1639 2545 more
1659 2488 1807 2553 habuitsm

201 2572 320 2642 equitem
342 2579 474 2635 sumtum,
497 2571 589 2642 magni
610 2570 697 2642 sigilli
717 2569 826 2643 Angliae
847 2570 994 2634 custodem,
1029 2578 1139 2640 propter
1151 2570 1366 2624 inefficacitatem
1376 2570 1456 2635 vitre3
1476 2570 1610 2638 ejusmodi
1625 2569 1806 2624 nimirumcnm

201 2651 314 2705 heroiim
328 2658 478 2721 perspectae
499 2651 657 2720 prudentiae,
669 2649 773 2718 judicii,
792 2649 994 2714 moderationis,
1030 2657 1102 2703 esset
1115 2649 1359 2720 haecphilosopbia
1371 2650 1454 2718 (sicut
1463 2649 1642 2704 dominationi
1656 2665 1710 2703 suae
1722 2649 1808 2717 sepios

201 2737 229 2786 et
252 2730 434 2801 integritatis;
462 2738 583 2793 matrem,
605 2729 713 2783 Annam
743 2729 853 2792 Cosam,
883 2729 994 2783 Antonii
1029 2728 1164 2783 inculcare
1179 2730 1267 2784 visum
1281 2733 1334 2798 est)
1347 2746 1407 2799 quae
1421 2730 1456 2783 ad
1469 2729 1666 2798 disputationes
1676 2737 1703 2781 et
1714 2736 1807 2780 couten-

202 2809 275 2874 Coci,
290 2809 391 2880 equitis
404 2808 501 2864 itidem
522 2809 610 2865 aurati
632 2806 694 2884 (qui
708 2807 853 2863 eruditioni
866 2808 994 2862 Edwardi
1031 2808 1119 2861 tiones
1143 2808 1313 2863 solummodo
1339 2817 1412 2872 nate,
1437 2808 1472 2862 ad
1498 2808 1704 2877 productionem
1729 2814 1806 2860 antem

200 2890 270 2945 sexti
285 2888 393 2961 Angliae
406 2890 481 2960 regis
494 2890 615 2960 prefuit)
634 2907 649 2943 e
663 2887 771 2944 filiabus
784 2904 884 2952 unamr
907 2887 995 2943 immi·
1030 2903 1141 2957 operum
1152 2905 1202 2958 pro
1215 2888 1277 2942 vitae
1293 2887 1420 2942 humanae
1438 2889 1585 2943 commodis
1600 2886 1700 2943 sterilis
1712 2886 1807 2941 omnino

199 2984 263 3024 narn
276 2969 460 3033 lectissimam,
475 2977 531 3024 tam
545 2970 645 3041 pictate
666 2977 693 3023 et
710 2969 815 3033 virtute,
832 2985 914 3039 quam
934 2958 995 3021 dol
1030 2967 1117 3021 inerit.
1162 2968 1193 3022 ln
1207 2984 1260 3038 qua
1273 2976 1363 3022 mente
1377 2968 1412 3022 ad
1432 2976 1582 3022 extremum
1597 2985 1684 3039 usque
1697 2966 1807 3037 spiritum

200 3049 280 3113 trina,
309 3048 534 3119 praepollentem3
561 3064 665 3102 necnon
686 3047 789 3102 Graecae
813 3055 840 3102 et
863 3048 995 3101 Romanae
1029 3047 1153 3115 perstitit

199 3127 302 3198 liugom
316 3129 416 3198 peritia
428 3145 484 3183 non
503 3128 682 3191 mediocriter,
696 3144 748 3198 pro
769 3144 838 3181 sexu
859 3126 993 3192 muliebri,
1069 3126 1217 3196 Postquam
1227 3126 1325 3181 mum
1335 3125 1808 3197 liberaliumencyclopoediamemen·

200 3207 339 3263 imbutam.
382 3208 435 3262 His
450 3217 525 3262 ortus
542 3207 707 3278 parentibus,
722 3206 751 3261 in
765 3205 874 3276 qualem
889 3205 994 3277 prolem
1028 3222 1074 3260 sus
1092 3205 1187 3270 fuerat,
1209 3223 1299 3276 operae
1319 3208 1436 3276 pretium
1456 3206 1526 3276 patri
1540 3206 1631 3261 visum
1651 3214 1691 3260 est
1705 3222 1762 3259 eum
1778 3202 1807 3255 ad

200 3302 328 3341 evasurus
349 3295 429 3351 esset,
451 3287 535 3341 etiam
555 3294 612 3341 tum
636 3285 717 3339 facile
741 3283 877 3360 conjicere
899 3285 992 3349 licuit;
1028 3293 1101 3339 artes
1124 3285 1249 3354 politicas
1269 3287 1398 3356 effingere
1422 3294 1502 3356 atque
1526 3285 1662 3339 formare:
1682 3285 1754 3352 cujus
1775 3282 1807 3335 rei

199 3367 244 3425 cui
256 3365 339 3432 nulla,
353 3366 397 3420 vel
409 3383 427 3419 a
440 3373 543 3431 natura,
559 3365 603 3420 vel
615 3364 650 3419 ab
664 3365 824 3419 educatione
837 3363 994 3440 adjumenta
1028 3366 1122 3435 gratia,
1132 3366 1160 3418 in
1170 3364 1288 3418 Galliam
1299 3364 1328 3418 in
1336 3366 1465 3419 comitatu
1473 3364 1572 3419 Amicii
1582 3362 1716 3427 Pouletti,
1727 3380 1809 3433 eques-

199 3444 320 3500 deiuere.
1028 3444 1076 3497 tris
1089 3444 1230 3514 dignitatis
1243 3443 1303 3508 viri,
1319 3444 1353 3497 sd
1370 3461 1464 3516 regem
1485 3443 1582 3498 Gallim
1602 3459 1637 3497 eo
1652 3452 1764 3512 tempore
1777 3441 1808 3493 le

238 3523 332 3579 Annos
345 3525 467 3596 pueritiae
486 3523 633 3579 teneriores
650 3540 705 3577 non
726 3523 785 3578 sine
807 3521 914 3577 eximiis
927 3539 994 3592 prae·
1028 3523 1085 3593 gati
1099 3523 1227 3577 ordinarii
1241 3523 1384 3593 designati,
1398 3524 1559 3578 mittendum
1573 3524 1688 3577 curavit
1728 3520 1750 3575 A
1763 3536 1810 3591 quo

198 3602 332 3659 cellentiae
357 3604 551 3675 speciminibus
577 3603 731 3673 mausegitc
764 3619 818 3673 qna
845 3608 932 3665 aetate,
961 3618 994 3656 ea
1027 3602 1134 3655 nonita
1154 3601 1241 3656 multo
1261 3609 1323 3673 post
1344 3602 1457 3657 idoneus
1476 3601 1586 3657 habitus
1600 3610 1644 3657 est
1664 3602 1711 3672 qui
1726 3601 1809 3654 inlu

198 3682 288 3737 indole
313 3692 340 3738 et
358 3683 462 3755 ingenii
490 3683 615 3737 acuminc
635 3682 764 3752 praeditus
784 3681 842 3746 fuit,
863 3688 894 3734 ut
915 3697 992 3751 spem
1027 3680 1111 3751 gliam
1125 3681 1159 3735 ad
1172 3682 1300 3737 nuncium
1319 3681 1437 3754 aliquem
1456 3682 1559 3753 reginae
1576 3680 1763 3752 perferendum
1775 3695 1809 3731 re·

197 3779 326 3832 magnam
340 3762 483 3831 injecerint
496 3759 933 3833 profundaeillinsetuniversalia
946 3777 993 3830 ap·
1027 3762 1186 3815 mitteretur.
1228 3761 1288 3821 Quo
1308 3762 1418 3832 quidem
1440 3761 1553 3832 negotio
1575 3760 1741 3829 perfunctus,
1763 3773 1810 3812 non

197 3841 397 3910 prehensionis,
413 3859 466 3913 qua
486 3849 580 3911 postea
596 3841 759 3903 inclaruerit,
778 3849 806 3895 et
823 3841 852 3894 iu
867 3839 992 3893 notitiam
1027 3841 1086 3893 sine
1105 3841 1201 3910 gratiis
1223 3856 1240 3892 a
1260 3842 1356 3910 regins
1376 3841 1493 3905 redditis,
1514 3840 1542 3893 in
1563 3839 1683 3894 Galliam
1704 3837 1810 3893 smundo

197 3935 339 3989 procerum
363 3919 549 3990 complurium,
578 3919 756 3989 aliorumque,
780 3926 836 3972 tarn
860 3918 992 3989 dignitate
1027 3920 1174 3982 remeavit;
1196 3919 1358 3983 eoconsilio,
1371 3929 1401 3973 ut
1414 3936 1467 3973 non
1482 3919 1537 3973 nisi
1548 3927 1610 3990 post
1620 3936 1706 3974 annos
1715 3919 1811 3988 aliquot

198 4016 279 4068 quarn
293 3999 390 4054 officiis
403 4000 579 4054 eminentium
593 4000 721 4062 virorum,
736 3998 908 4061 induxerint;
929 4006 992 4051 ante
1026 4006 1139 4052 exactos
1153 3997 1280 4070 Angliam
1293 3998 1382 4053 denuo
1399 3999 1536 4053 inviseret.
1576 3999 1652 4053 Dum
1671 4000 1700 4051 in
1722 3996 1809 4052 Galliis

197 4094 291 4135 omnes
311 4085 400 4132 sutem
421 4080 523 4149 regium
544 4078 639 4148 ipsius,
660 4078 705 4131 cui
726 4074 771 4152 (ut
791 4093 809 4129 a
827 4077 879 4131 fide
900 4077 992 4146 dignis
1026 4078 1213 4147 peregrinatus
1232 4084 1281 4141 est,
1302 4087 1380 4147 pater
1393 4078 1460 4147 ejus,
1474 4078 1599 4132 dominns
1618 4085 1710 4132 custos
1726 4074 1809 4146 magni

197 4152 307 4229 accepi)
321 4174 384 4211 cum
404 4174 437 4212 eo
456 4157 581 4228 colloqui,
596 4167 623 4211 et
643 4157 837 4226 quaestiouibus
858 4156 991 4209 difficilio-
1026 4157 1117 4226 sigilli,
1129 4157 1202 4210 diem
1216 4174 1293 4211 suum
1308 4158 1390 4221 obiit;
1412 4157 1508 4211 relicta
1523 4155 1609 4232 (sicut
1626 4175 1645 4211 a
1659 4156 1809 4228 quibusdam

195 4236 272 4290 ribus
298 4243 410 4302 tentare,
434 4236 594 4307 saepiuscule
613 4236 711 4306 volupe
734 4235 802 4289 fuit:
829 4234 876 4289 ille
901 4243 991 4290 autem
1026 4237 1084 4305 ejus
1097 4237 1136 4290 rei
1150 4237 1243 4307 gnaris
1254 4232 1364 4309 accepi)
1375 4237 1441 4290 satis
1451 4237 1543 4306 ampla
1552 4253 1724 4291 nummorum
1735 4233 1810 4299 viad

196 4322 273 4369 tanta
286 4315 419 4386 gravitate
434 4323 462 4370 et
478 4315 572 4384 judicii
593 4315 758 4379 maturitate,
775 4328 858 4389 supra
873 4322 990 4379 aetatem,
1025 4316 1053 4368 id
1073 4323 1209 4386 congesta,
1227 4324 1256 4370 ut
1273 4313 1420 4369 latifundia
1440 4315 1533 4387 aliqua
1555 4317 1585 4369 in
1605 4334 1686 4370 usum
1705 4314 1810 4384 hujusce

197 4410 226 4447 se
242 4394 372 4464 expedire
386 4393 501 4459 valebat,
516 4404 546 4449 ut
564 4394 659 4464 regina
673 4412 735 4449 eum
749 4394 888 4449 dominum
902 4401 991 4449 custo
1025 4394 1074 4448 filii
1095 4395 1137 4448 sui
1158 4402 1222 4448 natu
1243 4395 1348 4448 minimi
1363 4398 1499 4449 coe'meret
1513 4404 1541 4449 et
1561 4402 1747 4465 compararem
1767 4392 1811 4463 qui

196 4473 258 4526 dem
272 4471 357 4544 sigilli
371 4474 504 4528 minorem
524 4473 663 4545 appellare
685 4473 767 4528 solita
788 4473 832 4527 sit.
874 4473 991 4527 Interro·
1025 4473 1097 4528 solus
1111 4474 1169 4528 sine
1188 4474 1350 4542 patrimonio
1364 4482 1426 4544 post
1447 4475 1549 4529 obitum
1563 4475 1650 4545 patris
1670 4473 1809 4528 remanat:

196 4552 282 4622 ganti,
307 4552 378 4613 Quot
401 4569 486 4607 annos
507 4561 586 4607 natus
613 4554 706 4608 esset?
736 4552 885 4623 ingeniose,
908 4553 989 4608 etiam
1024 4562 1052 4606 et
1072 4554 1197 4624 quamvis
1215 4554 1243 4606 in
1264 4553 1342 4607 bonis
1356 4554 1484 4623 paternis,
1497 4554 1527 4607 in
1547 4555 1647 4607 affectu
1667 4562 1756 4607 tamen
1770 4568 1811 4620 pa·

195 4648 265 4701 puer
288 4631 384 4697 adhuc,
410 4632 555 4703 respondit,
583 4636 599 4664 “
614 4632 649 4687 Se
674 4632 807 4704 regimine
828 4632 888 4701 ejus
913 4632 989 4685 felici
1025 4639 1109 4695 terno,
1122 4648 1177 4686 non
1190 4632 1312 4686 infimum
1327 4631 1417 4687 locum
1432 4635 1526 4687 tenuit
1553 4632 1657 4687 Verum
1671 4650 1733 4686 cum
1747 4631 1811 4699 ejus·

192 4710 300 4765 duobus
314 4711 394 4766 annis
404 4712 540 4780 juniorem
554 4711 665 4766 fuisse.’'
1025 4711 1097 4764 modi
1121 4720 1251 4765 terrarum
1278 4713 1420 4782 coemptio,
1445 4712 1589 4782 superstite
1612 4711 1704 4766 adhuc
1732 4720 1809 4781 patre,

234 4791 323 4844 AEtate
338 4791 500 4846 academicae
515 4792 661 4845 literaturae
674 4807 724 4860 pro
737 4807 811 4845 mure
825 4789 933 4857 idonea,
943 4789 987 4845 vel
1023 4791 1165 4861 designata
1177 4798 1280 4844 tautum
1295 4800 1322 4845 et
1339 4809 1392 4846 non
1407 4791 1568 4862 perimpleta
1581 4791 1671 4855 fuerit,
1686 4808 1741 4844 non
1754 4789 1810 4859 plus

195 4870 286 4937 potius
299 4870 382 4939 paulo
395 4871 535 4934 maturius,
548 4870 578 4923 in
600 4870 693 4923 album
709 4868 819 4940 collegii
840 4869 948 4931 Sanctae
962 4877 988 4923 et
1023 4871 1049 4924 ei
1063 4870 1151 4933 cessit,
1166 4887 1248 4940 quam
1263 4887 1312 4940 pro
1325 4877 1385 4923 rata
1397 4870 1518 4940 pecunia
1539 4870 1610 4924 inter
1627 4872 1748 4941 quinque
1762 4867 1810 4922 ira·

195 4948 341 5004 individuae
350 4949 492 5003 Trinitatis
503 4948 693 5019 Cantabrigire,
702 4949 788 5018 patria
793 4949 879 5017 jussu,
888 4948 988 5003 relatus
1023 4958 1077 5003 tres
1090 4949 1291 5003 distribuendae.
1332 4950 1409 5010 Quod
1430 4950 1458 5003 in
1480 4966 1561 5004 causa
1580 4950 1640 5013 fuit,
1655 4958 1687 5004 ut
1709 4950 1810 5003 fortuna

195 5035 243 5092 eat,
258 5028 308 5082 sub
327 5027 412 5082 tutela
432 5027 648 5082 reverendissimi
669 5027 729 5090 viri,
749 5028 851 5081 domini
873 5027 988 5082 Joannis
1022 5028 1220 5099 aliquantulum
1233 5029 1309 5092 dura,
1323 5036 1403 5083 aetate
1422 5029 1530 5098 juniore
1549 5046 1612 5084 usus
1625 5028 1674 5084 sit.
1717 5029 1808 5098 Neque

194 5105 342 5178 Whitgiiti,
357 5125 443 5162 sacrm
456 5105 601 5176 theologiae
615 5106 738 5170 doctoris,
753 5124 786 5160 eo
799 5114 920 5177 tempore
935 5107 988 5160 col·
1023 5109 1095 5161 enim
1109 5107 1269 5178 praeclarum
1282 5107 1351 5163 illud
1364 5116 1392 5162 et
1404 5125 1590 5178 peramoenum
1601 5109 1735 5179 praedium
1750 5108 1809 5161 Gor·

194 5183 260 5255 legii
272 5186 347 5242 illius
361 5185 490 5256 praefecti,
502 5193 597 5255 postea
606 5192 698 5239 autem
709 5185 873 5255 percelebris
884 5187 988 5240 archie·
1021 5187 1221 5252 bamburiense,
1235 5187 1288 5241 nisi
1304 5187 1396 5242 multis
1414 5195 1508 5258 postea
1526 5189 1612 5252 annis,
1626 5188 1742 5259 adeptus
1755 5194 1807 5249 est;

194 5264 300 5335 piscopi
313 5264 525 5328 cantuariensis,
540 5263 664 5333 praesulis
675 5265 869 5334 magnitudinis
883 5267 987 5335 primae,
1022 5284 1071 5336 per
1090 5274 1204 5320 mortem
1226 5266 1331 5319 scilicet
1351 5267 1483 5322 carissimi
1504 5267 1595 5322 fratris
1612 5268 1655 5321 sui
1677 5264 1806 5339 germani,

194 5344 347 5407 sanctitate,
362 5344 492 5408 doctrina,
506 5343 647 5412 patientia,
661 5350 689 5396 et
708 5343 861 5397 humilitate
883 5345 988 5415 fulgen·
1023 5346 1133 5399 Antonii
1146 5345 1260 5411 Baconi,
1272 5347 1364 5417 magni
1375 5347 1492 5401 nominis
1503 5348 1562 5409 viri,
1577 5355 1603 5401 et
1616 5347 1646 5400 in
1657 5347 1728 5401 aulis
1742 5344 1808 5415 prin·

195 5420 310 5489 tissimi;
331 5423 382 5477 sub
406 5439 460 5493 quo
483 5423 512 5476 in
537 5422 639 5478 artibus
656 5429 683 5476 et
704 5421 800 5477 studiis
821 5421 985 5489 liberalibus,
1021 5425 1113 5495 cipum
1129 5434 1303 5479 externorum
1323 5425 1505 5491 versatissimi,
1523 5426 1684 5482 celsitudine
1704 5425 1807 5496 quidem
