3800 5875
69 277 136 333 Car.
152 277 175 332 Ι.
589 276 639 331 DE
661 274 884 331 AUGMENTIS
905 273 1180 330 scissurarum.
1638 274 1696 332 429
1765 274 1768 279 ’

67 435 120 489 sit:
142 434 211 489 alios
223 450 296 498 vero,
311 434 339 488 in
354 431 453 504 quibua
466 432 609 487 dissentire
623 431 803 496 liceat,salvc
817 433 866 486 ioe·
903 429 1016 500 ruimus)
1030 432 1135 487 videtur
1148 430 1237 502 primo
1250 429 1339 485 intuiti
1356 430 1463 486 sobrius
1481 437 1509 485 et
1521 438 1629 499 cuatuor
1649 437 1698 491 sed
1732 476 1739 481 -

68 514 144 568 dere.
186 511 304 567 Vincula
318 513 390 566 eninr
404 513 601 566 communionis
616 511 780 566 Christianae
799 528 865 582 pou·
903 520 993 565 tamen
1007 520 1034 564 et
1048 510 1202 580 Scripturas
1216 512 1289 579 ipsas
1302 510 1445 565 dedecorat
1460 517 1489 563 et
1508 511 1625 581 plurimo
1642 514 1697 568 Ec·

67 600 158 656 untur,
180 598 197 625 ‘⁴
218 592 282 646 Una
303 591 379 655 fides,
403 608 487 645 unum
509 591 672 662 baptisma,”
698 598 749 645 etc.
800 592 864 644 Non
902 589 1014 644 clesiam
1028 589 1289 643 afficitdetrimento.
1321 588 1348 643 la
1358 597 1401 644 est
1415 592 1456 658 (ut
1465 590 1547 644 verbo
1560 591 1694 660 dicamus)

67 688 139 724 unus
151 671 228 734 ritus,
242 687 296 724 nna
318 670 422 741 opinio.
465 670 595 723 Videmus
617 686 724 739 quoque
745 670 864 724 tunicam
903 669 1012 737 quando
1035 668 1181 738 Scriptura
1205 668 1336 722 divinitus
1355 669 1497 738 inspiratae
1517 669 1619 735 eodem,
1643 687 1697 741 quo

69 749 220 804 Salvatoris
247 748 437 802 inconsutilem
465 749 607 812 extitisse3
641 758 746 802 vestem
773 756 864 802 autem
902 747 1006 816 scripta
1033 746 1160 808 humana,
1189 745 1360 816 explicantur
1389 748 1478 801 modo.
1535 747 1696 805 Meminisse

66 827 200 881 Ecclesiae
214 828 413 882 versicolorem.
454 827 546 881 Paleas
564 829 592 882 in
612 827 695 881 arista
707 828 864 897 separandas
902 833 992 878 autem
1006 834 1117 895 oportet,
1133 824 1192 878 Deo
1207 824 1403 893 scripturarum
1411 826 1513 880 auctori
1524 826 1577 881 dno
1587 827 1636 881 illa
1648 846 1696 899 pa-

66 916 130 960 snnt
150 924 168 959 a
190 907 341 971 frumento,
362 913 391 959 at
411 905 515 960 mannia
534 906 563 959 iu
581 921 648 977 agro
666 922 721 959 non
742 906 863 975 protinus
903 916 967 967 tere,
980 922 1041 974 quse
1055 903 1175 958 humana
1185 905 1296 974 ingenia
1310 904 1430 974 lugiunt:
1452 914 1555 958 secreta
1568 907 1695 962 nimirum

67 985 216 1039 evellenda
258 985 360 1049 Moses,
370 1002 431 1039 cunr
445 993 593 1039 certantem
606 985 751 1055 reperisset
763 985 864 1054 AEgyp
901 983 1000 1049 cordis,
1015 992 1043 1037 et
1055 982 1240 1036 successiones
1249 984 1386 1051 temporis.
1429 983 1619 1049 Quamobrem,
1631 1003 1695 1042 cum
1766 1052 1772 1059 g

65 1064 135 1117 tium
148 1081 213 1117 cum
228 1064 360 1126 Israelita,
374 1080 428 1117 non
448 1064 527 1128 dixit,
543 1070 559 1095 ‘⁴
573 1062 630 1117 Cur
643 1063 794 1117 certatisi‘”
816 1063 863 1116 sed
902 1060 1100 1131 Scripturarum
1111 1062 1258 1115 dictamina
1272 1059 1337 1115 talia
1351 1063 1411 1125 sint,
1426 1072 1456 1115 ut
1468 1063 1503 1116 ad
1517 1079 1563 1115 cor
1576 1064 1695 1117 scriban-

66 1142 162 1213 gladio
183 1144 328 1212 evaginato
346 1143 496 1213 Egyptium
515 1142 668 1197 interiecit:
689 1151 717 1196 at
738 1159 799 1195 curn
822 1142 863 1195 ls-
903 1146 953 1202 tur,
965 1148 992 1195 et
1007 1141 1125 1194 omnium
1140 1139 1289 1195 seculorum
1305 1141 1502 1195 vicissitudines
1513 1142 1695 1211 complectan-

66 1220 178 1274 raelitas
199 1221 268 1276 duos
288 1229 420 1276 certantes
441 1222 558 1286 vidisset,
582 1221 705 1291 quamvis
729 1220 787 1275 fieri
808 1238 863 1274 nou
902 1227 963 1282 tur;
985 1236 1047 1273 cum
1060 1228 1160 1273 aeterna
1173 1226 1198 1271 et
1213 1227 1285 1273 certa
1296 1220 1465 1289 praescientia
1475 1221 1595 1274 omnium
1608 1221 1694 1276 hare·

66 1301 166 1369 potnit,
181 1308 211 1354 ut
223 1301 330 1371 utrique
345 1316 428 1353 causa
437 1300 513 1368 justa
530 1300 704 1370 contingeret,
719 1301 757 1353 ita
772 1307 861 1353 tamen
901 1297 978 1361 sium,
1003 1298 1251 1361 contradictionum,
1273 1308 1299 1352 et
1318 1306 1404 1352 status
1423 1296 1554 1354 Ecclesiae
1575 1300 1643 1353 varii
1664 1308 1693 1355 et

66 1379 289 1449 eoealloquitur3
311 1379 446 1433 “Fratres
461 1379 534 1443 estis,
549 1379 767 1433 curcertatisi”
810 1378 862 1433 His
901 1376 1046 1440 mutabilis,
1061 1383 1119 1430 tum
1132 1377 1160 1429 in
1174 1376 1318 1439 communi,
1334 1385 1390 1431 tum
1403 1376 1432 1430 in
1449 1376 1541 1431 electis
1556 1377 1689 1448 singulius

66 1458 160 1528 itaque
175 1458 327 1528 perperim
341 1457 436 1528 magni
450 1458 572 1511 videatur
591 1475 634 1511 res
651 1466 679 1511 et
693 1458 820 1512 momenti
835 1466 863 1512 et
901 1455 1108 1525 interpretandae
1121 1472 1175 1508 non
1194 1463 1256 1509 sunt
1276 1456 1443 1509 solummodo
1460 1456 1607 1510 secundum
1627 1457 1690 1511 lati·

65 1553 133 1590 usas
146 1553 214 1601 esse,
228 1545 260 1592 ut
277 1536 428 1600 deliniatur,
450 1535 542 1606 qualia
561 1536 615 1591 sint
633 1536 688 1599 illa,
706 1545 734 1590 et
754 1544 861 1607 quantae
901 1535 1021 1588 tudinem
1035 1544 1061 1588 et
1075 1534 1184 1588 obvium
1198 1550 1306 1588 sensum
1318 1533 1384 1599 loci;
1406 1542 1452 1589 aut
1469 1535 1637 1604 respiciendo
1656 1537 1691 1592 ad

65 1613 227 1681 latitudinis,
243 1634 303 1686 quae
317 1615 353 1668 ab
365 1615 496 1669 Ecclesia
517 1631 629 1684 corpore
648 1615 772 1670 homines
785 1616 862 1684 peni·
900 1614 1077 1676 occasionem,
1089 1629 1125 1666 ex
1138 1629 1192 1683 qua
1201 1613 1284 1667 verba
1293 1620 1370 1667 erant
1381 1614 1501 1682 prolata,
1523 1622 1569 1668 aut
1577 1616 1690 1684 praecise

67 1701 111 1748 tus
131 1693 269 1757 divellant,
288 1704 315 1748 et
336 1711 353 1747 a
373 1695 561 1748 communione
578 1693 697 1748 fidelium
711 1694 860 1748 eliminans
900 1709 936 1745 ex
948 1699 1075 1745 contextu
1089 1692 1230 1746 verborum
1243 1692 1450 1762 precedentium
1466 1701 1493 1746 et
1506 1695 1689 1763 sequentium,

68 1771 146 1832 Quod
167 1773 192 1827 si
213 1774 274 1844 quie
294 1780 379 1843 putet,
393 1773 446 1827 hoc
464 1773 523 1841 jam
544 1773 649 1842 pridem
670 1774 770 1827 iactum
793 1789 861 1837 esse,
900 1779 948 1825 aut
971 1770 1177 1839 contemplando
1197 1787 1308 1840 scopum
1330 1770 1395 1824 dicti
1417 1771 1610 1840 principalems
1641 1774 1690 1828 sed

66 1852 159 1906 videat
182 1852 230 1906 ille
249 1852 333 1906 etiam
350 1860 430 1922 atque
444 1851 534 1914 etiam,
549 1868 631 1921 quam
645 1852 749 1906 sincere
763 1860 791 1905 et
804 1869 862 1905 mo·
900 1850 946 1913 sic,
958 1857 987 1904 ut
997 1849 1182 1920 intelligamus
1191 1850 1332 1920 complecti
1345 1865 1398 1912 eas,
1411 1866 1464 1903 nnn
1475 1849 1560 1904 solum
1573 1851 1689 1906 totaliter

66 1930 171 1985 derate.
215 1930 286 1985 lllud
298 1931 406 1984 iuterim
420 1929 566 1984 verisimile
580 1939 628 1994 est,
641 1948 711 1994 enm,
726 1931 773 2001 qui
786 1931 861 2000 pacis
900 1938 947 1982 aut
961 1928 1108 1991 collective,
1123 1929 1169 1981 sed
1183 1928 1360 1991 distributive,
1375 1929 1457 1982 etiam
1477 1929 1505 1982 in
1519 1928 1647 1985 clausulis
1661 1938 1689 1984 et

67 2011 235 2064 mentionem
257 2010 360 2075 iecerit,
383 2016 583 2080 reportaturum
607 2026 766 2080 responsum
793 2007 861 2062 illud
899 2007 1038 2061 vocabulis
1065 2007 1186 2078 singulis,
1211 2008 1367 2061 innumeros
1387 2007 1516 2061 doctrinae
1537 2008 1637 2062 rivulos
1659 2017 1689 2063 et

67 2086 142 2142 Jehu
172 2089 207 2142 ad
235 2089 359 2142 nuntium
388 2093 404 2119 ⁴⁴
420 2087 565 2158 (Nunquid
592 2104 648 2158 pax
674 2096 724 2152 est,
751 2087 860 2155 lehui)
899 2102 989 2148 venas,
1004 2087 1038 2139 ad
1052 2084 1183 2140 Ecclesia
1200 2085 1320 2156 singulas
1338 2094 1440 2156 partes,
1454 2094 1482 2140 et
1501 2087 1606 2141 animas
1625 2088 1689 2141 tide·

67 2166 138 2227 Quid
157 2168 208 2221 tibi
228 2175 256 2221 et
270 2168 356 2237 paci?
396 2167 494 2221 Transi
511 2173 666 2236 etsequere
680 2167 750 2221 me.”
792 2165 861 2220 Cum
899 2163 973 2227 lium,
997 2165 1157 2235 irrigandas.
1206 2164 1324 2236 Egregie
1351 2166 1423 2219 euim
1445 2165 1615 2220 observatum
1638 2175 1686 2232 cst,

66 2245 654 2317 aonpax,sedpartes,plerisquecordisint.
683 2245 861 2300 Nobisnihil-
900 2244 970 2313 quod
985 2260 1113 2314 responsa
1127 2243 1274 2298 Salvatoris
1294 2244 1388 2308 nostri,
1403 2244 1436 2297 ad
1453 2245 1613 2315 questiones
1632 2261 1687 2299 non

67 2326 177 2379 ominus
192 2327 279 2379 visum
293 2334 335 2380 est
352 2333 493 2380 tractatum
514 2324 546 2378 de
561 2324 689 2394 gradibus
707 2324 818 2380 unitatis
832 2324 859 2378 in
899 2338 999 2390 paucas
1016 2340 1052 2375 ex
1065 2323 1106 2385 iis,
1122 2340 1182 2392 quse
1202 2323 1427 2393 proponebantur,
1440 2340 1494 2377 non
1511 2325 1636 2379 videntur
1653 2324 1688 2379 ad

66 2404 178 2457 civitate
193 2403 255 2468 Dei,
269 2412 301 2459 ut
318 2403 453 2460 salubrem
472 2411 500 2458 et
512 2404 615 2468 utilem,
629 2403 700 2459 iuter
710 2403 862 2458 desiderata
899 2417 965 2464 rem,
980 2402 1026 2455 sed
1042 2402 1118 2472 qnasi
1132 2402 1341 2472 impertinentia
1384 2402 1469 2470 Cujus
1488 2403 1526 2456 rei
1542 2419 1624 2456 causa
1636 2403 1686 2457 du-

66 2500 208 2553 reponere.
898 2478 965 2549 plex
978 2488 1034 2535 est:
1055 2480 1147 2545 altera,
1162 2482 1308 2552 quodcum
1327 2482 1503 2552 cogitationes
1523 2498 1624 2546 eorum,
1639 2482 1687 2552 qui

105 2561 132 2615 ἃ
154 2561 226 2615 Cum
242 2561 439 2631 scripturarum
456 2578 595 2615 sacrarum
608 2560 680 2615 circa
694 2558 860 2632 theologiam
898 2559 1107 2629 interrogabant,
1121 2576 1174 2613 non
1194 2577 1230 2613 ex
1243 2560 1340 2625 verbis,
1360 2567 1390 2613 ut
1407 2576 1456 2613 nos
1476 2560 1600 2614 homines
1619 2562 1686 2615 sole·

67 2639 266 2695 informandam
288 2648 371 2695 tantas
393 2641 447 2694 sint
459 2647 557 2710 partes,
571 2639 605 2693 de
623 2656 714 2694 earum
729 2641 861 2709 iuterpre·
898 2654 966 2702 mus,
981 2638 1028 2692 aed
1042 2637 1196 2692 immediate
1209 2646 1237 2694 et
1250 2656 1285 2692 ex
1302 2655 1361 2693 sese
1375 2638 1551 2709 cognovisset,
1566 2639 1598 2691 ad
1613 2639 1686 2710 cogi·

66 2719 167 2772 maone
188 2720 322 2790 imprimis
343 2719 498 2774 videndum.
538 2720 636 2789 Neque
656 2736 727 2772 nunc
747 2719 780 2772 de
800 2735 861 2772 auc·
899 2717 1012 2771 tationes
1026 2733 1125 2780 eorum,
1136 2734 1190 2771 non
1200 2718 1234 2770 ad
1242 2717 1325 2771 verba
1334 2718 1488 2787 respondit:
1510 2717 1602 2782 altera,
1614 2718 1686 2788 quod

66 2798 174 2851 toritate
189 2814 238 2851 eas
251 2798 443 2868 interpretandi
456 2798 599 2869 loquimur,
611 2815 672 2869 quse
685 2798 714 2851 iu
727 2815 860 2852 consensu
898 2812 951 2848 non
966 2796 1000 2849 ad
1014 2812 1061 2849 eos
1079 2795 1165 2850 solum
1179 2794 1282 2851 locutus
1296 2805 1344 2861 est,
1358 2796 1404 2867 qui
1424 2803 1486 2849 tunc
1506 2797 1624 2860 aderant,
1637 2796 1686 2851 sed

67 2876 198 2930 Ecclesiae
221 2879 353 2941 firmatur,
368 2877 415 2932 sed
434 2877 467 2932 de
488 2877 568 2931 ωοᾶο
587 2876 790 2946 interpretandi.
833 2877 860 2931 le
898 2874 932 2927 ad
945 2891 996 2928 uos
1009 2875 1098 2940 etiam,
1113 2877 1159 2946 qui
1173 2875 1295 2940 vivimus,
1310 2882 1338 2928 et
1358 2874 1493 2929 adomnia
1513 2876 1564 2929 aevi
1584 2891 1615 2927 ac
1630 2875 1685 2931 loci

66 2955 168 3026 duplex
179 2965 240 3011 est:
260 2956 438 3020 methodicus,
450 2963 477 3011 et
491 2956 602 3011 solutus.
642 2954 751 3011 Etenim
765 2954 860 3009 latices
897 2953 1029 3019 homiues,
1054 2955 1149 3024 quibus
1170 2954 1339 3026 evangelium
1361 2955 1442 3009 fuerit
1466 2954 1684 3024 praedicandum:

66 3034 109 3088 isti
124 3035 221 3098 divini,
236 3036 284 3107 qui
298 3037 376 3106 aquis
395 3035 452 3089 illis
466 3052 501 3090 ex
513 3036 604 3106 puteis
617 3034 634 3087 J
637 3036 714 3089 acobi
727 3035 756 3088 iu
770 3034 860 3088 infini·
898 3034 970 3104 quod
985 3034 1066 3087 etiam
1079 3034 1107 3087 in
1122 3033 1182 3087 aliis
1197 3034 1342 3104 Scripturae
1356 3033 1422 3087 locis
1436 3034 1547 3087 obtinet.

67 3121 123 3168 tum
137 3122 279 3184 praetant,
293 3114 427 3169 similibus
441 3115 497 3170 iere
510 3113 670 3168 hauriuntur
689 3123 718 3168 et
731 3114 860 3167 exhiben-
938 3111 992 3165 His
1019 3114 1110 3184 itaque
1137 3112 1291 3182 prelibatis,
1316 3113 1455 3167 veniamne
1482 3113 1516 3165 ad
1543 3119 1685 3168 mactatum

66 3194 222 3257 turmodis,
238 3194 337 3264 quibus
356 3211 434 3265 aqum
453 3193 590 3247 naturales
608 3210 643 3248 ex
656 3193 746 3264 puteis
759 3192 858 3246 solent:
898 3208 968 3254 eum,
984 3209 1064 3262 quem
1078 3192 1222 3246 desiderari
1243 3192 1384 3247 statuimis.
1426 3192 1600 3245 Inveniuntur
1619 3208 1683 3262 pro-

66 3271 109 3324 ha
122 3272 268 3342 siquidem,
283 3281 330 3326 aut
342 3273 394 3327 sub
407 3273 523 3343 primum
536 3272 663 3326 haustum
686 3273 713 3325 in
732 3272 860 3324 cisternas
897 3270 969 3323 iecto
982 3271 1052 3323 inter
1066 3271 1164 3339 scripta
1183 3270 1344 3341 theologica,
1359 3270 1421 3325 libri
1443 3271 1684 3325 controversiarum

66 3352 242 3420 recipiuntur,
254 3352 325 3405 uude
337 3369 386 3422 pes
396 3352 474 3406 tubos
484 3350 637 3421 complures
650 3351 685 3405 ad
698 3367 775 3404 usum
787 3367 859 3404 com·
896 3350 982 3402 nimio
995 3349 1103 3419 plures3
1125 3349 1268 3420 theologiae
1282 3350 1347 3420 ejus,
1362 3367 1442 3421 quam
1461 3350 1578 3403 diximus
1593 3351 1685 3419 positi·

66 3430 143 3483 mode
158 3430 252 3484 diduci
263 3439 390 3501 possuut3
405 3438 451 3485 aot
461 3430 552 3484 statim
561 3430 589 3484 in
603 3447 668 3483 vasa
677 3430 859 3493 infunduntur,
897 3444 967 3492 vam,
981 3445 1071 3482 massa
1084 3429 1195 3499 ingens:
1216 3427 1269 3482 loci
1286 3444 1453 3492 communem
1476 3436 1604 3481 tractatus
1621 3445 1683 3498 spe·

67 3508 180 3563 subinde
202 3516 285 3578 prout
303 3525 372 3579 opus
386 3515 425 3563 est
442 3509 556 3563 utendae.
598 3508 686 3579 Atque
700 3508 794 3561 modus
813 3507 859 3561 ille
897 3505 996 3570 ciales;
1026 3524 1104 3561 casus
1125 3508 1311 3571 couscientiae3
1337 3509 1479 3561 conciones
1499 3517 1525 3562 et
1547 3506 1682 3572 humiliter

67 3589 139 3656 prior
152 3587 325 3641 methodicos
346 3587 512 3658 theologiam
532 3587 611 3641 nobis
632 3588 741 3640 tandem
755 3589 860 3657 peperit
897 3585 1014 3656 denique
1041 3586 1142 3657 prolixi
1169 3586 1279 3657 plurimi
1303 3588 1331 3640 in
1366 3587 1451 3641 libros
1485 3585 1684 3655 Scripturarum

68 3666 274 3729 scholasticam
288 3683 337 3736 per
348 3683 428 3737 quam
437 3666 558 3720 doctrina
566 3665 719 3737 theologica
728 3667 756 3718 in
766 3676 858 3729 anem,
897 3665 1091 3718 commentarii.
1132 3665 1209 3726 Quod
1241 3665 1425 3721 desideramus
1455 3673 1546 3719 autam
1569 3671 1609 3718 est
1634 3664 1684 3720 hu·

68 3753 194 3816 tanquam
206 3745 236 3799 in
250 3744 402 3810 cisternam,
417 3745 599 3808 correctness,
614 3745 767 3816 atqueinde
782 3744 859 3798 axio·
894 3744 1029 3810 jusmodi:
1049 3743 1173 3798 collectio
1193 3743 1295 3798 scilicet
1315 3744 1460 3808 succincta,
1479 3759 1554 3808 sana,
1577 3751 1603 3796 et
1621 3761 1683 3799 cum

68 3833 168 3878 matum
188 3832 217 3878 et
237 3824 403 3894 positionum
425 3824 505 3878 rivuli
527 3825 555 3876 in
576 3840 669 3877 omnes
690 3833 780 3894 partes
798 3829 860 3876 sunt
893 3822 1003 3890 judicio,
1015 3824 1216 3877 annotationum
1228 3832 1255 3876 et
1269 3823 1486 3878 observationum
1501 3829 1683 3892 supertextor

68 3901 212 3956 distributi.
236 3902 290 3956 ‘At
304 3903 332 3956 in
346 3903 540 3972 interpretandi
553 3902 634 3955 modo
647 3902 736 3956 soluto
754 3904 807 3955 duo
820 3903 859 3956 in·
897 3901 1042 3971 Scripturas
1056 3901 1245 3971 particulares;
1266 3902 1425 3973 neutiquam
1438 3902 1467 3955 in
1480 3901 1554 3955 locos
1567 3918 1684 3958 commu·

69 3982 219 4035 terreniunt
238 3998 375 4036 excessus.
421 3981 505 4044 Alter,
527 3981 658 4049 ejusmodi
674 3982 859 4051 praesupponit
897 3996 946 4033 nes
961 3980 1133 4044 excurrendo,
1154 3989 1199 4034 aur
1217 3982 1412 4034 connoversiaa
1429 3981 1622 4052 persequendo,
1636 3990 1684 4035 aut

69 4058 95 4112 in
111 4060 261 4130 seripturis
275 4060 475 4130 perlectionem,
490 4071 519 4114 ut
535 4061 617 4114 etiarn
640 4061 727 4114 omnis
741 4058 859 4130 philoso
896 4058 924 4111 in
945 4060 1011 4113 auis
1031 4059 1187 4113 methodum
1209 4076 1255 4113 eas
1276 4059 1430 4130 redigendo,
1451 4059 1497 4114 sed
1519 4077 1579 4130 quse
1602 4059 1682 4129 plane

69 4137 132 4206 plaia
153 4156 189 4194 ex
211 4156 305 4192 earnm
326 4139 444 4193 sontibus
458 4140 514 4210 peti
528 4139 638 4204 debeam
660 4156 691 4191 ac
706 4138 728 4191 si
742 4138 858 4208 philoso
896 4154 997 4206 sparsae
1018 4139 1072 4192 sint
1094 4146 1121 4191 et
1139 4138 1245 4192 nativae.
1286 4138 1342 4192 Rea
1365 4147 1437 4192 certe
1460 4139 1489 4192 in
1509 4139 1683 4194 concionibus

70 4216 132 4284 phia
146 4216 202 4270 alia
217 4218 381 4287 quaevisres
395 4219 507 4287 profana
517 4225 588 4272 esset
601 4226 628 4271 et
641 4218 757 4271 ethnica.
790 4217 858 4271 Haec
896 4217 1058 4271 doctioribus
1081 4234 1110 4271 se
1132 4217 1290 4288 quandoque
1312 4217 1463 4282 ostendens,
1482 4235 1542 4288 quae
1558 4225 1588 4271 ut
1601 4218 1684 4288 pluri-

68 4295 240 4366 intemperies
259 4296 288 4349 in
310 4296 405 4350 schola
426 4297 563 4350 Paracelsi
582 4297 726 4367 precipue,
740 4312 790 4349 nec
804 4313 858 4350 uon
896 4313 970 4349 mum
983 4312 1036 4349 non
1050 4305 1217 4366 perennant;
1239 4298 1286 4351 sed
1300 4314 1360 4367 quoe
1373 4297 1401 4350 in
1421 4295 1506 4351 libros
1523 4297 1611 4351 adhuc
1628 4314 1684 4353 non

69 4373 219 4441 apndalios
239 4375 372 4429 invaluit:
402 4377 479 4430 initia
498 4385 588 4429 autem
610 4376 667 4442 ejus
687 4392 703 4427 a
726 4375 859 4429 Rabbinis
895 4374 1001 4438 coaluit,
1017 4376 1062 4445 qui
1077 4375 1111 4429 ad
1130 4384 1251 4444 posteros
1270 4383 1414 4429 transeant.
1455 4375 1544 4440 Certe,
1558 4377 1684 4446 quemad·

69 4462 94 4504 et
108 4453 257 4507 cabalistis
271 4454 450 4509 deduxerunt.
491 4454 593 4508 Verum
606 4454 757 4508 istiusmodi
772 4453 858 4507 homi·
895 4453 1004 4507 modum
1018 4454 1089 4517 vina,
1105 4472 1165 4525 quae
1179 4454 1228 4508 sub
1241 4455 1357 4525 primam
1377 4454 1554 4509 calcationem
1566 4455 1684 4510 molliter

68 4546 113 4585 nes
132 4549 187 4586 uon
206 4532 236 4585 id
256 4542 434 4603 assequuntur
455 4533 527 4603 quod
546 4532 654 4585 volunt:
676 4550 763 4603 neque
784 4532 858 4586 enim
895 4532 1022 4596 defluunt,
1037 4542 1099 4586 sunt
1112 4532 1244 4598 suaviora,
1256 4550 1336 4605 quam
1350 4550 1411 4604 quae
1424 4550 1441 4587 a
1454 4534 1580 4589 torculari
1594 4535 1683 4605 expri-

68 4608 203 4676 hcnorem,
213 4619 243 4664 ut
257 4619 362 4680 putant,
374 4611 518 4681 Scripturia
532 4611 672 4674 deierunt;
693 4612 740 4665 sed
749 4611 856 4664 easdem
895 4621 1021 4675 montur3
1043 4613 1169 4682 quoniam
1180 4611 1240 4666 haec
1253 4630 1288 4667 ex
1301 4614 1381 4666 acino
1392 4621 1418 4666 ct
1432 4621 1491 4667 oute
1505 4631 1565 4668 uvre
1579 4614 1682 4683 aliquid

69 4690 153 4756 potins
166 4690 324 4759 deprimunt
337 4700 365 4743 er
382 4690 515 4760 polluunt.
557 4689 663 4743 Coelum
682 4691 754 4744 enim
776 4698 857 4744 mate·
895 4690 1017 4759 sapiant:
1038 4691 1163 4745 similiter
1173 4689 1294 4747 salubres
1308 4691 1452 4746 admodum
1466 4709 1497 4746 ac
1512 4708 1608 4745 suaves
1621 4700 1683 4747 sunt

69 4767 169 4833 riatum,
184 4777 214 4823 et
228 4778 337 4832 terram,
352 4770 398 4838 qui
413 4770 441 4822 in
461 4769 544 4823 verbo
562 4767 615 4822 Dei
637 4769 789 4839 quaesiverit
811 4769 856 4838 (de
894 4768 1028 4830 doetrinae,
1045 4786 1105 4839 quae
1119 4787 1154 4824 ex
1174 4770 1319 4840 Scripturis
1337 4770 1435 4825 leuiter
1455 4771 1592 4842 expressis
1610 4788 1683 4824 ema·

69 4863 119 4915 qno
139 4848 242 4902 dietum
266 4855 321 4912 est3
352 4847 486 4902 “Coelum
506 4855 533 4901 et
552 4855 624 4901 terra
646 4848 855 4915 pertransibunt,
895 4856 968 4909 nant,
982 4864 1032 4900 nee
1045 4848 1079 4900 ad
1093 4849 1288 4904 controversias
1306 4858 1354 4904 aut
1366 4851 1440 4905 locos
1458 4866 1613 4905 communes
1625 4857 1681 4902 tra·

69 4926 173 4980 verbum
200 4935 293 4980 autem
317 4943 409 4980 meum
430 4942 483 4980 non
508 4926 719 4997 pertransibit’')
744 4927 768 4980 is
791 4943 856 4980 sanc
893 4926 1001 4981 huntur.
1044 4926 1207 4994 Huiusmodi
1225 4935 1369 4984 tractatum
1388 4929 1574 4983 emanationes
1593 4927 1682 4998 Scrip-

69 5006 220 5060 transitoria
230 5006 304 5060 inter
318 5013 418 5059 reterrm
432 5015 532 5060 semem
547 5005 723 5075 persequitur.
758 5006 856 5066 Quem·
893 5012 1012 5059 turarum
1025 5005 1233 5060 nominabimus.

69 5083 209 5140 admodum
224 5085 300 5139 enim
316 5083 483 5154 theologiam
500 5085 530 5137 in
544 5082 720 5154 philosophia
732 5101 854 5154 quaerere

70 5164 173 5230 munde
194 5174 244 5228 est,
265 5181 298 5217 ac
320 5163 343 5216 si
362 5163 439 5217 vivos
459 5179 563 5233 quaeras
583 5163 797 5217 intermortuos:
817 5164 854 5217 ita
932 5160 993 5214 lass
1012 5161 1102 5234 itaque
1123 5163 1191 5217 mihi
1210 5163 1304 5217 videor
1325 5164 1473 5219 coniecisse
1495 5162 1605 5233 globum
1625 5162 1682 5217 exi·

69 5253 195 5297 econtra
216 5240 425 5313 philosophiam
448 5242 477 5295 iu
500 5240 640 5310 theologia
660 5258 780 5311 quarere
799 5259 854 5296 non
893 5258 975 5310 guum
995 5242 1068 5295 orbis
1088 5240 1287 5304 intellectualis,
1310 5260 1391 5313 quam
1413 5243 1487 5313 potui
1509 5239 1679 5306 fidelissimas

68 5319 133 5375 alind
146 5330 197 5386 est,
212 5339 295 5393 quam
310 5329 431 5376 mortuos
445 5337 564 5392 quarere
577 5320 743 5374 interrivos.
778 5320 855 5375 Alter
892 5337 946 5374 una
959 5321 1212 5392 cumdesignatioue
1221 5329 1249 5375 et
1258 5321 1438 5391 descriptione
1452 5338 1544 5374 eamm
1557 5320 1680 5390 partium,

69 5408 153 5456 autem
166 5399 366 5473 interpretandi
382 5399 477 5454 modus
492 5402 583 5470 (quem
598 5415 649 5469 pro
667 5416 780 5454 excessu
799 5407 854 5456 sta·
892 5416 960 5470 quas
974 5399 1106 5455 industria
1120 5409 1146 5454 et
1161 5398 1300 5454 laboribus
1322 5399 1470 5465 hominum,
1484 5406 1530 5453 aut
1548 5415 1602 5454 non
1618 5416 1682 5453 con·
