3800 5875
591 287 641 342 DE
662 285 888 344 AUGMENTIS
909 286 1186 347 SCIENTIARUM.

434 461 515 502 svn.

360 584 587 626 municius.

226 692 301 735 PRO·
608 693 751 734 CONTRA·

109 767 261 838 zelotypiae
330 768 451 835 debetur,
532 770 657 825 Pessima
671 771 765 826 Circes
784 779 870 827 traus-

72 847 141 917 qnod
172 849 285 903 castitas
313 849 350 904 sit
379 851 452 904 iacta
491 849 621 905 formatio
635 851 814 921 impudicitia.

70 927 162 982 virtus.
532 929 691 999 Impudicus
705 947 816 1000 prorsus
829 948 870 985 re-

110 1006 450 1077 Multstristitiaopusest,
490 1010 641 1064 verentiam
669 1010 711 1064 sni
738 1011 867 1081 perdidit3

70 1092 99 1139 ut
115 1087 177 1156 qrris
190 1103 320 1142 venerem
334 1105 392 1142 rem
406 1104 450 1142 sc·
490 1088 563 1159 quod
574 1089 687 1143 iraeuum
696 1097 738 1145 est
748 1091 868 1145 omnium

69 1165 137 1219 riam
150 1174 239 1236 putet
490 1167 626 1222 vitiorum.

108 1244 180 1305 Quid
202 1244 249 1300 vel
275 1245 363 1300 dioetae
385 1262 448 1316 par-
529 1246 639 1310 Omnes,
660 1255 691 1302 nt
710 1247 798 1313 Paris,
820 1248 868 1319 qui

70 1330 132 1387 tem,
158 1325 204 1380 rel
228 1326 367 1380 munditiae
390 1341 450 1396 spe·
489 1326 585 1381 formae
600 1327 738 1397 optionem
753 1328 867 1392 faciunt,

70 1403 147 1467 ciem,
156 1404 203 1458 vel
212 1405 347 1475 superbire
356 1404 450 1470 liliam,
489 1406 640 1476 prudentiae
677 1413 705 1461 et
736 1407 867 1477 potentior

69 1483 141 1538 iuter
152 1484 269 1540 virtutes
282 1484 421 1539 collocas?
488 1486 624 1553 jacturam
634 1485 746 1541 faciunt.

109 1563 251 1629 Amorum,
258 1572 288 1618 ut
296 1564 387 1618 avium
397 1564 452 1633 syl·
531 1566 565 1619 ln
577 1565 719 1620 veritatem
737 1581 792 1619 nou
804 1565 865 1620 voi-

70 1644 210 1708 restrium,
233 1642 310 1697 nulla
330 1645 451 1715 propu'e·
490 1644 865 1715 gareminciditAlexanderr

70 1730 166 1786 tasest,
174 1722 450 1794 sedjuspossessione
489 1741 551 1779 cum
561 1741 686 1780 somnum
694 1731 723 1779 et
731 1740 865 1789 venerem,

71 1802 241 1857 transfertur.
488 1804 585 1860 mortis
611 1804 778 1859 arrhabones
805 1821 866 1860 esse

488 1882 568 1938 dixit

421 2055 518 2096 xvm.

363 2163 582 2204 crunnum.

227 2271 300 2312 PRO·
605 2272 747 2313 CONTRA·

107 2347 196 2403 Nulla
227 2349 360 2404 virtotum
392 2356 449 2405 tam
528 2348 656 2405 Gadibus
678 2351 805 2420 grassari
819 2357 866 2406 aut

70 2442 142 2498 sape
161 2444 211 2482 rea
224 2437 273 2494 est,
295 2446 378 2501 quam
395 2430 449 2484 cle·
488 2430 773 2494 lassantlassant.

69 2508 182 2563 mentia.
528 2509 682 2565 Crudelitas
708 2511 768 2565 riro
793 2510 866 2564 bono

110 2586 273 2651 Crudelitas,
296 2587 321 2641 si
349 2604 367 2641 a
387 2587 449 2643 viu·
490 2607 598 2661 semper
611 2587 736 2644 sabulosa
752 2605 811 2644 esse
825 2590 865 2645 vi·

70 2664 141 2719 dicta
155 2674 206 2730 est,
217 2666 330 2735 justicia
344 2673 403 2733 est3
423 2668 448 2722 si
488 2670 575 2737 detur,
586 2676 615 2724 et
627 2668 700 2723 fictio
712 2669 824 2743 tragica

70 2761 87 2797 a
99 2746 230 2814 periculo,
241 2745 395 2816 prudentia.

109 2825 162 2886 Qui
176 2825 391 2880 misericordiam
404 2826 445 2881 in·

70 2904 152 2961 imico
174 2906 306 2978 impertit,
330 2905 384 2962 sibi
405 2906 450 2962 de-

70 2992 159 3054 negat

108 3065 175 3119 Non
188 3065 289 3135 saepius
304 3064 449 3136 phleboto-

70 3144 133 3198 mia
154 3145 318 3199 necessariae
336 3154 400 3200 sunt
419 3147 450 3200 in

71 3224 263 3291 curationibus,
272 3225 449 3296 quamcaedes

71 3303 99 3357 in
112 3303 249 3360 civilibus.

404 3365 410 3376 ο
440 3400 504 3441 xix.

343 3509 468 3550 onoma
490 3508 593 3550 VANA·

228 3615 293 3654 PRO·
612 3617 732 3658 CONTRA.

108 3694 160 3755 Qui
175 3711 239 3749 suas
252 3694 348 3749 laudes
362 3711 447 3766 appe·
528 3695 646 3751 Gloriosi
663 3712 772 3768 semper
784 3695 865 3752 facti-

72 3774 111 3838 tit,
125 3773 243 3829 aliorum
264 3774 346 3830 simui
363 3791 449 3846 appe-
487 3776 536 3841 osi,
560 3776 714 3844 mendaces,
740 3776 864 3844 mobiles,

74 3853 103 3906 tit
115 3853 259 3910 utilitates.
487 3855 577 3911 nimii.

109 3933 162 3993 Qui
186 3941 242 3987 tam
267 3932 373 3988 sobrius
400 3940 448 3999 est,
529 3934 637 3990 Thraso
710 3933 866 3992 Gnathonis

75 4018 101 4064 at
121 4011 194 4065 nihil
220 4012 340 4067 alienum
361 4022 448 4078 curet,
488 4015 591 4086 praeda.

75 4105 165 4146 ωεστ
175 4108 210 4147 ue
224 4100 251 4146 et
270 4090 381 4163 publica
397 4091 448 4146 uli·
527 4094 618 4164 Turpe
627 4101 669 4148 est
681 4110 765 4164 proco
774 4093 866 4148 solici-

75 4178 221 4241 euapntct.
487 4180 546 4229 tare
557 4172 700 4238 ancillam3
722 4179 766 4228 est
776 4182 867 4229 autem

113 4249 272 4322 Ingeniain
282 4250 380 4322 quibus
394 4250 447 4304 sli-
487 4253 596 4309 virtutis
610 4252 711 4308 ancilla
723 4252 793 4309 laos.

76 4328 138 4399 quid
160 4331 243 4385 iusne
268 4339 318 4395 est,
342 4331 452 4386 facilius

76 4424 167 4463 curam
193 4409 352 4483 reipublice
379 4410 451 4465 reci·
481 4413 485 4424 ‘

77 4486 160 4556 puae

450 4584 501 4626 rx.

391 4710 556 4752 susurrus.

229 4801 292 4842 rao.
612 4804 734 4844 course.

118 4878 448 4953 imperiaetpolitimjus-
529 4882 558 4938 Si
566 4882 619 4938 hoc
627 4890 669 4939 est
675 4884 780 4953 justum
791 4900 865 4950 esse;

80 4958 143 5015 titia
152 4967 257 5016 tantum
265 4961 451 5018 additamenta
489 4962 554 5025 Qua
577 4963 628 5018 tibi
649 4964 709 5018 fieri
730 4962 809 5028 nolis,
834 4979 868 5018 ea

80 5047 151 5103 man
170 5041 449 5111 sieuimjuatitiaali·
489 5041 566 5097 alteri
599 5059 655 5098 non
683 5044 783 5109 facere,
810 5042 866 5098 cle·

80 5123 120 5171 ter
138 5120 222 5189 possit
245 5123 375 5188 exerceri,
394 5121 450 5176 illis
488 5123 591 5177 mentia
618 5122 728 5177 demum
757 5122 868 5191 justitia

80 5197 184 5253 minime
198 5199 280 5255 inerit
292 5217 370 5271 opus.
488 5208 539 5256 est

116 5275 131 5328 J
134 5278 231 5334 ustitia
243 5279 363 5346 debetur,
378 5280 450 5354 quod
528 5279 559 5334 Si
571 5296 650 5335 suum
662 5281 760 5353 cuique
779 5281 866 5336 tribu-

81 5351 158 5411 homo
176 5355 282 5414 homini
309 5360 344 5416 sit
365 5359 448 5426 Dens,
488 5359 586 5414 endum
601 5367 730 5425 estcene
745 5367 774 5417 et
785 5361 867 5418 venia

82 5435 229 5508 nonlupas
487 5438 659 5495 humanitati.

1644 293 1700 349 381

1066 466 1138 506 uuo.
1445 467 1587 509 cousus.

949 541 1061 598 Justitia
1079 544 1131 599 etsi
1150 542 1217 598 vitia
1234 543 1287 598 tol·
1367 543 1437 606 Quid
1457 546 1528 601 mihi
1549 546 1702 618 aequitatem

908 619 965 676 lere
992 638 1048 676 non
1074 623 1167 693 possit,
1195 631 1287 678 tamen
1325 639 1430 689 narem,
1445 643 1508 680 cum
1516 627 1702 696 sapientiam-

908 701 962 755 hoc
971 701 1098 768 efficitut
1107 703 1277 758 nonloedant.
1325 702 1373 757 uia
1386 703 1534 774 inaequalia
1547 706 1620 759 siuti

1365 783 1516 839 Considera
1534 783 1622 855 qualis
1641 801 1702 840 reo-

1321 879 1381 917 rum
1395 863 1514 918 conditio
1534 864 1616 918 fuerit
1630 866 1704 935 apud

1322 941 1469 1007 Romanos,
1497 951 1526 997 et
1552 944 1704 1013 pronuncia

1319 1021 1481 1090 justitiame
1494 1022 1634 1093 republica
1644 1039 1702 1077 nou

1322 1116 1391 1155 esse.

1361 1179 1491 1251 vulgaris
1517 1180 1572 1235 ista
1593 1179 1703 1248 justitia

1245 1266 1247 1269 ’
1320 1258 1486 1329 politiorum,
1521 1258 1702 1330 philosophus

1321 1337 1352 1392 in
1379 1338 1460 1405 aula;
1489 1338 1543 1397 boc
1564 1346 1612 1403 est,
1636 1339 1702 1393 facit

1320 1423 1426 1473 tentam
1458 1418 1494 1472 sd
1520 1418 1701 1476 reverentiam

1318 1495 1524 1568 imperantium.

1273 1668 1339 1709 XXI·

1210 1791 1409 1834 roa'rffuuo.

1063 1885 1127 1925 1²20.
1449 1885 1569 1927 CONTRA.

942 1959 994 2015 Nil
1012 1961 1133 2017 terribile
1150 1959 1205 2016 nisi
1221 1961 1282 2033 ipsa
1360 1960 1497 2016 Praeclara
1522 1965 1609 2020 virtus
1629 1964 1699 2020 velle

905 2039 994 2095 timor.
1322 2041 1412 2111 perire
1425 2047 1456 2096 ut
1469 2043 1577 2111 perdas.

943 2120 995 2174 Nil
1021 2127 1068 2174 aut
1091 2119 1120 2175 in
1144 2119 1282 2191 voluptate
1361 2119 1498 2175 Praeclars
1513 2122 1598 2177 virtus
1616 2140 1700 2194 quam

905 2199 1029 2264 solidum,
1058 2208 1107 2253 aut
1133 2199 1163 2254 in
1183 2200 1281 2255 munte
1320 2200 1405 2255 etiam
1419 2199 1535 2256 ebrietas
1553 2201 1665 2257 inducit.

903 2280 1045 2344 munitum,
1066 2278 1112 2333 ubi
1135 2279 1217 2334 timor
1237 2280 1281 2334 in·
1360 2279 1701 2354 Vitoesuoeprodigusali·

903 2358 994 2413 iestat
1321 2372 1383 2413 enee
1396 2359 1572 2429 periculosus.

943 2438 996 2499 Qui
1029 2437 1150 2508 pericula
1180 2438 1282 2509 apertis
1361 2435 1457 2493 Virtus
1488 2440 1585 2496 ferrea
1612 2438 1701 2496 atatis

904 2516 990 2572 oculis
1007 2517 1136 2583 intuetur,
1156 2524 1186 2572 ut
1205 2518 1282 2572 exci-
1322 2516 1459 2572 fortitudo.

903 2597 970 2668 piat,
981 2597 1097 2652 advertit
1110 2604 1137 2651 et
1150 2604 1180 2652 ut
1190 2597 1281 2652 evitet.

943 2676 1058 2732 Caeterae
1070 2676 1183 2731 virtutes
1200 2693 1252 2731 nos
1265 2693 1283 2730 a

903 2755 1046 2811 dominatu
1066 2755 1183 2811 liberant
1203 2755 1282 2810 vitio·

903 2853 985 2900 rom;
1019 2836 1148 2890 fortitudo
1181 2835 1241 2891 sola
1267 2851 1285 2889 a

904 2915 1046 2972 dominatu
1059 2914 1182 2972 iortuuae.

1263 3089 1343 3131 1111.

1188 3199 1430 3240 Transeamus.

1064 3308 1127 3349 rao.
1449 3306 1570 3347 CONTRA.

944 3385 1049 3442 Eadem
1067 3387 1180 3442 fereris
1194 3386 1281 3442 absti-
1361 3386 1507 3456 Negatirse
1515 3386 1576 3441 istra
1587 3383 1702 3441 virtutes

903 3465 986 3520 nendi
1001 3474 1029 3521 et
1042 3466 1201 3521 sustinendi.
1320 3481 1377 3521 oon
1396 3465 1519 3536 placent3
1540 3481 1606 3519 nam
1619 3464 1699 3519 inno·

944 3545 1281 3612 Uniformitates,coucor-
1320 3544 1441 3599 centiam
1478 3550 1618 3616 praestant,
1645 3560 1702 3599 uon

904 3624 964 3690 diae,
972 3631 1000 3679 et
1010 3642 1143 3680 mensures
1151 3634 1280 3694 motuum,
1320 3624 1429 3679 merita.

904 3705 1027 3759 coelestia
1045 3712 1115 3770 sunt,
1130 3713 1158 3759 et
1170 3704 1282 3759 charac·
1361 3702 1488 3774 Languet
1526 3720 1611 3771 mens,
1640 3722 1702 3777 quaa

905 3791 977 3839 teres
990 3783 1158 3839 eetemitatis.
1322 3783 1478 3839 excessibus
1492 3790 1575 3838 caret.

944 3864 1144 3934 Temperantia,
1152 3862 1226 3921 velot
1234 3862 1282 3917 tn·-
1361 3862 1562 3928 Amovirtutes,
1574 3880 1635 3933 qua
1649 3878 1700 3918 ex·

905 3942 1107 4014 gorasalubria,
1117 3942 1282 3997 animivires
1322 3941 1477 3998 cellentiam
1491 3942 1607 3996 actionis
1619 3942 1700 3997 indu-

905 4022 1011 4094 colligit
1025 4030 1054 4077 et
1067 4022 1163 4077 firmat.
1322 4028 1393 4085 cnut,
1420 4036 1475 4075 nou
1507 4020 1702 4077 hebetudinem

944 4101 1082 4173 Exquisiti
1097 4109 1125 4156 et
1138 4101 1202 4172 vagi
1220 4117 1282 4156 sen·
1321 4100 1467 4173 passionis.

905 4199 953 4236 sus
976 4180 1121 4236 narcoticis
1144 4181 1282 4253 indigente
1362 4179 1433 4235 Cum
1446 4185 1627 4234 consonantes
1641 4179 1702 4234 sni-

906 4261 1033 4317 similitcr
1047 4267 1074 4316 et
1087 4259 1209 4316 affectus.
1322 4259 1362 4314 mi
1383 4265 1472 4314 motus
1492 4259 1581 4331 ponis,
1600 4274 1702 4330 paucos

1321 4338 1419 4410 pouis;
1439 4355 1505 4392 nam
1518 4337 1647 4410 pauperis
1660 4344 1703 4392 est

1321 4434 1465 4473 numerare
1475 4434 1568 4488 pecus.

1363 4497 1421 4551 Ista
1436 4498 1515 4568 (Non
1533 4497 1582 4562 uti,
1595 4502 1627 4551 ut
1647 4511 1702 4551 non

1323 4582 1457 4648 appetas;
1485 4576 1551 4632 Non
1565 4582 1701 4647 appetere,

1320 4665 1429 4710 utnon
1454 4653 1565 4726 umen)
1589 4653 1702 4726 pusilla·

1319 4734 1389 4790 nimi
1403 4743 1468 4792 suut
1483 4743 1512 4791 et
1525 4734 1681 4790 diffidentis

1255 4908 1349 4950 xx111.

1197 5032 1419 5075 cossuram.

1063 5123 1129 5165 rao.
1451 5123 1571 5166 cossas.

944 5200 1025 5258 Basia
1057 5201 1186 5259 sirbitum
1218 5221 1283 5261 con·
1364 5201 1534 5269 Constantia,
1548 5208 1578 5256 ut
1588 5201 1703 5270 janitrix

905 5282 1013 5337 stanna.
1323 5300 1438 5347 morosa,
1456 5282 1543 5337 multa
1562 5280 1643 5337 utilia
1660 5282 1703 5338 in·

944 5360 1033 5416 Miser
1053 5366 1103 5428 est,
1126 5362 1174 5435 qui
1194 5363 1284 5435 qualis
1323 5363 1396 5418 dicia
1409 5361 1505 5432 abigit.

902 5439 1282 5523 ipseiuturussit,nonuovit
1362 5441 1481 5512 AEquuur
1507 5446 1556 5508 est,
1583 5446 1615 5497 ut
1641 5457 1705 5499 con·
