3800 5875
253 280 309 335 ³88
765 279 815 334 DE
836 278 1064 334 annuntius
1085 277 1360 333 SClEN‘l'lARUM.
1728 278 1782 335 Lra.
1794 282 1845 337 tlt.

252 448 280 494 et
293 440 339 494 isti
354 446 551 509 proposuerunt
563 438 641 493 nobis
654 437 820 508 exemplaria
833 437 907 491 bella
924 445 952 492 et
972 437 1046 491 lucu·
1083 434 1171 499 Certe,
1185 438 1210 489 ai
1224 436 1296 491 serie
1313 435 1469 490 hominibus
1481 436 1554 490 cordi
1571 434 1616 499 sit,
1631 450 1682 490 non
1697 437 1724 490 in
1735 438 1785 493 otio
1797 444 1846 493 acri

251 518 333 584 lenta,
348 527 428 588 atque
449 518 644 586 descriptiones
663 517 720 571 aive
741 517 876 588 imagines
895 524 1044 579 accuratas,
1084 515 1154 578 bere,
1170 533 1231 586 quaa
1244 533 1294 586 per
1306 516 1390 570 otium
1403 514 1534 586 legantur,
1548 515 1596 569 sed
1610 531 1701 568 resera
1712 516 1788 571 vitam
1798 520 1846 573 acti

252 599 325 662 boni,
346 598 459 661 virtutis,
479 596 635 660 officiorum,
661 596 804 661 felicitatis,
830 604 960 665 tanquam
982 612 1045 649 vera
1083 611 1145 647 vam
1168 595 1300 649 iustruere
1324 604 1353 648 et
1372 595 1536 658 subornare)
1562 594 1690 664 georgica
1709 596 1759 649 ista
1780 599 1846 652 anini

252 679 410 745 obiectast
431 694 529 747 scopus
542 675 686 730 voluntatis
708 683 735 729 et
754 676 892 744 appetitus
912 675 1044 730 humani:
1083 672 1196 727 humani
1209 690 1263 728 uon
1284 674 1389 728 minore
1401 676 1432 727 in
1450 674 1538 742 pretio
1550 674 1623 744 apud
1642 673 1760 728 homines
1771 675 1845 730 baben'

251 773 345 811 verum
364 756 498 827 quomodo
519 756 580 826 quis
598 756 685 825 possit
701 755 801 825 optime
823 754 858 807 ad
879 754 931 809 hos
948 770 1044 823 scopos
1084 752 1206 816 debeant,
1220 770 1301 824 quam
1316 752 1433 807 beroicae
1446 752 1501 807 illie
1517 753 1622 823 effigies
1636 753 1744 816 virtutis,
1757 754 1846 818 bosia

253 835 434 909 (excellentes
457 851 530 897 saue,
554 844 583 888 et
600 835 669 888 bene
693 834 729 887 ab
750 833 806 887 illis
828 828 944 906 positos)
967 831 1044 887 colli·
1084 830 1226 895 felicitatis,
1241 832 1381 903 inquibus
1395 840 1452 887 tam
1466 848 1578 901 operose
1593 832 1796 888 estiasudatom.

253 932 344 978 mare;
359 915 411 968 hoc
422 924 471 978 est,
481 913 578 984 quibus
591 913 741 968 rationibus
754 921 782 967 et
795 913 923 966 institutis
937 913 1044 967 animus
1123 910 1276 966 Partiemur
1288 912 1372 982 igitur
1385 911 1502 966 ethicam
1515 911 1543 965 in
1559 912 1697 965 doctrinas
1710 911 1846 982 principales

252 995 287 1048 ad
311 994 359 1047 illa
382 994 549 1064 assequenda
570 994 659 1063 subigi
683 999 710 1047 et
732 992 858 1062 componi
882 990 977 1060 possit,
998 999 1045 1045 aut
1082 989 1168 1052 duas;
1198 990 1310 1044 alterum
1332 990 1366 1043 de
1388 990 1538 1061 exemplari
1562 991 1621 1044 sive
1649 991 1845 1062 largissimi,

251 1073 321 1127 nihil
341 1073 509 1144 praecipiunt,
522 1080 569 1126 aut
588 1072 769 1143 perfunctorie
784 1080 812 1125 et
830 1072 918 1124 miuus
933 1069 1042 1124 utiliter.
1083 1068 1196 1124 alteram
1217 1071 1251 1123 de
1272 1070 1404 1140 regimine
1419 1078 1447 1124 et
1459 1069 1564 1125 ccultum
1585 1069 1677 1133 animi,
1691 1087 1766 1140 mam
1783 1072 1845 1125 etiam

252 1153 431 1216 Disseramus,
455 1160 585 1222 quantum
608 1151 725 1214 libuerit,
747 1151 858 1205 virtutes
878 1148 995 1203 morales
1015 1150 1043 1203 in
1082 1158 1188 1218 partem
1209 1150 1338 1220 georgica
1351 1149 1435 1204 ammi
1451 1148 1591 1219 appellare
1605 1149 1794 1204 consuevimus:
1810 1150 1845 1204 illa

252 1234 343 1285 auimo
366 1231 486 1285 humano
507 1248 566 1286 esse
589 1230 772 1293 habitualiter,
794 1246 849 1283 noa
870 1228 1042 1286 naturaliter:
1082 1236 1205 1283 naturam
1229 1229 1294 1282 boni
1313 1229 1449 1293 describit,
1471 1228 1530 1283 boec
1553 1229 1663 1300 regulas
1683 1228 1715 1282 de
1733 1230 1845 1282 ammoad

251 1311 449 1380 distinguamus
469 1310 623 1373 solenniter,
637 1311 708 1365 inter
725 1310 837 1378 spiritus
851 1325 997 1379 generosos
1017 1318 1044 1363 et
1082 1305 1158 1362 illam
1171 1307 1365 1362 conformando
1378 1308 1535 1376 proscribit.

251 1390 350 1461 vulgus
370 1389 505 1462 ignobile;
527 1389 598 1461 quod
618 1389 660 1443 illi
682 1389 815 1443 rationum
839 1388 990 1450 momentis,
1012 1388 1043 1442 hi
1121 1387 1251 1441 Doctrim
1261 1388 1294 1442 dc
1303 1387 1452 1457 exemplari
1465 1386 1845 1458 (qnoeboninatnrsmintnetur

250 1470 365 1538 praemio
377 1479 424 1524 aut
434 1487 522 1539 poena,
534 1470 678 1523 ducantur:
694 1468 884 1539 prascipiamus
894 1468 1042 1538 ingeniose,
1081 1474 1109 1519 et
1131 1467 1272 1533 describit)
1298 1466 1397 1521 bonam
1422 1466 1583 1531 considerat,
1607 1474 1656 1520 ant
1682 1467 1793 1536 simplex,
1811 1476 1845 1519 aut

251 1550 371 1603 animum
390 1549 545 1611 humanum,
560 1555 591 1601 ut
611 1548 781 1611 rectificetur,
796 1548 880 1601 instar
898 1546 999 1611 bacilli,
1014 1547 1042 1600 in
1081 1554 1283 1617 comparatum
1305 1556 1352 1600 aut
1362 1562 1463 1616 genera
1476 1547 1615 1618 (inquam)
1626 1545 1698 1610 boni,
1712 1545 1843 1616 autgradus

250 1630 412 1682 contrariam
427 1637 531 1697 partem
544 1627 728 1681 inclinationis
742 1643 798 1681 suas
813 1626 885 1681 flecti
899 1634 1042 1696 oportere:
1084 1624 1115 1678 ln
1136 1626 1283 1695 posteriore
1308 1625 1414 1690 horum,
1437 1625 1635 1696 disputationes
1660 1623 1720 1678 illas
1743 1625 1843 1685 infinitas,

251 1706 360 1778 aliaque
384 1709 495 1777 insuper
516 1706 671 1775 hujusmodi
693 1706 757 1760 hinc
781 1706 844 1760 inde
865 1722 1041 1776 spargamus:
1082 1711 1109 1757 et
1122 1704 1320 1774 speculationes
1329 1705 1403 1759 circa
1414 1706 1481 1760 boni
1495 1722 1653 1776 supremum
1662 1704 1774 1775 gradum
1782 1721 1842 1776 men

250 1786 332 1858 longe
348 1796 439 1841 tamen
452 1786 536 1849 abest,
551 1794 582 1839 ut
595 1785 654 1839 hac
669 1792 696 1840 et
714 1783 769 1839 alia
789 1783 817 1839 id
837 1801 930 1856 genus,
945 1785 1042 1840 absen-
1081 1783 1248 1849 felicitatem,
1259 1784 1609 1850 beatitudiuem,rummum
1618 1784 1717 1838 honum
1724 1785 1844 1837 vocitarunt

249 1867 317 1920 tiam
328 1866 367 1920 rei
381 1873 519 1927 excusent,
534 1881 615 1934 quam
628 1865 709 1919 modo
721 1864 891 1935 requirimus.
1082 1866 1157 1934 (qum
1178 1864 1297 1919 ethnicis
1321 1865 1406 1918 instar
1432 1864 1579 1935 theologias
1606 1859 1699 1937 aaut)
1718 1862 1844 1917 Christiana

290 1946 412 2014 Hujusce
430 1943 569 2013 neglectus
582 1960 691 1998 causam
709 1943 783 1998 haud
804 1942 887 1997 aliam
900 1960 959 1997 esse
975 1961 1042 2007 reor,
1081 1944 1190 1998 tandem
1206 1943 1271 1998 fides
1289 1943 1403 2008 sustulit,
1419 1950 1446 1997 et
1459 1943 1558 1999 missas
1579 1943 1657 1998 fecit.
1696 1942 1843 2003 Quemadmo-

250 2043 332 2095 quam
345 2023 474 2078 latentem
485 2022 561 2077 illum
574 2022 723 2093 scopulum,
734 2023 769 2077 ad
781 2039 861 2093 quem
870 2031 909 2076 tot
922 2023 1043 2077 scientim
1081 2022 1145 2077 dum
1159 2024 1232 2078 enim
1243 2022 1403 2079 Aristoteles
1416 2023 1463 2087 ait,
1473 2028 1490 2055 ‘⁴
1500 2023 1695 2078 Adulescentes
1707 2021 1842 2092 posssetm

249 2103 381 2159 naviculas
399 2103 587 2172 impingentes,
601 2102 744 2173 naufragia
759 2119 847 2172 passae
860 2111 939 2156 sunt:
960 2101 1042 2156 nimi-
1081 2102 1175 2157 beatos
1188 2119 1255 2166 esse,
1264 2103 1311 2157 sed
1325 2119 1379 2156 nou
1391 2102 1471 2157 aliter
1482 2118 1566 2174 quam
1574 2119 1624 2172 ape
1632 2103 1658 2167 ;”
1679 2101 1766 2156 eodem
1777 2099 1842 2161 modu

248 2200 316 2246 rum,
332 2182 403 2253 quod
416 2181 556 2236 fastidiant
570 2182 715 2250 scriptores
728 2183 830 2235 versari
848 2181 877 2235 in
891 2182 971 2236 rebus
986 2181 1043 2235 vul·
1082 2180 1324 2236 schristianatide
1333 2182 1430 2246 edocti,
1440 2182 1572 2236 debemus
1582 2199 1634 2236 uos
1643 2181 1842 2236 omnesmiunun
1865 2248 1866 2251 Ἰ

249 2262 321 2331 gatis
334 2268 362 2315 et
375 2260 498 2331 plebeiis,
514 2278 574 2331 qum
592 2277 643 2314 nec
660 2261 726 2314 satis
744 2261 856 2314 subtiles
873 2261 928 2315 sint
940 2260 974 2314 ad
988 2260 1043 2315 dis·
1082 2268 1109 2314 et
1123 2260 1325 2321 adolescentum
1339 2261 1399 2316 loco
1412 2268 1537 2326 statuere,
1552 2270 1653 2315 utnon
1667 2259 1744 2314 aliam
1756 2258 1843 2313 lelicits·
1865 2312 1866 2319 ,

248 2340 407 2411 putandum,
429 2356 481 2417 nec¹
497 2340 562 2394 satis
583 2340 700 2394 illustres
716 2340 751 2393 ad
772 2341 930 2395 ornandum.
972 2340 1043 2395 Saue
1082 2346 1138 2394 tem
1151 2342 1309 2412 cogitemus,
1324 2358 1405 2412 quam
1420 2358 1481 2411 quse
1493 2340 1523 2394 ia
1536 2357 1588 2410 spe
1602 2341 1657 2396 sita
1668 2348 1717 2394 est.

249 2420 323 2474 haud
336 2419 416 2475 facile
435 2420 495 2489 quis
509 2418 599 2473 verbis
612 2428 778 2491 assequatur,
793 2428 921 2491 quantam
936 2418 1043 2475 calami-
1120 2419 1244 2475 Liberati
1264 2421 1348 2492 igitur
1369 2420 1460 2489 (bonis
1481 2419 1593 2490 avibus)
1616 2420 1653 2474 ab
1673 2418 1723 2473 hac
1743 2417 1843 2477 aucuns

250 2509 333 2553 tatem
357 2499 478 2554 attulerit
505 2498 557 2553 hoc
582 2500 680 2569 ipsum,
707 2499 778 2571 qnod
805 2499 941 2554 dicimus:
972 2499 1044 2570 qnod
1081 2499 1341 2570 tanquamdecoelo
1359 2499 1617 2570 ethnicorumque
1637 2499 1750 2568 inparts
1764 2493 1843 2567 proed·

249 2579 375 2633 homines
392 2577 514 2648 ingenita
534 2578 669 2649 superbia,
685 2586 713 2632 et
733 2579 820 2650 gloria
833 2595 911 2643 vana,
926 2596 973 2633 eas
988 2596 1044 2633 ma·
1081 2579 1163 2633 dubio
1177 2579 1353 2634 elevationem
1366 2586 1471 2633 naturas
1484 2579 1617 2634 humanm
1631 2578 1795 2632 attribuerunt
1804 2589 1844 2627 ut·

250 2659 332 2712 terias
359 2659 556 2720 tractationum,
585 2675 685 2729 eosque
711 2659 806 2712 modos
832 2658 966 2712 tractandi
991 2658 1043 2713 sibi
1078 2660 1175 2726 iorem,
1192 2676 1275 2730 qnam
1295 2659 1371 2728 cujus
1384 2656 1434 2711 illa
1447 2665 1520 2712 esset
1538 2675 1646 2728 capax:
1668 2656 1779 2711 videmus
1789 2654 1843 2707 enin

249 2737 478 2809 delegerintquae
491 2737 1042 2808 ingeniaipsorumpotiuscommendeut,
1082 2738 1156 2808 quali
1181 2739 1313 2793 cothurno
1335 2738 1454 2802 Seneca;
1488 2742 1505 2769 ‘¹
1519 2737 1594 2791 Vere
1617 2753 1749 2808 magnum,
1766 2733 1842 2788 habere

250 2834 331 2887 quam
349 2816 480 2871 lectomm
499 2816 661 2871 utilitatibus
677 2817 833 2871 inserviant.
873 2817 982 2886 Optime
997 2818 1043 2872 Se·
1082 2817 1257 2888 fragilitatem
1268 2817 1394 2881 hominis,
1402 2816 1639 2871 securitatemDei
1649 2818 1679 2884 ”)
1691 2815 1843 2885 reliquacertt

250 2914 326 2961 neca,
342 2897 458 2952 “Nocet
473 2895 529 2951 illis
542 2896 1044 2969 eloquentia,quibusnonrerumiscit
1081 2897 1187 2952 abillis
1207 2899 1280 2952 circa
1297 2897 1447 2952 doctrinam
1466 2895 1634 2968 exemplaris
1654 2896 1753 2959 tradita,
1765 2891 1843 2948 minore

249 2976 434 3047 cupiditatem,
457 2976 505 3031 scd
522 2977 565 3030 sui
573 2978 598 3031 :'’
620 2977 755 3047 siquidem
779 2977 878 3047 scripta
902 2976 969 3031 talia
985 2994 1044 3031 esse
1081 2986 1128 3031 aut
1141 2977 1260 3032 veritatis
1274 2986 1321 3032 aut
1333 2977 1487 3032 sobrietatis
1504 2976 1622 3044 jactura,
1641 2992 1735 3047 magne
1747 2979 1843 3042 exparte

249 3056 355 3122 debent,
370 3064 400 3110 ut
413 3072 518 3111 amores
539 3055 761 3111 documentomm
774 3057 901 3127 ipsorum,
915 3072 969 3109 nou
983 3056 1044 3111 doc·
1081 3056 1201 3126 recipere
1214 3073 1364 3127 possumus.
1406 3056 1523 3117 Etenim,
1539 3057 1614 3126 quod
1629 3056 1788 3110 adnaturam
1798 3048 1843 3102 buti

249 3145 338 3190 torum
351 3135 479 3190 excitent.
522 3135 545 3188 li
559 3135 642 3206 igitur
656 3143 728 3190 recta
742 3136 870 3190 incedunt
882 3137 933 3198 via,
949 3137 996 3205 qui
1010 3137 1043 3189 de
1081 3136 1192 3206 positivi
1206 3145 1233 3190 et
1246 3136 1377 3205 simplicis
1391 3143 1502 3205 spectat,
1513 3134 1593 3189 illam
1608 3143 1680 3189 certe
1697 3130 1842 3205 pulcherrime

249 3215 371 3269 consiliis
381 3215 437 3270 suis
447 3213 630 3284 idpraedicare
644 3216 755 3285 possint,
766 3215 838 3286 quod
852 3215 916 3268 lecit
927 3214 1042 3270 Demos·
1082 3222 1110 3269 et
1123 3215 1158 3269 ad
1171 3216 1270 3279 vivum,
1285 3214 1368 3269 veluti
1381 3216 1410 3269 in
1429 3214 1530 3269 tabulis
1543 3215 1663 3277 eximiis,
1683 3213 1842 3283 depinxemult

248 3294 351 3356 thenes,
370 3302 450 3364 atque
470 3293 522 3347 bac
536 3292 658 3348 clausula
677 3311 711 3348 ea
723 3293 892 3358 concludere,
909 3300 924 3325 “
938 3295 1006 3355 Qum
1019 3295 1043 3348 si
1081 3294 1211 3350 virtutum
1233 3302 1260 3348 et
1286 3295 1434 3348 officiomm
1461 3295 1572 3364 figuras,
1600 3295 1739 3365 posituras,
1761 3303 1841 3361 genere

249 3373 375 3435 feceritis,
389 3390 444 3427 non
458 3379 590 3427 oratorem
603 3374 737 3428 duntaxat
749 3373 778 3426 in
792 3373 938 3443 prasentia
950 3373 1044 3427 lauda·
1081 3374 1234 3438 affinitates,
1262 3380 1361 3443 partes,
1393 3373 1522 3441 subjecta,
1558 3374 1720 3444 provincias,
1745 3369 1841 3423 actions

248 3451 321 3515 bitis,
345 3452 392 3506 sed
413 3458 518 3506 vosmet
537 3451 611 3522 ipsos
630 3453 721 3518 etism,
735 3469 789 3506 non
809 3454 848 3506 ita
867 3452 955 3507 multo
975 3460 1043 3523 post,
1081 3453 1304 3522 dispensationes,
1326 3452 1533 3523 diligentissime
1548 3453 1601 3508 sub
1615 3453 1706 3506 oculos
1725 3460 1841 3519 reprcttn·

249 3540 320 3586 statu
343 3549 431 3586 rerum
452 3539 600 3586 vestrarum
619 3533 758 3587 meliore.”
800 3532 861 3603 Ego
883 3540 957 3586 certe
982 3535 1044 3601 (rex
1081 3539 1178 3587 mutes.
1232 3533 1331 3604 Neque
1352 3531 1399 3585 hic
1419 3531 1499 3585 linis:
1520 3548 1587 3586 nam
1601 3531 1662 3586 bac
1676 3529 1760 3585 omnia
1776 3525 1843 3579 sumo

248 3607 367 3685 optime)
383 3619 413 3665 ut
425 3611 459 3664 de
472 3611 585 3681 meipso,
597 3611 668 3682 quod
681 3629 725 3667 res
739 3620 787 3677 est,
799 3611 903 3683 loquar,
918 3620 945 3666 et
958 3611 988 3665 in
1000 3611 1043 3676 iis,
1082 3610 1208 3674 hnmano,
1230 3628 1330 3682 magno
1351 3627 1458 3682 quoque
1478 3621 1699 3681 argumentorum
1712 3605 1814 3662 acumine
1823 3609 1843 3653 et

249 3708 310 3760 quas
330 3689 470 3756 nuucedo,
492 3698 520 3744 et
539 3691 567 3744 in
587 3691 630 3753 iis,
645 3709 705 3762 quse
718 3691 747 3746 in
761 3700 898 3762 posterum
921 3691 1043 3755 meditor,
1083 3691 1234 3754 vivacitate,
1256 3700 1283 3744 et
1303 3691 1460 3745 suasionum
1481 3688 1638 3754 dulcedine,
1659 3684 1843 3744 commendarunt

249 3770 411 3840 dignitatem
425 3769 531 3840 ingenii
541 3778 568 3823 et
574 3770 692 3824 nominis
705 3771 761 3825 mei
770 3768 785 3843 (
787 3771 810 3826 si
824 3770 933 3841 quasit)
945 3770 1044 3840 saepius
1082 3778 1162 3841 atque
1176 3770 1364 3825 insinuaruntr
1386 3769 1535 3840 quinetiam
1545 3771 1691 3842 (quantum
1705 3766 1782 3822 verbis
1792 3778 1842 3832 pra·

250 3850 338 3902 sciens
357 3858 384 3903 et
402 3849 496 3904 volens
517 3849 641 3919 projicio,
656 3839 725 3904 llum
748 3851 896 3904 commodis
916 3849 1044 3903 humanis
1083 3850 1148 3903 atari
1183 3849 1283 3918 possit)
1311 3848 1406 3902 eadem
1433 3856 1527 3903 contra
1560 3865 1661 3920 pravos
1683 3855 1710 3903 et
1731 3842 1843 3917 popularet

249 3928 411 3983 inserviam:
433 3928 533 3999 quique
552 3929 717 3984 architectus
736 3928 853 3983 fortasse
876 3930 907 3983 in
924 3928 1045 3998 philoso-
1083 3945 1185 3983 errores
1200 3936 1228 3982 et
1241 3929 1365 3992 insultus,
1385 3928 1541 3982 fidelissime
1562 3928 1737 3983 muniverunt.
1772 3922 1844 3982 Quale

249 4006 318 4076 phia
339 4015 367 4061 et
388 4007 510 4061 scientiis
534 4024 593 4062 esse
616 4008 738 4072 debeam,
760 4009 842 4062 etiam
864 4008 1004 4078 operarius
1018 4016 1045 4062 et
1083 4025 1133 4063 nus
1148 4024 1213 4062 vero
1226 4007 1261 4061 ad
1274 4014 1397 4062 naturam
1410 4007 1476 4062 boni
1489 4008 1650 4079 comparati,
1664 4006 1725 4062 huic
1738 4003 1771 4057 rei
1782 3999 1844 4053 enm

250 4085 364 4154 bajulus,
376 4093 404 4139 et
413 4086 519 4156 quidvis
530 4087 640 4141 demum
650 4088 701 4151 fio;
722 4087 866 4142 cumhaud
877 4104 971 4156 pauca,
984 4105 1045 4158 quse
1082 4087 1157 4142 nullo
1178 4086 1259 4141 modo
1281 4086 1437 4141 deiuemnt:
1459 4087 1488 4141 iu
1504 4087 1700 4142 constituendis
1719 4082 1785 4137 trinis
1804 4075 1844 4130 ssllt

249 4166 360 4219 omnino
381 4164 440 4218 fieri
462 4182 573 4220 necesse
587 4167 630 4231 sit,
644 4166 693 4221 alii
711 4176 801 4222 autem
814 4168 849 4220 ob
865 4167 987 4220 innatam
1000 4183 1045 4220 su·
1083 4166 1220 4221 ordinibus
1238 4166 1389 4229 bonorum
1415 4168 1444 4220 in
1463 4164 1607 4222 collatione
1629 4154 1844 4234 vita0contemplt·

250 4244 371 4314 perbiam
394 4243 598 4316 subterfugiant,
623 4247 683 4316 ipse
702 4247 849 4300 sustineam
869 4254 897 4300 et
915 4262 1043 4316 exequar.
1083 4246 1147 4300 tivae
1168 4263 1228 4300 cum
1249 4246 1356 4310 actira3
1390 4247 1419 4299 in
1438 4246 1670 4302 discriminatione
1690 4240 1783 4297 virtutis
1798 4249 1844 4289 cum

250 4322 351 4377 Verum
367 4325 409 4392 (ut
422 4324 457 4376 ad
471 4340 527 4378 rem
542 4326 696 4393 redeamus)
711 4325 783 4395 quod
797 4325 928 4395 coepimus
946 4322 1044 4388 dicere,
1084 4325 1268 4388 reluctatione,
1288 4333 1316 4379 et
1335 4325 1441 4379 virtutis
1460 4326 1518 4394 jam
1539 4327 1709 4380 securitatem
1727 4328 1807 4379 nacta·
1826 4319 1845 4364 tl

250 4401 409 4473 delegerunt
425 4403 476 4457 sibi
499 4403 658 4475 philosophi
672 4405 701 4458 in
715 4404 807 4458 ethica
820 4421 937 4458 mamam
957 4420 1043 4475 quan·
1083 4404 1263 4468 confirmatas;
1283 4405 1312 4458 in
1326 4404 1454 4459 conflictu
1467 4411 1494 4459 et
1512 4422 1606 4477 pugna
1625 4402 1728 4459 honesti
1741 4406 1766 4453 et
1775 4392 1843 4451 unta

250 4481 313 4535 dam
327 4482 448 4536 materiae
462 4483 630 4556 splendidam
645 4491 672 4538 et
680 4484 818 4548 nitentem,
827 4484 856 4536 in
870 4499 923 4554 qua
936 4483 1045 4553 potissi·
1083 4484 1112 4538 in
1125 4485 1253 4538 virtutum
1271 4483 1341 4538 inter
1356 4500 1384 4538 se
1399 4482 1550 4549 libramine,
1564 4485 1691 4540 nimirum
1703 4479 1743 4534 cui
1756 4486 1843 4548 qunque

250 4578 325 4615 mum
348 4561 391 4614 vel
411 4561 516 4631 ingenii
533 4578 654 4626 acumen,
674 4563 718 4618 vel
742 4562 904 4634 eloquentia
923 4563 1044 4634 vigorem
1083 4562 1278 4633 praeponderet,
1293 4572 1321 4616 et
1332 4562 1473 4618 similibus.
1514 4563 1592 4618 Adeo
1604 4572 1634 4618 ut
1647 4562 1714 4616 banc
1727 4549 1844 4630 pertende

250 4640 388 4694 venditare
408 4641 528 4709 possint:
547 4659 608 4714 quas
629 4659 693 4697 vero
709 4643 856 4713 practicam
873 4641 992 4696 maxime
1005 4642 1046 4696 in·
1084 4642 1234 4713 exemplari
1247 4642 1393 4713 insigniter
1406 4642 1543 4698 excultam
1553 4644 1613 4713 jam
1626 4658 1693 4706 esse,
1706 4647 1732 4693 et
1747 4633 1844 4720 antiqttt

250 4728 364 4783 struunt,
380 4720 597 4792 quandoquidem
611 4730 666 4776 tam
680 4721 751 4777 belle
764 4722 854 4777 ornari
864 4737 918 4775 non
932 4721 1045 4792 possint,
1083 4723 1112 4776 in
1126 4738 1160 4776 ca
1172 4739 1201 4776 re
1209 4722 1349 4777 mirabiles
1361 4739 1391 4777 se
1400 4723 1473 4778 viros
1486 4723 1654 4792 prestitisse,
1667 4716 1801 4787 reperiam:
1817 4716 1844 4795 itt

249 4801 371 4854 maxima
380 4817 415 4854 cx
429 4813 507 4870 parte
521 4800 677 4856 omisemnt.
1085 4810 1184 4865 tamen,
1199 4809 1230 4855 ut
1243 4800 1422 4872 philosophos
1435 4801 1519 4872 longo
1531 4808 1595 4871 post
1611 4817 1640 4856 se
1654 4793 1787 4853 intervallo
1796 4786 1843 4877 relt-

288 4880 388 4950 Neque
397 4881 702 4936 tamendebuerautviri
714 4889 769 4934 tam
780 4879 875 4935 eximii
886 4879 1045 4950 desperasse
1085 4882 1174 4952 querit
1200 4881 1248 4949 pia
1275 4889 1303 4936 et
1324 4889 1433 4936 strenua
1458 4880 1645 4952 theologorum
1672 4872 1843 4956 diligentiism

249 4960 283 5014 de
303 4959 419 5024 fortuna,
440 4960 525 5014 simili
545 4961 578 5025 ei,
593 4977 674 5032 quam
695 4959 777 5029 poeta
790 4959 932 5031 Virgilius,
943 4969 972 5013 et
993 4959 1045 5016 sibi
1085 4960 1189 5024 officiis,
1197 4960 1375 5016 etvirtntibus
1385 4959 1686 5024 moralibusetcasibus
1694 4951 1842 5010 manicata

249 5039 382 5110 spondere
399 5055 489 5101 austra,
504 5048 531 5094 et
544 5056 639 5094 revera
656 5047 837 5110 consequutus
850 5047 908 5103 eat)
929 5039 976 5110 qui
990 5056 1044 5094 non
1085 5049 1113 5093 et
1126 5040 1230 5109 pcccati
1250 5039 1546 5111 circumscriptionibus
1567 5035 1728 5110 pensitandis
1741 5040 1764 5087 et
1775 5027 1842 5083 dctu-

249 5121 384 5173 minorem
397 5118 567 5188 eloquentiae,
582 5118 694 5189 ingenii,
709 5127 737 5173 et
749 5119 916 5183 emditionis,
931 5119 1046 5189 gloriam
1085 5119 1220 5174 minandis
1234 5120 1390 5174 exercitata.
1813 5181 1818 5192 ,
1837 5177 1841 5186 ,

212 5213 215 5224 ’
250 5198 364 5267 adeptus
378 5205 427 5260 est,
438 5196 466 5251 in
477 5196 639 5267 explicando
649 5198 852 5252 observationes
866 5198 1046 5268 agriculturae,
1125 5198 1223 5253 Nihilo
1236 5215 1314 5253 secus
1328 5200 1370 5270 (ut
1383 5198 1417 5252 ad
1439 5198 1618 5270 philosophos
1630 5189 1770 5257 redeamus)
1782 5184 1801 5241 δί
1812 5177 1842 5270 llll

251 5293 333 5347 quam
347 5277 440 5330 AEneae
455 5293 498 5330 res
512 5283 602 5347 gestas
616 5276 740 5331 heroicas
754 5277 913 5332 enarrando.
1086 5278 1243 5349 (antequam
1254 5278 1289 5331 ad
1302 5277 1446 5349 populares
1455 5287 1483 5332 et
1493 5284 1615 5348 receptas
1629 5275 1743 5329 notiones
1752 5266 1841 5319 vinnon

309 5396 325 5418 ‘¹
335 5392 389 5440 Nec
399 5407 451 5440 sum
459 5393 532 5440 animi
540 5391 630 5449 dubius,
640 5391 716 5440 verbis
724 5408 752 5440 aa
759 5394 853 5440 vincere
862 5408 975 5455 magnum
1086 5357 1632 5450 Viffi’doqussff01uptffti&“⁰³²²er
1641 5371 1670 5409 ⁸⁰
1679 5333 1841 5470 appliwffi)

309 5450 744 5513 qwignmgmsnnesadm
754 5451 968 5502 mbmbonorem.”
1086 5436 1680 5508 supersedissentpuuhsper,etradrcesvpsas
1688 5431 1805 5486 nonsatis
1834 5451 1839 5476 ι
