<?xml version="1.0" encoding="UTF-8"?>
<!DOCTYPE html PUBLIC "-//W3C//DTD XHTML 1.0 Transitional//EN"
    "http://www.w3.org/TR/xhtml1/DTD/xhtml1-transitional.dtd">
<html xmlns="http://www.w3.org/1999/xhtml" xml:lang="en" lang="en">
 <head>
  <title>
</title>
<meta http-equiv="Content-Type" content="text/html;charset=utf-8" />
  <meta name='ocr-system' content='tesseract 3.04.00' />
  <meta name='ocr-capabilities' content='ocr_page ocr_carea ocr_par ocr_line ocrx_word'/>
</head>
<body>
  <div class='ocr_page' id='page_1' title='image "./workslordbaconw00bacogoog_0720.png"; bbox 0 0 3800 5875; ppageno 0'>
   <div class='ocr_carea' id='block_1_1' title="bbox 212 289 1528 359">
    <p class='ocr_par' dir='ltr' id='par_1_1' title="bbox 212 289 1528 359">
     <span class='ocr_line' id='line_1_1' title="bbox 212 289 1528 359; baseline -0.002 -9"><span class='ocrx_word' id='word_1_1' title='bbox 212 293 269 350; x_wconf 78' lang='grc'><strong>694</strong></span> <span class='ocrx_word' id='word_1_2' title='bbox 503 292 752 359; x_wconf 77' lang='lat' dir='ltr'><strong>Paauatttnts,</strong></span> <span class='ocrx_word' id='word_1_3' title='bbox 773 291 931 357; x_wconf 73' lang='lat' dir='ltr'><strong>ransart,</strong></span> <span class='ocrx_word' id='word_1_4' title='bbox 953 290 1002 345; x_wconf 76' lang='lat' dir='ltr'><strong>st</strong></span> <span class='ocrx_word' id='word_1_5' title='bbox 1022 289 1237 346; x_wconf 74' lang='lat' dir='ltr'><strong>Damocatrt</strong></span> <span class='ocrx_word' id='word_1_6' title='bbox 1259 290 1528 347; x_wconf 72' lang='lat' dir='ltr'><strong>ruinosopnta</strong></span> 
     </span>
    </p>
   </div>
   <div class='ocr_carea' id='block_1_2' title="bbox 210 447 1832 839">
    <p class='ocr_par' dir='ltr' id='par_1_2' title="bbox 210 447 1832 839">
     <span class='ocr_line' id='line_1_2' title="bbox 210 447 1831 524; baseline -0.002 -17"><span class='ocrx_word' id='word_1_7' title='bbox 210 453 372 509; x_wconf 90' lang='lat' dir='ltr'><strong>destruendo</strong></span> <span class='ocrx_word' id='word_1_8' title='bbox 396 469 478 524; x_wconf 89' lang='lat' dir='ltr'><strong>quam</strong></span> <span class='ocrx_word' id='word_1_9' title='bbox 504 452 648 508; x_wconf 84' lang='lat' dir='ltr'><strong>astmendo</strong></span> <span class='ocrx_word' id='word_1_10' title='bbox 672 450 777 507; x_wconf 81' lang='lat' dir='ltr'><strong>melior.</strong></span> <span class='ocrx_word' id='word_1_11' title='bbox 819 449 910 518; x_wconf 82' lang='lat' dir='ltr'><strong>lpcins</strong></span> <span class='ocrx_word' id='word_1_12' title='bbox 936 464 1001 501; x_wconf 78' lang='lat' dir='ltr'><strong>vero</strong></span> <span class='ocrx_word' id='word_1_13' title='bbox 1037 447 1103 503; x_wconf 86' lang='lat' dir='ltr'><strong>lieri</strong></span> <span class='ocrx_word' id='word_1_14' title='bbox 1147 448 1243 518; x_wconf 76' lang='lat' dir='ltr'><strong>ignem</strong></span> <span class='ocrx_word' id='word_1_15' title='bbox 1257 448 1330 502; x_wconf 87' lang='lat' dir='ltr'><strong>enim</strong></span> <span class='ocrx_word' id='word_1_16' title='bbox 1343 457 1466 504; x_wconf 84' lang='lat' dir='ltr'><strong>nostrum</strong></span> <span class='ocrx_word' id='word_1_17' title='bbox 1479 455 1558 504; x_wconf 80' lang='lat' dir='ltr'><strong>extra</strong></span> <span class='ocrx_word' id='word_1_18' title='bbox 1571 449 1664 503; x_wconf 86' lang='lat' dir='ltr'><strong>locum</strong></span> <span class='ocrx_word' id='word_1_19' title='bbox 1677 464 1768 512; x_wconf 73' lang='lat' dir='ltr'><strong>smum,</strong></span> <span class='ocrx_word' id='word_1_20' title='bbox 1780 455 1831 504; x_wconf 85' lang='lat' dir='ltr'><strong>trc-</strong></span> 
     </span>
     <span class='ocr_line' id='line_1_3' title="bbox 210 525 1832 602; baseline -0.004 -15"><span class='ocrx_word' id='word_1_21' title='bbox 210 532 382 587; x_wconf 88' lang='lat' dir='ltr'><strong>Parmenidis</strong></span> <span class='ocrx_word' id='word_1_22' title='bbox 396 532 563 586; x_wconf 82' lang='lat' dir='ltr'><strong>inventorum</strong></span> <span class='ocrx_word' id='word_1_23' title='bbox 577 548 657 602; x_wconf 87' lang='lat' dir='ltr'><strong>parca</strong></span> <span class='ocrx_word' id='word_1_24' title='bbox 672 530 816 584; x_wconf 78' lang='lat' dir='ltr'><strong>admodum</strong></span> <span class='ocrx_word' id='word_1_25' title='bbox 829 535 856 582; x_wconf 92' lang='lat' dir='ltr'><strong>et</strong></span> <span class='ocrx_word' id='word_1_26' title='bbox 868 526 999 597; x_wconf 75' lang='lat' dir='ltr'>perexilis</span> <span class='ocrx_word' id='word_1_27' title='bbox 1037 525 1139 602; x_wconf 84' lang='lat' dir='ltr'><strong>pidum,</strong></span> <span class='ocrx_word' id='word_1_28' title='bbox 1152 527 1297 581; x_wconf 76' lang='lat' dir='ltr'>contrariis</span> <span class='ocrx_word' id='word_1_29' title='bbox 1310 527 1512 593; x_wconf 81' lang='lat' dir='ltr'><strong>circarmiusnm,</strong></span> <span class='ocrx_word' id='word_1_30' title='bbox 1526 528 1679 599; x_wconf 79' lang='lat' dir='ltr'><strong>indignam,</strong></span> <span class='ocrx_word' id='word_1_31' title='bbox 1694 536 1723 581; x_wconf 92' lang='lat' dir='ltr'><strong>et</strong></span> <span class='ocrx_word' id='word_1_32' title='bbox 1740 528 1832 598; x_wconf 73' lang='lat' dir='ltr'><strong>stipuu</strong></span> 
     </span>
     <span class='ocr_line' id='line_1_4' title="bbox 211 604 1832 677; baseline -0.002 -11"><span class='ocrx_word' id='word_1_33' title='bbox 211 612 350 666; x_wconf 80' lang='lat' dir='ltr'><strong>memoria</strong></span> <span class='ocrx_word' id='word_1_34' title='bbox 392 610 517 664; x_wconf 75' lang='lat' dir='ltr'><strong>Attamen</strong></span> <span class='ocrx_word' id='word_1_35' title='bbox 542 610 716 664; x_wconf 80' lang='lat' dir='ltr'><strong>fundamenta</strong></span> <span class='ocrx_word' id='word_1_36' title='bbox 739 608 838 663; x_wconf 87' lang='lat' dir='ltr'><strong>similis</strong></span> <span class='ocrx_word' id='word_1_37' title='bbox 862 606 999 676; x_wconf 74' lang='lat' dir='ltr'><strong>opinionis</strong></span> <span class='ocrx_word' id='word_1_38' title='bbox 1036 604 1167 668; x_wconf 90' lang='lat' dir='ltr'><strong>alimenti,</strong></span> <span class='ocrx_word' id='word_1_39' title='bbox 1175 615 1390 670; x_wconf 88' lang='lat' dir='ltr'><strong>utconservetur,</strong></span> <span class='ocrx_word' id='word_1_40' title='bbox 1400 608 1623 670; x_wconf 85' lang='lat' dir='ltr'><strong>emendicantem,</strong></span> <span class='ocrx_word' id='word_1_41' title='bbox 1635 614 1664 659; x_wconf 90' lang='lat' dir='ltr'><strong>et</strong></span> <span class='ocrx_word' id='word_1_42' title='bbox 1672 605 1832 677; x_wconf 73' lang='lat' dir='ltr'><strong>fugientem.</strong></span> 
     </span>
     <span class='ocr_line' id='line_1_5' title="bbox 210 682 1832 760; baseline -0.003 -16"><span class='ocrx_word' id='word_1_43' title='bbox 210 689 292 760; x_wconf 87' lang='lat' dir='ltr'><strong>plane</strong></span> <span class='ocrx_word' id='word_1_44' title='bbox 309 691 383 758; x_wconf 85' lang='lat' dir='ltr'><strong>jacta</strong></span> <span class='ocrx_word' id='word_1_45' title='bbox 401 689 525 744; x_wconf 84' lang='lat' dir='ltr'><strong>videntur</strong></span> <span class='ocrx_word' id='word_1_46' title='bbox 543 690 572 743; x_wconf 91' lang='lat' dir='ltr'><strong>in</strong></span> <span class='ocrx_word' id='word_1_47' title='bbox 592 689 668 753; x_wconf 89' lang='lat' dir='ltr'><strong>libro,</strong></span> <span class='ocrx_word' id='word_1_48' title='bbox 683 704 764 759; x_wconf 86' lang='lat' dir='ltr'><strong>quem</strong></span> <span class='ocrx_word' id='word_1_49' title='bbox 783 685 947 740; x_wconf 79' lang='lat' dir='ltr'><strong>Plutarchus</strong></span> <span class='ocrx_word' id='word_1_50' title='bbox 965 686 997 739; x_wconf 91' lang='lat' dir='ltr'><strong>de</strong></span> <span class='ocrx_word' id='word_1_51' title='bbox 1037 682 1074 737; x_wconf 78' lang='lat' dir='ltr'><strong>at</strong></span> <span class='ocrx_word' id='word_1_52' title='bbox 1086 686 1115 738; x_wconf 93' lang='lat' dir='ltr'><strong>in</strong></span> <span class='ocrx_word' id='word_1_53' title='bbox 1129 684 1198 739; x_wconf 86' lang='lat' dir='ltr'><strong>coelo</strong></span> <span class='ocrx_word' id='word_1_54' title='bbox 1211 701 1276 739; x_wconf 86' lang='lat' dir='ltr'><strong>vero</strong></span> <span class='ocrx_word' id='word_1_55' title='bbox 1288 685 1414 751; x_wconf 89' lang='lat' dir='ltr'><strong>locatum,</strong></span> <span class='ocrx_word' id='word_1_56' title='bbox 1428 688 1465 740; x_wconf 90' lang='lat' dir='ltr'><strong>ab</strong></span> <span class='ocrx_word' id='word_1_57' title='bbox 1479 688 1582 757; x_wconf 88' lang='lat' dir='ltr'><strong>impetu</strong></span> <span class='ocrx_word' id='word_1_58' title='bbox 1595 685 1716 753; x_wconf 78' lang='lat' dir='ltr'><strong>abcnjns</strong></span> <span class='ocrx_word' id='word_1_59' title='bbox 1729 693 1832 740; x_wconf 80' lang='lat' dir='ltr'><strong>conua-</strong></span> 
     </span>
     <span class='ocr_line' id='line_1_6' title="bbox 210 762 1832 839; baseline -0.002 -17"><span class='ocrx_word' id='word_1_60' title='bbox 210 769 299 838; x_wconf 91' lang='lat' dir='ltr'><strong>primo</strong></span> <span class='ocrx_word' id='word_1_61' title='bbox 312 768 411 839; x_wconf 80' lang='lat' dir='ltr'><strong>frigido</strong></span> <span class='ocrx_word' id='word_1_62' title='bbox 430 768 607 837; x_wconf 85' lang='lat' dir='ltr'><strong>conscripsit;</strong></span> <span class='ocrx_word' id='word_1_63' title='bbox 629 768 676 839; x_wconf 93' lang='lat' dir='ltr'><strong>qni</strong></span> <span class='ocrx_word' id='word_1_64' title='bbox 695 773 823 822; x_wconf 88' lang='lat' dir='ltr'><strong>tractatus</strong></span> <span class='ocrx_word' id='word_1_65' title='bbox 836 764 942 819; x_wconf 83' lang='lat' dir='ltr'><strong>videtur</strong></span> <span class='ocrx_word' id='word_1_66' title='bbox 963 782 998 819; x_wconf 87' lang='lat' dir='ltr'><strong>ex</strong></span> <span class='ocrx_word' id='word_1_67' title='bbox 1037 762 1070 816; x_wconf 93' lang='lat' dir='ltr'><strong>rii</strong></span> <span class='ocrx_word' id='word_1_68' title='bbox 1084 762 1257 832; x_wconf 89' lang='lat' dir='ltr'><strong>disjunctum,</strong></span> <span class='ocrx_word' id='word_1_69' title='bbox 1271 772 1445 829; x_wconf 77' lang='lat' dir='ltr'><strong>comtantem,</strong></span> <span class='ocrx_word' id='word_1_70' title='bbox 1459 783 1496 820; x_wconf 84' lang='lat' dir='ltr'><strong>ex</strong></span> <span class='ocrx_word' id='word_1_71' title='bbox 1515 782 1546 820; x_wconf 90' lang='lat' dir='ltr'><strong>se</strong></span> <span class='ocrx_word' id='word_1_72' title='bbox 1567 771 1595 818; x_wconf 90' lang='lat' dir='ltr'><strong>et</strong></span> <span class='ocrx_word' id='word_1_73' title='bbox 1612 763 1755 819; x_wconf 71' lang='lat' dir='ltr'><strong>similibus</strong></span> <span class='ocrx_word' id='word_1_74' title='bbox 1772 782 1832 819; x_wconf 82' lang='lat' dir='ltr'><strong>om·</strong></span> 
     </span>
    </p>
   </div>
   <div class='ocr_carea' id='block_1_3' title="bbox 176 843 1832 5508">
    <p class='ocr_par' dir='ltr' id='par_1_3' title="bbox 176 843 1832 5508">
     <span class='ocr_line' id='line_1_7' title="bbox 211 843 1832 918; baseline -0.002 -18"><span class='ocrx_word' id='word_1_75' title='bbox 211 847 303 917; x_wconf 92' lang='lat' dir='ltr'><strong>aliquo</strong></span> <span class='ocrx_word' id='word_1_76' title='bbox 321 854 435 902; x_wconf 89' lang='lat' dir='ltr'><strong>tractatu</strong></span> <span class='ocrx_word' id='word_1_77' title='bbox 448 847 567 918; x_wconf 87' lang='lat' dir='ltr'><strong>antiquo,</strong></span> <span class='ocrx_word' id='word_1_78' title='bbox 582 847 628 918; x_wconf 93' lang='lat' dir='ltr'><strong>qui</strong></span> <span class='ocrx_word' id='word_1_79' title='bbox 644 854 707 902; x_wconf 92' lang='lat' dir='ltr'><strong>tunc</strong></span> <span class='ocrx_word' id='word_1_80' title='bbox 722 844 851 915; x_wconf 88' lang='lat' dir='ltr'><strong>temporis</strong></span> <span class='ocrx_word' id='word_1_81' title='bbox 865 843 997 907; x_wconf 80' lang='lat' dir='ltr'><strong>exstabat,</strong></span> <span class='ocrx_word' id='word_1_82' title='bbox 1036 850 1180 909; x_wconf 80' lang='lat' dir='ltr'><strong>servatum,</strong></span> <span class='ocrx_word' id='word_1_83' title='bbox 1199 849 1227 897; x_wconf 90' lang='lat' dir='ltr'><strong>et</strong></span> <span class='ocrx_word' id='word_1_84' title='bbox 1244 843 1369 914; x_wconf 90' lang='lat' dir='ltr'><strong>proprias</strong></span> <span class='ocrx_word' id='word_1_85' title='bbox 1387 845 1559 915; x_wconf 74' lang='lat' dir='ltr'><strong>operationes</strong></span> <span class='ocrx_word' id='word_1_86' title='bbox 1577 843 1666 898; x_wconf 88' lang='lat' dir='ltr'><strong>libere</strong></span> <span class='ocrx_word' id='word_1_87' title='bbox 1686 851 1717 898; x_wconf 91' lang='lat' dir='ltr'><strong>et</strong></span> <span class='ocrx_word' id='word_1_88' title='bbox 1736 844 1832 915; x_wconf 82' lang='lat' dir='ltr'><strong>absque</strong></span> 
     </span>
     <span class='ocr_line' id='line_1_8' title="bbox 208 920 1832 997; baseline -0.002 -18"><span class='ocrx_word' id='word_1_89' title='bbox 208 926 267 994; x_wconf 83' lang='lat' dir='ltr'><strong>jam</strong></span> <span class='ocrx_word' id='word_1_90' title='bbox 281 927 370 997; x_wconf 91' lang='lat' dir='ltr'><strong>periit,</strong></span> <span class='ocrx_word' id='word_1_91' title='bbox 390 926 539 996; x_wconf 86' lang='lat' dir='ltr'><strong>descriptus</strong></span> <span class='ocrx_word' id='word_1_92' title='bbox 559 932 585 979; x_wconf 90' lang='lat' dir='ltr'><strong>ct</strong></span> <span class='ocrx_word' id='word_1_93' title='bbox 605 926 770 995; x_wconf 89' lang='lat' dir='ltr'><strong>desumptus.</strong></span> <span class='ocrx_word' id='word_1_94' title='bbox 812 922 904 976; x_wconf 83' lang='lat' dir='ltr'><strong>Habet</strong></span> <span class='ocrx_word' id='word_1_95' title='bbox 924 922 996 976; x_wconf 88' lang='lat' dir='ltr'><strong>enim</strong></span> <span class='ocrx_word' id='word_1_96' title='bbox 1036 920 1162 976; x_wconf 89' lang='lat' dir='ltr'><strong>molestia</strong></span> <span class='ocrx_word' id='word_1_97' title='bbox 1188 930 1373 993; x_wconf 82' lang='lat' dir='ltr'><strong>peragentem.</strong></span> <span class='ocrx_word' id='word_1_98' title='bbox 1430 924 1500 977; x_wconf 88' lang='lat' dir='ltr'><strong>Item</strong></span> <span class='ocrx_word' id='word_1_99' title='bbox 1527 922 1627 977; x_wconf 81' lang='lat' dir='ltr'><strong>eoelnm</strong></span> <span class='ocrx_word' id='word_1_100' title='bbox 1655 921 1736 976; x_wconf 88' lang='lat' dir='ltr'><strong>omni</strong></span> <span class='ocrx_word' id='word_1_101' title='bbox 1761 933 1832 993; x_wconf 86' lang='lat' dir='ltr'><strong>parte</strong></span> 
     </span>
     <span class='ocr_line' id='line_1_9' title="bbox 209 997 1831 1075; baseline -0.001 -17"><span class='ocrx_word' id='word_1_102' title='bbox 209 1020 265 1059; x_wconf 88' lang='lat' dir='ltr'><strong>non</strong></span> <span class='ocrx_word' id='word_1_103' title='bbox 277 1021 366 1075; x_wconf 88' lang='lat' dir='ltr'><strong>pauca</strong></span> <span class='ocrx_word' id='word_1_104' title='bbox 379 1011 405 1059; x_wconf 90' lang='lat' dir='ltr'><strong>et</strong></span> <span class='ocrx_word' id='word_1_105' title='bbox 418 1005 540 1058; x_wconf 80' lang='lat' dir='ltr'><strong>acutiora</strong></span> <span class='ocrx_word' id='word_1_106' title='bbox 552 1011 580 1058; x_wconf 89' lang='lat' dir='ltr'><strong>et</strong></span> <span class='ocrx_word' id='word_1_107' title='bbox 597 1005 723 1069; x_wconf 85' lang='lat' dir='ltr'><strong>firmiora,</strong></span> <span class='ocrx_word' id='word_1_108' title='bbox 737 1019 819 1075; x_wconf 90' lang='lat' dir='ltr'><strong>quam</strong></span> <span class='ocrx_word' id='word_1_109' title='bbox 832 999 920 1055; x_wconf 89' lang='lat' dir='ltr'><strong>solent</strong></span> <span class='ocrx_word' id='word_1_110' title='bbox 937 1017 997 1055; x_wconf 90' lang='lat' dir='ltr'><strong>esse</strong></span> <span class='ocrx_word' id='word_1_111' title='bbox 1036 997 1162 1064; x_wconf 89' lang='lat' dir='ltr'><strong>lucidum,</strong></span> <span class='ocrx_word' id='word_1_112' title='bbox 1174 1001 1221 1054; x_wconf 90' lang='lat' dir='ltr'><strong>sed</strong></span> <span class='ocrx_word' id='word_1_113' title='bbox 1235 1002 1382 1056; x_wconf 89' lang='lat' dir='ltr'><strong>secundum</strong></span> <span class='ocrx_word' id='word_1_114' title='bbox 1396 1002 1486 1073; x_wconf 80' lang='lat' dir='ltr'><strong>magis</strong></span> <span class='ocrx_word' id='word_1_115' title='bbox 1498 1010 1526 1056; x_wconf 91' lang='lat' dir='ltr'><strong>et</strong></span> <span class='ocrx_word' id='word_1_116' title='bbox 1538 1002 1638 1056; x_wconf 82' lang='lat' dir='ltr'><strong>minua</strong></span> <span class='ocrx_word' id='word_1_117' title='bbox 1680 1001 1755 1056; x_wconf 82' lang='lat' dir='ltr'><strong>cum</strong></span> <span class='ocrx_word' id='word_1_118' title='bbox 1764 1003 1831 1057; x_wconf 90' lang='lat' dir='ltr'><strong>enim</strong></span> 
     </span>
     <span class='ocr_line' id='line_1_10' title="bbox 209 1079 1832 1154; baseline -0.002 -17"><span class='ocrx_word' id='word_1_119' title='bbox 209 1084 327 1139; x_wconf 88' lang='lat' dir='ltr'><strong>auctoris</strong></span> <span class='ocrx_word' id='word_1_120' title='bbox 346 1084 441 1154; x_wconf 90' lang='lat' dir='ltr'><strong>ipsius,</strong></span> <span class='ocrx_word' id='word_1_121' title='bbox 459 1083 506 1154; x_wconf 86' lang='lat' dir='ltr'><strong>qui</strong></span> <span class='ocrx_word' id='word_1_122' title='bbox 527 1084 710 1154; x_wconf 70' lang='lat' dir='ltr'><strong>eavulgaritr</strong></span> <span class='ocrx_word' id='word_1_123' title='bbox 731 1099 749 1136; x_wconf 88' lang='lat' dir='ltr'><strong>a</strong></span> <span class='ocrx_word' id='word_1_124' title='bbox 762 1082 859 1153; x_wconf 91' lang='lat' dir='ltr'><strong>quibus</strong></span> <span class='ocrx_word' id='word_1_125' title='bbox 880 1080 998 1134; x_wconf 91' lang='lat' dir='ltr'><strong>monitus</strong></span> <span class='ocrx_word' id='word_1_126' title='bbox 1036 1079 1091 1133; x_wconf 91' lang='lat' dir='ltr'><strong>sint</strong></span> <span class='ocrx_word' id='word_1_127' title='bbox 1113 1097 1149 1134; x_wconf 84' lang='lat' dir='ltr'><strong>ex</strong></span> <span class='ocrx_word' id='word_1_128' title='bbox 1170 1079 1257 1135; x_wconf 90' lang='lat' dir='ltr'><strong>stellis</strong></span> <span class='ocrx_word' id='word_1_129' title='bbox 1278 1081 1349 1135; x_wconf 87' lang='lat' dir='ltr'><strong>notia</strong></span> <span class='ocrx_word' id='word_1_130' title='bbox 1369 1089 1399 1136; x_wconf 92' lang='lat' dir='ltr'><strong>et</strong></span> <span class='ocrx_word' id='word_1_131' title='bbox 1420 1081 1576 1145; x_wconf 85' lang='lat' dir='ltr'><strong>numeratis,</strong></span> <span class='ocrx_word' id='word_1_132' title='bbox 1602 1099 1666 1152; x_wconf 85' lang='lat' dir='ltr'><strong>quae</strong></span> <span class='ocrx_word' id='word_1_133' title='bbox 1690 1081 1746 1134; x_wconf 86' lang='lat' dir='ltr'><strong>nisi</strong></span> <span class='ocrx_word' id='word_1_134' title='bbox 1767 1080 1832 1135; x_wconf 65' lang='lat' dir='ltr'><strong>mlo</strong></span> 
     </span>
     <span class='ocr_line' id='line_1_11' title="bbox 210 1158 1831 1232; baseline -0.001 -17"><span class='ocrx_word' id='word_1_135' title='bbox 210 1168 292 1232; x_wconf 92' lang='lat' dir='ltr'><strong>atque</strong></span> <span class='ocrx_word' id='word_1_136' title='bbox 312 1163 444 1218; x_wconf 90' lang='lat' dir='ltr'><strong>excitatus</strong></span> <span class='ocrx_word' id='word_1_137' title='bbox 456 1162 561 1217; x_wconf 78' lang='lat' dir='ltr'><strong>videbar</strong></span> <span class='ocrx_word' id='word_1_138' title='bbox 579 1162 713 1226; x_wconf 79' lang='lat' dir='ltr'><strong>Telesina,</strong></span> <span class='ocrx_word' id='word_1_139' title='bbox 728 1168 759 1216; x_wconf 93' lang='lat' dir='ltr'><strong>ut</strong></span> <span class='ocrx_word' id='word_1_140' title='bbox 778 1177 811 1215; x_wconf 90' lang='lat' dir='ltr'><strong>ea</strong></span> <span class='ocrx_word' id='word_1_141' title='bbox 831 1167 859 1214; x_wconf 90' lang='lat' dir='ltr'><strong>et</strong></span> <span class='ocrx_word' id='word_1_142' title='bbox 878 1158 997 1213; x_wconf 84' lang='lat' dir='ltr'><strong>studiose</strong></span> <span class='ocrx_word' id='word_1_143' title='bbox 1037 1174 1132 1213; x_wconf 90' lang='lat' dir='ltr'><strong>sereno</strong></span> <span class='ocrx_word' id='word_1_144' title='bbox 1151 1159 1271 1230; x_wconf 78' lang='lat' dir='ltr'><strong>conspici</strong></span> <span class='ocrx_word' id='word_1_145' title='bbox 1291 1176 1345 1214; x_wconf 91' lang='lat' dir='ltr'><strong>non</strong></span> <span class='ocrx_word' id='word_1_146' title='bbox 1365 1161 1477 1230; x_wconf 85' lang='lat' dir='ltr'><strong>possint,</strong></span> <span class='ocrx_word' id='word_1_147' title='bbox 1496 1167 1579 1232; x_wconf 90' lang='lat' dir='ltr'><strong>atque</strong></span> <span class='ocrx_word' id='word_1_148' title='bbox 1598 1161 1629 1213; x_wconf 88' lang='lat' dir='ltr'><strong>in</strong></span> <span class='ocrx_word' id='word_1_149' title='bbox 1649 1159 1764 1231; x_wconf 80' lang='lat' dir='ltr'><strong>galaxia</strong></span> <span class='ocrx_word' id='word_1_150' title='bbox 1781 1161 1831 1215; x_wconf 88' lang='lat' dir='ltr'><strong>sint</strong></span> 
     </span>
     <span class='ocr_line' id='line_1_12' title="bbox 209 1237 1830 1313; baseline -0.001 -17"><span class='ocrx_word' id='word_1_151' title='bbox 209 1240 348 1312; x_wconf 75' lang='lat' dir='ltr'><strong>arriperet,</strong></span> <span class='ocrx_word' id='word_1_152' title='bbox 362 1249 390 1296; x_wconf 93' lang='lat' dir='ltr'><strong>et</strong></span> <span class='ocrx_word' id='word_1_153' title='bbox 403 1249 511 1296; x_wconf 75' lang='lat' dir='ltr'><strong>anenue</strong></span> <span class='ocrx_word' id='word_1_154' title='bbox 523 1249 730 1313; x_wconf 84' lang='lat' dir='ltr'><strong>persequeretur</strong></span> <span class='ocrx_word' id='word_1_155' title='bbox 742 1240 771 1294; x_wconf 93' lang='lat' dir='ltr'><strong>in</strong></span> <span class='ocrx_word' id='word_1_156' title='bbox 784 1239 840 1295; x_wconf 90' lang='lat' dir='ltr'><strong>suis</strong></span> <span class='ocrx_word' id='word_1_157' title='bbox 853 1240 886 1293; x_wconf 91' lang='lat' dir='ltr'><strong>de</strong></span> <span class='ocrx_word' id='word_1_158' title='bbox 900 1245 998 1293; x_wconf 87' lang='lat' dir='ltr'><strong>natura</strong></span> <span class='ocrx_word' id='word_1_159' title='bbox 1036 1237 1099 1292; x_wconf 91' lang='lat' dir='ltr'><strong>nodi</strong></span> <span class='ocrx_word' id='word_1_160' title='bbox 1112 1237 1275 1293; x_wconf 87' lang='lat' dir='ltr'><strong>minutarum</strong></span> <span class='ocrx_word' id='word_1_161' title='bbox 1289 1238 1513 1312; x_wconf 73' lang='lat' dir='ltr'><strong>stellarumque</strong></span> <span class='ocrx_word' id='word_1_162' title='bbox 1530 1239 1688 1294; x_wconf 85' lang='lat' dir='ltr'><strong>albedinem</strong></span> <span class='ocrx_word' id='word_1_163' title='bbox 1701 1238 1830 1310; x_wconf 75' lang='lat' dir='ltr'><strong>quandam</strong></span> 
     </span>
     <span class='ocr_line' id='line_1_13' title="bbox 208 1317 1828 1388; baseline -0.002 -13"><span class='ocrx_word' id='word_1_164' title='bbox 208 1337 298 1375; x_wconf 87' lang='lat' dir='ltr'><strong>rerum</strong></span> <span class='ocrx_word' id='word_1_165' title='bbox 325 1321 534 1376; x_wconf 88' lang='lat' dir='ltr'><strong>commentariis.</strong></span> <span class='ocrx_word' id='word_1_166' title='bbox 574 1319 679 1376; x_wconf 87' lang='lat' dir='ltr'><strong>Placita</strong></span> <span class='ocrx_word' id='word_1_167' title='bbox 699 1327 790 1374; x_wconf 87' lang='lat' dir='ltr'><strong>autem</strong></span> <span class='ocrx_word' id='word_1_168' title='bbox 812 1318 894 1388; x_wconf 87' lang='lat' dir='ltr'><strong>hujus</strong></span> <span class='ocrx_word' id='word_1_169' title='bbox 915 1324 998 1374; x_wconf 79' lang='lat' dir='ltr'><strong>secta</strong></span> <span class='ocrx_word' id='word_1_170' title='bbox 1036 1317 1194 1385; x_wconf 78' lang='lat' dir='ltr'><strong>conjuncta,</strong></span> <span class='ocrx_word' id='word_1_171' title='bbox 1208 1333 1262 1370; x_wconf 91' lang='lat' dir='ltr'><strong>nou</strong></span> <span class='ocrx_word' id='word_1_172' title='bbox 1276 1334 1373 1388; x_wconf 87' lang='lat' dir='ltr'><strong>corpus</strong></span> <span class='ocrx_word' id='word_1_173' title='bbox 1390 1319 1511 1374; x_wconf 89' lang='lat' dir='ltr'><strong>lucidum</strong></span> <span class='ocrx_word' id='word_1_174' title='bbox 1528 1319 1665 1374; x_wconf 71' lang='lat' dir='ltr'><strong>distincta</strong></span> <span class='ocrx_word' id='word_1_175' title='bbox 1683 1335 1828 1388; x_wconf 74' lang='lat' dir='ltr'><strong>repmseu-</strong></span> 
     </span>
     <span class='ocr_line' id='line_1_14' title="bbox 209 1395 1829 1470; baseline -0.001 -16"><span class='ocrx_word' id='word_1_176' title='bbox 209 1406 273 1455; x_wconf 90' lang='lat' dir='ltr'><strong>sunt</strong></span> <span class='ocrx_word' id='word_1_177' title='bbox 298 1399 463 1469; x_wconf 81' lang='lat' dir='ltr'><strong>hujusmodi.</strong></span> <span class='ocrx_word' id='word_1_178' title='bbox 502 1400 610 1454; x_wconf 80' lang='lat' dir='ltr'><strong>Primus</strong></span> <span class='ocrx_word' id='word_1_179' title='bbox 637 1401 737 1454; x_wconf 77' lang='lat' dir='ltr'><strong>formas</strong></span> <span class='ocrx_word' id='word_1_180' title='bbox 757 1415 789 1452; x_wconf 87' lang='lat' dir='ltr'><strong>ac</strong></span> <span class='ocrx_word' id='word_1_181' title='bbox 817 1397 903 1468; x_wconf 92' lang='lat' dir='ltr'><strong>prima</strong></span> <span class='ocrx_word' id='word_1_182' title='bbox 924 1399 998 1452; x_wconf 89' lang='lat' dir='ltr'><strong>entia</strong></span> <span class='ocrx_word' id='word_1_183' title='bbox 1037 1403 1109 1459; x_wconf 83' lang='lat' dir='ltr'><strong>tent;</strong></span> <span class='ocrx_word' id='word_1_184' title='bbox 1129 1396 1232 1450; x_wconf 88' lang='lat' dir='ltr'><strong>nemini</strong></span> <span class='ocrx_word' id='word_1_185' title='bbox 1245 1395 1356 1453; x_wconf 88' lang='lat' dir='ltr'><strong>dubium</strong></span> <span class='ocrx_word' id='word_1_186' title='bbox 1369 1414 1429 1452; x_wconf 89' lang='lat' dir='ltr'><strong>esse</strong></span> <span class='ocrx_word' id='word_1_187' title='bbox 1443 1415 1533 1468; x_wconf 87' lang='lat' dir='ltr'><strong>posse,</strong></span> <span class='ocrx_word' id='word_1_188' title='bbox 1548 1398 1614 1470; x_wconf 90' lang='lat' dir='ltr'><strong>quin</strong></span> <span class='ocrx_word' id='word_1_189' title='bbox 1634 1405 1664 1452; x_wconf 90' lang='lat' dir='ltr'><strong>et</strong></span> <span class='ocrx_word' id='word_1_190' title='bbox 1682 1396 1829 1452; x_wconf 75' lang='lat' dir='ltr'><strong>sintstelln</strong></span> 
     </span>
     <span class='ocr_line' id='line_1_15' title="bbox 209 1473 1830 1550; baseline 0 -18"><span class='ocrx_word' id='word_1_191' title='bbox 209 1477 304 1544; x_wconf 82' lang='lat' dir='ltr'><strong>activa,</strong></span> <span class='ocrx_word' id='word_1_192' title='bbox 323 1486 405 1550; x_wconf 88' lang='lat' dir='ltr'><strong>atque</strong></span> <span class='ocrx_word' id='word_1_193' title='bbox 424 1479 494 1533; x_wconf 88' lang='lat' dir='ltr'><strong>adeo</strong></span> <span class='ocrx_word' id='word_1_194' title='bbox 513 1480 614 1550; x_wconf 90' lang='lat' dir='ltr'><strong>primas</strong></span> <span class='ocrx_word' id='word_1_195' title='bbox 637 1478 809 1542; x_wconf 86' lang='lat' dir='ltr'><strong>snbstantias,</strong></span> <span class='ocrx_word' id='word_1_196' title='bbox 830 1475 949 1530; x_wconf 89' lang='lat' dir='ltr'><strong>calorem</strong></span> <span class='ocrx_word' id='word_1_197' title='bbox 971 1484 999 1532; x_wconf 88' lang='lat' dir='ltr'><strong>et</strong></span> <span class='ocrx_word' id='word_1_198' title='bbox 1036 1473 1197 1545; x_wconf 82' lang='lat' dir='ltr'><strong>complures,</strong></span> <span class='ocrx_word' id='word_1_199' title='bbox 1208 1474 1296 1546; x_wconf 91' lang='lat' dir='ltr'><strong>quoad</strong></span> <span class='ocrx_word' id='word_1_200' title='bbox 1309 1476 1536 1543; x_wconf 70' lang='lat' dir='ltr'><strong>uosinvisibilesr</strong></span> <span class='ocrx_word' id='word_1_201' title='bbox 1556 1485 1640 1548; x_wconf 88' lang='lat' dir='ltr'><strong>atque</strong></span> <span class='ocrx_word' id='word_1_202' title='bbox 1652 1477 1724 1532; x_wconf 86' lang='lat' dir='ltr'><strong>adeo</strong></span> <span class='ocrx_word' id='word_1_203' title='bbox 1733 1478 1830 1532; x_wconf 84' lang='lat' dir='ltr'><strong>unirer·</strong></span> 
     </span>
     <span class='ocr_line' id='line_1_16' title="bbox 209 1553 1828 1628; baseline 0 -17"><span class='ocrx_word' id='word_1_204' title='bbox 209 1556 296 1628; x_wconf 80' lang='lat' dir='ltr'><strong>irIgus</strong></span> <span class='ocrx_word' id='word_1_205' title='bbox 309 1573 384 1624; x_wconf 72' lang='lat' dir='ltr'><strong>esse3</strong></span> <span class='ocrx_word' id='word_1_206' title='bbox 398 1558 493 1613; x_wconf 89' lang='lat' dir='ltr'><strong>eadem</strong></span> <span class='ocrx_word' id='word_1_207' title='bbox 503 1558 680 1613; x_wconf 89' lang='lat' dir='ltr'><strong>nihilominus</strong></span> <span class='ocrx_word' id='word_1_208' title='bbox 692 1558 850 1628; x_wconf 89' lang='lat' dir='ltr'><strong>incorporea</strong></span> <span class='ocrx_word' id='word_1_209' title='bbox 864 1556 996 1620; x_wconf 71' lang='lat' dir='ltr'><strong>ematere3</strong></span> <span class='ocrx_word' id='word_1_210' title='bbox 1036 1570 1095 1609; x_wconf 89' lang='lat' dir='ltr'><strong>sum</strong></span> <span class='ocrx_word' id='word_1_211' title='bbox 1109 1553 1172 1608; x_wconf 88' lang='lat' dir='ltr'><strong>coeli</strong></span> <span class='ocrx_word' id='word_1_212' title='bbox 1185 1571 1283 1624; x_wconf 91' lang='lat' dir='ltr'><strong>corpus</strong></span> <span class='ocrx_word' id='word_1_213' title='bbox 1295 1554 1356 1610; x_wconf 87' lang='lat' dir='ltr'><strong>luce</strong></span> <span class='ocrx_word' id='word_1_214' title='bbox 1371 1557 1514 1627; x_wconf 71' lang='lat' dir='ltr'><strong>preditum</strong></span> <span class='ocrx_word' id='word_1_215' title='bbox 1527 1556 1570 1618; x_wconf 79' lang='lat' dir='ltr'><strong>sit,</strong></span> <span class='ocrx_word' id='word_1_216' title='bbox 1583 1557 1650 1610; x_wconf 89' lang='lat' dir='ltr'><strong>licet</strong></span> <span class='ocrx_word' id='word_1_217' title='bbox 1664 1556 1769 1628; x_wconf 75' lang='lat' dir='ltr'><strong>nalgore</strong></span> <span class='ocrx_word' id='word_1_218' title='bbox 1778 1573 1828 1611; x_wconf 86' lang='lat' dir='ltr'><strong>nnn</strong></span> 
     </span>
     <span class='ocr_line' id='line_1_17' title="bbox 208 1633 1828 1707; baseline 0.001 -16"><span class='ocrx_word' id='word_1_219' title='bbox 208 1635 257 1691; x_wconf 88' lang='lat' dir='ltr'><strong>sed</strong></span> <span class='ocrx_word' id='word_1_220' title='bbox 270 1637 380 1692; x_wconf 86' lang='lat' dir='ltr'><strong>subesse</strong></span> <span class='ocrx_word' id='word_1_221' title='bbox 394 1636 537 1692; x_wconf 87' lang='lat' dir='ltr'><strong>materiam</strong></span> <span class='ocrx_word' id='word_1_222' title='bbox 550 1638 687 1707; x_wconf 85' lang='lat' dir='ltr'><strong>passivam</strong></span> <span class='ocrx_word' id='word_1_223' title='bbox 699 1645 727 1691; x_wconf 91' lang='lat' dir='ltr'><strong>et</strong></span> <span class='ocrx_word' id='word_1_224' title='bbox 739 1634 924 1707; x_wconf 85' lang='lat' dir='ltr'><strong>potentialem,</strong></span> <span class='ocrx_word' id='word_1_225' title='bbox 936 1653 998 1706; x_wconf 79' lang='lat' dir='ltr'><strong>quse</strong></span> <span class='ocrx_word' id='word_1_226' title='bbox 1036 1640 1091 1687; x_wconf 92' lang='lat' dir='ltr'><strong>tam</strong></span> <span class='ocrx_word' id='word_1_227' title='bbox 1104 1633 1216 1687; x_wconf 90' lang='lat' dir='ltr'><strong>robusto</strong></span> <span class='ocrx_word' id='word_1_228' title='bbox 1233 1642 1260 1687; x_wconf 90' lang='lat' dir='ltr'><strong>et</strong></span> <span class='ocrx_word' id='word_1_229' title='bbox 1273 1633 1404 1700; x_wconf 79' lang='lat' dir='ltr'><strong>vibrante,</strong></span> <span class='ocrx_word' id='word_1_230' title='bbox 1418 1652 1469 1691; x_wconf 88' lang='lat' dir='ltr'><strong>nec</strong></span> <span class='ocrx_word' id='word_1_231' title='bbox 1490 1636 1573 1691; x_wconf 87' lang='lat' dir='ltr'><strong>radiis</strong></span> <span class='ocrx_word' id='word_1_232' title='bbox 1594 1645 1651 1691; x_wconf 87' lang='lat' dir='ltr'><strong>tam</strong></span> <span class='ocrx_word' id='word_1_233' title='bbox 1665 1635 1792 1691; x_wconf 78' lang='lat' dir='ltr'><strong>consertis</strong></span> <span class='ocrx_word' id='word_1_234' title='bbox 1803 1645 1828 1692; x_wconf 85' lang='lat' dir='ltr'><strong>ct</strong></span> 
     </span>
     <span class='ocr_line' id='line_1_18' title="bbox 208 1713 1827 1788; baseline 0.001 -17"><span class='ocrx_word' id='word_1_235' title='bbox 208 1732 366 1787; x_wconf 78' lang='lat' dir='ltr'><strong>corpoream</strong></span> <span class='ocrx_word' id='word_1_236' title='bbox 378 1716 478 1772; x_wconf 90' lang='lat' dir='ltr'><strong>molem</strong></span> <span class='ocrx_word' id='word_1_237' title='bbox 493 1717 620 1788; x_wconf 71' lang='lat' dir='ltr'><strong>praebeat,</strong></span> <span class='ocrx_word' id='word_1_238' title='bbox 634 1725 715 1787; x_wconf 91' lang='lat' dir='ltr'><strong>atque</strong></span> <span class='ocrx_word' id='word_1_239' title='bbox 732 1716 769 1771; x_wconf 91' lang='lat' dir='ltr'><strong>sit</strong></span> <span class='ocrx_word' id='word_1_240' title='bbox 789 1714 928 1785; x_wconf 90' lang='lat' dir='ltr'><strong>utriusque</strong></span> <span class='ocrx_word' id='word_1_241' title='bbox 949 1731 997 1768; x_wconf 89' lang='lat' dir='ltr'><strong>na·</strong></span> <span class='ocrx_word' id='word_1_242' title='bbox 1036 1713 1200 1782; x_wconf 88' lang='lat' dir='ltr'><strong>constipatis,</strong></span> <span class='ocrx_word' id='word_1_243' title='bbox 1227 1721 1258 1767; x_wconf 90' lang='lat' dir='ltr'><strong>ut</strong></span> <span class='ocrx_word' id='word_1_244' title='bbox 1285 1722 1362 1768; x_wconf 88' lang='lat' dir='ltr'><strong>tanta</strong></span> <span class='ocrx_word' id='word_1_245' title='bbox 1387 1715 1479 1786; x_wconf 88' lang='lat' dir='ltr'><strong>spatis</strong></span> <span class='ocrx_word' id='word_1_246' title='bbox 1510 1715 1702 1771; x_wconf 87' lang='lat' dir='ltr'><strong>distantiarum</strong></span> <span class='ocrx_word' id='word_1_247' title='bbox 1727 1715 1827 1771; x_wconf 74' lang='lat' dir='ltr'><strong>aiacem</strong></span> 
     </span>
     <span class='ocr_line' id='line_1_19' title="bbox 209 1792 1827 1868; baseline -0.001 -18"><span class='ocrx_word' id='word_1_248' title='bbox 209 1801 274 1850; x_wconf 77' lang='lat' dir='ltr'><strong>tura</strong></span> <span class='ocrx_word' id='word_1_249' title='bbox 294 1812 330 1850; x_wconf 89' lang='lat' dir='ltr'><strong>ex</strong></span> <span class='ocrx_word' id='word_1_250' title='bbox 348 1813 427 1868; x_wconf 85' lang='lat' dir='ltr'><strong>aequo</strong></span> <span class='ocrx_word' id='word_1_251' title='bbox 446 1796 607 1866; x_wconf 78' lang='lat' dir='ltr'><strong>susceptiva,</strong></span> <span class='ocrx_word' id='word_1_252' title='bbox 624 1796 686 1867; x_wconf 88' lang='lat' dir='ltr'><strong>ipsa</strong></span> <span class='ocrx_word' id='word_1_253' title='bbox 705 1795 794 1850; x_wconf 90' lang='lat' dir='ltr'><strong>omnis</strong></span> <span class='ocrx_word' id='word_1_254' title='bbox 814 1793 928 1848; x_wconf 89' lang='lat' dir='ltr'><strong>actionis</strong></span> <span class='ocrx_word' id='word_1_255' title='bbox 948 1810 997 1847; x_wconf 89' lang='lat' dir='ltr'><strong>ex·</strong></span> <span class='ocrx_word' id='word_1_256' title='bbox 1036 1800 1127 1862; x_wconf 89' lang='lat' dir='ltr'><strong>queat,</strong></span> <span class='ocrx_word' id='word_1_257' title='bbox 1141 1800 1169 1845; x_wconf 90' lang='lat' dir='ltr'><strong>ct</strong></span> <span class='ocrx_word' id='word_1_258' title='bbox 1183 1792 1218 1846; x_wconf 89' lang='lat' dir='ltr'><strong>ad</strong></span> <span class='ocrx_word' id='word_1_259' title='bbox 1230 1801 1352 1849; x_wconf 91' lang='lat' dir='ltr'><strong>nostrum</strong></span> <span class='ocrx_word' id='word_1_260' title='bbox 1365 1803 1508 1865; x_wconf 87' lang='lat' dir='ltr'><strong>aspectum</strong></span> <span class='ocrx_word' id='word_1_261' title='bbox 1521 1796 1674 1865; x_wconf 83' lang='lat' dir='ltr'><strong>pervenire.</strong></span> <span class='ocrx_word' id='word_1_262' title='bbox 1718 1794 1762 1849; x_wconf 82' lang='lat' dir='ltr'><strong>lta</strong></span> <span class='ocrx_word' id='word_1_263' title='bbox 1773 1813 1827 1850; x_wconf 88' lang='lat' dir='ltr'><strong>rnr-</strong></span> 
     </span>
     <span class='ocr_line' id='line_1_20' title="bbox 208 1870 1829 1946; baseline -0.001 -17"><span class='ocrx_word' id='word_1_264' title='bbox 208 1890 281 1943; x_wconf 87' lang='lat' dir='ltr'><strong>pers.</strong></span> <span class='ocrx_word' id='word_1_265' title='bbox 314 1873 418 1930; x_wconf 87' lang='lat' dir='ltr'><strong>Lucem</strong></span> <span class='ocrx_word' id='word_1_266' title='bbox 431 1873 635 1946; x_wconf 87' lang='lat' dir='ltr'><strong>pullulationem</strong></span> <span class='ocrx_word' id='word_1_267' title='bbox 649 1875 746 1931; x_wconf 89' lang='lat' dir='ltr'><strong>caloris</strong></span> <span class='ocrx_word' id='word_1_268' title='bbox 760 1890 827 1939; x_wconf 91' lang='lat' dir='ltr'><strong>esse,</strong></span> <span class='ocrx_word' id='word_1_269' title='bbox 842 1872 889 1927; x_wconf 91' lang='lat' dir='ltr'><strong>sed</strong></span> <span class='ocrx_word' id='word_1_270' title='bbox 900 1872 998 1927; x_wconf 84' lang='lat' dir='ltr'><strong>caloris</strong></span> <span class='ocrx_word' id='word_1_271' title='bbox 1036 1887 1082 1925; x_wconf 91' lang='lat' dir='ltr'><strong>sus</strong></span> <span class='ocrx_word' id='word_1_272' title='bbox 1099 1870 1198 1927; x_wconf 86' lang='lat' dir='ltr'><strong>coelutn</strong></span> <span class='ocrx_word' id='word_1_273' title='bbox 1217 1872 1372 1927; x_wconf 72' lang='lat' dir='ltr'><strong>universum</strong></span> <span class='ocrx_word' id='word_1_274' title='bbox 1392 1890 1428 1929; x_wconf 83' lang='lat' dir='ltr'><strong>ex</strong></span> <span class='ocrx_word' id='word_1_275' title='bbox 1446 1873 1597 1928; x_wconf 84' lang='lat' dir='ltr'><strong>substantia</strong></span> <span class='ocrx_word' id='word_1_276' title='bbox 1615 1874 1693 1929; x_wconf 88' lang='lat' dir='ltr'><strong>tenui</strong></span> <span class='ocrx_word' id='word_1_277' title='bbox 1715 1881 1744 1927; x_wconf 88' lang='lat' dir='ltr'><strong>et</strong></span> <span class='ocrx_word' id='word_1_278' title='bbox 1765 1891 1829 1938; x_wconf 89' lang='lat' dir='ltr'><strong>rara,</strong></span> 
     </span>
     <span class='ocr_line' id='line_1_21' title="bbox 208 1949 1830 2025; baseline 0.001 -19"><span class='ocrx_word' id='word_1_279' title='bbox 208 1952 341 2024; x_wconf 88' lang='lat' dir='ltr'><strong>dissipati,</strong></span> <span class='ocrx_word' id='word_1_280' title='bbox 356 1955 403 2024; x_wconf 93' lang='lat' dir='ltr'><strong>qni</strong></span> <span class='ocrx_word' id='word_1_281' title='bbox 421 1954 542 2009; x_wconf 73' lang='lat' dir='ltr'><strong>coeundo</strong></span> <span class='ocrx_word' id='word_1_282' title='bbox 555 1954 755 2025; x_wconf 90' lang='lat' dir='ltr'><strong>multiplicatus,</strong></span> <span class='ocrx_word' id='word_1_283' title='bbox 777 1952 812 2006; x_wconf 89' lang='lat' dir='ltr'><strong>sit</strong></span> <span class='ocrx_word' id='word_1_284' title='bbox 831 1952 956 2007; x_wconf 92' lang='lat' dir='ltr'><strong>robustus</strong></span> <span class='ocrx_word' id='word_1_285' title='bbox 970 1960 997 2008; x_wconf 93' lang='lat' dir='ltr'><strong>et</strong></span> <span class='ocrx_word' id='word_1_286' title='bbox 1035 1949 1075 2005; x_wconf 90' lang='lat' dir='ltr'><strong>nil</strong></span> <span class='ocrx_word' id='word_1_287' title='bbox 1089 1951 1168 2005; x_wconf 91' lang='lat' dir='ltr'><strong>inea</strong></span> <span class='ocrx_word' id='word_1_288' title='bbox 1188 1960 1352 2018; x_wconf 84' lang='lat' dir='ltr'><strong>contrusum,</strong></span> <span class='ocrx_word' id='word_1_289' title='bbox 1371 1952 1412 2006; x_wconf 91' lang='lat' dir='ltr'><strong>nil</strong></span> <span class='ocrx_word' id='word_1_290' title='bbox 1429 1953 1567 2008; x_wconf 86' lang='lat' dir='ltr'><strong>illibenter</strong></span> <span class='ocrx_word' id='word_1_291' title='bbox 1586 1961 1768 2022; x_wconf 85' lang='lat' dir='ltr'><strong>compactum,</strong></span> <span class='ocrx_word' id='word_1_292' title='bbox 1786 1953 1830 2008; x_wconf 86' lang='lat' dir='ltr'><strong>red</strong></span> 
     </span>
     <span class='ocr_line' id='line_1_22' title="bbox 209 2030 1830 2104; baseline 0.001 -18"><span class='ocrx_word' id='word_1_293' title='bbox 209 2032 356 2088; x_wconf 86' lang='lat' dir='ltr'><strong>sensibilis.</strong></span> <span class='ocrx_word' id='word_1_294' title='bbox 396 2032 566 2104; x_wconf 82' lang='lat' dir='ltr'><strong>opacitatem</strong></span> <span class='ocrx_word' id='word_1_295' title='bbox 590 2033 717 2088; x_wconf 89' lang='lat' dir='ltr'><strong>similiter</strong></span> <span class='ocrx_word' id='word_1_296' title='bbox 743 2032 945 2087; x_wconf 87' lang='lat' dir='ltr'><strong>destitutionem</strong></span> <span class='ocrx_word' id='word_1_297' title='bbox 970 2039 998 2086; x_wconf 91' lang='lat' dir='ltr'><strong>et</strong></span> <span class='ocrx_word' id='word_1_298' title='bbox 1035 2037 1127 2085; x_wconf 71' lang='lat' dir='ltr'><strong>umen</strong></span> <span class='ocrx_word' id='word_1_299' title='bbox 1145 2030 1201 2084; x_wconf 88' lang='lat' dir='ltr'><strong>alia</strong></span> <span class='ocrx_word' id='word_1_300' title='bbox 1218 2038 1294 2101; x_wconf 89' lang='lat' dir='ltr'><strong>parte</strong></span> <span class='ocrx_word' id='word_1_301' title='bbox 1315 2033 1458 2087; x_wconf 89' lang='lat' dir='ltr'><strong>materiam</strong></span> <span class='ocrx_word' id='word_1_302' title='bbox 1476 2032 1567 2104; x_wconf 80' lang='lat' dir='ltr'><strong>magis</strong></span> <span class='ocrx_word' id='word_1_303' title='bbox 1585 2032 1761 2103; x_wconf 83' lang='lat' dir='ltr'><strong>explicatam,</strong></span> <span class='ocrx_word' id='word_1_304' title='bbox 1779 2032 1830 2087; x_wconf 83' lang='lat' dir='ltr'><strong>alia</strong></span> 
     </span>
     <span class='ocr_line' id='line_1_23' title="bbox 208 2109 1830 2182; baseline 0.002 -19"><span class='ocrx_word' id='word_1_305' title='bbox 208 2110 394 2166; x_wconf 80' lang='lat' dir='ltr'><strong>contusionem</strong></span> <span class='ocrx_word' id='word_1_306' title='bbox 413 2119 516 2167; x_wconf 78' lang='lat' dir='ltr'><strong>natura</strong></span> <span class='ocrx_word' id='word_1_307' title='bbox 536 2112 666 2169; x_wconf 86' lang='lat' dir='ltr'><strong>radiantis</strong></span> <span class='ocrx_word' id='word_1_308' title='bbox 687 2129 723 2167; x_wconf 83' lang='lat' dir='ltr'><strong>ex</strong></span> <span class='ocrx_word' id='word_1_309' title='bbox 743 2111 851 2182; x_wconf 76' lang='lat' dir='ltr'><strong>frigore.</strong></span> <span class='ocrx_word' id='word_1_310' title='bbox 893 2110 997 2166; x_wconf 87' lang='lat' dir='ltr'><strong>Rarum</strong></span> <span class='ocrx_word' id='word_1_311' title='bbox 1035 2109 1125 2164; x_wconf 91' lang='lat' dir='ltr'><strong>minus</strong></span> <span class='ocrx_word' id='word_1_312' title='bbox 1151 2109 1316 2180; x_wconf 87' lang='lat' dir='ltr'><strong>explicatam</strong></span> <span class='ocrx_word' id='word_1_313' title='bbox 1336 2111 1435 2167; x_wconf 91' lang='lat' dir='ltr'><strong>sortiri.</strong></span> <span class='ocrx_word' id='word_1_314' title='bbox 1476 2111 1628 2176; x_wconf 86' lang='lat' dir='ltr'><strong>Postremo,</strong></span> <span class='ocrx_word' id='word_1_315' title='bbox 1650 2121 1753 2166; x_wconf 86' lang='lat' dir='ltr'><strong>motum</strong></span> <span class='ocrx_word' id='word_1_316' title='bbox 1771 2112 1830 2167; x_wconf 79' lang='lat' dir='ltr'><strong>carli</strong></span> 
     </span>
     <span class='ocr_line' id='line_1_24' title="bbox 208 2188 1829 2266; baseline 0.002 -23"><span class='ocrx_word' id='word_1_317' title='bbox 208 2197 236 2243; x_wconf 92' lang='lat' dir='ltr'><strong>et</strong></span> <span class='ocrx_word' id='word_1_318' title='bbox 248 2188 361 2245; x_wconf 87' lang='lat' dir='ltr'><strong>densum</strong></span> <span class='ocrx_word' id='word_1_319' title='bbox 374 2190 471 2266; x_wconf 77' lang='lat' dir='ltr'><strong>caloris</strong></span> <span class='ocrx_word' id='word_1_320' title='bbox 484 2199 512 2245; x_wconf 86' lang='lat' dir='ltr'><strong>et</strong></span> <span class='ocrx_word' id='word_1_321' title='bbox 530 2191 638 2263; x_wconf 75' lang='lat' dir='ltr'><strong>frigoris</strong></span> <span class='ocrx_word' id='word_1_322' title='bbox 658 2198 778 2246; x_wconf 84' lang='lat' dir='ltr'><strong>texturas</strong></span> <span class='ocrx_word' id='word_1_323' title='bbox 792 2199 819 2245; x_wconf 89' lang='lat' dir='ltr'><strong>et</strong></span> <span class='ocrx_word' id='word_1_324' title='bbox 832 2189 915 2245; x_wconf 86' lang='lat' dir='ltr'><strong>veluti</strong></span> <span class='ocrx_word' id='word_1_325' title='bbox 930 2190 999 2246; x_wconf 86' lang='lat' dir='ltr'><strong>telas</strong></span> <span class='ocrx_word' id='word_1_326' title='bbox 1036 2205 1098 2244; x_wconf 87' lang='lat' dir='ltr'><strong>eum</strong></span> <span class='ocrx_word' id='word_1_327' title='bbox 1112 2188 1236 2254; x_wconf 87' lang='lat' dir='ltr'><strong>inveniri,</strong></span> <span class='ocrx_word' id='word_1_328' title='bbox 1251 2190 1298 2261; x_wconf 91' lang='lat' dir='ltr'><strong>qui</strong></span> <span class='ocrx_word' id='word_1_329' title='bbox 1311 2191 1351 2244; x_wconf 91' lang='lat' dir='ltr'><strong>rei</strong></span> <span class='ocrx_word' id='word_1_330' title='bbox 1364 2190 1484 2246; x_wconf 88' lang='lat' dir='ltr'><strong>maxime</strong></span> <span class='ocrx_word' id='word_1_331' title='bbox 1499 2192 1597 2246; x_wconf 91' lang='lat' dir='ltr'><strong>mobili</strong></span> <span class='ocrx_word' id='word_1_332' title='bbox 1611 2199 1755 2262; x_wconf 83' lang='lat' dir='ltr'><strong>competat,</strong></span> <span class='ocrx_word' id='word_1_333' title='bbox 1768 2209 1829 2247; x_wconf 84' lang='lat' dir='ltr'><strong>can·</strong></span> 
     </span>
     <span class='ocr_line' id='line_1_25' title="bbox 208 2267 1828 2342; baseline 0.002 -20"><span class='ocrx_word' id='word_1_334' title='bbox 208 2283 283 2333; x_wconf 71' lang='lat' dir='ltr'><strong>esse,</strong></span> <span class='ocrx_word' id='word_1_335' title='bbox 304 2268 422 2325; x_wconf 86' lang='lat' dir='ltr'><strong>calorem</strong></span> <span class='ocrx_word' id='word_1_336' title='bbox 444 2285 508 2325; x_wconf 83' lang='lat' dir='ltr'><strong>vero</strong></span> <span class='ocrx_word' id='word_1_337' title='bbox 535 2278 563 2325; x_wconf 93' lang='lat' dir='ltr'><strong>et</strong></span> <span class='ocrx_word' id='word_1_338' title='bbox 588 2271 675 2342; x_wconf 79' lang='lat' dir='ltr'><strong>frigus</strong></span> <span class='ocrx_word' id='word_1_339' title='bbox 696 2288 788 2325; x_wconf 88' lang='lat' dir='ltr'><strong>eorum</strong></span> <span class='ocrx_word' id='word_1_340' title='bbox 811 2269 951 2325; x_wconf 87' lang='lat' dir='ltr'><strong>effectores</strong></span> <span class='ocrx_word' id='word_1_341' title='bbox 972 2277 999 2325; x_wconf 91' lang='lat' dir='ltr'><strong>et</strong></span> <span class='ocrx_word' id='word_1_342' title='bbox 1036 2268 1167 2323; x_wconf 87' lang='lat' dir='ltr'><strong>versionis</strong></span> <span class='ocrx_word' id='word_1_343' title='bbox 1179 2267 1308 2324; x_wconf 90' lang='lat' dir='ltr'><strong>nimirum</strong></span> <span class='ocrx_word' id='word_1_344' title='bbox 1321 2269 1378 2325; x_wconf 84' lang='lat' dir='ltr'><strong>sive</strong></span> <span class='ocrx_word' id='word_1_345' title='bbox 1398 2271 1554 2338; x_wconf 72' lang='lat' dir='ltr'><strong>rotationis,</strong></span> <span class='ocrx_word' id='word_1_346' title='bbox 1576 2278 1668 2326; x_wconf 87' lang='lat' dir='ltr'><strong>motus</strong></span> <span class='ocrx_word' id='word_1_347' title='bbox 1686 2272 1761 2326; x_wconf 87' lang='lat' dir='ltr'><strong>enim</strong></span> <span class='ocrx_word' id='word_1_348' title='bbox 1779 2271 1828 2326; x_wconf 90' lang='lat' dir='ltr'><strong>cir·</strong></span> 
     </span>
     <span class='ocr_line' id='line_1_26' title="bbox 208 2347 1830 2422; baseline 0.003 -22"><span class='ocrx_word' id='word_1_349' title='bbox 208 2347 327 2417; x_wconf 83' lang='lat' dir='ltr'><strong>opifices,</strong></span> <span class='ocrx_word' id='word_1_350' title='bbox 349 2348 479 2404; x_wconf 88' lang='lat' dir='ltr'><strong>densante</strong></span> <span class='ocrx_word' id='word_1_351' title='bbox 502 2366 570 2421; x_wconf 90' lang='lat' dir='ltr'><strong>opus</strong></span> <span class='ocrx_word' id='word_1_352' title='bbox 591 2350 691 2422; x_wconf 76' lang='lat' dir='ltr'><strong>frigore</strong></span> <span class='ocrx_word' id='word_1_353' title='bbox 713 2359 741 2404; x_wconf 91' lang='lat' dir='ltr'><strong>et</strong></span> <span class='ocrx_word' id='word_1_354' title='bbox 764 2350 937 2421; x_wconf 83' lang='lat' dir='ltr'><strong>inspissente,</strong></span> <span class='ocrx_word' id='word_1_355' title='bbox 960 2350 999 2405; x_wconf 92' lang='lat' dir='ltr'><strong>di·</strong></span> <span class='ocrx_word' id='word_1_356' title='bbox 1036 2347 1134 2402; x_wconf 89' lang='lat' dir='ltr'><strong>cularis</strong></span> <span class='ocrx_word' id='word_1_357' title='bbox 1162 2348 1264 2418; x_wconf 87' lang='lat' dir='ltr'><strong>absque</strong></span> <span class='ocrx_word' id='word_1_358' title='bbox 1284 2349 1399 2405; x_wconf 92' lang='lat' dir='ltr'><strong>termino</strong></span> <span class='ocrx_word' id='word_1_359' title='bbox 1419 2357 1469 2416; x_wconf 85' lang='lat' dir='ltr'><strong>est,</strong></span> <span class='ocrx_word' id='word_1_360' title='bbox 1491 2359 1518 2405; x_wconf 92' lang='lat' dir='ltr'><strong>et</strong></span> <span class='ocrx_word' id='word_1_361' title='bbox 1537 2350 1580 2406; x_wconf 94' lang='lat' dir='ltr'><strong>sui</strong></span> <span class='ocrx_word' id='word_1_362' title='bbox 1601 2350 1700 2420; x_wconf 73' lang='lat' dir='ltr'><strong>gratia.</strong></span> <span class='ocrx_word' id='word_1_363' title='bbox 1741 2350 1830 2405; x_wconf 74' lang='lat' dir='ltr'><strong>Motus</strong></span> 
     </span>
     <span class='ocr_line' id='line_1_27' title="bbox 208 2425 1831 2501; baseline 0.002 -21"><span class='ocrx_word' id='word_1_364' title='bbox 208 2425 324 2481; x_wconf 79' lang='lat' dir='ltr'><strong>vallente</strong></span> <span class='ocrx_word' id='word_1_365' title='bbox 351 2435 442 2484; x_wconf 89' lang='lat' dir='ltr'><strong>autem</strong></span> <span class='ocrx_word' id='word_1_366' title='bbox 465 2428 556 2484; x_wconf 89' lang='lat' dir='ltr'><strong>calore</strong></span> <span class='ocrx_word' id='word_1_367' title='bbox 582 2436 610 2484; x_wconf 90' lang='lat' dir='ltr'><strong>et</strong></span> <span class='ocrx_word' id='word_1_368' title='bbox 636 2430 809 2485; x_wconf 82' lang='lat' dir='ltr'><strong>extendente.</strong></span> <span class='ocrx_word' id='word_1_369' title='bbox 855 2428 900 2483; x_wconf 84' lang='lat' dir='ltr'><strong>Ex</strong></span> <span class='ocrx_word' id='word_1_370' title='bbox 926 2428 998 2498; x_wconf 87' lang='lat' dir='ltr'><strong>ejus-</strong></span> <span class='ocrx_word' id='word_1_371' title='bbox 1036 2427 1065 2482; x_wconf 92' lang='lat' dir='ltr'><strong>iu</strong></span> <span class='ocrx_word' id='word_1_372' title='bbox 1079 2426 1152 2482; x_wconf 90' lang='lat' dir='ltr'><strong>linea</strong></span> <span class='ocrx_word' id='word_1_373' title='bbox 1165 2435 1240 2482; x_wconf 90' lang='lat' dir='ltr'><strong>recta</strong></span> <span class='ocrx_word' id='word_1_374' title='bbox 1257 2428 1293 2484; x_wconf 83' lang='lat' dir='ltr'><strong>ad</strong></span> <span class='ocrx_word' id='word_1_375' title='bbox 1312 2430 1464 2495; x_wconf 90' lang='lat' dir='ltr'><strong>terminum,</strong></span> <span class='ocrx_word' id='word_1_376' title='bbox 1484 2430 1568 2484; x_wconf 90' lang='lat' dir='ltr'><strong>etad</strong></span> <span class='ocrx_word' id='word_1_377' title='bbox 1586 2429 1710 2501; x_wconf 83' lang='lat' dir='ltr'><strong>aliquid;</strong></span> <span class='ocrx_word' id='word_1_378' title='bbox 1729 2436 1758 2485; x_wconf 90' lang='lat' dir='ltr'><strong>et</strong></span> <span class='ocrx_word' id='word_1_379' title='bbox 1775 2437 1831 2484; x_wconf 78' lang='lat' dir='ltr'><strong>ten-</strong></span> 
     </span>
     <span class='ocr_line' id='line_1_28' title="bbox 207 2506 1829 2581; baseline 0.002 -21"><span class='ocrx_word' id='word_1_380' title='bbox 207 2506 282 2560; x_wconf 89' lang='lat' dir='ltr'><strong>modi</strong></span> <span class='ocrx_word' id='word_1_381' title='bbox 305 2507 419 2562; x_wconf 85' lang='lat' dir='ltr'><strong>texturis</strong></span> <span class='ocrx_word' id='word_1_382' title='bbox 441 2508 499 2562; x_wconf 91' lang='lat' dir='ltr'><strong>indi</strong></span> <span class='ocrx_word' id='word_1_383' title='bbox 520 2509 677 2579; x_wconf 88' lang='lat' dir='ltr'><strong>corporibus</strong></span> <span class='ocrx_word' id='word_1_384' title='bbox 700 2507 904 2580; x_wconf 87' lang='lat' dir='ltr'><strong>dispositionem</strong></span> <span class='ocrx_word' id='word_1_385' title='bbox 932 2525 998 2581; x_wconf 83' lang='lat' dir='ltr'><strong>erga</strong></span> <span class='ocrx_word' id='word_1_386' title='bbox 1037 2523 1118 2578; x_wconf 90' lang='lat' dir='ltr'><strong>quam</strong></span> <span class='ocrx_word' id='word_1_387' title='bbox 1132 2514 1162 2562; x_wconf 91' lang='lat' dir='ltr'><strong>ut</strong></span> <span class='ocrx_word' id='word_1_388' title='bbox 1176 2507 1307 2577; x_wconf 78' lang='lat' dir='ltr'><strong>quiescat</strong></span> <span class='ocrx_word' id='word_1_389' title='bbox 1349 2508 1446 2580; x_wconf 89' lang='lat' dir='ltr'><strong>Itaque</strong></span> <span class='ocrx_word' id='word_1_390' title='bbox 1464 2509 1621 2565; x_wconf 85' lang='lat' dir='ltr'><strong>universnm</strong></span> <span class='ocrx_word' id='word_1_391' title='bbox 1640 2507 1740 2564; x_wconf 76' lang='lat' dir='ltr'><strong>caelum</strong></span> <span class='ocrx_word' id='word_1_392' title='bbox 1758 2517 1829 2564; x_wconf 87' lang='lat' dir='ltr'><strong>mota</strong></span> 
     </span>
     <span class='ocr_line' id='line_1_29' title="bbox 207 2585 1830 2660; baseline 0.003 -21"><span class='ocrx_word' id='word_1_393' title='bbox 207 2591 318 2649; x_wconf 79' lang='lat' dir='ltr'><strong>motum,</strong></span> <span class='ocrx_word' id='word_1_394' title='bbox 339 2586 383 2642; x_wconf 82' lang='lat' dir='ltr'><strong>vel</strong></span> <span class='ocrx_word' id='word_1_395' title='bbox 405 2586 524 2642; x_wconf 88' lang='lat' dir='ltr'><strong>habilem</strong></span> <span class='ocrx_word' id='word_1_396' title='bbox 546 2587 589 2642; x_wconf 87' lang='lat' dir='ltr'><strong>vel</strong></span> <span class='ocrx_word' id='word_1_397' title='bbox 609 2605 751 2645; x_wconf 85' lang='lat' dir='ltr'><strong>aversam:</strong></span> <span class='ocrx_word' id='word_1_398' title='bbox 785 2587 854 2642; x_wconf 86' lang='lat' dir='ltr'><strong>raris</strong></span> <span class='ocrx_word' id='word_1_399' title='bbox 873 2587 1000 2645; x_wconf 84' lang='lat' dir='ltr'><strong>videlicet</strong></span> <span class='ocrx_word' id='word_1_400' title='bbox 1036 2585 1163 2641; x_wconf 87' lang='lat' dir='ltr'><strong>circulari</strong></span> <span class='ocrx_word' id='word_1_401' title='bbox 1180 2586 1253 2651; x_wconf 81' lang='lat' dir='ltr'><strong>ferri,</strong></span> <span class='ocrx_word' id='word_1_402' title='bbox 1267 2603 1317 2641; x_wconf 92' lang='lat' dir='ltr'><strong>nec</strong></span> <span class='ocrx_word' id='word_1_403' title='bbox 1334 2588 1419 2643; x_wconf 90' lang='lat' dir='ltr'><strong>ullam</strong></span> <span class='ocrx_word' id='word_1_404' title='bbox 1437 2589 1498 2657; x_wconf 83' lang='lat' dir='ltr'><strong>ejus</strong></span> <span class='ocrx_word' id='word_1_405' title='bbox 1517 2597 1625 2660; x_wconf 83' lang='lat' dir='ltr'><strong>partem</strong></span> <span class='ocrx_word' id='word_1_406' title='bbox 1644 2588 1728 2658; x_wconf 86' lang='lat' dir='ltr'><strong>hujus</strong></span> <span class='ocrx_word' id='word_1_407' title='bbox 1746 2595 1830 2644; x_wconf 84' lang='lat' dir='ltr'><strong>motus</strong></span> 
     </span>
     <span class='ocr_line' id='line_1_30' title="bbox 207 2666 1830 2739; baseline 0.002 -21"><span class='ocrx_word' id='word_1_408' title='bbox 207 2672 360 2735; x_wconf 88' lang='lat' dir='ltr'><strong>promptam</strong></span> <span class='ocrx_word' id='word_1_409' title='bbox 373 2673 400 2719; x_wconf 91' lang='lat' dir='ltr'><strong>et</strong></span> <span class='ocrx_word' id='word_1_410' title='bbox 414 2666 541 2732; x_wconf 88' lang='lat' dir='ltr'><strong>habilem,</strong></span> <span class='ocrx_word' id='word_1_411' title='bbox 554 2667 646 2724; x_wconf 87' lang='lat' dir='ltr'><strong>densis</strong></span> <span class='ocrx_word' id='word_1_412' title='bbox 665 2674 861 2739; x_wconf 89' lang='lat' dir='ltr'><strong>torpescentem</strong></span> <span class='ocrx_word' id='word_1_413' title='bbox 882 2675 909 2722; x_wconf 89' lang='lat' dir='ltr'><strong>et</strong></span> <span class='ocrx_word' id='word_1_414' title='bbox 922 2684 999 2723; x_wconf 79' lang='lat' dir='ltr'><strong>seer·</strong></span> <span class='ocrx_word' id='word_1_415' title='bbox 1036 2675 1176 2737; x_wconf 86' lang='lat' dir='ltr'><strong>expertem</strong></span> <span class='ocrx_word' id='word_1_416' title='bbox 1190 2681 1264 2731; x_wconf 68' lang='lat' dir='ltr'><strong>esse,</strong></span> <span class='ocrx_word' id='word_1_417' title='bbox 1285 2666 1333 2721; x_wconf 90' lang='lat' dir='ltr'><strong>sed</strong></span> <span class='ocrx_word' id='word_1_418' title='bbox 1348 2674 1440 2722; x_wconf 91' lang='lat' dir='ltr'><strong>tamen</strong></span> <span class='ocrx_word' id='word_1_419' title='bbox 1456 2667 1686 2739; x_wconf 87' lang='lat' dir='ltr'><strong>quemadmodum</strong></span> <span class='ocrx_word' id='word_1_420' title='bbox 1703 2675 1731 2723; x_wconf 92' lang='lat' dir='ltr'><strong>et</strong></span> <span class='ocrx_word' id='word_1_421' title='bbox 1747 2668 1776 2722; x_wconf 90' lang='lat' dir='ltr'><strong>in</strong></span> <span class='ocrx_word' id='word_1_422' title='bbox 1788 2684 1830 2722; x_wconf 84' lang='lat' dir='ltr'><strong>ea·</strong></span> 
     </span>
     <span class='ocr_line' id='line_1_31' title="bbox 208 2744 1830 2818; baseline 0.002 -20"><span class='ocrx_word' id='word_1_423' title='bbox 208 2759 275 2799; x_wconf 87' lang='lat' dir='ltr'><strong>sam.</strong></span> <span class='ocrx_word' id='word_1_424' title='bbox 317 2744 412 2815; x_wconf 89' lang='lat' dir='ltr'><strong>ltaque</strong></span> <span class='ocrx_word' id='word_1_425' title='bbox 423 2744 540 2801; x_wconf 88' lang='lat' dir='ltr'><strong>calorem</strong></span> <span class='ocrx_word' id='word_1_426' title='bbox 554 2765 604 2818; x_wconf 90' lang='lat' dir='ltr'><strong>per</strong></span> <span class='ocrx_word' id='word_1_427' title='bbox 622 2754 701 2803; x_wconf 90' lang='lat' dir='ltr'><strong>tenue</strong></span> <span class='ocrx_word' id='word_1_428' title='bbox 721 2754 825 2803; x_wconf 88' lang='lat' dir='ltr'><strong>motum</strong></span> <span class='ocrx_word' id='word_1_429' title='bbox 838 2747 958 2802; x_wconf 90' lang='lat' dir='ltr'><strong>excitare</strong></span> <span class='ocrx_word' id='word_1_430' title='bbox 970 2755 1000 2801; x_wconf 91' lang='lat' dir='ltr'><strong>et</strong></span> <span class='ocrx_word' id='word_1_431' title='bbox 1035 2744 1101 2811; x_wconf 91' lang='lat' dir='ltr'><strong>lore,</strong></span> <span class='ocrx_word' id='word_1_432' title='bbox 1116 2752 1144 2800; x_wconf 90' lang='lat' dir='ltr'><strong>et</strong></span> <span class='ocrx_word' id='word_1_433' title='bbox 1156 2745 1186 2800; x_wconf 91' lang='lat' dir='ltr'><strong>in</strong></span> <span class='ocrx_word' id='word_1_434' title='bbox 1200 2744 1269 2811; x_wconf 91' lang='lat' dir='ltr'><strong>luce,</strong></span> <span class='ocrx_word' id='word_1_435' title='bbox 1282 2753 1311 2801; x_wconf 89' lang='lat' dir='ltr'><strong>ct</strong></span> <span class='ocrx_word' id='word_1_436' title='bbox 1322 2747 1433 2802; x_wconf 87' lang='lat' dir='ltr'><strong>raritate</strong></span> <span class='ocrx_word' id='word_1_437' title='bbox 1446 2747 1509 2802; x_wconf 87' lang='lat' dir='ltr'><strong>coeli</strong></span> <span class='ocrx_word' id='word_1_438' title='bbox 1519 2755 1644 2803; x_wconf 85' lang='lat' dir='ltr'><strong>versatur</strong></span> <span class='ocrx_word' id='word_1_439' title='bbox 1652 2746 1830 2818; x_wconf 81' lang='lat' dir='ltr'><strong>inaequalitas,</strong></span> 
     </span>
     <span class='ocr_line' id='line_1_32' title="bbox 176 2824 1831 2899; baseline 0.002 -22"><span class='ocrx_word' id='word_1_440' title='bbox 176 2831 177 2834; x_wconf 76' lang='grc'>’</span> <span class='ocrx_word' id='word_1_441' title='bbox 207 2838 345 2893; x_wconf 79' lang='lat' dir='ltr'><strong>peragere,</strong></span> <span class='ocrx_word' id='word_1_442' title='bbox 361 2824 448 2896; x_wconf 78' lang='lat' dir='ltr'><strong>frigius</strong></span> <span class='ocrx_word' id='word_1_443' title='bbox 461 2841 511 2894; x_wconf 90' lang='lat' dir='ltr'><strong>per</strong></span> <span class='ocrx_word' id='word_1_444' title='bbox 528 2826 641 2882; x_wconf 89' lang='lat' dir='ltr'><strong>densum</strong></span> <span class='ocrx_word' id='word_1_445' title='bbox 658 2834 762 2882; x_wconf 90' lang='lat' dir='ltr'><strong>motum</strong></span> <span class='ocrx_word' id='word_1_446' title='bbox 782 2842 954 2897; x_wconf 89' lang='lat' dir='ltr'><strong>compescere</strong></span> <span class='ocrx_word' id='word_1_447' title='bbox 972 2834 999 2881; x_wconf 91' lang='lat' dir='ltr'><strong>et</strong></span> <span class='ocrx_word' id='word_1_448' title='bbox 1036 2825 1076 2878; x_wconf 93' lang='lat' dir='ltr'><strong>ita</strong></span> <span class='ocrx_word' id='word_1_449' title='bbox 1089 2833 1118 2879; x_wconf 91' lang='lat' dir='ltr'><strong>et</strong></span> <span class='ocrx_word' id='word_1_450' title='bbox 1130 2824 1159 2879; x_wconf 91' lang='lat' dir='ltr'><strong>in</strong></span> <span class='ocrx_word' id='word_1_451' title='bbox 1173 2832 1247 2881; x_wconf 90' lang='lat' dir='ltr'><strong>motu</strong></span> <span class='ocrx_word' id='word_1_452' title='bbox 1260 2825 1374 2880; x_wconf 89' lang='lat' dir='ltr'><strong>eandem</strong></span> <span class='ocrx_word' id='word_1_453' title='bbox 1386 2826 1492 2893; x_wconf 72' lang='lat' dir='ltr'><strong>notari,</strong></span> <span class='ocrx_word' id='word_1_454' title='bbox 1512 2827 1635 2898; x_wconf 90' lang='lat' dir='ltr'><strong>adeoque</strong></span> <span class='ocrx_word' id='word_1_455' title='bbox 1649 2827 1738 2899; x_wconf 76' lang='lat' dir='ltr'><strong>magis</strong></span> <span class='ocrx_word' id='word_1_456' title='bbox 1750 2826 1831 2898; x_wconf 73' lang='lat' dir='ltr'><strong>insig-</strong></span> 
     </span>
     <span class='ocr_line' id='line_1_33' title="bbox 208 2901 1832 2979; baseline 0.003 -23"><span class='ocrx_word' id='word_1_457' title='bbox 208 2901 310 2959; x_wconf 89' lang='lat' dir='ltr'><strong>sedare.</strong></span> <span class='ocrx_word' id='word_1_458' title='bbox 352 2902 440 2965; x_wconf 82' lang='lat' dir='ltr'><strong>Quare</strong></span> <span class='ocrx_word' id='word_1_459' title='bbox 455 2922 515 2961; x_wconf 89' lang='lat' dir='ltr'><strong>esse</strong></span> <span class='ocrx_word' id='word_1_460' title='bbox 532 2913 560 2961; x_wconf 92' lang='lat' dir='ltr'><strong>et</strong></span> <span class='ocrx_word' id='word_1_461' title='bbox 578 2906 643 2977; x_wconf 91' lang='lat' dir='ltr'><strong>poni</strong></span> <span class='ocrx_word' id='word_1_462' title='bbox 664 2913 778 2979; x_wconf 90' lang='lat' dir='ltr'><strong>quatuor</strong></span> <span class='ocrx_word' id='word_1_463' title='bbox 798 2913 906 2961; x_wconf 87' lang='lat' dir='ltr'><strong>naturas</strong></span> <span class='ocrx_word' id='word_1_464' title='bbox 925 2908 999 2961; x_wconf 76' lang='lat' dir='ltr'><strong>cois·</strong></span> <span class='ocrx_word' id='word_1_465' title='bbox 1036 2904 1114 2969; x_wconf 89' lang='lat' dir='ltr'><strong>niter,</strong></span> <span class='ocrx_word' id='word_1_466' title='bbox 1136 2904 1202 2977; x_wconf 88' lang='lat' dir='ltr'><strong>quia</strong></span> <span class='ocrx_word' id='word_1_467' title='bbox 1217 2905 1430 2962; x_wconf 87' lang='lat' dir='ltr'><strong>observationem</strong></span> <span class='ocrx_word' id='word_1_468' title='bbox 1447 2905 1597 2963; x_wconf 88' lang='lat' dir='ltr'><strong>humanam</strong></span> <span class='ocrx_word' id='word_1_469' title='bbox 1617 2905 1709 2978; x_wconf 78' lang='lat' dir='ltr'><strong>magis</strong></span> <span class='ocrx_word' id='word_1_470' title='bbox 1724 2905 1832 2962; x_wconf 75' lang='lat' dir='ltr'><strong>laoesait</strong></span> 
     </span>
     <span class='ocr_line' id='line_1_34' title="bbox 207 2982 1832 3058; baseline 0.003 -22"><span class='ocrx_word' id='word_1_471' title='bbox 207 2982 336 3038; x_wconf 62' lang='lat' dir='ltr'><strong>stadales</strong></span> <span class='ocrx_word' id='word_1_472' title='bbox 349 2991 430 3055; x_wconf 86' lang='lat' dir='ltr'><strong>atque</strong></span> <span class='ocrx_word' id='word_1_473' title='bbox 443 2986 721 3058; x_wconf 79' lang='lat' dir='ltr'><strong>conjugatas,easque</strong></span> <span class='ocrx_word' id='word_1_474' title='bbox 734 2986 862 3056; x_wconf 85' lang='lat' dir='ltr'><strong>duplices,</strong></span> <span class='ocrx_word' id='word_1_475' title='bbox 876 2986 999 3041; x_wconf 89' lang='lat' dir='ltr'><strong>ordinem</strong></span> <span class='ocrx_word' id='word_1_476' title='bbox 1037 2992 1064 3039; x_wconf 91' lang='lat' dir='ltr'><strong>et</strong></span> <span class='ocrx_word' id='word_1_477' title='bbox 1083 2985 1205 3049; x_wconf 88' lang='lat' dir='ltr'><strong>sustinet,</strong></span> <span class='ocrx_word' id='word_1_478' title='bbox 1224 2993 1256 3040; x_wconf 89' lang='lat' dir='ltr'><strong>ut</strong></span> <span class='ocrx_word' id='word_1_479' title='bbox 1272 2985 1356 3041; x_wconf 89' lang='lat' dir='ltr'><strong>etiam</strong></span> <span class='ocrx_word' id='word_1_480' title='bbox 1373 2985 1492 3041; x_wconf 87' lang='lat' dir='ltr'><strong>calculos</strong></span> <span class='ocrx_word' id='word_1_481' title='bbox 1511 2986 1568 3057; x_wconf 89' lang='lat' dir='ltr'><strong>pati</strong></span> <span class='ocrx_word' id='word_1_482' title='bbox 1590 2986 1686 3057; x_wconf 77' lang='lat' dir='ltr'><strong>possit.</strong></span> <span class='ocrx_word' id='word_1_483' title='bbox 1727 2985 1832 3042; x_wconf 74' lang='lat' dir='ltr'><strong>Motum</strong></span> 
     </span>
     <span class='ocr_line' id='line_1_35' title="bbox 208 3063 1831 3137; baseline 0.004 -22"><span class='ocrx_word' id='word_1_484' title='bbox 208 3063 829 3133; x_wconf 82' lang='lat' dir='ltr'><strong>eum,qnemdiximua,adiuricemserrautes,</strong></span> <span class='ocrx_word' id='word_1_485' title='bbox 843 3065 999 3133; x_wconf 88' lang='lat' dir='ltr'><strong>(ionsenim</strong></span> <span class='ocrx_word' id='word_1_486' title='bbox 1037 3070 1127 3119; x_wconf 90' lang='lat' dir='ltr'><strong>autem</strong></span> <span class='ocrx_word' id='word_1_487' title='bbox 1145 3063 1325 3121; x_wconf 89' lang='lat' dir='ltr'><strong>orbicularem</strong></span> <span class='ocrx_word' id='word_1_488' title='bbox 1345 3072 1374 3119; x_wconf 90' lang='lat' dir='ltr'><strong>et</strong></span> <span class='ocrx_word' id='word_1_489' title='bbox 1393 3066 1551 3121; x_wconf 89' lang='lat' dir='ltr'><strong>incitatione</strong></span> <span class='ocrx_word' id='word_1_490' title='bbox 1572 3066 1681 3121; x_wconf 85' lang='lat' dir='ltr'><strong>differre</strong></span> <span class='ocrx_word' id='word_1_491' title='bbox 1702 3082 1792 3137; x_wconf 59' lang='lat' dir='ltr'><strong>poue,</strong></span> <span class='ocrx_word' id='word_1_492' title='bbox 1805 3075 1831 3121; x_wconf 87' lang='lat' dir='ltr'><strong>et</strong></span> 
     </span>
     <span class='ocr_line' id='line_1_36' title="bbox 208 3139 1829 3215; baseline 0.004 -21"><span class='ocrx_word' id='word_1_493' title='bbox 208 3139 281 3195; x_wconf 90' lang='lat' dir='ltr'><strong>calor</strong></span> <span class='ocrx_word' id='word_1_494' title='bbox 294 3149 322 3197; x_wconf 89' lang='lat' dir='ltr'><strong>ct</strong></span> <span class='ocrx_word' id='word_1_495' title='bbox 334 3141 426 3213; x_wconf 79' lang='lat' dir='ltr'><strong>frigus,</strong></span> <span class='ocrx_word' id='word_1_496' title='bbox 437 3153 541 3199; x_wconf 76' lang='lat' dir='ltr'><strong>caetera</strong></span> <span class='ocrx_word' id='word_1_497' title='bbox 552 3142 758 3211; x_wconf 79' lang='lat' dir='ltr'><strong>emanationes.)</strong></span> <span class='ocrx_word' id='word_1_498' title='bbox 772 3143 820 3199; x_wconf 90' lang='lat' dir='ltr'><strong>sed</strong></span> <span class='ocrx_word' id='word_1_499' title='bbox 834 3150 923 3199; x_wconf 90' lang='lat' dir='ltr'><strong>tamen</strong></span> <span class='ocrx_word' id='word_1_500' title='bbox 937 3161 998 3215; x_wconf 92' lang='lat' dir='ltr'><strong>per·</strong></span> <span class='ocrx_word' id='word_1_501' title='bbox 1036 3142 1154 3209; x_wconf 86' lang='lat' dir='ltr'><strong>latione;</strong></span> <span class='ocrx_word' id='word_1_502' title='bbox 1176 3152 1205 3198; x_wconf 91' lang='lat' dir='ltr'><strong>et</strong></span> <span class='ocrx_word' id='word_1_503' title='bbox 1223 3143 1390 3209; x_wconf 88' lang='lat' dir='ltr'><strong>incitatione,</strong></span> <span class='ocrx_word' id='word_1_504' title='bbox 1408 3151 1439 3201; x_wconf 90' lang='lat' dir='ltr'><strong>ut</strong></span> <span class='ocrx_word' id='word_1_505' title='bbox 1456 3145 1491 3199; x_wconf 85' lang='lat' dir='ltr'><strong>sit</strong></span> <span class='ocrx_word' id='word_1_506' title='bbox 1513 3145 1628 3200; x_wconf 89' lang='lat' dir='ltr'><strong>celerior</strong></span> <span class='ocrx_word' id='word_1_507' title='bbox 1646 3152 1695 3199; x_wconf 88' lang='lat' dir='ltr'><strong>ant</strong></span> <span class='ocrx_word' id='word_1_508' title='bbox 1714 3143 1829 3209; x_wconf 72' lang='lat' dir='ltr'><strong>tardiorr</strong></span> 
     </span>
     <span class='ocr_line' id='line_1_37' title="bbox 207 3222 1830 3295; baseline 0.003 -22"><span class='ocrx_word' id='word_1_509' title='bbox 207 3228 290 3291; x_wconf 91' lang='lat' dir='ltr'><strong>petuo</strong></span> <span class='ocrx_word' id='word_1_510' title='bbox 315 3223 524 3278; x_wconf 87' lang='lat' dir='ltr'><strong>concomitantes</strong></span> <span class='ocrx_word' id='word_1_511' title='bbox 550 3230 579 3278; x_wconf 90' lang='lat' dir='ltr'><strong>et</strong></span> <span class='ocrx_word' id='word_1_512' title='bbox 605 3223 808 3294; x_wconf 85' lang='lat' dir='ltr'><strong>inseparabiles.</strong></span> <span class='ocrx_word' id='word_1_513' title='bbox 847 3223 903 3278; x_wconf 85' lang='lat' dir='ltr'><strong>Eas</strong></span> <span class='ocrx_word' id='word_1_514' title='bbox 930 3240 998 3290; x_wconf 88' lang='lat' dir='ltr'><strong>esse,</strong></span> <span class='ocrx_word' id='word_1_515' title='bbox 1037 3222 1145 3289; x_wconf 91' lang='lat' dir='ltr'><strong>latione,</strong></span> <span class='ocrx_word' id='word_1_516' title='bbox 1159 3232 1189 3278; x_wconf 92' lang='lat' dir='ltr'><strong>ut</strong></span> <span class='ocrx_word' id='word_1_517' title='bbox 1203 3223 1280 3279; x_wconf 88' lang='lat' dir='ltr'><strong>sitin</strong></span> <span class='ocrx_word' id='word_1_518' title='bbox 1293 3223 1395 3279; x_wconf 89' lang='lat' dir='ltr'><strong>circulo</strong></span> <span class='ocrx_word' id='word_1_519' title='bbox 1412 3225 1539 3294; x_wconf 79' lang='lat' dir='ltr'><strong>perfecto,</strong></span> <span class='ocrx_word' id='word_1_520' title='bbox 1554 3233 1602 3279; x_wconf 86' lang='lat' dir='ltr'><strong>aut</strong></span> <span class='ocrx_word' id='word_1_521' title='bbox 1614 3222 1721 3295; x_wconf 88' lang='lat' dir='ltr'><strong>aliquid</strong></span> <span class='ocrx_word' id='word_1_522' title='bbox 1733 3223 1830 3278; x_wconf 85' lang='lat' dir='ltr'><strong>babeat</strong></span> 
     </span>
     <span class='ocr_line' id='line_1_38' title="bbox 207 3297 1829 3375; baseline 0.004 -23"><span class='ocrx_word' id='word_1_523' title='bbox 207 3297 332 3364; x_wconf 90' lang='lat' dir='ltr'><strong>calidum,</strong></span> <span class='ocrx_word' id='word_1_524' title='bbox 346 3298 472 3367; x_wconf 89' lang='lat' dir='ltr'><strong>lucidum,</strong></span> <span class='ocrx_word' id='word_1_525' title='bbox 487 3319 586 3368; x_wconf 89' lang='lat' dir='ltr'><strong>rarum,</strong></span> <span class='ocrx_word' id='word_1_526' title='bbox 602 3302 718 3359; x_wconf 77' lang='lat' dir='ltr'><strong>mobiles</strong></span> <span class='ocrx_word' id='word_1_527' title='bbox 739 3312 766 3358; x_wconf 91' lang='lat' dir='ltr'><strong>et</strong></span> <span class='ocrx_word' id='word_1_528' title='bbox 782 3309 896 3375; x_wconf 89' lang='lat' dir='ltr'><strong>quatuor</strong></span> <span class='ocrx_word' id='word_1_529' title='bbox 909 3320 999 3359; x_wconf 87' lang='lat' dir='ltr'><strong>rursus</strong></span> <span class='ocrx_word' id='word_1_530' title='bbox 1037 3302 1125 3371; x_wconf 80' lang='lat' dir='ltr'><strong>spira,</strong></span> <span class='ocrx_word' id='word_1_531' title='bbox 1139 3319 1227 3374; x_wconf 85' lang='lat' dir='ltr'><strong>neque</strong></span> <span class='ocrx_word' id='word_1_532' title='bbox 1241 3319 1271 3359; x_wconf 91' lang='lat' dir='ltr'><strong>se</strong></span> <span class='ocrx_word' id='word_1_533' title='bbox 1284 3302 1366 3374; x_wconf 88' lang='lat' dir='ltr'><strong>plane</strong></span> <span class='ocrx_word' id='word_1_534' title='bbox 1379 3302 1504 3359; x_wconf 88' lang='lat' dir='ltr'><strong>restituat</strong></span> <span class='ocrx_word' id='word_1_535' title='bbox 1512 3304 1548 3357; x_wconf 90' lang='lat' dir='ltr'><strong>ad</strong></span> <span class='ocrx_word' id='word_1_536' title='bbox 1558 3304 1675 3359; x_wconf 90' lang='lat' dir='ltr'><strong>eundem</strong></span> <span class='ocrx_word' id='word_1_537' title='bbox 1685 3303 1829 3358; x_wconf 84' lang='lat' dir='ltr'><strong>terminum</strong></span> 
     </span>
     <span class='ocr_line' id='line_1_39' title="bbox 208 3377 1830 3454; baseline 0.002 -22"><span class='ocrx_word' id='word_1_538' title='bbox 208 3377 253 3432; x_wconf 88' lang='lat' dir='ltr'><strong>his</strong></span> <span class='ocrx_word' id='word_1_539' title='bbox 266 3379 410 3448; x_wconf 84' lang='lat' dir='ltr'><strong>oppositas,</strong></span> <span class='ocrx_word' id='word_1_540' title='bbox 425 3380 562 3453; x_wconf 79' lang='lat' dir='ltr'><strong>frigidum,</strong></span> <span class='ocrx_word' id='word_1_541' title='bbox 578 3399 700 3454; x_wconf 88' lang='lat' dir='ltr'><strong>opacum,</strong></span> <span class='ocrx_word' id='word_1_542' title='bbox 714 3382 835 3448; x_wconf 87' lang='lat' dir='ltr'><strong>densum,</strong></span> <span class='ocrx_word' id='word_1_543' title='bbox 849 3382 998 3438; x_wconf 87' lang='lat' dir='ltr'><strong>immobile.</strong></span> <span class='ocrx_word' id='word_1_544' title='bbox 1038 3385 1114 3450; x_wconf 88' lang='lat' dir='ltr'><strong>(nam</strong></span> <span class='ocrx_word' id='word_1_545' title='bbox 1135 3381 1209 3436; x_wconf 91' lang='lat' dir='ltr'><strong>linea</strong></span> <span class='ocrx_word' id='word_1_546' title='bbox 1230 3381 1338 3453; x_wconf 89' lang='lat' dir='ltr'><strong>spiralis</strong></span> <span class='ocrx_word' id='word_1_547' title='bbox 1357 3400 1394 3437; x_wconf 86' lang='lat' dir='ltr'><strong>ex</strong></span> <span class='ocrx_word' id='word_1_548' title='bbox 1412 3381 1514 3437; x_wconf 91' lang='lat' dir='ltr'><strong>circulo</strong></span> <span class='ocrx_word' id='word_1_549' title='bbox 1534 3390 1562 3436; x_wconf 92' lang='lat' dir='ltr'><strong>et</strong></span> <span class='ocrx_word' id='word_1_550' title='bbox 1583 3389 1660 3437; x_wconf 87' lang='lat' dir='ltr'><strong>recta</strong></span> <span class='ocrx_word' id='word_1_551' title='bbox 1681 3383 1830 3453; x_wconf 85' lang='lat' dir='ltr'><strong>composita</strong></span> 
     </span>
     <span class='ocr_line' id='line_1_40' title="bbox 208 3456 1829 3533; baseline 0.003 -22"><span class='ocrx_word' id='word_1_552' title='bbox 208 3456 293 3512; x_wconf 86' lang='lat' dir='ltr'><strong>Sedes</strong></span> <span class='ocrx_word' id='word_1_553' title='bbox 306 3475 370 3511; x_wconf 86' lang='lat' dir='ltr'><strong>vero</strong></span> <span class='ocrx_word' id='word_1_554' title='bbox 379 3465 408 3513; x_wconf 88' lang='lat' dir='ltr'><strong>et</strong></span> <span class='ocrx_word' id='word_1_555' title='bbox 421 3461 634 3532; x_wconf 77' lang='lat' dir='ltr'><strong>contignationes</strong></span> <span class='ocrx_word' id='word_1_556' title='bbox 646 3462 742 3531; x_wconf 77' lang='lat' dir='ltr'><strong>primae</strong></span> <span class='ocrx_word' id='word_1_557' title='bbox 755 3461 959 3533; x_wconf 78' lang='lat' dir='ltr'><strong>conjugationis,</strong></span> <span class='ocrx_word' id='word_1_558' title='bbox 971 3463 1000 3516; x_wconf 91' lang='lat' dir='ltr'><strong>in</strong></span> <span class='ocrx_word' id='word_1_559' title='bbox 1037 3460 1099 3525; x_wconf 91' lang='lat' dir='ltr'><strong>est).</strong></span> <span class='ocrx_word' id='word_1_560' title='bbox 1141 3461 1235 3532; x_wconf 90' lang='lat' dir='ltr'><strong>Itaque</strong></span> <span class='ocrx_word' id='word_1_561' title='bbox 1263 3461 1323 3517; x_wconf 80' lang='lat' dir='ltr'><strong>bac</strong></span> <span class='ocrx_word' id='word_1_562' title='bbox 1348 3461 1410 3532; x_wconf 88' lang='lat' dir='ltr'><strong>ipsa</strong></span> <span class='ocrx_word' id='word_1_563' title='bbox 1430 3461 1501 3515; x_wconf 83' lang='lat' dir='ltr'><strong>coelo</strong></span> <span class='ocrx_word' id='word_1_564' title='bbox 1521 3461 1653 3525; x_wconf 85' lang='lat' dir='ltr'><strong>accidere,</strong></span> <span class='ocrx_word' id='word_1_565' title='bbox 1674 3461 1829 3516; x_wconf 61' lang='lat' dir='ltr'><strong>radanem</strong></span> 
     </span>
     <span class='ocr_line' id='line_1_41' title="bbox 208 3536 1829 3611; baseline 0.003 -21"><span class='ocrx_word' id='word_1_566' title='bbox 208 3537 285 3602; x_wconf 84' lang='lat' dir='ltr'><strong>coelo,</strong></span> <span class='ocrx_word' id='word_1_567' title='bbox 296 3536 436 3602; x_wconf 88' lang='lat' dir='ltr'><strong>sideribus,</strong></span> <span class='ocrx_word' id='word_1_568' title='bbox 448 3557 480 3594; x_wconf 90' lang='lat' dir='ltr'><strong>ac</strong></span> <span class='ocrx_word' id='word_1_569' title='bbox 493 3540 628 3611; x_wconf 67' lang='lat' dir='ltr'><strong>precipue</strong></span> <span class='ocrx_word' id='word_1_570' title='bbox 642 3541 671 3595; x_wconf 92' lang='lat' dir='ltr'><strong>in</strong></span> <span class='ocrx_word' id='word_1_571' title='bbox 685 3540 742 3596; x_wconf 88' lang='lat' dir='ltr'><strong>sole</strong></span> <span class='ocrx_word' id='word_1_572' title='bbox 753 3540 835 3596; x_wconf 90' lang='lat' dir='ltr'><strong>statui</strong></span> <span class='ocrx_word' id='word_1_573' title='bbox 846 3563 853 3605; x_wconf 79' lang='lat' dir='ltr'><strong>t</strong></span> <span class='ocrx_word' id='word_1_574' title='bbox 875 3541 1000 3596; x_wconf 78' lang='lat' dir='ltr'><strong>secunda</strong></span> <span class='ocrx_word' id='word_1_575' title='bbox 1036 3556 1133 3610; x_wconf 88' lang='lat' dir='ltr'><strong>nempe</strong></span> <span class='ocrx_word' id='word_1_576' title='bbox 1147 3540 1318 3604; x_wconf 87' lang='lat' dir='ltr'><strong>incitationis,</strong></span> <span class='ocrx_word' id='word_1_577' title='bbox 1329 3547 1358 3596; x_wconf 88' lang='lat' dir='ltr'><strong>et</strong></span> <span class='ocrx_word' id='word_1_578' title='bbox 1366 3540 1547 3595; x_wconf 85' lang='lat' dir='ltr'><strong>deflexionem</strong></span> <span class='ocrx_word' id='word_1_579' title='bbox 1557 3557 1575 3595; x_wconf 93' lang='lat' dir='ltr'><strong>a</strong></span> <span class='ocrx_word' id='word_1_580' title='bbox 1585 3540 1764 3606; x_wconf 86' lang='lat' dir='ltr'><strong>restitutione,</strong></span> <span class='ocrx_word' id='word_1_581' title='bbox 1775 3542 1829 3596; x_wconf 84' lang='lat' dir='ltr'><strong>rire</strong></span> 
     </span>
     <span class='ocr_line' id='line_1_42' title="bbox 207 3615 1829 3691; baseline 0.003 -23"><span class='ocrx_word' id='word_1_582' title='bbox 207 3615 329 3670; x_wconf 84' lang='lat' dir='ltr'><strong>interra</strong></span> <span class='ocrx_word' id='word_1_583' title='bbox 371 3616 477 3673; x_wconf 82' lang='lat' dir='ltr'><strong>Coelum</strong></span> <span class='ocrx_word' id='word_1_584' title='bbox 490 3618 563 3674; x_wconf 89' lang='lat' dir='ltr'><strong>enim</strong></span> <span class='ocrx_word' id='word_1_585' title='bbox 577 3635 592 3674; x_wconf 89' lang='lat' dir='ltr'><strong>e</strong></span> <span class='ocrx_word' id='word_1_586' title='bbox 606 3636 712 3676; x_wconf 88' lang='lat' dir='ltr'><strong>summo</strong></span> <span class='ocrx_word' id='word_1_587' title='bbox 730 3620 892 3691; x_wconf 78' lang='lat' dir='ltr'><strong>integroque</strong></span> <span class='ocrx_word' id='word_1_588' title='bbox 907 3621 998 3675; x_wconf 88' lang='lat' dir='ltr'><strong>calore</strong></span> <span class='ocrx_word' id='word_1_589' title='bbox 1037 3619 1221 3688; x_wconf 87' lang='lat' dir='ltr'><strong>spiralitatem.</strong></span> <span class='ocrx_word' id='word_1_590' title='bbox 1262 3620 1337 3674; x_wconf 88' lang='lat' dir='ltr'><strong>Nam</strong></span> <span class='ocrx_word' id='word_1_591' title='bbox 1350 3618 1478 3675; x_wconf 77' lang='lat' dir='ltr'><strong>etstclln</strong></span> <span class='ocrx_word' id='word_1_592' title='bbox 1497 3620 1651 3674; x_wconf 88' lang='lat' dir='ltr'><strong>inerrantes</strong></span> <span class='ocrx_word' id='word_1_593' title='bbox 1669 3627 1699 3674; x_wconf 86' lang='lat' dir='ltr'><strong>et</strong></span> <span class='ocrx_word' id='word_1_594' title='bbox 1716 3619 1829 3690; x_wconf 79' lang='lat' dir='ltr'><strong>planeta</strong></span> 
     </span>
     <span class='ocr_line' id='line_1_43' title="bbox 207 3695 1830 3770; baseline 0.002 -21"><span class='ocrx_word' id='word_1_595' title='bbox 207 3702 236 3749; x_wconf 89' lang='lat' dir='ltr'><strong>et</strong></span> <span class='ocrx_word' id='word_1_596' title='bbox 254 3695 368 3750; x_wconf 88' lang='lat' dir='ltr'><strong>materia</strong></span> <span class='ocrx_word' id='word_1_597' title='bbox 392 3697 512 3752; x_wconf 84' lang='lat' dir='ltr'><strong>maxime</strong></span> <span class='ocrx_word' id='word_1_598' title='bbox 538 3698 682 3770; x_wconf 87' lang='lat' dir='ltr'><strong>explicata,</strong></span> <span class='ocrx_word' id='word_1_599' title='bbox 710 3716 770 3754; x_wconf 90' lang='lat' dir='ltr'><strong>esse</strong></span> <span class='ocrx_word' id='word_1_600' title='bbox 796 3698 998 3765; x_wconf 89' lang='lat' dir='ltr'><strong>calidissimum,</strong></span> <span class='ocrx_word' id='word_1_601' title='bbox 1037 3699 1175 3768; x_wconf 87' lang='lat' dir='ltr'><strong>impariter</strong></span> <span class='ocrx_word' id='word_1_602' title='bbox 1194 3707 1354 3769; x_wconf 72' lang='lat' dir='ltr'><strong>properantr</strong></span> <span class='ocrx_word' id='word_1_603' title='bbox 1388 3705 1417 3753; x_wconf 92' lang='lat' dir='ltr'><strong>et</strong></span> <span class='ocrx_word' id='word_1_604' title='bbox 1440 3698 1559 3769; x_wconf 76' lang='lat' dir='ltr'><strong>planetae</strong></span> <span class='ocrx_word' id='word_1_605' title='bbox 1579 3698 1720 3754; x_wconf 80' lang='lat' dir='ltr'><strong>evidenter</strong></span> <span class='ocrx_word' id='word_1_606' title='bbox 1740 3715 1758 3753; x_wconf 90' lang='lat' dir='ltr'><strong>a</strong></span> <span class='ocrx_word' id='word_1_607' title='bbox 1779 3706 1830 3753; x_wconf 89' lang='lat' dir='ltr'><strong>tro·</strong></span> 
     </span>
     <span class='ocr_line' id='line_1_44' title="bbox 207 3772 1829 3849; baseline 0.004 -22"><span class='ocrx_word' id='word_1_608' title='bbox 207 3772 409 3840; x_wconf 90' lang='lat' dir='ltr'><strong>lucidissimum,</strong></span> <span class='ocrx_word' id='word_1_609' title='bbox 424 3776 620 3843; x_wconf 88' lang='lat' dir='ltr'><strong>tenuissimum,</strong></span> <span class='ocrx_word' id='word_1_610' title='bbox 640 3779 758 3834; x_wconf 86' lang='lat' dir='ltr'><strong>maxime</strong></span> <span class='ocrx_word' id='word_1_611' title='bbox 780 3777 888 3833; x_wconf 91' lang='lat' dir='ltr'><strong>mobile.</strong></span> <span class='ocrx_word' id='word_1_612' title='bbox 935 3779 999 3834; x_wconf 88' lang='lat' dir='ltr'><strong>Ter·</strong></span> <span class='ocrx_word' id='word_1_613' title='bbox 1036 3778 1099 3847; x_wconf 91' lang='lat' dir='ltr'><strong>pico</strong></span> <span class='ocrx_word' id='word_1_614' title='bbox 1112 3779 1140 3831; x_wconf 92' lang='lat' dir='ltr'><strong>iu</strong></span> <span class='ocrx_word' id='word_1_615' title='bbox 1160 3778 1292 3849; x_wconf 91' lang='lat' dir='ltr'><strong>tropicum</strong></span> <span class='ocrx_word' id='word_1_616' title='bbox 1313 3778 1468 3843; x_wconf 88' lang='lat' dir='ltr'><strong>deflectunt,</strong></span> <span class='ocrx_word' id='word_1_617' title='bbox 1489 3785 1571 3848; x_wconf 90' lang='lat' dir='ltr'><strong>atque</strong></span> <span class='ocrx_word' id='word_1_618' title='bbox 1592 3794 1649 3849; x_wconf 89' lang='lat' dir='ltr'><strong>quo</strong></span> <span class='ocrx_word' id='word_1_619' title='bbox 1673 3778 1829 3834; x_wconf 79' lang='lat' dir='ltr'><strong>sublimiora</strong></span> 
     </span>
     <span class='ocr_line' id='line_1_45' title="bbox 206 3855 1827 3929; baseline 0.002 -22"><span class='ocrx_word' id='word_1_620' title='bbox 206 3869 265 3907; x_wconf 86' lang='lat' dir='ltr'><strong>ram</strong></span> <span class='ocrx_word' id='word_1_621' title='bbox 278 3863 378 3920; x_wconf 90' lang='lat' dir='ltr'><strong>contra,</strong></span> <span class='ocrx_word' id='word_1_622' title='bbox 392 3872 428 3910; x_wconf 89' lang='lat' dir='ltr'><strong>ex</strong></span> <span class='ocrx_word' id='word_1_623' title='bbox 441 3855 542 3927; x_wconf 84' lang='lat' dir='ltr'><strong>irigore</strong></span> <span class='ocrx_word' id='word_1_624' title='bbox 555 3856 661 3929; x_wconf 80' lang='lat' dir='ltr'><strong>integro</strong></span> <span class='ocrx_word' id='word_1_625' title='bbox 674 3864 701 3913; x_wconf 91' lang='lat' dir='ltr'><strong>et</strong></span> <span class='ocrx_word' id='word_1_626' title='bbox 714 3857 860 3921; x_wconf 77' lang='lat' dir='ltr'><strong>irretracto,</strong></span> <span class='ocrx_word' id='word_1_627' title='bbox 874 3866 902 3911; x_wconf 88' lang='lat' dir='ltr'><strong>et</strong></span> <span class='ocrx_word' id='word_1_628' title='bbox 916 3866 999 3912; x_wconf 85' lang='lat' dir='ltr'><strong>mate·</strong></span> <span class='ocrx_word' id='word_1_629' title='bbox 1036 3857 1158 3910; x_wconf 86' lang='lat' dir='ltr'><strong>coeleetia</strong></span> <span class='ocrx_word' id='word_1_630' title='bbox 1172 3865 1241 3922; x_wconf 90' lang='lat' dir='ltr'><strong>sunt,</strong></span> <span class='ocrx_word' id='word_1_631' title='bbox 1256 3873 1289 3912; x_wconf 93' lang='lat' dir='ltr'><strong>eo</strong></span> <span class='ocrx_word' id='word_1_632' title='bbox 1300 3864 1327 3911; x_wconf 91' lang='lat' dir='ltr'><strong>et</strong></span> <span class='ocrx_word' id='word_1_633' title='bbox 1337 3856 1468 3926; x_wconf 89' lang='lat' dir='ltr'><strong>majorem</strong></span> <span class='ocrx_word' id='word_1_634' title='bbox 1478 3856 1668 3911; x_wconf 89' lang='lat' dir='ltr'><strong>incitationem</strong></span> <span class='ocrx_word' id='word_1_635' title='bbox 1676 3858 1827 3919; x_wconf 87' lang='lat' dir='ltr'><strong>sortiuntur,</strong></span> 
     </span>
     <span class='ocr_line' id='line_1_46' title="bbox 207 3932 1828 4008; baseline 0.003 -22"><span class='ocrx_word' id='word_1_636' title='bbox 207 3932 249 3986; x_wconf 87' lang='lat' dir='ltr'><strong>ria</strong></span> <span class='ocrx_word' id='word_1_637' title='bbox 262 3933 380 3989; x_wconf 73' lang='lat' dir='ltr'><strong>marium</strong></span> <span class='ocrx_word' id='word_1_638' title='bbox 400 3943 544 4001; x_wconf 89' lang='lat' dir='ltr'><strong>contracta,</strong></span> <span class='ocrx_word' id='word_1_639' title='bbox 559 3936 771 4008; x_wconf 79' lang='lat' dir='ltr'><strong>frigidissimam,</strong></span> <span class='ocrx_word' id='word_1_640' title='bbox 786 3936 998 3992; x_wconf 88' lang='lat' dir='ltr'><strong>tenebricosissi-</strong></span> <span class='ocrx_word' id='word_1_641' title='bbox 1037 3944 1064 3990; x_wconf 91' lang='lat' dir='ltr'><strong>et</strong></span> <span class='ocrx_word' id='word_1_642' title='bbox 1078 3936 1231 4005; x_wconf 86' lang='lat' dir='ltr'><strong>propiorem</strong></span> <span class='ocrx_word' id='word_1_643' title='bbox 1244 3935 1352 4006; x_wconf 84' lang='lat' dir='ltr'><strong>spiram</strong></span> <span class='ocrx_word' id='word_1_644' title='bbox 1394 3936 1470 3990; x_wconf 88' lang='lat' dir='ltr'><strong>Nam</strong></span> <span class='ocrx_word' id='word_1_645' title='bbox 1483 3936 1508 3990; x_wconf 91' lang='lat' dir='ltr'><strong>si</strong></span> <span class='ocrx_word' id='word_1_646' title='bbox 1527 3935 1710 4006; x_wconf 70' lang='lat' dir='ltr'><strong>phanonem</strong></span> <span class='ocrx_word' id='word_1_647' title='bbox 1729 3936 1828 4007; x_wconf 87' lang='lat' dir='ltr'><strong>simpli·</strong></span> 
     </span>
     <span class='ocr_line' id='line_1_47' title="bbox 206 4012 1829 4087; baseline 0.003 -22"><span class='ocrx_word' id='word_1_648' title='bbox 206 4027 288 4077; x_wconf 88' lang='lat' dir='ltr'><strong>mam,</strong></span> <span class='ocrx_word' id='word_1_649' title='bbox 302 4012 497 4079; x_wconf 87' lang='lat' dir='ltr'><strong>densissimam,</strong></span> <span class='ocrx_word' id='word_1_650' title='bbox 512 4017 619 4086; x_wconf 90' lang='lat' dir='ltr'><strong>penitus</strong></span> <span class='ocrx_word' id='word_1_651' title='bbox 632 4015 807 4081; x_wconf 90' lang='lat' dir='ltr'><strong>immobilem,</strong></span> <span class='ocrx_word' id='word_1_652' title='bbox 827 4033 859 4069; x_wconf 93' lang='lat' dir='ltr'><strong>ac</strong></span> <span class='ocrx_word' id='word_1_653' title='bbox 880 4033 999 4070; x_wconf 89' lang='lat' dir='ltr'><strong>summo·</strong></span> <span class='ocrx_word' id='word_1_654' title='bbox 1036 4015 1114 4081; x_wconf 90' lang='lat' dir='ltr'><strong>citer,</strong></span> <span class='ocrx_word' id='word_1_655' title='bbox 1128 4024 1208 4085; x_wconf 89' lang='lat' dir='ltr'><strong>atque</strong></span> <span class='ocrx_word' id='word_1_656' title='bbox 1222 4023 1251 4069; x_wconf 93' lang='lat' dir='ltr'><strong>ut</strong></span> <span class='ocrx_word' id='word_1_657' title='bbox 1264 4013 1473 4085; x_wconf 91' lang='lat' dir='ltr'><strong>conspiciuntur,</strong></span> <span class='ocrx_word' id='word_1_658' title='bbox 1486 4015 1662 4085; x_wconf 87' lang='lat' dir='ltr'><strong>accipiantur,</strong></span> <span class='ocrx_word' id='word_1_659' title='bbox 1676 4024 1706 4070; x_wconf 90' lang='lat' dir='ltr'><strong>et</strong></span> <span class='ocrx_word' id='word_1_660' title='bbox 1719 4025 1829 4087; x_wconf 79' lang='lat' dir='ltr'><strong>ponetur</strong></span> 
     </span>
     <span class='ocr_line' id='line_1_48' title="bbox 207 4092 1828 4165; baseline 0.002 -20"><span class='ocrx_word' id='word_1_661' title='bbox 207 4105 272 4160; x_wconf 89' lang='lat' dir='ltr'><strong>pere</strong></span> <span class='ocrx_word' id='word_1_662' title='bbox 289 4098 393 4161; x_wconf 83' lang='lat' dir='ltr'><strong>motum</strong></span> <span class='ocrx_word' id='word_1_663' title='bbox 412 4094 612 4150; x_wconf 83' lang='lat' dir='ltr'><strong>exhorrentem.</strong></span> <span class='ocrx_word' id='word_1_664' title='bbox 658 4094 832 4150; x_wconf 80' lang='lat' dir='ltr'><strong>summitates</strong></span> <span class='ocrx_word' id='word_1_665' title='bbox 851 4111 916 4149; x_wconf 85' lang='lat' dir='ltr'><strong>vero</strong></span> <span class='ocrx_word' id='word_1_666' title='bbox 936 4095 997 4150; x_wconf 86' lang='lat' dir='ltr'><strong>coeli</strong></span> <span class='ocrx_word' id='word_1_667' title='bbox 1035 4103 1124 4149; x_wconf 88' lang='lat' dir='ltr'><strong>motus</strong></span> <span class='ocrx_word' id='word_1_668' title='bbox 1138 4093 1249 4148; x_wconf 89' lang='lat' dir='ltr'><strong>diurnus</strong></span> <span class='ocrx_word' id='word_1_669' title='bbox 1262 4111 1331 4149; x_wconf 88' lang='lat' dir='ltr'><strong>unns</strong></span> <span class='ocrx_word' id='word_1_670' title='bbox 1344 4092 1473 4148; x_wconf 87' lang='lat' dir='ltr'><strong>naturalis</strong></span> <span class='ocrx_word' id='word_1_671' title='bbox 1491 4101 1519 4149; x_wconf 90' lang='lat' dir='ltr'><strong>et</strong></span> <span class='ocrx_word' id='word_1_672' title='bbox 1536 4094 1657 4165; x_wconf 86' lang='lat' dir='ltr'><strong>simplex</strong></span> <span class='ocrx_word' id='word_1_673' title='bbox 1670 4095 1701 4149; x_wconf 92' lang='lat' dir='ltr'><strong>in</strong></span> <span class='ocrx_word' id='word_1_674' title='bbox 1715 4095 1828 4149; x_wconf 69' lang='lat' dir='ltr'><strong>celad-</strong></span> 
     </span>
     <span class='ocr_line' id='line_1_49' title="bbox 206 4172 1827 4245; baseline 0.002 -22"><span class='ocrx_word' id='word_1_675' title='bbox 206 4176 331 4224; x_wconf 86' lang='lat' dir='ltr'><strong>naturam</strong></span> <span class='ocrx_word' id='word_1_676' title='bbox 343 4187 421 4226; x_wconf 90' lang='lat' dir='ltr'><strong>suam</strong></span> <span class='ocrx_word' id='word_1_677' title='bbox 438 4173 572 4245; x_wconf 81' lang='lat' dir='ltr'><strong>integrum</strong></span> <span class='ocrx_word' id='word_1_678' title='bbox 592 4182 673 4245; x_wconf 88' lang='lat' dir='ltr'><strong>atque</strong></span> <span class='ocrx_word' id='word_1_679' title='bbox 690 4173 804 4229; x_wconf 77' lang='lat' dir='ltr'><strong>illaesam</strong></span> <span class='ocrx_word' id='word_1_680' title='bbox 825 4191 940 4239; x_wconf 85' lang='lat' dir='ltr'><strong>servare,</strong></span> <span class='ocrx_word' id='word_1_681' title='bbox 957 4174 998 4228; x_wconf 91' lang='lat' dir='ltr'><strong>di·</strong></span> <span class='ocrx_word' id='word_1_682' title='bbox 1036 4172 1093 4237; x_wconf 89' lang='lat' dir='ltr'><strong>bus,</strong></span> <span class='ocrx_word' id='word_1_683' title='bbox 1108 4181 1137 4228; x_wconf 90' lang='lat' dir='ltr'><strong>et</strong></span> <span class='ocrx_word' id='word_1_684' title='bbox 1150 4172 1302 4227; x_wconf 78' lang='lat' dir='ltr'><strong>formositas</strong></span> <span class='ocrx_word' id='word_1_685' title='bbox 1315 4172 1363 4227; x_wconf 91' lang='lat' dir='ltr'><strong>illa</strong></span> <span class='ocrx_word' id='word_1_686' title='bbox 1376 4172 1569 4227; x_wconf 88' lang='lat' dir='ltr'><strong>mathematica</strong></span> <span class='ocrx_word' id='word_1_687' title='bbox 1588 4176 1632 4243; x_wconf 90' lang='lat' dir='ltr'><strong>(nt</strong></span> <span class='ocrx_word' id='word_1_688' title='bbox 1646 4181 1740 4229; x_wconf 89' lang='lat' dir='ltr'><strong>motus</strong></span> <span class='ocrx_word' id='word_1_689' title='bbox 1752 4172 1827 4228; x_wconf 87' lang='lat' dir='ltr'><strong>redu·</strong></span> 
     </span>
     <span class='ocr_line' id='line_1_50' title="bbox 206 4248 1827 4323; baseline 0.004 -22"><span class='ocrx_word' id='word_1_690' title='bbox 206 4248 361 4302; x_wconf 85' lang='lat' dir='ltr'><strong>versitatem</strong></span> <span class='ocrx_word' id='word_1_691' title='bbox 382 4251 541 4307; x_wconf 88' lang='lat' dir='ltr'><strong>nonnullam</strong></span> <span class='ocrx_word' id='word_1_692' title='bbox 564 4252 636 4308; x_wconf 89' lang='lat' dir='ltr'><strong>inter</strong></span> <span class='ocrx_word' id='word_1_693' title='bbox 658 4269 687 4307; x_wconf 88' lang='lat' dir='ltr'><strong>se</strong></span> <span class='ocrx_word' id='word_1_694' title='bbox 711 4253 890 4317; x_wconf 87' lang='lat' dir='ltr'><strong>admittentes,</strong></span> <span class='ocrx_word' id='word_1_695' title='bbox 913 4254 961 4308; x_wconf 92' lang='lat' dir='ltr'><strong>sed</strong></span> <span class='ocrx_word' id='word_1_696' title='bbox 981 4271 998 4306; x_wconf 87' lang='lat' dir='ltr'><strong>a</strong></span> <span class='ocrx_word' id='word_1_697' title='bbox 1036 4263 1131 4307; x_wconf 90' lang='lat' dir='ltr'><strong>cantur</strong></span> <span class='ocrx_word' id='word_1_698' title='bbox 1144 4253 1179 4307; x_wconf 90' lang='lat' dir='ltr'><strong>ad</strong></span> <span class='ocrx_word' id='word_1_699' title='bbox 1192 4253 1306 4306; x_wconf 91' lang='lat' dir='ltr'><strong>circulos</strong></span> <span class='ocrx_word' id='word_1_700' title='bbox 1318 4251 1466 4322; x_wconf 84' lang='lat' dir='ltr'><strong>periectos)</strong></span> <span class='ocrx_word' id='word_1_701' title='bbox 1480 4260 1678 4317; x_wconf 90' lang='lat' dir='ltr'><strong>contemnatur,</strong></span> <span class='ocrx_word' id='word_1_702' title='bbox 1692 4261 1721 4308; x_wconf 87' lang='lat' dir='ltr'><strong>et</strong></span> <span class='ocrx_word' id='word_1_703' title='bbox 1733 4253 1827 4323; x_wconf 84' lang='lat' dir='ltr'><strong>recipi·</strong></span> 
     </span>
     <span class='ocr_line' id='line_1_51' title="bbox 207 4327 1829 4402; baseline 0.005 -23"><span class='ocrx_word' id='word_1_704' title='bbox 207 4327 334 4380; x_wconf 89' lang='lat' dir='ltr'><strong>contrarii</strong></span> <span class='ocrx_word' id='word_1_705' title='bbox 346 4327 475 4384; x_wconf 81' lang='lat' dir='ltr'><strong>violentia</strong></span> <span class='ocrx_word' id='word_1_706' title='bbox 488 4340 515 4385; x_wconf 92' lang='lat' dir='ltr'><strong>et</strong></span> <span class='ocrx_word' id='word_1_707' title='bbox 528 4332 629 4387; x_wconf 89' lang='lat' dir='ltr'><strong>insultu</strong></span> <span class='ocrx_word' id='word_1_708' title='bbox 647 4332 754 4402; x_wconf 89' lang='lat' dir='ltr'><strong>penitus</strong></span> <span class='ocrx_word' id='word_1_709' title='bbox 773 4340 904 4386; x_wconf 85' lang='lat' dir='ltr'><strong>semotas:</strong></span> <span class='ocrx_word' id='word_1_710' title='bbox 925 4332 997 4387; x_wconf 90' lang='lat' dir='ltr'><strong>simi-</strong></span> <span class='ocrx_word' id='word_1_711' title='bbox 1036 4339 1115 4385; x_wconf 90' lang='lat' dir='ltr'><strong>autur</strong></span> <span class='ocrx_word' id='word_1_712' title='bbox 1127 4331 1208 4386; x_wconf 86' lang='lat' dir='ltr'><strong>lineae</strong></span> <span class='ocrx_word' id='word_1_713' title='bbox 1221 4331 1350 4402; x_wconf 77' lang='lat' dir='ltr'><strong>spirales3</strong></span> <span class='ocrx_word' id='word_1_714' title='bbox 1372 4338 1399 4385; x_wconf 89' lang='lat' dir='ltr'><strong>et</strong></span> <span class='ocrx_word' id='word_1_715' title='bbox 1417 4331 1622 4385; x_wconf 88' lang='lat' dir='ltr'><strong>contrarietates</strong></span> <span class='ocrx_word' id='word_1_716' title='bbox 1640 4331 1699 4386; x_wconf 80' lang='lat' dir='ltr'><strong>illae</strong></span> <span class='ocrx_word' id='word_1_717' title='bbox 1713 4340 1829 4387; x_wconf 60' lang='lat' dir='ltr'><strong>manum</strong></span> 
     </span>
     <span class='ocr_line' id='line_1_52' title="bbox 206 4405 1829 4482; baseline 0.002 -22"><span class='ocrx_word' id='word_1_718' title='bbox 206 4405 262 4460; x_wconf 91' lang='lat' dir='ltr'><strong>lem</strong></span> <span class='ocrx_word' id='word_1_719' title='bbox 275 4421 325 4475; x_wconf 90' lang='lat' dir='ltr'><strong>per</strong></span> <span class='ocrx_word' id='word_1_720' title='bbox 337 4405 393 4461; x_wconf 88' lang='lat' dir='ltr'><strong>ima</strong></span> <span class='ocrx_word' id='word_1_721' title='bbox 406 4409 463 4463; x_wconf 84' lang='lat' dir='ltr'><strong>sive</strong></span> <span class='ocrx_word' id='word_1_722' title='bbox 477 4410 575 4465; x_wconf 89' lang='lat' dir='ltr'><strong>intima</strong></span> <span class='ocrx_word' id='word_1_723' title='bbox 589 4419 668 4467; x_wconf 80' lang='lat' dir='ltr'><strong>terrae</strong></span> <span class='ocrx_word' id='word_1_724' title='bbox 680 4411 856 4465; x_wconf 85' lang='lat' dir='ltr'><strong>constantiam</strong></span> <span class='ocrx_word' id='word_1_725' title='bbox 870 4428 937 4476; x_wconf 86' lang='lat' dir='ltr'><strong>esse,</strong></span> <span class='ocrx_word' id='word_1_726' title='bbox 951 4429 998 4466; x_wconf 91' lang='lat' dir='ltr'><strong>ex·</strong></span> <span class='ocrx_word' id='word_1_727' title='bbox 1035 4411 1063 4464; x_wconf 92' lang='lat' dir='ltr'><strong>in</strong></span> <span class='ocrx_word' id='word_1_728' title='bbox 1077 4411 1272 4474; x_wconf 90' lang='lat' dir='ltr'><strong>consecutione,</strong></span> <span class='ocrx_word' id='word_1_729' title='bbox 1284 4410 1319 4464; x_wconf 90' lang='lat' dir='ltr'><strong>ab</strong></span> <span class='ocrx_word' id='word_1_730' title='bbox 1331 4409 1434 4465; x_wconf 90' lang='lat' dir='ltr'><strong>oriente</strong></span> <span class='ocrx_word' id='word_1_731' title='bbox 1447 4409 1475 4464; x_wconf 93' lang='lat' dir='ltr'><strong>iu</strong></span> <span class='ocrx_word' id='word_1_732' title='bbox 1488 4410 1668 4477; x_wconf 89' lang='lat' dir='ltr'><strong>occidentem,</strong></span> <span class='ocrx_word' id='word_1_733' title='bbox 1680 4414 1775 4482; x_wconf 82' lang='lat' dir='ltr'><strong>(quern</strong></span> <span class='ocrx_word' id='word_1_734' title='bbox 1788 4427 1829 4464; x_wconf 84' lang='lat' dir='ltr'><strong>ro</strong></span> 
     </span>
     <span class='ocr_line' id='line_1_53' title="bbox 207 4488 1829 4562; baseline 0.003 -24"><span class='ocrx_word' id='word_1_735' title='bbox 207 4492 295 4539; x_wconf 86' lang='lat' dir='ltr'><strong>trema</strong></span> <span class='ocrx_word' id='word_1_736' title='bbox 312 4492 423 4550; x_wconf 87' lang='lat' dir='ltr'><strong>tantum,</strong></span> <span class='ocrx_word' id='word_1_737' title='bbox 438 4488 485 4543; x_wconf 92' lang='lat' dir='ltr'><strong>ubi</strong></span> <span class='ocrx_word' id='word_1_738' title='bbox 504 4491 699 4545; x_wconf 87' lang='lat' dir='ltr'><strong>contrariorum</strong></span> <span class='ocrx_word' id='word_1_739' title='bbox 716 4491 752 4545; x_wconf 88' lang='lat' dir='ltr'><strong>sit</strong></span> <span class='ocrx_word' id='word_1_740' title='bbox 771 4491 998 4562; x_wconf 88' lang='lat' dir='ltr'><strong>appropinquatio</strong></span> <span class='ocrx_word' id='word_1_741' title='bbox 1035 4497 1098 4543; x_wconf 91' lang='lat' dir='ltr'><strong>cant</strong></span> <span class='ocrx_word' id='word_1_742' title='bbox 1110 4489 1192 4560; x_wconf 91' lang='lat' dir='ltr'><strong>primi</strong></span> <span class='ocrx_word' id='word_1_743' title='bbox 1206 4488 1335 4557; x_wconf 73' lang='lat' dir='ltr'><strong>mobilia)</strong></span> <span class='ocrx_word' id='word_1_744' title='bbox 1350 4498 1378 4543; x_wconf 91' lang='lat' dir='ltr'><strong>et</strong></span> <span class='ocrx_word' id='word_1_745' title='bbox 1391 4506 1484 4544; x_wconf 77' lang='lat' dir='ltr'><strong>mustis</strong></span> <span class='ocrx_word' id='word_1_746' title='bbox 1497 4489 1532 4542; x_wconf 91' lang='lat' dir='ltr'><strong>ab</strong></span> <span class='ocrx_word' id='word_1_747' title='bbox 1546 4488 1689 4545; x_wconf 89' lang='lat' dir='ltr'><strong>occidente</strong></span> <span class='ocrx_word' id='word_1_748' title='bbox 1703 4492 1734 4544; x_wconf 92' lang='lat' dir='ltr'><strong>in</strong></span> <span class='ocrx_word' id='word_1_749' title='bbox 1747 4491 1829 4545; x_wconf 79' lang='lat' dir='ltr'><strong>orico</strong></span> 
     </span>
     <span class='ocr_line' id='line_1_54' title="bbox 207 4565 1830 4640; baseline 0.002 -21"><span class='ocrx_word' id='word_1_750' title='bbox 207 4570 235 4619; x_wconf 92' lang='lat' dir='ltr'><strong>et</strong></span> <span class='ocrx_word' id='word_1_751' title='bbox 251 4580 404 4625; x_wconf 89' lang='lat' dir='ltr'><strong>concursus,</strong></span> <span class='ocrx_word' id='word_1_752' title='bbox 417 4565 547 4632; x_wconf 88' lang='lat' dir='ltr'><strong>laborare,</strong></span> <span class='ocrx_word' id='word_1_753' title='bbox 563 4577 590 4623; x_wconf 93' lang='lat' dir='ltr'><strong>et</strong></span> <span class='ocrx_word' id='word_1_754' title='bbox 603 4569 637 4622; x_wconf 89' lang='lat' dir='ltr'><strong>ab</strong></span> <span class='ocrx_word' id='word_1_755' title='bbox 650 4569 767 4623; x_wconf 84' lang='lat' dir='ltr'><strong>invicem</strong></span> <span class='ocrx_word' id='word_1_756' title='bbox 781 4569 837 4638; x_wconf 83' lang='lat' dir='ltr'><strong>pati</strong></span> <span class='ocrx_word' id='word_1_757' title='bbox 852 4578 879 4623; x_wconf 92' lang='lat' dir='ltr'><strong>et</strong></span> <span class='ocrx_word' id='word_1_758' title='bbox 892 4586 997 4640; x_wconf 75' lang='lat' dir='ltr'><strong>oppug·</strong></span> <span class='ocrx_word' id='word_1_759' title='bbox 1035 4575 1090 4623; x_wconf 90' lang='lat' dir='ltr'><strong>tem</strong></span> <span class='ocrx_word' id='word_1_760' title='bbox 1104 4571 1197 4640; x_wconf 90' lang='lat' dir='ltr'><strong>(quem</strong></span> <span class='ocrx_word' id='word_1_761' title='bbox 1211 4576 1308 4623; x_wconf 87' lang='lat' dir='ltr'><strong>vocant</strong></span> <span class='ocrx_word' id='word_1_762' title='bbox 1320 4577 1423 4623; x_wconf 87' lang='lat' dir='ltr'><strong>motum</strong></span> <span class='ocrx_word' id='word_1_763' title='bbox 1436 4568 1576 4638; x_wconf 87' lang='lat' dir='ltr'><strong>proprium</strong></span> <span class='ocrx_word' id='word_1_764' title='bbox 1590 4567 1778 4639; x_wconf 83' lang='lat' dir='ltr'><strong>planetarum)</strong></span> <span class='ocrx_word' id='word_1_765' title='bbox 1793 4585 1830 4623; x_wconf 84' lang='lat' dir='ltr'><strong>re·</strong></span> 
     </span>
     <span class='ocr_line' id='line_1_55' title="bbox 206 4642 1830 4720; baseline 0.002 -22"><span class='ocrx_word' id='word_1_766' title='bbox 206 4644 274 4699; x_wconf 87' lang='lat' dir='ltr'><strong>nari</strong></span> <span class='ocrx_word' id='word_1_767' title='bbox 315 4642 420 4698; x_wconf 83' lang='lat' dir='ltr'><strong>Coelnm</strong></span> <span class='ocrx_word' id='word_1_768' title='bbox 433 4645 525 4718; x_wconf 85' lang='lat' dir='ltr'><strong>itaque</strong></span> <span class='ocrx_word' id='word_1_769' title='bbox 536 4654 593 4702; x_wconf 92' lang='lat' dir='ltr'><strong>tota</strong></span> <span class='ocrx_word' id='word_1_770' title='bbox 602 4648 673 4703; x_wconf 91' lang='lat' dir='ltr'><strong>mole</strong></span> <span class='ocrx_word' id='word_1_771' title='bbox 684 4654 712 4702; x_wconf 90' lang='lat' dir='ltr'><strong>et</strong></span> <span class='ocrx_word' id='word_1_772' title='bbox 720 4648 870 4702; x_wconf 87' lang='lat' dir='ltr'><strong>substantia</strong></span> <span class='ocrx_word' id='word_1_773' title='bbox 880 4647 997 4702; x_wconf 88' lang='lat' dir='ltr'><strong>calidum</strong></span> <span class='ocrx_word' id='word_1_774' title='bbox 1035 4647 1162 4719; x_wconf 81' lang='lat' dir='ltr'><strong>dignatur</strong></span> <span class='ocrx_word' id='word_1_775' title='bbox 1175 4647 1204 4702; x_wconf 92' lang='lat' dir='ltr'><strong>iu</strong></span> <span class='ocrx_word' id='word_1_776' title='bbox 1217 4664 1309 4713; x_wconf 78' lang='lat' dir='ltr'><strong>mum,</strong></span> <span class='ocrx_word' id='word_1_777' title='bbox 1321 4645 1451 4702; x_wconf 77' lang='lat' dir='ltr'><strong>salvando</strong></span> <span class='ocrx_word' id='word_1_778' title='bbox 1462 4646 1644 4702; x_wconf 84' lang='lat' dir='ltr'><strong>differentiam</strong></span> <span class='ocrx_word' id='word_1_779' title='bbox 1659 4649 1794 4720; x_wconf 88' lang='lat' dir='ltr'><strong>temporis</strong></span> <span class='ocrx_word' id='word_1_780' title='bbox 1804 4648 1830 4701; x_wconf 90' lang='lat' dir='ltr'><strong>in</strong></span> 
     </span>
     <span class='ocr_line' id='line_1_56' title="bbox 206 4722 1829 4797; baseline 0.001 -20"><span class='ocrx_word' id='word_1_781' title='bbox 206 4730 234 4778; x_wconf 91' lang='lat' dir='ltr'><strong>et</strong></span> <span class='ocrx_word' id='word_1_782' title='bbox 248 4722 335 4777; x_wconf 90' lang='lat' dir='ltr'><strong>omnis</strong></span> <span class='ocrx_word' id='word_1_783' title='bbox 346 4725 487 4781; x_wconf 76' lang='lat' dir='ltr'><strong>contrariae</strong></span> <span class='ocrx_word' id='word_1_784' title='bbox 505 4732 609 4782; x_wconf 75' lang='lat' dir='ltr'><strong>natura</strong></span> <span class='ocrx_word' id='word_1_785' title='bbox 628 4743 737 4797; x_wconf 88' lang='lat' dir='ltr'><strong>prorsus</strong></span> <span class='ocrx_word' id='word_1_786' title='bbox 757 4743 863 4797; x_wconf 89' lang='lat' dir='ltr'><strong>expers,</strong></span> <span class='ocrx_word' id='word_1_787' title='bbox 885 4727 934 4781; x_wconf 91' lang='lat' dir='ltr'><strong>sed</strong></span> <span class='ocrx_word' id='word_1_788' title='bbox 953 4726 995 4782; x_wconf 90' lang='lat' dir='ltr'><strong>in·</strong></span> <span class='ocrx_word' id='word_1_789' title='bbox 1035 4727 1204 4781; x_wconf 89' lang='lat' dir='ltr'><strong>restitutione</strong></span> <span class='ocrx_word' id='word_1_790' title='bbox 1211 4743 1261 4797; x_wconf 89' lang='lat' dir='ltr'><strong>per</strong></span> <span class='ocrx_word' id='word_1_791' title='bbox 1274 4725 1529 4797; x_wconf 83' lang='lat' dir='ltr'><strong>praet‘estinadonem</strong></span> <span class='ocrx_word' id='word_1_792' title='bbox 1540 4733 1569 4780; x_wconf 92' lang='lat' dir='ltr'><strong>et</strong></span> <span class='ocrx_word' id='word_1_793' title='bbox 1578 4725 1794 4791; x_wconf 86' lang='lat' dir='ltr'><strong>derelictionem,</strong></span> <span class='ocrx_word' id='word_1_794' title='bbox 1805 4735 1829 4780; x_wconf 87' lang='lat' dir='ltr'><strong>et</strong></span> 
     </span>
     <span class='ocr_line' id='line_1_57' title="bbox 206 4800 1830 4878; baseline 0.004 -22"><span class='ocrx_word' id='word_1_795' title='bbox 206 4800 362 4873; x_wconf 62' lang='lat' dir='ltr'><strong>aequalitem</strong></span> <span class='ocrx_word' id='word_1_796' title='bbox 383 4802 445 4856; x_wconf 91' lang='lat' dir='ltr'><strong>aliis</strong></span> <span class='ocrx_word' id='word_1_797' title='bbox 456 4804 576 4873; x_wconf 89' lang='lat' dir='ltr'><strong>partibus</strong></span> <span class='ocrx_word' id='word_1_798' title='bbox 586 4806 689 4860; x_wconf 89' lang='lat' dir='ltr'><strong>scilicet</strong></span> <span class='ocrx_word' id='word_1_799' title='bbox 699 4806 787 4878; x_wconf 78' lang='lat' dir='ltr'><strong>magis</strong></span> <span class='ocrx_word' id='word_1_800' title='bbox 797 4807 923 4871; x_wconf 85' lang='lat' dir='ltr'><strong>calidum,</strong></span> <span class='ocrx_word' id='word_1_801' title='bbox 934 4806 997 4860; x_wconf 90' lang='lat' dir='ltr'><strong>aliis</strong></span> <span class='ocrx_word' id='word_1_802' title='bbox 1034 4806 1168 4859; x_wconf 74' lang='lat' dir='ltr'><strong>disemum</strong></span> <span class='ocrx_word' id='word_1_803' title='bbox 1182 4805 1322 4875; x_wconf 90' lang='lat' dir='ltr'><strong>politatem</strong></span> <span class='ocrx_word' id='word_1_804' title='bbox 1341 4805 1445 4860; x_wconf 79' lang='lat' dir='ltr'><strong>zodiaci</strong></span> <span class='ocrx_word' id='word_1_805' title='bbox 1463 4821 1513 4875; x_wconf 93' lang='lat' dir='ltr'><strong>per</strong></span> <span class='ocrx_word' id='word_1_806' title='bbox 1529 4806 1634 4876; x_wconf 70' lang='lat' dir='ltr'><strong>spirasr</strong></span> <span class='ocrx_word' id='word_1_807' title='bbox 1657 4807 1830 4861; x_wconf 79' lang='lat' dir='ltr'><strong>manifestum</strong></span> 
     </span>
     <span class='ocr_line' id='line_1_58' title="bbox 206 4881 1830 4956; baseline 0.001 -20"><span class='ocrx_word' id='word_1_808' title='bbox 206 4882 303 4936; x_wconf 90' lang='lat' dir='ltr'><strong>minus.</strong></span> <span class='ocrx_word' id='word_1_809' title='bbox 345 4881 486 4936; x_wconf 86' lang='lat' dir='ltr'><strong>Stellaturn</strong></span> <span class='ocrx_word' id='word_1_810' title='bbox 506 4883 578 4938; x_wconf 89' lang='lat' dir='ltr'><strong>enim</strong></span> <span class='ocrx_word' id='word_1_811' title='bbox 598 4901 696 4954; x_wconf 90' lang='lat' dir='ltr'><strong>corpus</strong></span> <span class='ocrx_word' id='word_1_812' title='bbox 716 4885 850 4939; x_wconf 90' lang='lat' dir='ltr'><strong>intensius</strong></span> <span class='ocrx_word' id='word_1_813' title='bbox 870 4884 995 4949; x_wconf 90' lang='lat' dir='ltr'><strong>calidum,</strong></span> <span class='ocrx_word' id='word_1_814' title='bbox 1035 4891 1077 4939; x_wconf 90' lang='lat' dir='ltr'><strong>est</strong></span> <span class='ocrx_word' id='word_1_815' title='bbox 1090 4884 1150 4948; x_wconf 91' lang='lat' dir='ltr'><strong>hoo,</strong></span> <span class='ocrx_word' id='word_1_816' title='bbox 1165 4884 1237 4956; x_wconf 88' lang='lat' dir='ltr'><strong>quod</strong></span> <span class='ocrx_word' id='word_1_817' title='bbox 1249 4885 1504 4951; x_wconf 84' lang='lat' dir='ltr'><strong>diximus,evenire.</strong></span> <span class='ocrx_word' id='word_1_818' title='bbox 1544 4884 1675 4955; x_wconf 83' lang='lat' dir='ltr'><strong>Exempli</strong></span> <span class='ocrx_word' id='word_1_819' title='bbox 1689 4887 1789 4956; x_wconf 78' lang='lat' dir='ltr'><strong>gratia,</strong></span> <span class='ocrx_word' id='word_1_820' title='bbox 1802 4890 1830 4938; x_wconf 91' lang='lat' dir='ltr'><strong>nt</strong></span> 
     </span>
     <span class='ocr_line' id='line_1_59' title="bbox 206 4958 1829 5035; baseline 0.003 -21"><span class='ocrx_word' id='word_1_821' title='bbox 206 4958 385 5015; x_wconf 83' lang='lat' dir='ltr'><strong>interstellato</strong></span> <span class='ocrx_word' id='word_1_822' title='bbox 407 4962 562 5025; x_wconf 82' lang='lat' dir='ltr'><strong>remissius;</strong></span> <span class='ocrx_word' id='word_1_823' title='bbox 593 4963 658 5033; x_wconf 91' lang='lat' dir='ltr'><strong>quin</strong></span> <span class='ocrx_word' id='word_1_824' title='bbox 679 4969 707 5018; x_wconf 91' lang='lat' dir='ltr'><strong>et</strong></span> <span class='ocrx_word' id='word_1_825' title='bbox 729 4963 815 5019; x_wconf 88' lang='lat' dir='ltr'><strong>stellis</strong></span> <span class='ocrx_word' id='word_1_826' title='bbox 838 4964 905 5034; x_wconf 91' lang='lat' dir='ltr'><strong>ipsis</strong></span> <span class='ocrx_word' id='word_1_827' title='bbox 928 4964 997 5018; x_wconf 89' lang='lat' dir='ltr'><strong>alias</strong></span> <span class='ocrx_word' id='word_1_828' title='bbox 1035 4963 1106 5028; x_wconf 85' lang='lat' dir='ltr'><strong>luna,</strong></span> <span class='ocrx_word' id='word_1_829' title='bbox 1121 4981 1182 5035; x_wconf 74' lang='lat' dir='ltr'><strong>quse</strong></span> <span class='ocrx_word' id='word_1_830' title='bbox 1195 4972 1237 5018; x_wconf 93' lang='lat' dir='ltr'><strong>est</strong></span> <span class='ocrx_word' id='word_1_831' title='bbox 1256 4963 1426 5034; x_wconf 89' lang='lat' dir='ltr'><strong>planetarum</strong></span> <span class='ocrx_word' id='word_1_832' title='bbox 1444 4963 1546 5028; x_wconf 84' lang='lat' dir='ltr'><strong>infima,</strong></span> <span class='ocrx_word' id='word_1_833' title='bbox 1560 4963 1670 5018; x_wconf 87' lang='lat' dir='ltr'><strong>incedat</strong></span> <span class='ocrx_word' id='word_1_834' title='bbox 1689 4970 1718 5019; x_wconf 90' lang='lat' dir='ltr'><strong>et</strong></span> <span class='ocrx_word' id='word_1_835' title='bbox 1739 4964 1829 5019; x_wconf 73' lang='lat' dir='ltr'><strong>tardis</strong></span> 
     </span>
     <span class='ocr_line' id='line_1_60' title="bbox 206 5038 1829 5114; baseline 0.003 -22"><span class='ocrx_word' id='word_1_836' title='bbox 206 5038 270 5094; x_wconf 91' lang='lat' dir='ltr'><strong>aliis</strong></span> <span class='ocrx_word' id='word_1_837' title='bbox 284 5039 458 5105; x_wconf 90' lang='lat' dir='ltr'><strong>ardentiores,</strong></span> <span class='ocrx_word' id='word_1_838' title='bbox 473 5048 500 5095; x_wconf 93' lang='lat' dir='ltr'><strong>et</strong></span> <span class='ocrx_word' id='word_1_839' title='bbox 515 5040 587 5111; x_wconf 79' lang='lat' dir='ltr'><strong>ignia</strong></span> <span class='ocrx_word' id='word_1_840' title='bbox 605 5042 692 5111; x_wconf 83' lang='lat' dir='ltr'><strong>magis</strong></span> <span class='ocrx_word' id='word_1_841' title='bbox 705 5043 787 5097; x_wconf 83' lang='lat' dir='ltr'><strong>viridi</strong></span> <span class='ocrx_word' id='word_1_842' title='bbox 808 5050 835 5097; x_wconf 85' lang='lat' dir='ltr'><strong>et</strong></span> <span class='ocrx_word' id='word_1_843' title='bbox 848 5043 995 5098; x_wconf 73' lang='lat' dir='ltr'><strong>vibrantist</strong></span> <span class='ocrx_word' id='word_1_844' title='bbox 1035 5043 1111 5106; x_wconf 91' lang='lat' dir='ltr'><strong>sime,</strong></span> <span class='ocrx_word' id='word_1_845' title='bbox 1122 5051 1150 5097; x_wconf 89' lang='lat' dir='ltr'><strong>et</strong></span> <span class='ocrx_word' id='word_1_846' title='bbox 1163 5059 1212 5113; x_wconf 91' lang='lat' dir='ltr'><strong>per</strong></span> <span class='ocrx_word' id='word_1_847' title='bbox 1225 5043 1314 5113; x_wconf 85' lang='lat' dir='ltr'><strong>spiras</strong></span> <span class='ocrx_word' id='word_1_848' title='bbox 1326 5042 1446 5097; x_wconf 90' lang='lat' dir='ltr'><strong>maxime</strong></span> <span class='ocrx_word' id='word_1_849' title='bbox 1460 5048 1573 5097; x_wconf 87' lang='lat' dir='ltr'><strong>raraset</strong></span> <span class='ocrx_word' id='word_1_850' title='bbox 1585 5040 1705 5098; x_wconf 87' lang='lat' dir='ltr'><strong>hiantes.</strong></span> <span class='ocrx_word' id='word_1_851' title='bbox 1742 5043 1829 5114; x_wconf 75' lang='lat' dir='ltr'><strong>arque</strong></span> 
     </span>
     <span class='ocr_line' id='line_1_61' title="bbox 206 5117 1829 5194; baseline 0.002 -24"><span class='ocrx_word' id='word_1_852' title='bbox 206 5117 246 5171; x_wconf 88' lang='lat' dir='ltr'><strong>ita</strong></span> <span class='ocrx_word' id='word_1_853' title='bbox 267 5127 357 5172; x_wconf 90' lang='lat' dir='ltr'><strong>tamen</strong></span> <span class='ocrx_word' id='word_1_854' title='bbox 376 5127 407 5173; x_wconf 92' lang='lat' dir='ltr'><strong>ut</strong></span> <span class='ocrx_word' id='word_1_855' title='bbox 426 5119 559 5174; x_wconf 88' lang='lat' dir='ltr'><strong>contraria</strong></span> <span class='ocrx_word' id='word_1_856' title='bbox 578 5126 674 5174; x_wconf 87' lang='lat' dir='ltr'><strong>natura</strong></span> <span class='ocrx_word' id='word_1_857' title='bbox 694 5120 809 5192; x_wconf 79' lang='lat' dir='ltr'><strong>trigoria,</strong></span> <span class='ocrx_word' id='word_1_858' title='bbox 830 5130 876 5176; x_wconf 91' lang='lat' dir='ltr'><strong>aut</strong></span> <span class='ocrx_word' id='word_1_859' title='bbox 896 5121 997 5194; x_wconf 90' lang='lat' dir='ltr'><strong>aliquis</strong></span> <span class='ocrx_word' id='word_1_860' title='bbox 1035 5120 1096 5176; x_wconf 89' lang='lat' dir='ltr'><strong>talis</strong></span> <span class='ocrx_word' id='word_1_861' title='bbox 1114 5122 1238 5193; x_wconf 76' lang='lat' dir='ltr'><strong>quoedatn</strong></span> <span class='ocrx_word' id='word_1_862' title='bbox 1258 5131 1354 5177; x_wconf 88' lang='lat' dir='ltr'><strong>natura</strong></span> <span class='ocrx_word' id='word_1_863' title='bbox 1373 5121 1504 5193; x_wconf 89' lang='lat' dir='ltr'><strong>portionis</strong></span> <span class='ocrx_word' id='word_1_864' title='bbox 1524 5121 1599 5176; x_wconf 83' lang='lat' dir='ltr'><strong>illius</strong></span> <span class='ocrx_word' id='word_1_865' title='bbox 1621 5120 1694 5185; x_wconf 82' lang='lat' dir='ltr'><strong>coeli,</strong></span> <span class='ocrx_word' id='word_1_866' title='bbox 1718 5139 1781 5193; x_wconf 72' lang='lat' dir='ltr'><strong>qne</strong></span> <span class='ocrx_word' id='word_1_867' title='bbox 1802 5120 1829 5174; x_wconf 83' lang='lat' dir='ltr'><strong>dt</strong></span> 
     </span>
     <span class='ocr_line' id='line_1_62' title="bbox 207 5197 1827 5272; baseline 0.003 -21"><span class='ocrx_word' id='word_1_868' title='bbox 207 5197 266 5264; x_wconf 75' lang='lat' dir='ltr'><strong>eius</strong></span> <span class='ocrx_word' id='word_1_869' title='bbox 286 5197 393 5267; x_wconf 77' lang='lat' dir='ltr'><strong>gradus,</strong></span> <span class='ocrx_word' id='word_1_870' title='bbox 413 5215 551 5270; x_wconf 89' lang='lat' dir='ltr'><strong>nunquam</strong></span> <span class='ocrx_word' id='word_1_871' title='bbox 571 5216 605 5252; x_wconf 89' lang='lat' dir='ltr'><strong>eo</strong></span> <span class='ocrx_word' id='word_1_872' title='bbox 624 5207 762 5268; x_wconf 71' lang='lat' dir='ltr'><strong>penetret,</strong></span> <span class='ocrx_word' id='word_1_873' title='bbox 783 5201 903 5271; x_wconf 89' lang='lat' dir='ltr'><strong>recipere</strong></span> <span class='ocrx_word' id='word_1_874' title='bbox 923 5201 996 5255; x_wconf 90' lang='lat' dir='ltr'><strong>enim</strong></span> <span class='ocrx_word' id='word_1_875' title='bbox 1036 5204 1159 5272; x_wconf 89' lang='lat' dir='ltr'><strong>(propter</strong></span> <span class='ocrx_word' id='word_1_876' title='bbox 1174 5200 1330 5255; x_wconf 90' lang='lat' dir='ltr'><strong>distantiam</strong></span> <span class='ocrx_word' id='word_1_877' title='bbox 1347 5216 1364 5253; x_wconf 93' lang='lat' dir='ltr'><strong>a</strong></span> <span class='ocrx_word' id='word_1_878' title='bbox 1380 5200 1526 5269; x_wconf 82' lang='lat' dir='ltr'><strong>contrario)</strong></span> <span class='ocrx_word' id='word_1_879' title='bbox 1545 5199 1623 5254; x_wconf 89' lang='lat' dir='ltr'><strong>tirma</strong></span> <span class='ocrx_word' id='word_1_880' title='bbox 1643 5207 1670 5255; x_wconf 90' lang='lat' dir='ltr'><strong>et</strong></span> <span class='ocrx_word' id='word_1_881' title='bbox 1689 5208 1827 5271; x_wconf 79' lang='lat' dir='ltr'><strong>perpetua.</strong></span> 
     </span>
     <span class='ocr_line' id='line_1_63' title="bbox 206 5274 1827 5350; baseline 0.002 -23"><span class='ocrx_word' id='word_1_882' title='bbox 206 5274 387 5331; x_wconf 83' lang='lat' dir='ltr'><strong>diversitatem</strong></span> <span class='ocrx_word' id='word_1_883' title='bbox 410 5285 520 5343; x_wconf 75' lang='lat' dir='ltr'><strong>naturae,</strong></span> <span class='ocrx_word' id='word_1_884' title='bbox 544 5279 760 5332; x_wconf 88' lang='lat' dir='ltr'><strong>contrarietatem</strong></span> <span class='ocrx_word' id='word_1_885' title='bbox 786 5296 840 5333; x_wconf 90' lang='lat' dir='ltr'><strong>non</strong></span> <span class='ocrx_word' id='word_1_886' title='bbox 866 5280 995 5350; x_wconf 88' lang='lat' dir='ltr'><strong>recipere.</strong></span> <span class='ocrx_word' id='word_1_887' title='bbox 1035 5279 1099 5334; x_wconf 89' lang='lat' dir='ltr'><strong>huic</strong></span> <span class='ocrx_word' id='word_1_888' title='bbox 1113 5287 1195 5334; x_wconf 76' lang='lat' dir='ltr'><strong>secta</strong></span> <span class='ocrx_word' id='word_1_889' title='bbox 1215 5280 1300 5334; x_wconf 83' lang='lat' dir='ltr'><strong>rideri</strong></span> <span class='ocrx_word' id='word_1_890' title='bbox 1318 5278 1412 5350; x_wconf 87' lang='lat' dir='ltr'><strong>possit.</strong></span> <span class='ocrx_word' id='word_1_891' title='bbox 1454 5279 1554 5334; x_wconf 84' lang='lat' dir='ltr'><strong>Utrum</strong></span> <span class='ocrx_word' id='word_1_892' title='bbox 1571 5295 1637 5334; x_wconf 79' lang='lat' dir='ltr'><strong>vero</strong></span> <span class='ocrx_word' id='word_1_893' title='bbox 1649 5288 1757 5334; x_wconf 81' lang='lat' dir='ltr'><strong>veteres</strong></span> <span class='ocrx_word' id='word_1_894' title='bbox 1774 5286 1827 5332; x_wconf 89' lang='lat' dir='ltr'><strong>ter·</strong></span> 
     </span>
     <span class='ocr_line' id='line_1_64' title="bbox 206 5352 1826 5429; baseline 0.002 -23"><span class='ocrx_word' id='word_1_895' title='bbox 206 5352 306 5421; x_wconf 87' lang='lat' dir='ltr'><strong>Neque</strong></span> <span class='ocrx_word' id='word_1_896' title='bbox 324 5372 389 5409; x_wconf 86' lang='lat' dir='ltr'><strong>vero</strong></span> <span class='ocrx_word' id='word_1_897' title='bbox 407 5355 441 5410; x_wconf 91' lang='lat' dir='ltr'><strong>de</strong></span> <span class='ocrx_word' id='word_1_898' title='bbox 459 5356 549 5411; x_wconf 89' lang='lat' dir='ltr'><strong>calore</strong></span> <span class='ocrx_word' id='word_1_899' title='bbox 568 5364 613 5411; x_wconf 91' lang='lat' dir='ltr'><strong>aut</strong></span> <span class='ocrx_word' id='word_1_900' title='bbox 631 5357 695 5427; x_wconf 75' lang='lat' dir='ltr'><strong>igue</strong></span> <span class='ocrx_word' id='word_1_901' title='bbox 714 5356 872 5421; x_wconf 84' lang='lat' dir='ltr'><strong>coelestium,</strong></span> <span class='ocrx_word' id='word_1_902' title='bbox 892 5359 937 5429; x_wconf 92' lang='lat' dir='ltr'><strong>qui</strong></span> <span class='ocrx_word' id='word_1_903' title='bbox 956 5367 997 5413; x_wconf 89' lang='lat' dir='ltr'><strong>est</strong></span> <span class='ocrx_word' id='word_1_904' title='bbox 1035 5359 1122 5413; x_wconf 88' lang='lat' dir='ltr'><strong>minos</strong></span> <span class='ocrx_word' id='word_1_905' title='bbox 1140 5360 1253 5413; x_wconf 82' lang='lat' dir='ltr'><strong>servarit</strong></span> <span class='ocrx_word' id='word_1_906' title='bbox 1271 5358 1402 5422; x_wconf 86' lang='lat' dir='ltr'><strong>Telesina,</strong></span> <span class='ocrx_word' id='word_1_907' title='bbox 1416 5365 1446 5412; x_wconf 89' lang='lat' dir='ltr'><strong>ut</strong></span> <span class='ocrx_word' id='word_1_908' title='bbox 1465 5357 1531 5411; x_wconf 89' lang='lat' dir='ltr'><strong>talia</strong></span> <span class='ocrx_word' id='word_1_909' title='bbox 1548 5375 1608 5412; x_wconf 85' lang='lat' dir='ltr'><strong>esse</strong></span> <span class='ocrx_word' id='word_1_910' title='bbox 1625 5366 1741 5428; x_wconf 89' lang='lat' dir='ltr'><strong>putaret,</strong></span> <span class='ocrx_word' id='word_1_911' title='bbox 1755 5373 1826 5428; x_wconf 70' lang='lat' dir='ltr'><strong>qna·</strong></span> 
     </span>
     <span class='ocr_line' id='line_1_65' title="bbox 208 5429 1823 5508; baseline 0.003 -26"><span class='ocrx_word' id='word_1_912' title='bbox 208 5429 345 5500; x_wconf 78' lang='lat' dir='ltr'><strong>integeret</strong></span> <span class='ocrx_word' id='word_1_913' title='bbox 357 5434 470 5499; x_wconf 85' lang='lat' dir='ltr'><strong>nativus,</strong></span> <span class='ocrx_word' id='word_1_914' title='bbox 481 5452 517 5490; x_wconf 81' lang='lat' dir='ltr'><strong>ex</strong></span> <span class='ocrx_word' id='word_1_915' title='bbox 527 5435 590 5507; x_wconf 73' lang='lat' dir='ltr'><strong>igne</strong></span> <span class='ocrx_word' id='word_1_916' title='bbox 600 5435 735 5490; x_wconf 90' lang='lat' dir='ltr'><strong>communi</strong></span> <span class='ocrx_word' id='word_1_917' title='bbox 746 5436 876 5503; x_wconf 88' lang='lat' dir='ltr'><strong>judicium</strong></span> <span class='ocrx_word' id='word_1_918' title='bbox 888 5439 997 5492; x_wconf 88' lang='lat' dir='ltr'><strong>omnino</strong></span> <span class='ocrx_word' id='word_1_919' title='bbox 1035 5454 1140 5508; x_wconf 91' lang='lat' dir='ltr'><strong>cunque</strong></span> <span class='ocrx_word' id='word_1_920' title='bbox 1154 5455 1237 5508; x_wconf 87' lang='lat' dir='ltr'><strong>supra</strong></span> <span class='ocrx_word' id='word_1_921' title='bbox 1249 5437 1341 5492; x_wconf 91' lang='lat' dir='ltr'><strong>lunam</strong></span> <span class='ocrx_word' id='word_1_922' title='bbox 1353 5437 1528 5502; x_wconf 89' lang='lat' dir='ltr'><strong>collocantur,</strong></span> <span class='ocrx_word' id='word_1_923' title='bbox 1538 5454 1602 5493; x_wconf 86' lang='lat' dir='ltr'><strong>cum</strong></span> <span class='ocrx_word' id='word_1_924' title='bbox 1614 5435 1679 5493; x_wconf 90' lang='lat' dir='ltr'><strong>luna</strong></span> <span class='ocrx_word' id='word_1_925' title='bbox 1693 5435 1768 5507; x_wconf 72' lang='lat' dir='ltr'><strong>ipsa,</strong></span> <span class='ocrx_word' id='word_1_926' title='bbox 1788 5450 1823 5487; x_wconf 91' lang='lat' dir='ltr'><strong>an</strong></span> 
     </span>
    </p>
   </div>
   <div class='ocr_carea' id='block_1_4' title="bbox 0 0 1904 5875">
    <p class='ocr_par' dir='ltr' id='par_1_4' title="bbox 0 0 1904 5875">
     <span class='ocr_line' id='line_1_66' title="bbox 0 0 1904 5875; baseline 0 0"><span class='ocrx_word' id='word_1_927' title='bbox 0 0 1904 5875; x_wconf 95' lang='lat' dir='ltr'><strong> </strong></span> 
     </span>
    </p>
   </div>
  </div>
 </body>
</html>
