3800 5875
596 346 633 400 D.
655 343 742 401 ΤΗΟ.
762 343 903 402 BODLEI
923 340 1117 398 EPISTOLA.
1606 334 1666 398 647

59 503 158 558 tentiam
168 518 273 574 quoque
285 517 375 557 meam
385 502 487 573 scripto
499 502 680 558 mandandam
694 502 837 573 persuasit
874 500 963 572 atque
977 500 1023 554 hic
1034 508 1063 554 ut
1076 500 1106 553 in
1119 497 1205 552 solido
1218 496 1323 552 locetur
1337 496 1408 568 quod
1422 494 1538 549 instituti
1551 495 1591 550 tui
1602 512 1668 566 pars

59 585 117 638 Noa
134 582 246 646 dubitas,
266 582 332 652 quin
354 581 483 653 Cogitata
503 590 533 636 et
554 583 622 635 Visa
640 590 688 635 toa
707 581 835 652 legerims
874 589 916 633 est
942 579 1091 650 potissima,
1113 578 1237 631 videntur
1263 577 1333 629 mihi
1361 574 1490 644 exempla
1510 581 1558 628 tua
1581 574 1666 630 luisse

60 670 135 716 testor
147 661 174 716 id
187 660 287 715 iactum
298 677 315 714 a
325 677 369 714 me
383 677 490 715 summa
499 678 562 715 cum
571 659 716 731 voluptate,
731 677 794 714 cum
809 659 838 713 id
873 658 991 729 petenda
1003 676 1040 714 ex
1051 658 1087 711 iis
1100 674 1161 727 quse
1175 655 1302 709 liberales
1320 655 1429 709 tradunt
1448 654 1575 717 scientia,
1590 670 1667 724 sepo·

60 741 178 812 precipui
191 740 290 795 amoris
310 749 499 810 argumentum
513 740 681 810 interpreter,
698 739 770 810 quod
790 737 837 793 ha·
874 739 935 793 sitis
949 754 1010 808 qure
1023 745 1086 791 sont
1099 737 1133 790 de
1147 751 1210 789 raro
1222 733 1452 804 confingentibus,
1466 740 1501 797 et,
1517 741 1545 786 ut
1556 734 1586 786 in
1599 750 1664 787 con·

61 821 117 874 hess
130 838 170 874 ιιιε
183 819 212 873 in
225 827 331 873 tuorum
344 835 463 883 numero,
478 819 577 891 quihus
593 820 742 873 censendos
756 818 837 872 offers
874 816 947 871 fesso
960 824 1009 881 est,
1023 816 1104 870 tacite
1117 814 1230 869 refutari
1243 821 1373 884 possunt,
1395 811 1443 866 sed
1460 813 1667 867 convertendam

61 898 205 969 ingeniitui
218 897 337 952 nondum
350 898 491 968 evulgatos
504 897 618 954 labores.
659 897 836 959 Quonomine
874 895 957 950 fuisse
971 895 1086 949 censorii
1100 893 1162 963 styli
1177 893 1264 947 aciem
1284 893 1312 946 in
1326 909 1359 946 ea
1375 910 1436 963 quae
1449 890 1588 961 generalia
1600 908 1669 962 pras·

62 977 156 1041 terme,
169 993 267 1048 quasso,
281 976 341 1031 brec
354 978 499 1032 dicentem.
540 977 675 1043 Primo,si
689 977 786 1032 intimo
795 992 837 1031 er·
875 981 982 1029 struunt
1007 983 1033 1028 et
1054 982 1181 1044 tanquam
1205 988 1260 1026 non
1283 971 1462 1026 subvertenda
1484 971 1622 1024 axiomata
1640 978 1668 1025 et

62 1073 93 1126 ga
102 1064 127 1110 te
144 1057 258 1120 affectui,
272 1057 412 1127 ingenium
432 1066 516 1121 tuum,
528 1058 646 1111 actiones
659 1063 686 1110 et
700 1072 837 1110 sermones
875 1070 992 1108 εειιοιιεε
1006 1052 1182 1107 defenderunt
1194 1050 1364 1105 nobilissima
1377 1051 1464 1104 omnis
1478 1049 1529 1103 sevi
1546 1050 1667 1119 ingenia.

62 1136 85 1189 id
96 1136 205 1204 pretium
215 1135 354 1200 diceretur,
369 1137 439 1207 quod
453 1137 492 1190 tui
505 1136 534 1189 iu
547 1153 590 1191 me
601 1135 701 1191 amoris
715 1142 763 1200 est,
775 1136 837 1189 lice·
876 1133 956 1204 Apud
970 1133 1088 1188 eruditos
1103 1133 1175 1186 enim
1189 1130 1260 1185 nihil
1274 1131 1379 1194 certius,
1394 1145 1475 1200 quam
1488 1128 1556 1183 illud
1569 1131 1668 1184 artium

62 1224 97 1269 ret
114 1215 169 1270 hac
187 1214 289 1269 mutuis
307 1214 414 1285 illigata
432 1214 621 1286 complexibus
635 1215 742 1270 sociari.
784 1214 838 1269 Sed
876 1229 969 1283 genus,
983 1213 1027 1267 cni
1044 1211 1207 1266 scholastica
1220 1208 1284 1263 olim
1299 1210 1373 1264 natio
1385 1225 1485 1262 nomen
1497 1208 1572 1261 dedit
1585 1210 1668 1279 quad·

62 1295 138 1349 οιιιιιίε
150 1293 300 1349 excluditur
312 1295 421 1365 paritas,
436 1295 483 1350 ubi
493 1311 526 1348 ea
539 1295 619 1349 sortis
631 1301 732 1349 nostrie
746 1294 838 1364 dispa-
875 1293 995 1356 riaicles,
1009 1291 1155 1362 positiones
1169 1305 1233 1344 suas
1247 1305 1296 1357 per
1308 1287 1491 1343 irrefutabiles
1500 1288 1669 1341 demonstra·

61 1376 118 1427 ritas
129 1381 176 1437 est,
190 1383 217 1427 et
231 1380 287 1428 tam
300 1374 381 1445 longe
395 1374 536 1439 dissident,
552 1375 649 1445 quihus
662 1375 738 1429 savor
754 1374 838 1434 utrin-
876 1372 963 1426 ιὶοιιεε
977 1371 1133 1425 asseruisse.
1175 1370 1207 1424 ln
1228 1368 1290 1421 aliis
1311 1385 1426 1439 quoque,
1441 1368 1566 1421 triuiales
1580 1367 1667 1431 dictis,

63 1470 107 1522 qne
117 1461 204 1507 nostm
217 1454 332 1522 probare
345 1469 375 1507 se
388 1454 490 1508 nititur.
531 1453 579 1507 Me
600 1453 691 1525 itaque
706 1452 779 1525 quod
797 1460 838 1507 at-
875 1467 917 1506 eae
928 1451 1008 1506 nobis
1022 1456 1165 1519 supersunt
1178 1446 1281 1518 regulas
1291 1447 1365 1502 velut
1377 1463 1427 1517 per
1440 1463 1537 1500 manus
1551 1446 1667 1511 tradita,

62 1534 126 1596 tinet,
143 1549 177 1586 ex
190 1548 250 1587 sese
263 1531 314 1586 illa
333 1532 461 1588 maman
482 1533 617 1602 permitto,
632 1542 659 1586 et
671 1541 771 1587 aeterno
790 1533 838 1585 ob·
876 1548 938 1602 quae
958 1529 1116 1600 plerumque
1133 1529 1189 1582 tine
1205 1544 1263 1591 suo,
1277 1526 1306 1580 in
1324 1544 1404 1598 quem
1422 1527 1535 1579 seientia
1553 1542 1668 1596 quaeque

63 1612 190 1665 servemini
211 1628 286 1665 nexu
311 1610 426 1666 habebis
451 1629 496 1666 me
523 1613 572 1666 tihi
598 1611 836 1666 devinctissimum.
876 1609 1009 1673 collineat,
1022 1625 1078 1663 non
1098 1609 1242 1662 excedunt.
1282 1606 1346 1659 Jam
1359 1622 1422 1660 vero
1442 1605 1465 1658 si
1485 1620 1535 1659 ucs
1555 1604 1669 1658 consilio

63 1689 99 1742 hd
110 1691 195 1760 operis
209 1691 249 1744 tui
262 1699 452 1760 argumentum
462 1698 491 1745 ut
504 1691 639 1757 accedam,
653 1700 696 1746 εει
708 1691 737 1744 id
747 1690 838 1762 ampla
877 1696 924 1744 tuo
937 1687 1052 1743 ductiles
1067 1687 1243 1757 praebeamus,
1258 1685 1286 1738 id
1303 1693 1352 1749 est,
1370 1700 1526 1738 communes
1544 1684 1670 1738 notiones

63 1770 167 1823 maxime
189 1770 339 1840 insignium
359 1769 573 1840 speculationum
595 1771 742 1843 congeries,
761 1779 792 1825 ut
809 1771 837 1824 in
877 1767 981 1822 homini
1000 1768 1096 1822 insitas
1115 1782 1253 1828 exuamus,
1274 1764 1423 1834 deletisque
1443 1763 1566 1817 omuibus
1587 1762 1669 1818 actio-

63 1848 254 1903 admirationem
267 1866 311 1902 me
325 1850 413 1919 rapiat
426 1847 497 1923 (qua
510 1857 641 1921 perpetuo
661 1867 705 1905 me
719 1850 839 1904 defixum
876 1847 957 1901 nibus
965 1846 1071 1910 nostris,
1079 1846 1205 1917 operibus
1213 1853 1240 1899 ει
1248 1843 1382 1907 maximis,
1393 1858 1582 1914 repuerascere
1591 1858 1669 1897 cone-

64 1926 170 2001 tenebis)
190 1927 263 1998 quod
283 1928 407 1983 civilibus
426 1930 543 1998 negotiis
568 1929 791 2000 occupatissimos
812 1937 840 1983 et
879 1943 948 1992 mur,
961 1943 1015 1998 quo
1035 1926 1117 1980 liceat
1135 1926 1235 1979 intrare
1252 1940 1366 1995 reguum
1381 1931 1492 1987 naturae,
1506 1930 1536 1977 ut
1549 1938 1585 1976 ex
1598 1923 1667 1977 sacri

64 2022 153 2061 crume
166 2009 244 2061 acciti
259 2007 316 2070 otii,
330 2008 426 2080 quibua
436 2008 541 2063 nullum
553 2024 662 2079 prorsus
675 2026 737 2063 cum
750 2008 839 2062 decla·
877 2007 980 2060 codicis
999 2006 1156 2076 praescripto
1177 2003 1332 2059 enitendum
1350 2003 1430 2057 nobis
1444 2009 1485 2055 est
1503 2000 1538 2055 ad
1557 2018 1669 2073 reguum

64 2086 133 2140 matis
144 2087 171 2140 in
184 2085 279 2140 schola
299 2087 471 2158 dogmatibus
491 2089 683 2142 commercium
702 2095 751 2151 εει,
765 2089 839 2158 quic·
878 2088 1006 2150 coeluum,
1020 2102 1064 2139 me
1079 2085 1188 2156 quidem
1206 2084 1305 2151 judice,
1320 2081 1390 2136 nihil
1409 2081 1510 2135 certius
1522 2088 1570 2145 est,
1586 2098 1669 2152 quam

65 2165 120 2234 quid
129 2174 214 2220 tamen
222 2165 336 2237 optima
343 2167 429 2239 frugis
437 2167 587 2223 recondunt
594 2167 767 2221 scientiarum
775 2184 841 2236 prae·
879 2165 918 2219 sic
931 2165 1064 2236 praecipiti
1077 2163 1162 2235 gradu
1175 2163 1293 2217 eundum
1303 2177 1363 2216 εεεε
1376 2162 1406 2215 in
1419 2160 1579 2224 barbariem,
1594 2160 1668 2214 unde

65 2244 147 2313 cipue,
164 2245 191 2298 id
203 2262 286 2300 omne
299 2247 501 2302 accuratissimo
516 2246 617 2301 selectu
630 2246 798 2300 transtuleris
812 2246 840 2301 in
878 2253 940 2314 post
960 2243 1066 2315 aliquot
1085 2242 1236 2298 amulorum
1263 2241 1351 2296 millia
1371 2238 1460 2295 nihilo
1486 2240 1671 2294 instructiores

64 2321 117 2377 libri
129 2324 165 2379 tui
174 2325 324 2380 materiam.
364 2325 523 2397 Quanquam
534 2327 608 2380 enim
618 2325 717 2380 alicubi
731 2341 840 2395 prorsus
879 2332 1050 2395 emergamus
1069 2322 1223 2377 theoreticis
1243 2321 1412 2390 adjumentis,
1433 2336 1514 2391 quam
1532 2336 1605 2373 nuuc
1623 2336 1670 2373 su·

65 2401 170 2458 declines
189 2405 288 2458 atrita
301 2412 329 2458 et
342 2405 502 2478 pervulgata
514 2406 543 2458 in
557 2404 658 2460 scholis
671 2404 784 2459 docendi
798 2421 841 2458 ra·
878 2420 946 2458 mus.
987 2403 1062 2457 Nam
1082 2401 1120 2456 ita
1143 2403 1251 2456 demum
1269 2417 1332 2454 vere
1356 2399 1501 2454 secundam
1522 2398 1672 2453 ordiremur

65 2482 135 2546 tione,
146 2501 204 2555 quae
212 2483 287 2555 apud
300 2482 401 2539 nullius
413 2500 468 2538 uon
479 2485 567 2556 gentis
576 2492 604 2539 ει
612 2484 696 2539 seculi
705 2484 842 2555 sapientes
879 2482 1032 2552 pueritiam,
1056 2480 1122 2534 iacti
1146 2480 1238 2534 tabula
1261 2496 1330 2543 rasa,
1352 2479 1407 2542 ubi,
1428 2478 1526 2532 deletis
1549 2479 1670 2547 priorum

65 2559 201 2617 habitsiuit
210 2564 355 2618 unicaveri
369 2580 475 2627 normar
491 2571 615 2618 tamenet
624 2563 722 2627 inillis,
732 2570 760 2617 et
770 2563 843 2634 quic·
879 2561 1074 2631 principiorum
1098 2560 1229 2631 vestigiis,
1260 2558 1424 2613 resuscitare
1450 2558 1578 2626 jubemur
1604 2558 1670 2611 nori

65 2640 120 2711 quid
132 2648 185 2695 toto
194 2643 300 2697 moliris
309 2659 398 2713 opere,
409 2644 539 2698 artificem
550 2652 577 2697 te
590 2643 669 2697 uobis
680 2642 778 2713 probas
786 2659 843 2696 ver·
880 2640 972 2694 mundi
996 2638 1149 2709 primordia,
1172 2645 1201 2694 et
1223 2639 1259 2692 ab
1284 2638 1478 2708 experimentis
1505 2653 1617 2707 operum
1643 2645 1673 2692 et

65 2720 127 2773 sarili
139 2721 304 2777 dexteritate.
339 2722 382 2776 De
396 2739 440 2777 me
453 2722 483 2775 id
498 2721 843 2785 iateorexerte‚siinatitu·
880 2735 1009 2774 sensuum
1030 2718 1113 2787 (hanc
1127 2719 1200 2773 euim
1213 2717 1242 2771 in
1263 2717 1470 2788 particularibus
1490 2716 1592 2770 insistis
1612 2733 1672 2786 pro·

65 2806 114 2852 tum
125 2809 256 2870 spectetur
275 2818 331 2872 qua
343 2802 372 2871 in
385 2802 543 2857 eruditionis
555 2801 700 2857 latifundia
713 2800 840 2866 excurrit,
880 2798 963 2853 bandi
976 2797 1061 2866 riam)
1075 2797 1203 2868 colligere
1217 2798 1289 2868 quod
1308 2796 1338 2849 in
1357 2794 1498 2850 intellectu
1518 2794 1674 2852 efformem

67 2881 251 2950 excerpendam
261 2898 306 2935 me
317 2881 485 2935 literatorum
495 2881 581 2953 gregi.
623 2880 693 2935 Cum
705 2880 844 2935 tamenita
880 2879 909 2933 in
922 2878 1059 2933 notionem
1070 2875 1232 2949 generalem,
1245 2893 1281 2930 ex
1290 2875 1431 2930 decantato
1440 2873 1488 2929 illo
1496 2873 1568 2946 apud
1578 2890 1674 2928 omnes

66 2970 174 3028 prompte
192 2961 297 3014 vocatis
318 2961 353 3015 ad
373 2961 412 3016 tui
435 2970 564 3017 tractatus
586 2977 727 3016 censuram
748 2960 844 3015 amicis
881 2957 970 3025 effato,
983 2964 999 2990 “
1014 2957 1193 3013 lnintellectu
1206 2956 1276 3010 nihil
1289 2953 1673 3026 esse,quodaonpriusiuerit

66 3038 146 3092 audire
159 3038 274 3095 libenter
292 3039 362 3095 velle
375 3040 501 3105 videaris,
515 3042 538 3095 si
553 3041 617 3112 quid
638 3040 706 3096 mihi
721 3047 768 3094 aut
781 3038 844 3094 aliis
881 3038 910 3092 in
935 3038 1044 3093 seusu.”
1085 3037 1184 3108 Neque
1208 3035 1441 3091 verisimilitudine
1469 3041 1566 3096 careat,
1589 3050 1670 3104 posse

66 3119 197 3173 οεειιειειίι
223 3119 374 3174 decretorio
400 3120 608 3175 confodiendum
636 3119 717 3190 stylo,
745 3136 779 3173 eo
799 3134 844 3173 me
881 3116 961 3171 nobis
981 3117 1096 3181 evenire,
1117 3124 1149 3171 ut
1169 3116 1193 3170 si
1214 3115 1284 3170 ratio
1302 3114 1408 3170 ineatur
1428 3112 1593 3176 eruditionis,
1610 3130 1673 3167 cum

66 3196 187 3253 redactum
201 3199 299 3263 εειιιίο,
313 3206 342 3253 ιιι
352 3199 486 3268 judicium
500 3217 591 3255 meum
606 3199 776 3255 dissimulare
789 3214 845 3254 non
881 3197 1000 3250 fimenda
1014 3196 1068 3250 erit
1080 3194 1215 3250 Platonici
1228 3194 1293 3250 anni
1305 3193 1445 3257 revolutio,
1459 3193 1540 3264 longe
1554 3209 1588 3246 ea
1601 3192 1674 3246 inira

65 3272 142 3340 liceat,
164 3286 311 3349 aperteque
332 3286 469 3333 contestor
488 3296 525 3335 ex
546 3295 639 3334 eorum
657 3296 702 3334 me
722 3294 844 3343 numero,
882 3276 963 3341 istud,
977 3292 1032 3348 quo
1050 3292 1121 3329 nunc
1142 3282 1274 3339 censetur,
1291 3273 1409 3344 pretium
1422 3272 1573 3326 decrevisse
1587 3271 1674 3326 videri

66 3356 106 3425 qui
117 3354 238 3412 solidiora
252 3374 314 3412 esse
333 3364 453 3413 statuunt
465 3359 565 3414 artium
579 3365 733 3413 nostrarum
752 3358 846 3412 funda·
882 3356 978 3426 possit.
1019 3356 1096 3417 Quod
1109 3355 1257 3409 doctrinam
1270 3352 1349 3408 nobis
1361 3353 1476 3423 spondes
1493 3350 1671 3405 excellentio-

65 3442 152 3500 menta,
166 3454 247 3508 quam
261 3445 320 3491 tota
331 3437 529 3493 diurnationis
546 3447 599 3493 tuac
613 3438 699 3493 series
717 3437 843 3492 admittit.
883 3451 948 3500 rem,
963 3452 1044 3507 quam
1065 3434 1146 3489 hodie
1167 3435 1238 3488 inter
1258 3449 1308 3487 nos
1324 3434 1406 3504 viget,
1425 3432 1461 3485 ab
1480 3431 1675 3501 experimentis

65 3510 149 3569 Primo
158 3517 230 3571 enim
242 3534 308 3571 cum
320 3516 418 3585 objicis
430 3518 553 3573 sinistros
573 3525 685 3572 eventus
699 3526 728 3572 et
741 3533 845 3572 errores
882 3515 1034 3585 petendam,
1060 3515 1084 3568 si
1111 3513 1225 3568 latentes
1251 3520 1355 3567 naturae
1374 3511 1450 3565 sinus
1472 3518 1624 3579 pertentare
1645 3519 1674 3564 ει

65 3593 179 3660 partica
188 3596 339 3661 medicinae,
350 3612 405 3650 non
415 3597 526 3668 ignoras
536 3598 603 3653 mali
613 3598 641 3652 id
650 3597 799 3651 redundare
809 3612 846 3650 ex
883 3594 989 3665 aperire
1007 3593 1110 3657 liberet,
1125 3592 1248 3648 stabilita
1268 3592 1296 3646 in
1317 3590 1525 3661 particularibus
1545 3589 1605 3654 tide,
1618 3606 1675 3644 noa

65 3672 255 3743 neglectaartis
276 3676 381 3748 regola.
421 3677 495 3732 Nam
509 3694 544 3732 ne
558 3676 722 3732 centesimus
736 3676 846 3747 quidem
883 3673 972 3744 magis
986 3676 1020 3726 ad
1034 3690 1091 3727 rem
1105 3671 1353 3744 facitquamsieo
1366 3667 1677 3740 inciteaqudnaturalis

66 3753 167 3810 medica
178 3755 313 3811 cautionis
325 3756 513 3811 observantem
528 3773 557 3811 se
570 3756 689 3827 praehet3
705 3763 732 3809 et
745 3771 778 3809 ea
797 3753 846 3808 ali·
883 3753 1021 3808 hominem
1035 3752 1178 3806 instinctus
1190 3751 1263 3821 rapit
1275 3750 1334 3805 sine
1351 3750 1467 3804 admotis
1481 3749 1601 3802 exterius
1615 3747 1676 3802 hor·

67 3833 162 3900 qundo
174 3835 239 3906 regri
254 3835 374 3905 corporis
388 3836 539 3892 constitutio
550 3843 597 3900 est,
608 3844 639 3890 ιιι
648 3842 743 3890 exacte
754 3833 845 3888 doceri
884 3832 1040 3888 tationibua
1080 3832 1179 3907 Neque
1201 3832 1275 3885 enirn
1290 3829 1363 3884 aliud
1382 3829 1483 3899 patitur
1502 3830 1578 3893 ratio,
1594 3842 1675 3898 quam

66 3911 188 3967 medicum
200 3930 255 3969 noa
269 3915 396 3984 patiatur.
437 3915 543 3983 Paucos
562 3916 635 3970 enim
653 3913 781 3984 reperias,
799 3913 846 3984 qui
884 3919 913 3965 ut
930 3912 1039 3966 infinita
1052 3911 1107 3965 sint
1120 3910 1241 3965 membra
1254 3909 1284 3963 iu
1298 3909 1422 3963 omuibus
1442 3907 1534 3962 mundi
1555 3906 1676 3977 partibus

67 3990 138 4045 rebus
151 3992 188 4045 sic
201 4009 262 4047 sese
276 3991 439 4048 habentibus
453 4002 526 4049 recte
536 4011 565 4049 se
574 3995 720 4064 explicent.
759 3994 812 4047 Est
820 4000 847 4046 et
885 3994 986 4062 (neque
1007 3991 1081 4045 enim
1101 3988 1146 4044 hic
1164 3988 1340 4060 cogitationes
1359 3997 1458 4042 nostrae
1474 3988 1546 4040 intra
1557 3987 1678 4057 Europa

67 4068 106 4122 ubi
118 4071 215 4125 malum
229 4088 267 4126 ex
280 4088 310 4126 se
324 4073 377 4126 arti
390 4073 485 4127 cedere
505 4074 598 4138 nescit,
614 4073 685 4144 qnod
704 4073 735 4127 io
755 4070 847 4127 multis
884 4071 1012 4125 terminos
1033 4068 1192 4123 cohibenda
1211 4067 1287 4135 ειιιιι)
1308 4085 1369 4139 quae
1382 4068 1454 4121 viam
1474 4066 1601 4120 insistunt
1620 4082 1676 4137 quo

67 4149 156 4205 morbis
175 4151 301 4205 accidens
314 4167 373 4206 esse
391 4152 478 4217 nosti3
499 4153 660 4224 quaudoque
675 4159 702 4206 et
714 4152 743 4205 in
756 4152 847 4206 abdito
884 4150 999 4221 digitum
1015 4148 1141 4212 intendis,
1155 4155 1211 4202 tam
1231 4148 1288 4202 acri
1308 4154 1336 4201 ει
1354 4146 1459 4200 solicita
1478 4145 1623 4214 diligentia
1645 4152 1677 4200 ut

68 4242 239 4300 enumquam
253 4229 338 4285 nullm
351 4230 734 4301 deprehendantcoujecturre.
765 4230 846 4291 Quic-
884 4229 973 4299 magn's
999 4227 1103 4284 intendi
1125 4234 1243 4298 nequeat
1266 4225 1407 4280 industria.
1449 4224 1581 4280 Omnibus
1601 4224 1677 4279 enim

68 4307 125 4374 quid
136 4308 187 4374 sit3
207 4327 262 4382 ego
281 4309 350 4365 mibi
367 4310 525 4381 persuadeo,
538 4311 607 4366 illud
620 4311 745 4381 practices
759 4310 846 4364 medi·
884 4309 967 4362 insita
981 4317 1023 4363 est
1036 4306 1291 4376 amendicupiditas,
1305 4322 1360 4360 non
1373 4305 1413 4359 ita
1427 4303 1594 4367 exsatianda,
1610 4304 1677 4374 quia

69 4384 127 4440 eine
147 4390 237 4459 (prout
257 4388 340 4444 hodie
364 4392 521 4457 exercetur)
542 4390 669 4460 probrum
690 4389 799 4444 retundi
819 4389 848 4442 in
885 4388 1042 4442 exardescat
1055 4386 1249 4450 vehementius,
1269 4392 1300 4439 ut
1321 4384 1442 4453 hydrops
1462 4384 1515 4437 sibi
1533 4382 1680 4454 indulgens

68 4467 847 4539 profitentiumincuriamautinscitiam,autaliamingenii
885 4467 990 4521 crescit
1031 4466 1084 4520 Sed
1099 4465 1233 4537 quomodo
1243 4481 1323 4518 aures
1339 4464 1501 4534 prebituros
1514 4462 1676 4533 persuadere

69 4545 115 4597 mei
126 4545 278 4617 caliginem,
287 4548 358 4619 quod
370 4549 461 4603 minus
476 4548 571 4603 felices
584 4547 686 4603 habeat
699 4563 847 4603 successus.
885 4547 1002 4616 paranti,
1016 4545 1174 4600 evertendas
1187 4560 1298 4614 prorsus
1313 4543 1410 4615 quibus
1424 4542 1509 4596 solide
1522 4543 1678 4597 constitutis

70 4618 143 4678 Pauci
156 4627 228 4681 euim
241 4628 362 4682 medicos
376 4629 513 4699 agentium
531 4627 568 4681 ita
588 4627 618 4681 in
632 4635 689 4682 arte
708 4643 758 4683 sua
772 4643 849 4682 exer·
886 4625 1021 4679 inhaerent
1035 4624 1181 4679 sententias
1199 4631 1227 4678 ει
1244 4623 1389 4677 universim
1411 4622 1526 4676 admista
1547 4620 1677 4686 theorica,

69 4702 134 4757 citati
146 4716 213 4770 sunt,
225 4714 255 4761 ut
266 4705 377 4778 quidem
387 4725 448 4779 quae
461 4723 497 4761 ex
508 4715 566 4761 arte
580 4706 761 4777 prascribunt
774 4706 850 4777 flagi·
886 4713 942 4759 tam
970 4705 1034 4769 suis,
1056 4720 1138 4775 quam
1165 4703 1305 4771 majorum,
1329 4701 1525 4772 experimentis
1550 4716 1678 4770 superex-

69 4785 127 4835 tant
164 4784 253 4857 Atque
277 4786 336 4841 haec
352 4784 417 4841 licet
440 4786 474 4841 ad
495 4802 556 4840 eam
577 4786 775 4855 perlectionem
794 4801 849 4840 noa
886 4790 994 4848 structa,
1015 4800 1070 4837 non
1090 4782 1169 4837 rideo
1185 4781 1284 4836 adferri
1305 4796 1360 4853 quo
1380 4781 1492 4835 inducar
1507 4787 1542 4835 ,ut
1560 4780 1676 4835 credam.

69 4871 188 4933 assurgat,
217 4865 384 4920 admirandis
411 4872 501 4920 tamen
525 4865 650 4920 sanitatis
677 4864 849 4919 adminiculis
886 4862 972 4917 Porro
981 4878 1100 4917 asserere
1114 4861 1183 4915 mihi
1197 4860 1327 4915 licetnon
1346 4862 1441 4924 inrita,
1455 4868 1485 4914 ut
1501 4859 1603 4929 opinor,
1617 4874 1678 4929 pro·

70 4936 182 5006 amomi,
195 4952 226 4998 ut
239 4959 289 5016 per
302 4953 342 4999 tot
355 4943 505 4999 seculorum
519 4943 849 5014 decursumexploratissi·
887 4942 1036 5007 habilitate,
1057 4942 1081 4995 si
1104 4940 1200 4995 tacitas
1223 4940 1293 4994 intra
1312 4939 1491 5011 cogitationes
1509 4938 1544 4991 ad
1562 4954 1678 4992 mamea

70 5031 115 5071 me
126 5020 186 5075 fidei
200 5023 349 5078 docuerunt
365 5024 561 5095 experimenta,
576 5041 636 5095 quac
654 5025 759 5094 regiam
777 5023 851 5076 velut
887 5029 1034 5085 revocetur,
1062 5027 1192 5092 quantum
1219 5019 1367 5075 exuberent
1389 5026 1493 5074 natura
1516 5017 1678 5071 documenta

70 5095 133 5152 tiam
145 5102 265 5169 madunt
276 5102 311 5158 ad
326 5102 620 5158 commendatissimam
633 5120 682 5175 per
701 5110 728 5156 te
742 5118 850 5173 quoque
887 5116 938 5155 usu
951 5107 1090 5170 comperta
1104 5116 1153 5170 per
1166 5106 1260 5163 totum,
1271 5115 1325 5169 qua
1335 5098 1505 5169 expanditur,
1515 5097 1679 5162 uuiversum,

69 5176 206 5236 mirrham.
241 5181 387 5253 Alchymia
401 5191 429 5237 et
443 5182 536 5253 magia
545 5182 728 5238 axiomatibus
742 5181 852 5253 quibus-
889 5180 1006 5251 quinque
1027 5185 1074 5233 aut
1093 5194 1144 5233 sex
1162 5178 1222 5242 ista,
1237 5196 1299 5249 quae
1311 5178 1434 5232 venditas
1455 5174 1556 5230 selecta
1575 5183 1603 5228 et
1619 5191 1636 5227 a
1650 5183 1679 5229 te

69 5253 260 5315 diaconumt
274 5278 341 5317 sane
357 5262 455 5334 dignis,
469 5278 531 5333 quae
544 5277 684 5317 mensum
696 5262 850 5331 impetrent
889 5258 1009 5328 probata,
1024 5265 1051 5311 et
1064 5258 1201 5312 hodiernae
1214 5257 1363 5312 annositati
1377 5256 1469 5309 deberi
1479 5256 1528 5317 sis,
1539 5254 1637 5308 misere
1648 5271 1679 5308 se

70 5329 119 5387 Sed
132 5345 187 5390 tota
201 5339 333 5395 artificum
347 5341 480 5396 industria
499 5340 538 5394 ita
558 5341 735 5395 subtilitatem
756 5347 785 5395 et
803 5340 852 5394 im·
889 5345 1029 5392 tuerentur
1041 5337 1111 5391 inter
1123 5336 1226 5407 aliquot
1236 5343 1349 5390 centena
1359 5342 1572 5398 naturaearcaaa,
1582 5333 1682 5405 quihus

69 5421 182 5478 pasturas
190 5418 291 5484 miscet,
303 5428 394 5475 utnon
404 5429 510 5475 tantum
525 5419 599 5474 iraus
611 5428 638 5474 ει
651 5419 774 5474 fraudum
782 5419 852 5474 iahri
889 5417 917 5471 in
930 5416 1019 5470 lucem
1032 5415 1150 5487 quotidie
1163 5414 1351 5486 protrahendis
1365 5420 1414 5466 aut
1432 5413 1542 5467 solertia
1554 5412 1680 5467 ministra

69 5502 242 5567 cmtemptum
258 5497 403 5566 incurrant,
423 5501 472 5556 sed
489 5504 518 5553 et
533 5497 658 5554 ludibriis
673 5499 852 5571 excipiantur.
889 5505 938 5562 eat,
953 5504 1002 5553 aut
1014 5496 1088 5552 iavet
1100 5510 1186 5561 casus,
1197 5503 1226 5550 et
1234 5492 1384 5564 comparari
1397 5499 1510 5563 possum
1522 5501 1569 5548 aut
1581 5493 1681 5564 partim
