3800 5875
62 311 128 365 Car.
150 309 232 364 XIII.
300 398 306 402 .
577 310 628 365 DE
649 310 875 368 AUGMENTIS
896 310 1170 368 SCIENTIARUM.
1622 312 1681 369 329

62 468 129 522 cuim
142 467 256 522 atl'ectus
266 466 455 521 vehementior
465 467 605 539 progignit
615 475 706 523 motus
716 469 745 523 iu
755 469 849 535 oculis,
884 470 1036 541 cumsepit;
1049 486 1138 540 neque
1152 469 1210 524 iere
1220 468 1366 540 quicquam
1376 470 1613 539 purnmiuveuias,
1625 490 1680 545 quo

61 555 86 601 et
97 565 142 601 ors
153 548 222 617 ipso,
234 554 263 600 et
275 555 362 618 gestu,
377 546 518 601 indecoros
529 554 558 601 et
571 547 730 612 inconditos,
744 549 850 603 subsul-
884 547 933 601 illa
942 548 1091 603 claviculas
1100 564 1163 603 suas
1173 566 1228 603 non
1238 548 1383 618 imprimat.
1404 550 1504 621 Neque
1516 550 1614 605 mirum
1625 559 1676 616 est,

61 627 136 680 turios
148 634 177 681 ct
189 626 327 684 deformes
338 647 345 690 ς
367 626 437 681 adeo
449 632 481 679 ut
494 626 541 697 qui
561 626 615 680 sibi
628 627 681 696 ipsi
694 625 807 682 fortasse
821 628 850 681 in
884 628 909 681 si
920 628 1101 697 superstitiosi
1114 627 1183 681 ritus
1196 627 1307 681 Baccho
1317 628 1504 693 attribuantur,
1515 646 1577 683 cum
1591 631 1679 686 omnis

61 706 146 777 sliquo
159 707 259 759 affectu
274 703 377 781 (veluti
397 704 447 769 ira,
462 705 627 776 arrogantia,
643 707 748 773 amore)
761 706 851 760 ridea-
883 705 940 759 fere
955 706 1109 761 malesanus
1123 707 1236 760 affectus
1256 707 1286 759 in
1303 706 1394 776 pravis
1407 707 1587 779 religionibus
1600 709 1679 764 luxu·

61 795 100 838 tur
110 785 273 855 magnificus
283 793 313 839 et
323 783 451 846 tumidus,
466 783 530 838 aliis
543 792 636 838 tamen
649 793 781 854 appareat
793 792 850 839 tur·
883 785 985 838 rietur:
1006 785 1074 839 adeo
1088 793 1118 839 ut
1137 785 1328 839 hereticorum
1349 785 1480 841 colluvies
1493 787 1679 843 Bacchanalia

61 864 138 934 pisct
150 863 292 918 ridiculus.
323 863 535 932 conspiciuntur
548 870 638 916 autem
651 863 682 917 iu
695 864 850 933 cupiditatis
884 863 1054 919 ethnicorum
1067 864 1217 933 superarit,
1239 880 1354 934 quorum
1368 865 1450 918 etium
1460 867 1676 936 superstitiones,

60 943 181 997 comitatu
201 942 310 997 Murra:
330 958 420 1013 neque
443 942 518 996 enim
541 942 677 1012 reperitur
699 942 772 996 ullus
793 943 850 997 iere
883 958 938 995 non
950 943 1040 997 minus
1054 950 1179 1008 cruentae,
1191 959 1274 1014 quam
1288 950 1388 1014 turpes,
1403 945 1557 999 extiterunt
1578 947 1677 1016 Neque

61 1022 171 1086 ametur,
186 1029 244 1076 tam
257 1037 357 1091 pravus
370 1029 401 1075 ct
413 1020 486 1084 vilis,
499 1020 544 1074 cui
561 1037 617 1074 non
630 1021 785 1076 blandiatur
798 1022 850 1076 ali-
883 1020 980 1075 itidem
993 1023 1093 1076 mirum
1106 1029 1156 1086 est,
1170 1022 1194 1076 si
1213 1022 1320 1076 furores
1339 1039 1357 1076 a
1369 1022 1480 1078 Baccho
1499 1024 1611 1079 immitti
1628 1042 1678 1094 pu·

60 1117 106 1171 qua
122 1101 256 1156 doctrina
300 1101 361 1154 Hac
379 1099 498 1154 enimin
517 1115 554 1164 re,
568 1100 741 1171 ingeniorum
759 1101 850 1154 indul·
884 1106 982 1165 tentor,
996 1117 1058 1155 curu
1070 1109 1099 1155 et
1112 1102 1204 1156 omnis
1217 1101 1331 1155 affectus
1350 1101 1381 1155 in
1394 1117 1507 1157 excessu
1521 1120 1577 1168 suo,
1591 1102 1676 1158 veluti

59 1180 143 1250 gentis
152 1189 181 1234 et
190 1181 351 1251 procacitas,
359 1179 504 1233 Musarum
515 1176 685 1253 majestatem
694 1179 724 1233 in
735 1180 849 1234 immen·
883 1179 958 1233 furor
970 1180 1060 1234 brevis
1072 1178 1114 1245 sit,
1128 1187 1163 1244 et,
1173 1180 1197 1235 si
1207 1180 1396 1235 vehementius
1403 1181 1526 1235 obsideat
1535 1189 1563 1237 et
1570 1183 1674 1237 incum-

59 1276 111 1313 sum
134 1260 255 1324 minuit;
276 1267 308 1313 ut
327 1275 391 1312 cum
415 1257 498 1311 duces
517 1257 580 1311 ritre
599 1266 627 1313 et
647 1259 771 1328 signiferi
788 1275 849 1314 csse
882 1258 937 1323 bat,
953 1258 982 1312 in
997 1259 1105 1314 insania
1125 1259 1224 1329 srepius
1242 1259 1409 1314 terminetur.
1452 1259 1523 1314 Illud
1536 1268 1628 1316 autem
1641 1262 1675 1315 de

59 1338 177 1402 ἀείρων,
198 1338 255 1392 siut
274 1354 330 1392 non
349 1351 413 1392 raro
431 1335 611 1407 cupiditatum
633 1338 804 1411 pedissequa
821 1346 850 1393 et
883 1337 1008 1391 Pentheo
1020 1345 1049 1392 et
1062 1337 1173 1407 Orpheo
1185 1338 1256 1393 inter
1269 1338 1346 1410 orgia
1356 1338 1460 1392 Bacchi
1474 1338 1608 1406 laceratis,
1620 1342 1675 1395 eri-

59 1416 252 1471 obleotatricca
883 1416 993 1471 dentem
1013 1416 1171 1487 parabolam
1194 1417 1299 1482 habet3
1330 1434 1391 1472 cum
1419 1418 1532 1474 affectus
1558 1420 1674 1490 quisque

91 1496 232 1566 Imprimis
245 1512 311 1551 reso
322 1494 423 1549 nobilis
437 1502 479 1550 est
490 1494 542 1549 illa
554 1494 693 1567 allegoria,
707 1495 849 1552 Bacchum
882 1496 1045 1566 praevalidus
1055 1512 1122 1566 erga
1135 1496 1203 1550 duas
1216 1513 1262 1551 res
1276 1497 1312 1550 sit
1322 1497 1487 1566 asperrimus
1497 1506 1577 1568 atque
1589 1499 1676 1553 inien-

57 1589 158 1629 amorcs
177 1591 243 1629 onos
263 1575 293 1628 in
314 1591 376 1628 eam
396 1575 532 1640 effudisse,
554 1590 616 1644 qnae
631 1575 667 1629 ab
687 1575 743 1630 alio
754 1576 850 1631 relicta
883 1575 1019 1630 sissimus:
1034 1591 1149 1646 quarum
1158 1574 1440 1645 alteraestinquisitio
1449 1576 1477 1629 in
1486 1594 1548 1632 eum
1559 1577 1674 1642 curiosa,

57 1662 108 1708 erat
120 1661 149 1707 et
162 1653 296 1707 fastidita.
336 1653 526 1708 (lentissimum
544 1654 617 1708 euim
632 1662 680 1719 est,
694 1655 807 1710 affectus
820 1656 849 1710 id
882 1653 975 1719 altera,
989 1653 1137 1708 admonitio
1150 1654 1277 1709 salutaris
1290 1662 1318 1708 et
1331 1653 1425 1709 libera.
1458 1656 1557 1728 Neque
1571 1657 1676 1712 auxilio

57 1741 140 1802 petere
154 1740 240 1803 atque
254 1732 368 1797 ambire,
382 1733 455 1802 quod
475 1732 644 1802 experientia
662 1736 721 1801 jam
742 1734 849 1804 pridem
881 1732 972 1798 inerit,
987 1733 1011 1787 si
1023 1732 1073 1787 illa
1084 1733 1227 1803 inquisitio
1244 1734 1292 1787 fiat
1312 1741 1418 1788 tantum
1438 1736 1673 1806 contemplationis

57 1813 211 1881 repudiarit.
254 1812 345 1883 Atque
355 1811 447 1867 norint
459 1828 562 1875 omnes,
575 1813 621 1884 qui
635 1813 778 1867 affectibus
792 1813 849 1867 suis
882 1821 928 1866 aut
942 1812 1081 1883 spectandi
1092 1813 1186 1882 gratia,
1199 1819 1327 1883 tanquam
1338 1814 1433 1867 arbore
1445 1830 1600 1879 conscensa,
1615 1816 1675 1869 abs·

57 1893 199 1947 senentes
220 1899 251 1947 et
269 1891 450 1962 indulgentes,
465 1891 583 1961 pretinm
604 1891 727 1961 potiundi
748 1894 778 1945 in
798 1893 849 1946 im·
882 1907 934 1961 que
947 1892 1023 1946 omni
1044 1892 1129 1946 animi
1148 1892 1336 1962 malignitate;
1358 1909 1449 1964 neque
1468 1894 1608 1959 rursus,si
1629 1894 1675 1947 ad-

57 1986 174 2026 measum
185 1979 290 2043 augent
302 1972 372 2040 (sive
382 1970 501 2025 bonores
511 1978 651 2040 appetant,
662 1971 721 2025 sive
732 1988 847 2037 amores,
882 1971 997 2025 monitio
1010 1971 1067 2036 illa,
1081 1970 1167 2025 multa
1179 1988 1241 2025 cum
1261 1971 1394 2026 suavitate
1413 1979 1442 2026 et
1456 1973 1616 2027 dexteritate
1630 1973 1676 2026 ad·

58 2049 109 2102 sire
130 2051 261 2121 gloriam,
275 2051 334 2105 sire
355 2050 505 2113 scientiam,
520 2049 577 2103 sive
596 2049 652 2103 alla
665 2052 846 2120 quacunque)
881 2048 1022 2115 bibentum
1043 2067 1137 2105 rerum
1157 2057 1294 2120 utcunque
1314 2067 1370 2105 non
1389 2049 1506 2106 tolerant
1527 2053 1612 2123 orgia,
1626 2059 1676 2106 aut

58 2144 83 2180 se
95 2145 137 2184 res
150 2129 264 2184 relictas
282 2137 384 2200 petere,
398 2136 426 2183 et
446 2145 463 2182 a
482 2127 674 2198 compluribus,
689 2146 739 2199 per
756 2131 848 2184 omnia
882 2128 1043 2194 Pentheum,
1064 2136 1110 2183 aut
1131 2129 1280 2200 Orpheum.
1321 2129 1471 2194 Postremo,
1485 2130 1534 2184 illa
1552 2131 1676 2185 confusio

58 2206 219 2273 lcrcsecula,
231 2216 296 2280 post
309 2208 536 2280 experimentum,
547 2206 674 2262 dimissas
684 2216 711 2261 et
723 2209 848 2279 repudia·
882 2225 1058 2277 personarum
1080 2208 1158 2263 Iovis
1181 2218 1209 2262 ct
1229 2208 1340 2274 Bacchi,
1361 2208 1397 2262 ad
1416 2209 1573 2280 parabolam
1600 2217 1674 2265 recte

57 2295 103 2341 trs.
140 2289 244 2359 Neque
267 2288 400 2357 mysterio
418 2293 501 2352 caret,
524 2286 597 2357 quod
618 2287 720 2341 hedera
737 2287 848 2342 Baccho
881 2288 985 2342 traduci
999 2294 1103 2358 potest,
1125 2287 1344 2359 quandoquidem
1364 2305 1409 2343 res
1429 2294 1513 2360 gestae
1526 2287 1632 2343 nobiles
1646 2296 1675 2342 et

58 2382 126 2420 mers
138 2367 237 2432 fuerit3
258 2367 312 2421 hoc
327 2367 401 2421 enim
414 2366 516 2436 duplici
529 2366 609 2420 modo
622 2367 755 2421 convenit.
789 2367 849 2422 Pri·
882 2366 970 2431 clarae,
985 2374 1066 2437 atque
1080 2367 1178 2421 merita
1190 2367 1312 2438 insignia
1326 2374 1353 2422 et
1367 2367 1496 2438 gloriosa,
1510 2368 1644 2423 interdum
1657 2384 1675 2421 a

57 2461 131 2512 mum,
154 2447 229 2517 quod
249 2446 354 2501 hedera
375 2445 467 2500 hieme
488 2445 605 2500 virescat
611 2466 619 2510 ;
645 2445 751 2511 deiude,
775 2446 848 2518 quod
881 2447 980 2501 virtute
991 2454 1018 2500 et
1032 2453 1106 2501 recta
1119 2446 1234 2512 ratione,
1249 2454 1276 2502 et
1289 2447 1520 2516 magnanimitate,
1535 2447 1671 2502 interdum

58 2525 173 2580 circatot
185 2543 231 2581 res
254 2527 387 2598 (arbores,
408 2524 534 2596 parietes,
552 2523 682 2594 aedificia)
701 2535 801 2596 serpat,
815 2543 847 2580 ac
881 2532 972 2580 autem
984 2543 1002 2579 a
1014 2525 1116 2579 latente
1131 2525 1238 2589 affectu,
1249 2524 1393 2579 etocculta
1406 2526 1554 2595 cupiditate
1571 2530 1676 2595 (utcun-

57 2603 290 2669 eircnmiundatur,
312 2612 340 2659 et
363 2622 392 2660 sc
412 2602 527 2659 attollat.
568 2603 646 2664 Quod
669 2604 704 2658 ad
728 2606 847 2674 primum
882 2621 934 2675 que
949 2605 1029 2659 famae
1043 2611 1071 2659 et
1091 2603 1179 2659 laudis
1201 2604 1358 2660 celebritate
1378 2611 1491 2676 utraque
1513 2622 1556 2660 res
1574 2606 1675 2675 pariter

57 2684 122 2738 cuim
134 2685 242 2750 attinet,
257 2685 348 2739 omnis
361 2683 497 2753 cupiditas
509 2699 560 2753 per
573 2683 749 2738 renitentium
763 2691 790 2738 et
804 2702 848 2739 re·
881 2683 1012 2754 gaudeat)
1031 2684 1204 2754 proveniant3
1225 2690 1255 2737 ut
1274 2700 1331 2738 nou
1351 2682 1432 2738 facile
1451 2684 1488 2739 sit
1509 2684 1675 2756 distinguere

58 2762 134 2828 utura
148 2772 179 2818 ct
193 2772 329 2835 tanquam
349 2763 554 2834 antiperistasiu
569 2762 667 2831 (veluti
681 2779 731 2832 per
744 2764 847 2836 frigora
882 2764 954 2817 lacta
966 2762 1084 2833 Dionysi
1098 2779 1116 2816 a
1129 2762 1306 2817 iactisdoris.

58 2840 150 2896 huma
163 2838 285 2916 hedera)
297 2843 415 2908 virescit,
428 2858 460 2896 ac
473 2842 596 2913 vigorem
606 2843 739 2913 acquirit:
754 2860 847 2898 sccun-
921 2843 1025 2897 Verum
1034 2843 1065 2897 in
1075 2841 1180 2896 theatro
1189 2842 1271 2896 nimis
1280 2841 1326 2896 diu
1334 2850 1484 2908 mor-amun
1506 2847 1675 2897 transeamus

58 2919 95 2983 do,
107 2923 220 2979 affectus
234 2922 337 2995 aliquis
352 2923 383 2978 in
397 2921 519 2977 humana
531 2922 624 2977 anima
637 2922 846 2993 praedominans,
881 2921 917 2976 ad
929 2922 1061 2992 palatium
1075 2922 1178 2986 animi,
1200 2922 1278 2990 cujus
1298 2920 1396 2977 limina
1408 2921 1506 2992 majori
1519 2940 1582 2978 cum
1593 2938 1677 2977 reue·

57 3015 142 3057 omme
153 3003 214 3072 ejus
228 3004 352 3058 actiones
365 3010 393 3058 et
401 3002 517 3068 decreta,
528 3008 658 3074 tanquam
671 3002 784 3072 hedera,
796 3004 847 3058 oir-
881 3003 987 3058 ratione
1001 3009 1029 3057 et
1043 3018 1109 3058 curs
1121 3001 1229 3073 ingredi
1239 3001 1372 3058 convenit.

675 3471 1046 3545 FRANCISCI

304 3706 474 3763 BABONIS
493 3707 545 3763 DE
566 3707 804 3775 VERULAMIO,
824 3707 1085 3765 VICRCOMITIS
1109 3707 1247 3766 SANC'I'I
1269 3706 1421 3774 ALBANI,

847 3868 880 3902 D!

185 3986 532 4074 DIGNITATE
571 3989 647 4071 ET
681 3988 1052 4073 AUGMENTIS
1088 3988 1537 4073 SCIENTIARUM.

748 4235 839 4277 muna
851 4234 983 4279 TERTIUS„

1054 4440 1147 4454 ono-fi

691 4604 743 4659 AD
765 4604 899 4660 REGEM
920 4604 1038 4660 SUUM.

879 4762 1009 4817 doctrinm
1024 4768 1154 4833 tanquam
1175 4765 1327 4820 somnium:
1347 4779 1392 4820 res
1408 4762 1495 4821 dulcis
1509 4765 1633 4831 etruria,
1647 4773 1675 4820 et

290 4840 418 4898 CAPUT
439 4843 607 4898 PRIMUM.
878 4841 972 4897 rolens
983 4841 1069 4896 rideri
1077 4842 1180 4913 aliquid
1189 4844 1219 4898 in
1230 4861 1259 4899 sc
1268 4845 1372 4900 habere
1380 4844 1465 4898 divini
1476 4867 1484 4909 ;
1506 4847 1577 4917 quod
1591 4845 1673 4899 etiam

879 4921 984 4976 somnia
997 4921 1150 4977 vendicant.
1191 4924 1293 4978 Verum
1305 4924 1364 4991 jam
1377 4931 1484 4993 tempus
1497 4935 1539 4980 est
1551 4923 1628 4987 mihi,
1644 4928 1675 4976 ut

59 4992 176 5051 Partitis
199 5000 326 5055 scientiae
351 5002 381 5054 in
408 5000 567 5073 theologiam
592 5009 618 5053 ct
638 4999 844 5071 philosophiam.
879 4990 1017 5070 evigilcm,
1032 5007 1061 5054 et
1073 5017 1117 5054 mc
1131 5000 1215 5056 humo
1229 5002 1359 5068 attollam,
1373 5001 1556 5074 philosophice
1577 5010 1605 5056 et
1623 5001 1674 5054 sei-

94 5074 399 5152 Portitiopdr‘losophioe
408 5082 438 5133 in
447 5081 664 5139 doctrinastrscs
685 5080 718 5133 dc
729 5081 844 5143 numine,
879 5080 1014 5134 entiarum
1027 5078 1162 5149 liquidum
1175 5079 1280 5136 athera
1294 5098 1398 5136 secans.

91 5156 124 5207 dc
143 5168 247 5225 saturo,
269 5160 303 5212 dc
324 5159 438 5214 homine.
481 5159 648 5215 Constitutio
663 5158 846 5230 philosophice
920 5157 1043 5212 Scientia
1061 5174 1193 5229 aquarum
1213 5161 1312 5215 similis
1329 5168 1387 5214 estc
1408 5175 1540 5229 aquarum
1554 5158 1616 5214 alite
1630 5159 1675 5212 de-

87 5236 191 5304 prr'nae,
204 5246 235 5291 ut
248 5238 347 5292 matris
361 5241 505 5295 cormunis
520 5241 642 5293 omnium
880 5236 1013 5291 scendunt
1035 5237 1150 5303 coelitus,
1174 5238 1236 5294 alim
1262 5245 1391 5294 emanant
1413 5256 1429 5292 c
1452 5246 1532 5292 terra.
1582 5237 1674 5291 Etiam

881 5316 1058 5371 scientiarum
1070 5317 1203 5385 primaria
1217 5318 1330 5389 partitio
1344 5317 1474 5372 sumenda
1488 5324 1530 5370 est
1543 5334 1579 5372 cx
1592 5316 1673 5370 sonti·

58 5388 189 5448 Iitsrosrs
203 5395 295 5449 omnis
309 5396 373 5464 (rex
386 5394 501 5465 optime)
515 5396 592 5451 humi
606 5396 714 5460 incedit,
731 5402 758 5449 ct
770 5393 848 5449 ducis
881 5396 932 5449 bus
945 5395 1020 5449 suis:
1043 5395 1150 5450 Horum
1164 5398 1212 5451 alii
1225 5398 1254 5452 in
1266 5397 1323 5451 alto
1335 5397 1380 5452 siti
1395 5403 1463 5459 snut,
1479 5395 1526 5449 alii
1538 5395 1583 5450 bic
1593 5396 1673 5450 inira.

57 5470 144 5535 totius
153 5473 630 5548 officioqusmlucisperiungitur:
651 5475 744 5546 potuis
757 5481 848 5528 autern
883 5472 980 5529 Omnis
1007 5474 1082 5529 euim
1108 5476 1223 5532 scicntia
1249 5476 1385 5548 duplicem
1412 5474 1522 5530 sortitur
1548 5474 1675 5531 informa·
