3800 5875
226 277 283 340 372
737 273 788 328 DE
810 270 1035 328 tunnensis
1057 269 1333 327 solstitialium.
1714 270 1778 327 Lra.
1797 273 1844 329 vl.

226 444 317 492 tumen
332 434 492 507 quibusdam
506 432 691 488 ardelionibus
705 430 895 500 acceptissima
908 430 1017 502 procul·
1055 429 1220 494 violentiam,
1235 429 1307 501 quod
1320 428 1356 482 ad
1365 428 1493 485 ethicam.
1534 429 1765 492 Quemadmodum
1776 430 1846 485 enim

227 517 308 571 dubio
321 515 409 569 tuerit.
452 515 520 567 Haec
540 512 684 566 methodus
705 512 745 564 ita
764 510 885 564 scientias
903 508 1018 578 alicujus
1055 509 1220 580 inuegotiis,
1235 526 1296 580 qum
1310 526 1372 562 crun
1385 508 1448 562 aliis
1460 509 1652 574 conflabimus,
1664 508 1736 562 vinci
1749 510 1847 580 quiset

226 595 345 666 guttulas
366 594 494 665 aspergit,
517 600 547 646 ut
568 592 630 663 quis
652 588 751 645 sciolus
775 589 866 659 specie
888 587 1019 643 nonnulla
1055 588 1166 657 perduci
1179 587 1256 652 solet,
1270 587 1315 641 rel
1332 595 1401 652 astu,
1416 587 1460 642 rel
1479 588 1692 658 importunitate,
1704 588 1748 642 vel
1767 588 1847 644 rehe-

227 674 387 728 emditionis
409 673 444 727 sd
471 671 680 725 ostentationem
707 669 793 739 possit
817 668 901 722 abuti.
942 668 1019 722 Talis
1055 667 1173 732 meatim
1194 667 1328 721 itaetiam
1343 667 1373 721 in
1386 666 1434 720 illa
1448 668 1631 738 negotiatione
1644 667 1758 729 interna,
1767 683 1848 738 quam

227 752 442 815 intueamini,
464 750 525 805 talis
536 746 878 820 typocosmiaanonnullis
888 754 1016 812 exarata;
1055 747 1197 801 nobiscum
1219 763 1386 809 exercemus,
1411 753 1458 800 aut
1483 752 1705 817 argumentomm
1732 746 1848 801 fallaciis

226 849 289 903 quae
310 831 381 886 nihil
401 830 474 886 aliud
496 829 613 893 luerunt,
636 845 717 900 quam
741 826 932 881 vocabulorum
951 827 1018 881 artis
1056 825 1216 890 subruimur,
1230 833 1278 880 aut
1291 826 1499 895 impressionum
1519 834 1547 880 et
1566 826 1787 881 observationum
1808 844 1847 881 as

226 913 357 983 cujusque
376 927 466 965 massa
482 916 510 963 et
529 924 659 971 acerrusr
681 907 715 960 ad
736 906 797 970 hoc,
817 913 848 960 ut
869 906 916 979 qui
937 922 1019 959 voces
1056 904 1184 959 siduitate
1203 903 1378 970 solicitamur,
1392 911 1421 959 et
1432 904 1622 976 inquietamur,
1640 914 1690 959 aut
1703 904 1847 960 affectuum

226 991 294 1046 artis
307 990 426 1046 habeant
438 989 467 1043 in
479 996 614 1058 promptu,
629 987 711 1041 etiam
725 997 796 1040 anes
808 985 884 1056 ipsas
897 985 1017 1055 perdidi-
1056 983 1160 1053 impetu
1183 984 1352 1038 concutimur
1370 990 1400 1038 et
1417 984 1545 1053 rapimur.
1586 984 1686 1057 Neque
1706 999 1772 1038 vero
1793 992 1847 1039 tarn

226 1070 296 1126 cisse
310 1069 505 1126 existimentur.
547 1068 638 1136 Hujus
656 1065 765 1137 generis
778 1064 944 1119 rodectauea
962 1065 1018 1118 oili·
1055 1062 1204 1117 infeliciter
1216 1063 1308 1133 agitur
1321 1080 1384 1117 cum
1396 1069 1493 1117 natura
1509 1064 1640 1127 humana,
1653 1071 1688 1118 ut
1705 1062 1762 1118 illa
1776 1072 1846 1118 artes

226 1152 316 1204 cinam
337 1148 457 1204 referunt
480 1145 742 1207 veterameutariam,
766 1144 814 1198 ubi
837 1144 1018 1214 praesegmina
1056 1148 1084 1195 et
1098 1142 1240 1196 facultates
1253 1141 1288 1196 sd
1301 1142 1433 1196 rationem
1446 1141 1640 1197 deturbandam
1654 1141 1846 1206 velamanen

227 1228 311 1283 multa
324 1228 501 1299 reperiuntur,
515 1225 564 1280 sed
577 1223 647 1279 nihil
662 1223 735 1296 quod
747 1222 863 1292 alicujus
877 1222 914 1278 sit
926 1223 1016 1294 pretii.
1056 1220 1159 1291 tiquam
1174 1220 1279 1275 veroad
1288 1221 1401 1275 eandem
1410 1221 1591 1275 roborandam
1601 1230 1629 1276 et
1638 1221 1845 1277 stabiliendam:

1056 1316 1151 1355 verum
1164 1299 1198 1353 ad
1211 1300 1283 1354 hanc
1297 1317 1355 1355 rem
1368 1300 1449 1370 longe
1462 1301 1560 1372 magis.
1602 1301 1681 1355 Finis
1701 1300 1778 1355 enim
1790 1301 1845 1355 dia·

1055 1377 1159 1435 lectica
1174 1387 1224 1444 est,
1238 1379 1335 1434 docere
1349 1380 1463 1434 sormam
1477 1388 1707 1451 argumentorum,
1722 1380 1759 1434 ad
1779 1397 1845 1452 pra·

454 1462 579 1518 CAPUT
598 1460 785 1516 TERTIUM.
1055 1458 1126 1512 sidia
1139 1458 1298 1524 intellectus,
1309 1475 1363 1512 uon
1374 1460 1408 1512 ad
1420 1459 1541 1514 iusidias
1582 1459 1662 1514 Finis
1672 1459 1771 1514 itidem
1781 1460 1845 1514 etbi·

1055 1554 1103 1602 cre,
1117 1538 1231 1593 aii'ectns
1245 1538 1285 1592 ita
1304 1554 1475 1609 componere,
1489 1547 1519 1593 ut
1532 1539 1631 1593 rationi
1651 1538 1781 1603 militent,
1793 1556 1844 1593 non

227 1623 272 1677 De
289 1623 485 1698 fundamentis
505 1631 530 1675 et
551 1619 637 1691 officio
650 1617 800 1673 rhetorice.
842 1619 1017 1691 Appendices
1055 1624 1147 1672 autem
1174 1634 1235 1672 eam
1261 1617 1398 1672 invadant.
1438 1618 1517 1673 Finis
1548 1618 1667 1690 denique
1696 1618 1843 1684 rhetorica,

266 1703 557 1772 transcursaque
570 1699 607 1753 ad
614 1700 828 1771 promptuariom
841 1698 1018 1752 tantummodo
1055 1695 1229 1767 phantasiam
1246 1696 1361 1768 implere
1381 1696 1614 1753 observationibus
1633 1704 1663 1752 et
1685 1698 1844 1761 simulsena,

263 1785 424 1856 pertinent:
454 1782 552 1834 coleres
577 1779 638 1832 boni
657 1786 683 1830 et
706 1778 778 1842 moli,
802 1787 854 1832 tara
875 1780 1016 1850 simplicis,
1056 1793 1116 1847 qua
1130 1776 1228 1831 rationi
1241 1776 1382 1847 suppetias
1396 1775 1492 1840 ierant,
1505 1793 1560 1831 non
1573 1784 1666 1832 autem
1683 1794 1748 1832 eam
1761 1778 1845 1849 oppri-

267 1882 343 1935 quam
372 1863 518 1932 comparati
528 1880 539 1914 .·
580 1857 713 1910 antitiste
739 1874 850 1911 nram:
883 1859 1017 1932 samaim
1055 1863 1137 1909 mant.
1179 1853 1288 1910 Abusus
1302 1855 1375 1909 euim
1389 1856 1455 1910 artis
1468 1871 1504 1910 ex
1517 1854 1629 1927 obliquo
1642 1863 1753 1912 munim
1770 1856 1844 1912 inter·

266 1944 380 1995 mr'nores
397 1940 535 1995 orationis.
1055 1935 1173 2000 veniunt,
1187 1934 1223 1989 ad
1235 1935 1392 1998 carendum,
1406 1951 1462 1990 non
1475 1934 1509 1990 ad
1522 1935 1661 1991 utendum.

1095 2013 1265 2085 Quapropter
1277 2015 1307 2069 in
1320 2012 1434 2069 Platone
1447 2031 1553 2069 summa
1562 2015 1615 2069 luit
1627 2015 1762 2087 iniquitas
1774 2015 1845 2081 (licet

267 2099 404 2154 vaurtins
421 2098 481 2167 jam
500 2097 535 2152 ad
554 2097 704 2153 doctrinam
718 2096 751 2151 de
765 2092 945 2149 illustratione
964 2110 1018 2149 ser·
1055 2109 1091 2147 ex
1112 2109 1168 2148 non
1188 2093 1325 2149 immerito
1344 2109 1411 2164 erga
1430 2093 1554 2149 rhetores
1572 2095 1613 2150 sui
1634 2095 1769 2165 temporis
1789 2094 1844 2149 odio

226 2178 324 2233 monis.
365 2178 407 2231 Ea
420 2185 469 2243 est,
483 2194 544 2247 qua
557 2175 808 2237 rhetoricadieitur,
823 2173 1016 2228 sireoratoria
1055 2172 1126 2241 orta)
1139 2190 1201 2226 cum
1221 2172 1384 2226 rhetoricam
1401 2172 1473 2229 iuter
1492 2182 1565 2228 artes
1576 2173 1751 2244 voluptarias
1770 2172 1844 2229 collo

226 2256 346 2313 Scientia
360 2263 432 2311 certe
446 2262 474 2311 et
487 2256 517 2310 in
530 2274 560 2311 se
574 2257 693 2328 egregia,
708 2265 737 2309 et
750 2252 860 2323 egregie
874 2270 891 2306 a
905 2253 1017 2323 scripto
1055 2252 1143 2305 cavit:
1171 2269 1232 2306 eam
1253 2251 1372 2306 similem
1394 2269 1456 2307 esse
1477 2251 1570 2307 diceus
1590 2254 1769 2325 coquinaria,
1790 2270 1844 2325 qua

226 2337 300 2392 ribus
313 2335 428 2391 exemti.
468 2334 633 2407 Eloquentia
646 2342 744 2400 autem,
758 2332 782 2386 si
801 2331 862 2403 quis
875 2349 937 2386 rere
959 2348 1017 2386 rem
1054 2346 1109 2384 non
1122 2331 1212 2385 minus
1225 2330 1300 2385 cibos
1314 2331 1436 2386 salubres
1449 2340 1741 2404 cormmperetquam
1753 2332 1845 2387 insula

226 2417 351 2478 aestimet,
371 2414 505 2486 sapientia
523 2414 700 2486 proculdubio
718 2421 760 2468 est
777 2410 896 2466 interior.
937 2411 1017 2465 Vide·
1054 2409 1117 2464 bres
1129 2411 1261 2481 gratiores
1275 2410 1406 2475 redderet,
1420 2410 1654 2467 condimentorum
1674 2412 1807 2467 varietate
1819 2418 1845 2467 et

226 2512 287 2549 mus
302 2495 381 2559 enim,
396 2500 497 2566 quanto
510 2494 651 2549 intervallo
663 2494 723 2549 hnc
737 2492 813 2546 illam
822 2498 883 2561 post
896 2508 926 2546 se
937 2491 1017 2545 relin-
1055 2489 1159 2543 deliciis
1167 2489 1288 2545 abutens.
1322 2490 1510 2556 Absitautem,
1521 2497 1552 2546 ut
1561 2492 1649 2546 oratio
1658 2507 1717 2546 uon
1727 2491 1845 2563 frequen

227 2581 301 2646 quat,
319 2574 348 2627 in
365 2573 456 2629 verbis
474 2574 571 2644 quibus
589 2574 721 2629 allocutus
742 2579 784 2626 est
803 2570 911 2624 Mosam
931 2570 1016 2637 Deus,
1055 2569 1109 2624 tius
1127 2576 1249 2624 versetur
1268 2569 1298 2623 in
1316 2569 1397 2625 rebus
1417 2569 1539 2626 honestis
1560 2571 1697 2636 ornandis,
1717 2588 1799 2643 qnam
1818 2571 1844 2625 iu

226 2671 289 2708 cum
302 2653 351 2708 ille
364 2670 462 2707 munus
477 2652 529 2706 sibi
543 2653 671 2716 delatum,
686 2658 795 2723 propter
815 2650 948 2704 deiectum
962 2650 1017 2705 elo·
1055 2648 1178 2718 turpibus
1199 2647 1371 2704 oblineudise
1391 2647 1444 2704 hoc
1462 2650 1534 2704 enim
1549 2650 1649 2721 ubique
1668 2658 1773 2720 praesto
1791 2658 1843 2715 eat;

226 2733 341 2787 curionis
355 2739 521 2797 recusassem
543 2738 560 2764 ‘⁴
577 2732 672 2787 Habes
687 2733 830 2793 Aaronem,
845 2729 891 2783 ille
907 2729 959 2784 erit
968 2729 1017 2784 tibi
1054 2728 1188 2799 siquidem
1206 2744 1287 2783 nemo
1304 2736 1353 2793 est,
1368 2728 1434 2799 quin
1451 2729 1593 2785 honestius
1611 2729 1751 2802 loquatur,
1770 2747 1843 2803 quam

226 2813 285 2866 vice
300 2812 421 2877 oratoris,
437 2818 466 2866 tn
484 2829 549 2867 vero
568 2813 595 2867 ei
613 2813 671 2866 vice
693 2811 773 2865 Dei.''
816 2808 853 2862 At
874 2808 969 2874 fructu,
990 2816 1018 2864 et
1055 2817 1102 2862 aut
1122 2808 1227 2874 sentiat,
1242 2814 1288 2862 aut
1305 2808 1398 2863 iaciat.
1439 2808 1510 2864 Sane
1528 2826 1546 2863 a
1564 2810 1728 2881 Thucydide
1751 2810 1842 2882 optime

225 2892 352 2964 populari
369 2891 576 2957 existimatione,
595 2891 730 2963 sapientia
751 2888 914 2961 eloquentia
933 2887 1015 2943 cedit.
1054 2894 1175 2943 notatum
1199 2895 1248 2953 est,
1272 2886 1325 2945 tale
1349 2888 1490 2961 quidpiam
1511 2888 1622 2945 solitum
1648 2889 1739 2947 fuisse
1766 2889 1841 2959 objici
1880 2882 1881 2889 '

227 2972 270 3026 lta
283 2972 357 3026 enim
372 2971 507 3036 Salomon,
520 2977 536 3004 “
545 2972 660 3043 Sapiens
673 2971 754 3025 corde
766 2969 947 3039 appellabitur
956 2986 1018 3039 pru·
1055 2967 1171 3033 Cleonis
1193 2967 1271 3039 quod,
1286 2986 1348 3023 cum
1361 2986 1470 3039 semper
1487 2969 1651 3025 deteriorem
1668 2979 1778 3042 partem
1790 2977 1841 3024 tne-

226 3051 300 3117 dens,
320 3051 368 3106 sed
390 3051 476 3105 dirlcis
498 3050 605 3122 eloquio
624 3052 730 3121 majora
750 3048 892 3120 reperiet”
935 3048 1017 3103 Haud
1055 3056 1134 3112 retur,
1148 3048 1178 3102 in
1193 3047 1245 3102 hoc
1259 3048 1361 3103 multus
1374 3057 1454 3114 esset,
1468 3057 1499 3103 ut
1510 3048 1697 3120 eloquentiam
1711 3061 1842 3105 ersemo

226 3131 338 3185 obscure
353 3131 476 3194 innuens,
491 3131 652 3201 sapientiam
666 3130 767 3184 lamam
780 3128 914 3200 quandam
928 3135 957 3182 et
973 3128 1018 3181 ad·
1055 3126 1098 3181 nis
1112 3126 1229 3198 gratiam
1243 3135 1385 3199 carperet:
1406 3128 1491 3198 probe
1506 3130 1608 3200 quippe
1628 3148 1693 3184 curn
1708 3132 1798 3195 sciret,
1810 3128 1840 3183 de

227 3210 399 3265 mirationem
414 3209 531 3279 cuipiam
551 3209 713 3275 conciliare;
734 3216 762 3263 at
775 3209 804 3263 in
823 3208 904 3262 rebus
924 3223 1018 3279 geren·
1055 3207 1135 3261 rebus
1149 3206 1264 3262 sordidis
1277 3215 1305 3262 et
1316 3208 1435 3279 indignis
1449 3225 1503 3263 non
1517 3225 1596 3279 posse
1612 3211 1773 3282 quempiam
1786 3207 1840 3280 pui-

225 3288 275 3352 dis,
297 3296 325 3343 et
346 3289 404 3343 rita
424 3290 570 3355 communi,
593 3288 776 3361 eloquentiam
798 3288 934 3358 pracipue
957 3303 1017 3342 esse
1055 3285 1120 3340 chre
1141 3285 1231 3357 loqui3
1253 3294 1282 3340 at
1300 3287 1334 3342 de
1354 3288 1434 3342 rebus
1451 3288 1583 3353 honestis,
1602 3288 1746 3345 facillime.
1783 3287 1840 3342 Ele·

225 3368 372 3423 efficacem.
413 3367 456 3421 Ad
469 3369 535 3423 artis
548 3386 613 3423 vero
625 3368 708 3438 hujus
722 3367 854 3423 culturam
868 3365 940 3437 qnod
957 3366 1018 3421 atti·
1055 3371 1151 3436 gunter
1163 3367 1236 3420 enirn
1252 3365 1331 3420 Plato
1349 3367 1428 3436 (licet
1449 3368 1508 3436 jam
1526 3369 1556 3422 in
1577 3368 1660 3423 trivio
1677 3368 1839 3434 decantetur)

225 3453 290 3512 net;
311 3445 466 3501 Aristotelis
479 3463 546 3519 erga
558 3448 681 3503 rhetores
695 3448 737 3502 sui
757 3447 887 3516 temporis
906 3445 1017 3500 amula·
1056 3450 1072 3476 ⁴⁴
1086 3446 1170 3499 virtus
1192 3446 1216 3499 si
1237 3446 1358 3516 conspici
1380 3446 1496 3512 daretur,
1517 3447 1642 3518 ingentes
1672 3450 1718 3504 sui
1745 3462 1841 3502 amores

224 3526 271 3591 tio,
286 3533 367 3598 atque
383 3525 523 3581 Ciceronis
543 3527 661 3582 studium
682 3543 744 3582 acre
764 3524 959 3589 etvehemens,
976 3524 1017 3579 illi
1055 3525 1233 3580 concitaret.'’
1274 3525 1310 3579 At
1323 3525 1459 3580 rhetorica
1471 3526 1842 3598 virtutemetbonumdepia·

224 3604 477 3660 nobilitandaetotis
491 3606 594 3661 viribus
609 3607 775 3670 incumbens,
790 3622 851 3659 cum
871 3603 1018 3674 longousu
1056 3604 1096 3674 git
1109 3603 1198 3674 plane,
1213 3611 1241 3659 et
1253 3605 1342 3659 reddit
1362 3605 1440 3677 quasi
1460 3605 1646 3675 conspicuum.
1689 3606 1763 3663 Cum
1777 3607 1841 3661 enim

185 3701 187 3704 ·
225 3685 406 3754 conjunctum,
416 3685 446 3738 in
459 3702 542 3741 causa
554 3686 671 3752 iuemnt,
684 3687 754 3741 utin
768 3684 845 3739 libris
856 3683 954 3738 suisde
965 3683 1017 3738 huc
1055 3684 1084 3736 in
1098 3701 1228 3755 corporea
1247 3684 1346 3756 effigie,
1361 3683 1409 3739 illa
1426 3685 1517 3739 sensui
1538 3686 1685 3740 monstrari
1705 3692 1841 3758 nequeant,

226 3771 285 3819 arte
298 3764 458 3835 conscriptis
472 3766 577 3836 seipsos
589 3765 711 3821 vicerint
751 3764 823 3818 Dein
833 3763 961 3833 exempla
970 3762 1019 3817 illa
1055 3770 1178 3833 superest
1195 3772 1226 3818 ut
1243 3779 1293 3834 per
1311 3773 1436 3819 ornatum
1454 3764 1605 3830 verborum,
1624 3764 1791 3835 phantasia,
1808 3780 1843 3818 re·

225 3842 440 3898 luculentissima
453 3843 566 3914 hujusce
580 3845 654 3907 artis,
666 3863 727 3916 qua
741 3844 771 3898 in
785 3843 950 3897 orationibus
964 3842 1018 3897 De·
1055 3845 1261 3912 praesentatione
1277 3851 1406 3914 quantum
1424 3843 1483 3898 fieri
1497 3850 1585 3914 potest
1597 3843 1670 3909 viva.
1691 3863 1784 3900 coram
1796 3843 1842 3898 ais·

225 3922 377 3977 mosthenis
391 3929 420 3977 et
433 3922 574 3979 Ciceronis
587 3924 730 3990 habentur,
745 3930 939 3994 praeceptomm
952 3938 1016 3977 acu·
1057 3929 1155 3979 tantur.
1197 3923 1336 3995 Siquidem
1359 3940 1418 3978 mos
1441 3923 1592 3978 Stoicomm
1619 3924 1720 3978 merito
1747 3923 1844 3979 mrim

225 4001 294 4056 mini
309 4010 337 4057 et
354 4002 504 4073 diligentia
522 4004 623 4069 addita,
638 4003 775 4074 proiectus
792 4002 878 4073 ipsius
898 4002 1018 4072 gemina-
1056 4009 1097 4055 est
1110 4020 1127 4055 a
1139 4001 1287 4067 Cicerone;
1309 4003 1356 4072 qui
1369 4003 1486 4056 concisis
1505 4009 1533 4057 et
1546 4003 1651 4073 argutis
1666 4003 1807 4059 sententiis
1819 4009 1844 4054 et

225 4088 297 4136 runt.
339 4081 436 4146 Quare,
447 4099 507 4152 quse
520 4084 549 4137 in
562 4083 615 4137 hac
629 4093 688 4137 arte
698 4081 845 4137 desiderari
855 4081 1017 4147 invenimus,
1056 4081 1274 4136 conclusionibus
1287 4082 1413 4136 virtutem
1428 4082 1527 4136 animis
1545 4080 1690 4137 hominum
1710 4083 1843 4154 imponere

225 4161 404 4215 versabuntur
413 4162 503 4230 potius
516 4163 545 4217 in
560 4162 764 4217 collectionibus
778 4159 944 4232 quibusdam,
958 4179 1019 4232 quas
1056 4161 1233 4232 satagebaut;
1255 4178 1317 4232 qum
1330 4178 1374 4215 res
1387 4177 1501 4231 parvum
1517 4160 1601 4217 habet
1619 4179 1684 4216 cum
1704 4159 1844 4234 phantasia

226 4246 355 4311 tanquam
369 4240 538 4312 pedissequa
551 4242 616 4297 huic
630 4243 681 4296 arti
699 4247 799 4312 praesto
818 4241 880 4305 sint,
895 4257 976 4311 quam
990 4240 1018 4293 in
1056 4247 1084 4294 et
1096 4240 1232 4295 voluntate
1246 4256 1415 4294 consensum.

226 4318 371 4389 disciplina
397 4328 425 4374 et
451 4338 503 4376 usu
527 4322 593 4377 artis
613 4322 707 4392 ipsius.
749 4322 823 4374 Nam
846 4320 929 4373 etiam
953 4326 1017 4385 tum,
1095 4319 1188 4385 Porro,
1211 4320 1234 4373 si
1255 4320 1367 4374 affectus
1386 4318 1440 4390 ipsi
1460 4319 1489 4373 in
1510 4319 1632 4374 ordinem
1656 4320 1799 4391 compulsi,
1820 4325 1845 4372 et

227 4415 289 4453 cum
304 4399 493 4470 promptuaria
507 4401 648 4470 cujusdam
661 4400 731 4455 inter
748 4397 837 4470 logica
853 4399 1018 4454 mentionem
1056 4399 1153 4453 rationi
1167 4415 1277 4470 prorsus
1290 4399 1419 4471 morigeri
1439 4407 1543 4464 essent;
1565 4415 1660 4453 rerum
1679 4407 1731 4465 est,
1746 4398 1844 4454 nullum

227 4477 386 4542 faceremus,
399 4478 527 4534 uberiora
545 4481 605 4549 ejus
620 4480 660 4534 rei
680 4479 807 4549 exempla
826 4480 855 4533 in
875 4477 1018 4533 rhetoricis
1055 4494 1220 4550 magnopere
1234 4478 1353 4533 futurum
1367 4478 1570 4548 persuasionum
1583 4486 1611 4533 et
1625 4478 1843 4538 insinuationum,

227 4555 342 4629 polliciti
356 4574 456 4612 snmus.
1056 4576 1116 4630 quae
1130 4558 1231 4613 aditum
1246 4557 1413 4613 sumentem
1424 4557 1543 4627 praebere
1558 4558 1674 4628 possint,
1684 4575 1781 4622 usum3
1801 4555 1844 4611 sed

266 4636 450 4690 Veruntamen
463 4645 501 4702 ut,
515 4655 590 4693 more
609 4645 708 4702 nostro,
722 4638 795 4691 circa
813 4636 917 4690 radices
934 4635 1018 4705 hujus
1056 4638 1123 4693 satis
1136 4639 1201 4702 iore,
1216 4637 1239 4692 si
1253 4638 1378 4707 resipere
1391 4636 1463 4692 nude
1477 4644 1504 4691 et
1518 4637 1679 4707 simpliciter
1692 4653 1843 4710 proponm·

227 4715 294 4770 artis
315 4716 425 4787 glebam
447 4716 588 4788 paululum
611 4718 765 4788 aperiamus
793 4722 822 4770 et
844 4715 1017 4786 subigamus;
1055 4724 1156 4782 tunel
1179 4716 1336 4788 probentur.
1376 4718 1478 4771 Vemm
1502 4716 1614 4771 allectus
1633 4724 1738 4783 contra,
1761 4724 1844 4771 tantas

226 4795 364 4849 rhetorica
377 4803 449 4850 certe
463 4796 623 4867 phantasia,
638 4795 863 4869 quemadmodum
876 4794 1019 4849 dialectica
1055 4796 1222 4851 secessiones
1233 4796 1352 4861 iaciuut3
1374 4796 1523 4867 quinetiam
1530 4804 1619 4851 tantas
1629 4797 1724 4852 turbas
1738 4803 1767 4851 et
1779 4794 1843 4851 sedi·

227 4874 385 4940 intellectui,
413 4876 556 4930 subservit
596 4875 708 4947 Estque,
736 4875 822 4946 siquis
849 4874 931 4929 altius
960 4891 1017 4928 rem
1056 4877 1142 4930 tiones
1152 4883 1261 4931 movent
1275 4876 1436 4946 (secuudum
1450 4875 1525 4941 illud,

226 4960 359 5025 penetret,
385 4954 504 5008 officium
530 4960 558 5009 et
584 4971 681 5010 munus
701 4954 843 5009 rhetoricae
860 4968 913 5006 nou
936 4952 1017 5019 aliud,
1337 5010 1343 5020 ,
1447 5010 1453 5021 ,

225 5050 308 5104 quam
327 5041 358 5088 ut
372 5034 486 5089 rationis
507 5033 657 5088 dictamina
675 5034 828 5105 phantasia
848 5031 967 5102 applicet
992 5041 1018 5087 et
1255 5007 1638 5130 fifflgffssss'kfmm’

226 5113 403 5179 commendet,
418 5112 452 5166 ad
463 5111 635 5166 excitandum
645 5113 795 5184 appetitum
806 5119 833 5166 et
843 5111 1017 5167 voluntatem

227 5189 363 5263 Regimen
377 5193 450 5247 enim
464 5191 578 5245 rationis
590 5192 685 5261 impeti
700 5199 727 5245 et
734 5192 884 5261 perturbari
895 5190 1018 5246 videmus
1056 5199 1086 5247 ut
1094 5193 1163 5246 ratio
1171 5208 1281 5262 prorsus
1291 5191 1320 5246 in
1331 5192 1487 5246 serrimtem
1500 5198 1528 5245 et
1538 5190 1725 5261 captivitatem
1735 5190 1842 5260 abrepta

228 5270 314 5326 tribus
331 5271 434 5325 modis:
456 5269 499 5324 vel
513 5287 562 5341 per
576 5270 796 5340 illaqueationem
810 5269 1017 5341 sophismatum,
1056 5272 1133 5334 soret,
1156 5271 1209 5325 nisi
1232 5271 1393 5343 eloquentia
1418 5270 1509 5325 Suada
1531 5270 1651 5324 efficeret
1684 5270 1841 5342 quominus

229 5351 301 5419 quod
326 5350 361 5404 ad
380 5350 552 5404 dialecticam
571 5351 705 5421 pertinen
734 5350 778 5404 rel
800 5367 849 5421 per
863 5351 1018 5423 praestigias
1055 5352 1201 5422 phantasia
1221 5367 1239 5404 a
1260 5351 1382 5421 partibus
1402 5350 1548 5406 affectuum
1568 5355 1660 5415 staret,
1678 5351 1726 5404 sed
1747 5349 1840 5420 potius

228 5429 378 5496 verbomm,
398 5429 470 5501 quod
488 5429 522 5483 ad
541 5428 721 5497 rhetoricamr
743 5429 788 5484 vel
806 5447 856 5500 per
873 5430 1019 5486 adeersum
1055 5448 1138 5501 opera
1152 5432 1218 5500 eius,
1234 5430 1321 5485 ioedns
1334 5430 1440 5485 ineatur
1460 5430 1531 5484 inter
1548 5429 1680 5485 rationem
1692 5436 1720 5484 et
1732 5428 1840 5500 phanta-
