3800 5875
219 306 277 369 474
849 301 990 359 NOVUM
1011 301 1214 359 ORGANUM.
1730 297 1792 353 Ian
1807 298 1843 353 ll.

216 471 414 529 momentanee,
428 471 457 518 et
476 462 570 519 atatim
593 461 672 533 perit,
685 466 776 516 amota
793 460 854 515 luce
873 459 1011 531 originali.
1090 460 1162 515 Item
1179 459 1320 514 instratis
1340 462 1486 532 cmfcrmes
1500 455 1587 527 (quod
1605 455 1713 510 mirum
1731 456 1844 511 toran

217 544 255 600 At
265 544 382 599 calidum
393 550 420 598 ει
430 544 515 599 virtus
526 543 688 613 magnetica,
698 547 842 612 postquam
852 540 1011 594 ammissa
1049 535 1139 611 dictu)
1152 545 1215 593 sunt
1228 536 1333 592 radices
1344 543 1371 591 et
1383 536 1453 590 rami
1464 535 1626 606 plantamm.
1669 535 1760 589 Omne
1774 536 1844 591 enim

216 624 324 688 foedat,
338 622 383 677 vel
396 623 486 692 potius
497 622 616 676 excitata
628 621 657 675 in
668 619 723 674 alio
735 636 856 690 corpore,
866 617 972 673 brerent
984 626 1012 671 et
1049 617 1203 688 vegetabile
1224 617 1387 680 intumescit,
1402 624 1430 669 et
1443 614 1562 669 extrudit
1579 622 1671 684 partes
1684 615 1716 667 in
1729 616 1843 669 circum-

217 699 1009 771 maneutadtempusnonparvumamotoprirnomorente.
1050 696 1201 760 ferentiam,
1215 704 1271 750 tam
1288 712 1395 749 sursum
1409 710 1490 764 quam
1503 693 1638 748 deorsum
1680 694 1844 765 Nequealia

257 782 383 852 Denique
395 797 497 851 magno
509 787 552 833 est
565 778 675 832 omnino
688 777 867 848 praerogativa
880 778 1010 831 instanti·
1048 784 1090 829 est
1098 775 1250 853 differqntia
1261 774 1382 828 radicum
1392 781 1419 827 et
1432 789 1578 837 ramorum,
1586 789 1670 843 quam
1680 774 1756 842 quod
1769 773 1843 828 radix

217 863 306 916 crium
319 861 553 915 constitutivarum
560 880 572 924 ,·
595 865 626 912 ut
635 875 696 927 quoe
706 856 853 926 plurimum
866 856 968 910 faciant
982 865 1010 908 et
1048 854 1199 909 includatur
1214 854 1243 907 in
1257 863 1336 918 terra,
1349 861 1377 906 et
1395 852 1464 905 rami
1483 860 1655 921 exponantur
1668 852 1729 906 aeri
1742 860 1772 905 et
1784 852 1841 907 suli

216 940 252 994 ad
272 939 442 994 definitiones
459 937 623 1008 (praesertim
643 935 832 1005 particulares)
848 944 875 989 et
889 935 924 988 ad
939 933 1009 987 diri-
1048 932 1154 1004 Siquis
1174 932 1251 987 enim
1271 932 1388 1002 accipiat
1408 947 1513 985 ramum
1537 937 1661 984 tenerum
1675 940 1706 984 et
1718 939 1840 1001 vegetem

217 1020 313 1082 aiones,
328 1019 385 1073 sive
398 1017 556 1089 partitiones
567 1024 724 1069 naturarum
728 1037 736 1081 3
757 1014 856 1086 dequo
869 1029 923 1067 non
936 1012 1008 1067 male
1048 1013 1158 1076 arboris,
1173 1019 1254 1083 atque
1263 1011 1339 1066 illurn
1354 1011 1474 1064 reflectat
1487 1010 1515 1063 in
1527 1009 1651 1079 aliquam
1664 1016 1748 1064 terne
1761 1011 1840 1080 parti·

216 1098 286 1152 dixit
300 1097 385 1161 Plato,
401 1101 417 1128 ⁴⁶
431 1094 507 1157 Quod
525 1093 665 1148 habendus
680 1094 715 1148 sit
729 1101 859 1164 tanquam
875 1109 926 1163 pro
939 1090 1007 1156 Deo,
1047 1090 1145 1155 culam,
1159 1090 1223 1144 licet
1244 1107 1299 1145 non
1321 1089 1457 1144 cohaereat
1477 1089 1530 1158 ipsi
1553 1088 1620 1151 solo,
1636 1088 1730 1160 gignit
1752 1092 1840 1144 statim

217 1179 264 1248 qui
278 1176 390 1230 delinire
404 1182 433 1229 et
446 1174 566 1229 dividere
581 1174 650 1228 bene
664 1173 759 1227 sciat.'’
1046 1186 1101 1223 non
1115 1187 1227 1235 ramum,
1237 1169 1286 1225 sed
1299 1169 1427 1223 radicem.
1469 1168 1560 1237 Atque
1566 1169 1625 1221 rice
1637 1169 1759 1233 sersasi
1774 1178 1841 1223 terra

1047 1258 1161 1318 ponatur
1175 1249 1307 1318 superius,
1315 1255 1395 1319 atque
1403 1249 1442 1301 ita
1452 1248 1606 1301 obstruatur
1619 1247 1723 1316 lapide,
1735 1256 1783 1301 aut
1796 1248 1840 1299 ali-

1046 1345 1100 1398 qua
1110 1328 1177 1382 dura
1190 1327 1347 1390 substantia,
1360 1335 1390 1380 ut
1403 1327 1496 1396 planta
1509 1325 1678 1390 cohibeatur,
1693 1343 1746 1380 nec
1759 1329 1839 1396 possit

256 1411 331 1465 lnter
351 1411 546 1482 prerogativae
569 1408 760 1464 instantiarum
780 1423 910 1477 ponemus
929 1414 1008 1462 sexto
1046 1407 1215 1461 frondescere
1228 1424 1343 1470 sursum,
1359 1406 1421 1459 edet
1433 1422 1522 1459 ramos
1536 1407 1565 1458 in
1578 1408 1673 1459 aerem
1687 1404 1819 1459 deorsum

215 1491 276 1544 loco
290 1492 438 1545 instantius
453 1494 598 1562 conformes
612 1488 669 1542 sive
679 1488 917 1559 proportionata-rs
938 1504 1007 1558 quas
1087 1486 1156 1538 ltem
1171 1487 1313 1541 instantia
1330 1490 1475 1558 cmsormss
1496 1493 1559 1539 sunt
1578 1485 1685 1552 gummi
1709 1485 1836 1547 arborum,

216 1570 298 1623 etiam
309 1569 464 1640 parallelus,
478 1569 536 1622 sive
549 1568 745 1621 similitudines
757 1566 896 1637 physicas,
910 1565 1005 1636 appel·
1045 1572 1073 1619 et
1096 1564 1233 1635 pleraeque
1256 1581 1373 1635 gemmea
1395 1564 1511 1633 rupium
1559 1562 1685 1633 Utraque
1707 1565 1781 1618 enim
1802 1565 1837 1618 nil

214 1647 272 1702 lare
297 1648 495 1702 consuevimus.
535 1646 585 1701 Eas
604 1663 668 1701 vero
692 1652 762 1711 sunt,
781 1663 843 1716 quta
865 1645 1008 1699 ostendunt
1045 1642 1196 1708 aliudsunt,
1209 1660 1289 1715 quam
1303 1643 1481 1697 cruciationes
1494 1651 1521 1697 et
1535 1642 1738 1711 percolationes
1753 1660 1836 1698 mco
1880 1640 1881 1643 ’

215 1726 406 1781 similitudines
420 1733 447 1780 et
460 1725 665 1796 conjugationes
685 1742 784 1791 rerum,
801 1741 857 1778 non
869 1725 899 1778 in
913 1725 1006 1778 formis
1046 1740 1124 1777 rum:
1144 1723 1173 1777 in
1187 1723 1276 1792 primo
1287 1738 1387 1793 genere
1401 1721 1513 1786 scilicet,
1528 1738 1672 1776 succorum
1687 1739 1725 1777 ex
1742 1723 1835 1776 armti

214 1806 364 1860 minoribus
377 1802 466 1879 (quod
476 1805 579 1858 faciunt
592 1804 731 1859 instantia
746 1797 944 1877 constitutiva)
959 1804 1006 1859 sed
1044 1802 1111 1867 bus;
1132 1802 1161 1855 in
1179 1802 1305 1865 secundo,
1320 1819 1356 1856 ex
1369 1801 1444 1856 saxis
1452 1824 1460 1866 ς
1481 1801 1552 1857 unde
1572 1801 1697 1873 gignitur
1710 1800 1835 1857 clarimdo

214 1884 339 1955 plancio
359 1891 492 1939 concreto.
533 1883 628 1954 ltaque
651 1891 714 1937 sunt
732 1890 861 1954 tanquam
883 1882 966 1953 primi
979 1890 1007 1938 at
1044 1888 1072 1935 et
1085 1881 1213 1951 splendor
1226 1881 1256 1934 in
1269 1881 1397 1952 utrisque,
1412 1898 1461 1951 per
1478 1880 1695 1951 percolationem
1713 1881 1834 1935 nimirum

213 1963 301 2017 intimi
322 1963 422 2033 gradus
436 1963 470 2016 ad
483 1960 612 2017 unionem
630 1969 745 2017 naturae.
784 1962 882 2032 Neque
902 1963 1005 2016 consti·
1045 1967 1152 2016 tenuem
1174 1969 1202 2014 et
1224 1968 1386 2015 accuratam
1427 1960 1501 2015 Nam
1519 1960 1583 2014 inde
1606 1960 1638 2014 fit
1655 1960 1750 2024 etiam,
1771 1960 1834 2033 quod

214 2051 295 2097 tuunt
308 2043 418 2113 aliquod
431 2042 541 2097 axioma
555 2042 649 2095 statim
662 2041 697 2094 ab
709 2040 804 2106 initior
826 2041 873 2095 sed
886 2038 1006 2095 indicant
1044 2038 1093 2109 pili
1108 2039 1267 2094 animalium
1281 2056 1337 2094 non
1355 2041 1410 2095 siut
1428 2049 1484 2093 tarn
1505 2039 1622 2110 pulchri,
1638 2048 1666 2093 et
1681 2048 1738 2094 tam
1758 2041 1832 2093 viridi

215 2129 243 2174 et
255 2122 399 2176 observant
412 2127 517 2175 tantum
531 2120 665 2192 quendam
678 2136 840 2175 consensum
854 2137 1004 2189 corpomm.
1044 2117 1149 2184 coloris,
1164 2136 1245 2190 quam
1259 2119 1352 2173 avium
1370 2120 1472 2190 plumra
1485 2118 1657 2189 complures,
1679 2119 1747 2189 quia
1766 2119 1831 2172 mcci

215 2200 341 2254 Attamen
356 2200 420 2255 licet
433 2216 488 2254 non
500 2199 616 2254 multum
630 2206 805 2270 promoveant
819 2199 854 2252 ad
867 2200 1005 2254 invenien-
1043 2214 1097 2252 non
1116 2207 1172 2252 tam
1193 2195 1308 2253 delicate
1327 2198 1498 2269 percolantur
1511 2215 1561 2269 per
1574 2207 1673 2262 cutem,
1689 2215 1773 2269 quam
1789 2216 1834 2268 per
1880 2262 1881 2271 ἵ

569 1315 664 1355 xxvu.

215 2278 264 2332 das
277 2279 394 2343 formam
414 2279 592 2335 nihilominus
607 2295 709 2349 magna
725 2296 786 2333 cum
801 2279 917 2333 utilitate
932 2297 1005 2333 reve·
1043 2277 1187 2333 calamum.

214 2358 274 2411 lant
292 2358 410 2427 partium
427 2358 545 2412 universi
567 2357 704 2422 fabricam,
719 2360 787 2413 etin
800 2358 933 2415 membris¹
947 2359 1006 2426 ejus
1084 2356 1152 2411 ltem
1167 2360 1309 2414 instantiae
1322 2361 1468 2430 cmscrmes
1478 2364 1549 2418 sunt,
1560 2364 1682 2411 scrotum
1695 2357 1726 2411 in
1740 2357 1833 2411 anima·
1880 2356 1881 2371 ¹

215 2446 343 2491 exercent
351 2437 434 2491 veluti
448 2437 614 2491 anatomiam
623 2437 775 2508 quandam
797 2446 877 2508 atque
892 2438 1004 2507 proinde
1042 2434 1114 2490 libus
1139 2437 1283 2501 masculis;
1305 2446 1332 2491 et
1352 2437 1452 2491 matrix
1472 2436 1501 2489 in
1521 2435 1660 2489 foemellia.
1712 2436 1832 2490 Adeunt

215 2514 299 2569 veluti
312 2516 506 2571 mauu-ducunt
526 2517 660 2571 interdum
674 2517 708 2570 ad
727 2518 864 2571 axiomata
878 2517 1005 2572 sublimia
1043 2515 1142 2569 nobilis
1156 2516 1205 2570 illa
1219 2517 1329 2579 fabrica,
1342 2532 1392 2586 per
1405 2533 1487 2586 quam
1498 2532 1580 2569 sexus
1591 2515 1724 2569 differunt
1737 2517 1833 2587 (quate-

215 2603 244 2648 et
254 2593 375 2660 nobilia3
397 2596 546 2665 praesertim
559 2595 615 2660 illa,
631 2612 691 2665 quoe
704 2596 739 2650 ad
753 2596 846 2650 mundi
857 2598 1005 2668 configura·
1044 2611 1094 2648 nus
1108 2595 1143 2648 ad
1161 2594 1292 2650 animalia
1314 2595 1464 2661 terrestria)
1479 2594 1519 2648 nil
1540 2593 1616 2648 aliud
1630 2595 1755 2649 rideatur
1771 2611 1832 2657 esse,

215 2672 318 2728 tionem
332 2674 472 2743 pertinent,
487 2675 579 2745 potius
593 2691 676 2746 quam
689 2676 723 2730 ad
737 2682 846 2730 natrrras
859 2682 887 2730 ct
903 2675 1006 2731 formas
1044 2691 1126 2744 quam
1140 2674 1288 2729 secundum
1301 2675 1420 2728 exterius
1432 2673 1602 2738 stimerici,
1624 2674 1652 2726 vi
1667 2673 1771 2727 scilicet
1782 2691 1833 2727 ms

215 2752 362 2823 simplices.
1040 2754 1101 2820 jore
1115 2754 1214 2807 caloris
1229 2752 1360 2825 genitalia
1373 2754 1401 2807 in
1411 2771 1479 2807 sexu
1493 2751 1614 2806 masculo
1624 2753 1793 2823 protrudente
1805 2754 1831 2806 iu

254 2833 383 2903 Exempli
405 2832 512 2904 gratia3
534 2833 668 2887 instantias
689 2831 840 2887 conformes
859 2841 929 2896 sunt,
944 2851 1006 2904 quas
1043 2833 1170 2896 exterius,
1179 2833 1226 2887 ubi
1235 2834 1264 2887 in
1273 2833 1400 2888 foemellis
1410 2832 1491 2886 nimis
1501 2831 1600 2885 debilis
1610 2840 1654 2886 eat
1663 2832 1748 2895 calor,
1756 2848 1831 2902 quam

214 2920 379 2983 sequunturt
400 2911 549 2983 speculum,
557 2920 585 2967 et
594 2912 702 2976 oculose
723 2919 750 2968 et
764 2912 889 2968 similiter
903 2913 1005 2968 fabrica
1043 2918 1073 2966 ut
1086 2910 1138 2966 boc
1153 2912 1242 2968 iacere
1255 2912 1357 2984 possim
1378 2912 1449 2967 unde
1471 2910 1576 2976 accidit,
1597 2912 1673 2983 quod
1687 2912 1831 2967 conducan-

214 2993 296 3056 auris,
307 3001 334 3046 et
346 2992 408 3046 loca
417 2992 556 3046 reddentia
565 2991 643 3045 ecbo.
683 2992 728 3046 Ex
742 3010 797 3062 qua
809 2993 1005 3058 conformitate,
1043 2997 1088 3045 tur
1100 2992 1220 3047 interius.

213 3079 314 3142 prater
335 3073 426 3141 ipsam
447 3071 661 3125 observationem
682 3071 875 3136 similitudinis,
896 3090 957 3143 qure
970 3073 1005 3127 ad
1084 3070 1153 3125 Item
1168 3072 1308 3125 instantio
1328 3075 1474 3144 cossormss
1488 3077 1551 3124 sunt
1568 3070 1663 3140 pinnas
1676 3070 1794 3140 piscium,
1808 3076 1832 3123 et

214 3150 301 3204 multa
317 3150 393 3204 utilis
416 3159 464 3215 est,
486 3149 604 3219 proclive
628 3157 670 3204 est
690 3151 802 3220 insuper
824 3151 953 3222 colligere
978 3160 1006 3206 et
1044 3149 1126 3217 pedes
1140 3149 1407 3220 quadrupedumaut
1419 3150 1503 3220 pedes
1517 3157 1543 3202 et
1558 3149 1610 3203 alae
1624 3149 1830 3219 volucrumqui-

213 3227 331 3283 formare
351 3229 418 3284 illud
439 3229 556 3295 axioma,
570 3228 704 3293 videlicet,
718 3247 821 3301 organa
837 3247 966 3286 sensuum
979 3238 1007 3286 et
1043 3229 1093 3283 bus
1116 3229 1221 3283 addidit
1243 3229 1401 3283 Aristoteles
1422 3236 1537 3300 quatuor
1555 3228 1696 3283 volumina
1717 3232 1745 3282 io
1765 3238 1831 3280 motu

214 3324 335 3377 corpora,
357 3327 418 3380 qum
441 3309 550 3379 pariunt
576 3308 737 3364 reflexiones
758 3311 793 3363 ad
816 3326 920 3374 sensus,
945 3328 1004 3365 esse
1043 3317 1207 3377 serpentum.
1249 3309 1325 3361 Adeo
1339 3308 1410 3362 utin
1428 3307 1532 3362 fabrica
1546 3308 1675 3370 universi,
1694 3317 1779 3362 motus
1792 3306 1830 3358 ri·

214 3386 312 3440 similis
330 3396 441 3441 naturae.
483 3388 587 3441 Rursus
603 3404 640 3442 ex
653 3386 705 3440 hoc
724 3388 783 3457 ipso
797 3388 950 3443 admonitus
964 3390 1006 3443 in·
1043 3388 1162 3442 rentium
1183 3387 1341 3458 plerumque
1355 3387 1479 3441 videatur
1494 3387 1616 3457 expediri
1640 3404 1691 3458 per
1705 3385 1830 3458 quaterni·

214 3466 347 3530 tellectus,
369 3484 424 3519 non
446 3483 519 3537 aegre
543 3466 661 3536 insurgit
683 3466 718 3519 ad
741 3467 850 3522 axioma
870 3467 1005 3537 quoddam
1044 3482 1111 3520 ones
1125 3475 1232 3520 urtuum
1246 3466 1469 3520 siveflexionum.

214 3544 295 3599 altius
316 3553 343 3599 et
360 3544 486 3600 nobilius
528 3546 589 3599 Hoc
612 3544 756 3610 nimirum
777 3546 849 3600 nibil
871 3547 1005 3602 interesse
1086 3546 1154 3599 ltem
1174 3545 1269 3599 dentes
1283 3545 1311 3599 in
1325 3545 1487 3599 animalibus
1508 3543 1691 3608 terrestribus,
1706 3552 1734 3598 et
1753 3551 1831 3597 rostra

214 3623 285 3678 inter
311 3640 459 3678 consensus
481 3625 537 3678 sive
564 3624 733 3695 sympathias
757 3641 899 3696 corporum
925 3644 1005 3681 seusu
1043 3625 1072 3677 in
1085 3625 1187 3687 avibus,
1207 3631 1270 3678 sunt
1283 3625 1423 3678 iaetantia»
1437 3627 1603 3696 conformes.-
1624 3624 1698 3677 unde
1714 3623 1831 3676 manifes-

214 3703 395 3771 prroditomm,
409 3711 438 3756 et
450 3704 659 3758 inanimatorum
679 3705 737 3758 sine
758 3720 846 3769 sensti,
866 3705 918 3759 nisi
933 3706 1005 3777 quod
1044 3709 1156 3758 tumeat
1174 3704 1202 3756 in
1221 3702 1346 3757 omnibus
1365 3702 1528 3757 animalibus
1544 3703 1675 3772 perfectis
1695 3704 1777 3756 fluere
1789 3701 1831 3753 du·

213 3781 311 3835 inillis
325 3783 436 3836 accedat
449 3783 559 3853 spiritus
572 3783 697 3837 animalis
708 3783 743 3836 ad
755 3800 852 3853 corpus
865 3784 905 3836 ita
917 3785 1006 3854 dispo·
1043 3799 1101 3836 rarn
1115 3782 1250 3853 quandam
1264 3782 1442 3836 substantiam
1452 3798 1546 3835 versus
1560 3798 1598 3834 oa

215 3859 313 3924 situm3
334 3862 363 3914 in
378 3861 422 3915 his
436 3871 528 3916 autem
542 3862 620 3916 absit.
661 3862 738 3916 Adeo
751 3869 781 3917 ut
794 3870 860 3933 quot
873 3864 1005 3918 sintcon·
1084 3862 1155 3916 item
1177 3879 1232 3916 non
1256 3861 1374 3914 absurda
1396 3870 1437 3915 est
1454 3860 1603 3914 similitudo
1617 3866 1644 3914 et
1663 3859 1830 3913 conformitas

213 3954 312 3993 morus
331 3940 361 3993 in
384 3941 541 4012 corporibus
564 3942 727 4005 inanimatis,
751 3950 792 3996 tot
817 3942 922 4012 possint
944 3960 1004 3997 esse
1042 3941 1098 4005 ills,
1115 3947 1145 3995 ut
1157 3941 1239 3994 homo
1252 3940 1287 3994 sit
1300 3948 1428 4012 tanquam
1442 3940 1537 4011 planta
1550 3940 1668 3993 inversa.
1711 3939 1782 3994 Nam
1794 3955 1830 3989 ra·

215 4033 309 4072 sensus
322 4019 351 4072 in
364 4019 534 4083 animalibus,
548 4021 572 4074 si
586 4028 677 4073 essent
697 4020 892 4091 perforationes
906 4022 934 4074 in
949 4039 1005 4076 cor·
1043 4020 1090 4074 dix
1110 4036 1253 4074 nervorum
1266 4028 1295 4073 et
1314 4019 1470 4075 facultatum
1491 4017 1659 4082 animalium,
1677 4027 1719 4071 εει
1739 4025 1828 4087 caput3

214 4112 281 4166 pore
307 4098 433 4163 animato,
454 4100 488 4152 ad
510 4099 660 4154 discursum
686 4099 797 4168 spiritus
824 4099 948 4154 animalis
975 4101 1004 4154 in
1043 4106 1134 4168 partes
1148 4108 1238 4152 autem
1252 4097 1396 4152 seminales
1407 4107 1470 4153 aunt
1483 4098 1592 4160 intimas,
1603 4115 1658 4150 non
1673 4097 1828 4168 computatis

214 4175 366 4230 membrum
380 4178 431 4230 rite
445 4178 612 4247 dispositum,
624 4185 752 4249 tanquam
763 4178 792 4232 in
802 4195 933 4249 organum
946 4179 1004 4233 ido·
1043 4177 1259 4232 extremitatibus
1271 4177 1396 4231 tibiamm
1405 4176 1622 4231 etbrachiorum.
1653 4176 1828 4246 Atinplaota,

215 4269 304 4308 neum.
345 4255 381 4308 Et
397 4272 497 4320 rursus,
519 4265 584 4327 quot
602 4257 657 4310 sint
676 4274 772 4311 sensus
792 4258 1004 4322 inanimalibus,
1043 4256 1122 4310 radix
1136 4254 1213 4329 (quaa
1223 4256 1307 4310 instar
1320 4257 1417 4324 capitis
1431 4251 1488 4329 est)
1498 4254 1662 4325 regulariter
1675 4256 1769 4309 infimo
1776 4254 1829 4307 loco

215 4338 255 4385 tot
267 4334 320 4386 siut
333 4333 508 4403 proculdubio
520 4343 608 4389 motus
621 4336 648 4389 in
662 4352 773 4406 corpore
787 4336 943 4400 inanimato,
957 4338 1005 4391 ubi
1043 4333 1202 4397 collocatum
1223 4335 1327 4389 semina
1342 4342 1433 4389 autem
1447 4350 1585 4404 supremo.

215 4411 325 4480 spiritus
349 4412 474 4467 animalis
499 4414 632 4479 abfuerit;
653 4413 716 4468 licet
736 4417 899 4469 accessesit
919 4418 1005 4471 multo
1083 4413 1208 4485 Denique
1223 4412 1289 4466 illud
1298 4415 1408 4467 omnino
1419 4414 1632 4483 praecipiendum
1643 4421 1692 4474 est,
1701 4422 1729 4466 et
1738 4411 1829 4480 sapius

214 4488 307 4560 plures
329 4507 388 4545 esse
412 4499 500 4547 motus
519 4494 549 4546 in
563 4494 719 4563 corporibus
735 4493 899 4558 inanimatis,
922 4512 1005 4566 quam
1044 4493 1220 4554 monendum
1241 4493 1422 4562 utdiligentia
1436 4491 1829 4562 hominumininquisitioneet

215 4585 311 4624 sensus
327 4570 354 4622 iu
370 4570 503 4636 animatis,
525 4581 636 4641 propter
656 4573 821 4642 paucitatem
843 4590 1005 4642 organorum
1043 4572 1171 4641 congerie
1188 4571 1318 4625 nutriralis
1333 4571 1452 4625 historia
1466 4571 1593 4639 deinceps
1613 4579 1735 4624 mutetur
1748 4569 1827 4638 plane,

215 4664 317 4702 sensus.
360 4647 447 4720 Atque
462 4650 543 4719 hujus
554 4652 593 4705 rei
602 4653 754 4706 ostenditse
763 4650 918 4722 exemplum
927 4652 1004 4705 valde
1044 4660 1071 4704 et
1085 4658 1202 4705 venatur
1216 4651 1245 4703 in
1259 4651 1422 4704 cannarium
1435 4652 1500 4719 ejus,
1511 4650 1582 4721 quod
1596 4666 1668 4703 nunc
1683 4650 1711 4702 in
1723 4666 1773 4703 usu
1785 4659 1827 4700 est

214 4727 386 4781 manifestum
407 4729 436 4781 iu
450 4728 592 4784 doloribus.
633 4731 742 4784 Etenim
764 4748 825 4784 cum
849 4731 902 4784 sint
926 4731 1006 4801 plura
1044 4730 1147 4799 Magna
1161 4731 1233 4783 enim
1251 4730 1399 4800 hucusque,
1414 4738 1494 4799 atque
1509 4730 1577 4782 adeo
1594 4729 1704 4781 curiosa
1718 4728 1767 4781 fuit
1784 4727 1827 4780 ho-

213 4824 316 4877 genera
329 4805 429 4861 doloris
442 4808 471 4862 in
485 4809 654 4872 animalibus,
666 4818 692 4862 et
708 4818 835 4880 tanquam
850 4810 917 4863 rarii
931 4811 1005 4866 illius
1043 4811 1147 4863 minum
1161 4809 1301 4871 industria,
1316 4809 1344 4862 io
1359 4810 1477 4862 notanda
1495 4826 1585 4862 rerum
1599 4808 1740 4871 varietate,
1754 4817 1827 4876 atque

215 4886 385 4940 characteres
399 4886 493 4955 (veluti
509 4889 578 4943 alius
595 4898 635 4942 est
648 4888 724 4943 dolor
737 4888 861 4953 ustionis,
875 4888 945 4944 alius
961 4890 1006 4944 fri·
1044 4887 1212 4957 explicandis
1231 4887 1364 4941 aestuatis
1385 4886 1551 4949 animalium,
1566 4886 1723 4949 herbarum,
1738 4895 1764 4938 et
1783 4884 1827 4937 fus

214 4966 289 5035 goris
310 4965 417 5030 intensi,
435 4968 505 5021 aliua
528 4978 674 5037 puncturae,
696 4968 765 5023 alius
788 4968 1004 5038 compressionis,
1044 4968 1135 5021 silium
1156 4966 1331 5029 differentiis3
1358 4983 1472 5037 quarum
1496 4966 1631 5036 pleraque
1658 4966 1747 5035 magis
1773 4971 1827 5017 sunt

214 5042 284 5098 alius
302 5046 476 5108 extensionis,
491 5054 518 5099 et
532 5046 674 5113 similium)
690 5048 868 5101 certissimum
883 5055 931 5112 est,
946 5065 1005 5102 om·
1043 5046 1118 5100 lusus
1136 5053 1246 5108 natura,
1263 5062 1344 5115 quam
1362 5046 1441 5099 serica
1464 5043 1579 5112 alicujus
1601 5043 1729 5097 utilitatis
1743 5057 1826 5096 versos

214 5123 262 5176 nia
275 5122 331 5187 illa,
343 5126 432 5195 quoad
443 5134 551 5184 motum.
562 5124 651 5178 inesse
664 5125 822 5195 corporibus
835 5126 1004 5190 inanimatis;
1044 5126 1178 5179 scientias.
1219 5125 1334 5179 Faciunt
1349 5133 1420 5178 certe
1438 5123 1590 5192 hujusmodi
1611 5141 1655 5176 res
1669 5124 1705 5176 ad
1718 5121 1826 5176 delecta-

213 5200 298 5255 reluti
311 5202 395 5273 ligno,
404 5211 451 5256 aut
464 5202 557 5272 lapidi,
568 5220 629 5256 cum
643 5205 736 5266 uritur,
748 5214 795 5258 aut
808 5221 857 5274 per
870 5205 933 5276 gelu
945 5223 1005 5259 con·
1043 5205 1154 5263 tionem,
1168 5210 1248 5274 atque
1270 5204 1353 5257 etiam
1370 5203 1531 5274 quandoque
1549 5201 1584 5254 ad
1608 5203 1722 5271 praxim
1742 5216 1825 5254 verum

214 5280 362 5350 stringitur,
376 5289 423 5335 aut
442 5282 578 5352 pungitur,
597 5290 643 5334 aut
658 5283 796 5344 scinditur,
815 5291 862 5337 aut
882 5285 1005 5348 flectitur,
1044 5283 1077 5336 ad
1092 5282 1333 5351 introspiciendam
1345 5290 1470 5336 naturam
1484 5299 1586 5351 parum,
1600 5289 1647 5334 aut
1660 5281 1738 5336 nihil.
1780 5279 1826 5333 lta·

214 5367 260 5412 aut
280 5359 415 5424 tunditur;
437 5361 517 5415 etsie
538 5360 571 5412 de
593 5360 670 5413 aliis:
693 5360 756 5414 licet
778 5378 831 5414 non
854 5363 1006 5418 subintrent
1043 5381 1095 5432 que
1117 5361 1297 5415 convertenda
1314 5360 1393 5430 plane
1409 5370 1450 5414 est
1467 5377 1549 5431 opera
1564 5359 1597 5412 ad
1620 5359 1791 5430 inquirendas
1803 5367 1827 5410 et

214 5451 319 5503 sensus,
333 5447 443 5509 propter
456 5438 607 5495 absentiam
621 5439 731 5509 spiritus
744 5439 877 5495 animalis.
1043 5443 1173 5497 notandas
1186 5457 1276 5496 rerum
1295 5439 1484 5512 similitudines
1498 5448 1526 5494 ει
1539 5437 1665 5510 analoga,
1685 5449 1740 5493 tam
1755 5441 1782 5492 in
1793 5437 1829 5490 io
