3800 5875
66 277 133 333 Car.
155 275 209 333 xl.
588 280 638 334 DE
661 279 887 335 AUGMENTIS
909 279 1185 336 SCIENTIARUM.
1640 282 1694 339 321

65 453 159 506 porum
178 453 264 498 more,
279 436 353 492 volvi
374 444 402 491 et
421 438 572 510 circumagi
592 438 692 509 saepius
706 455 864 494 concessum
902 454 958 491 non
983 440 1041 492 sine
1069 441 1187 510 partium
1211 440 1318 494 studio:
1340 447 1472 511 occupata
1494 445 1538 494 est
1557 448 1647 496 autem
1668 442 1697 497 in

65 515 122 569 brit.
902 518 1069 571 observanda
1078 519 1169 573 divina
1178 519 1426 584 illsconvenientia,
1436 536 1696 592 quaenonnunqusm

102 596 192 665 Atque
213 595 276 649 haec
297 595 437 663 preclara,
459 597 488 650 in
509 614 539 651 re
560 595 670 651 nautica
694 605 774 669 atque
797 598 863 651 orbe
901 596 1045 656 intercedit
1062 599 1132 652 inter
1152 599 1205 652 Dei
1220 598 1384 652 voluntatem
1402 598 1549 654 revelatam
1564 607 1591 652 et
1605 617 1695 655 secre-

64 673 260 742 perlustrsndo,
274 675 401 741 felicitas,
414 677 448 730 de
462 675 634 731 ulterioribus
645 677 731 732 etiam
741 693 864 747 progres-
901 682 967 730 tarn.
1009 677 1138 738 Quamvis
1160 678 1234 731 enim
1254 685 1311 731 tam
1332 679 1447 732 obscura
1466 680 1521 733 siut
1539 678 1652 732 consilia
1666 687 1693 734 et

65 753 135 806 sibus
162 761 191 807 et
223 756 384 824 augmentis
415 756 598 820 scientiarum,
626 772 703 825 spem
733 772 863 828 maguam
897 753 1003 821 judicia
1012 756 1075 821 Dei,
1088 764 1120 810 ut
1133 756 1238 810 homini
1252 757 1364 811 animali
1378 758 1433 811 sint
1444 757 1553 828 penitus
1566 756 1695 812 inscruta-

65 833 150 886 iacere
164 833 269 902 possit;
292 836 442 902 praesertim
461 835 526 889 dum
542 835 636 888 divino
657 835 782 890 videatur
800 852 863 888 con·
899 834 975 900 bilia,
984 836 1133 905 quinetiam
1144 837 1244 906 saepius
1258 852 1352 891 eorum
1361 837 1454 901 oculis,
1464 837 1510 907 qui
1524 837 1695 907 prospiciunt

63 911 123 964 silio
145 929 207 966 ease
233 912 383 974 decretum,
406 922 435 968 ut
456 913 516 968 hac
537 914 592 968 duo
611 931 704 968 cooeva
723 914 794 969 siut:
822 914 862 969 sic
900 915 1319 980 etabemaculo,sesubducant;
1335 915 1433 970 divinas
1447 922 1538 970 tamen
1553 917 1694 984 sapientiae

64 993 133 1045 enirn
156 990 262 1045 Daniel
285 992 429 1061 propheta,
453 993 487 1048 de
513 993 670 1048 novissimis
694 994 861 1064 temporibus
899 993 995 1057 visum,
1020 993 1165 1065 aliquando
1186 1011 1235 1065 per
1257 995 1338 1059 vices,
1363 994 1398 1048 ad
1420 1011 1530 1049 suorum
1554 996 1694 1049 confirma-

63 1071 143 1125 rerba
160 1071 276 1134 iaciens,
293 1071 424 1140 praedicit,
443 1072 589 1128 “Plurimi
610 1074 818 1142 pertransibunt,
833 1082 861 1127 et
899 1072 1010 1137 tionem,
1034 1082 1062 1127 et
1082 1072 1269 1127 contusionem
1292 1090 1392 1138 eorum,
1415 1075 1462 1144 qui
1483 1083 1612 1144 tanquam
1634 1075 1693 1129 sine

63 1151 206 1221 augebitur
227 1151 379 1215 acientia;”
414 1152 491 1223 qussi
515 1152 692 1222 pertransitus
719 1152 775 1206 sive
803 1168 861 1221 per·
898 1148 959 1205 Deo
969 1159 1032 1206 sunt
1044 1153 1073 1206 in
1084 1153 1191 1217 mundo,
1201 1169 1234 1206 ea
1245 1152 1322 1223 quasi
1333 1153 1479 1221 majoribus
1491 1152 1692 1208 characteribus

62 1228 185 1284 lustratio
199 1229 295 1284 mundi
310 1238 392 1301 atque
405 1231 551 1300 multiplex
565 1240 741 1303 augmentum
754 1232 861 1285 scienti·
898 1229 1043 1302 descripta,
1072 1233 1111 1287 sic
1137 1247 1287 1302 proponere
1312 1233 1509 1301 conspicienda,
1538 1232 1578 1286 uti
1606 1233 1692 1304 (sicut

62 1325 136 1363 arum
151 1309 244 1364 eidem
262 1308 356 1363 seculo
376 1311 590 1365 destinarentur:
612 1311 682 1365 sicut
702 1327 804 1380 magna
824 1328 861 1364 ex
897 1307 1018 1379 loquitur
1037 1310 1184 1381 propheta)
1201 1317 1216 1342 “
1230 1310 1319 1381 quivis
1340 1312 1423 1365 etism
1442 1312 1566 1365 incursu
1580 1328 1613 1366 ea
1632 1329 1691 1382 per-

61 1397 134 1457 parte
145 1389 206 1457 jam
219 1387 388 1459 completum
400 1390 537 1454 videmns3
559 1390 777 1461 quandoquidem
790 1398 859 1444 tem·
897 1387 990 1459 legere
1004 1391 1090 1460 possit
1100 1391 1125 1455 ;”
1141 1389 1193 1444 hoc
1208 1399 1257 1454 est,
1272 1397 1303 1444 ut
1320 1390 1445 1445 homines
1464 1408 1538 1445 mere
1551 1390 1690 1445 sensuales

61 1483 125 1537 pora
138 1475 240 1531 nostra,
255 1468 362 1522 duabus
374 1467 431 1523 illis
444 1468 580 1539 prioribus
594 1470 775 1523 doctrinarum
789 1470 860 1540 peri·
897 1475 925 1522 et
938 1467 1090 1539 voluptarii,
1106 1470 1152 1541 qui
1163 1470 1267 1538 judicia
1280 1470 1328 1523 illa
1342 1469 1434 1522 divina
1446 1468 1606 1538 pretervehi
1618 1470 1690 1524 festi-

60 1547 123 1612 odis,
138 1555 187 1601 aut
205 1546 423 1602 revolutionibus
444 1548 536 1618 (alteri
550 1549 622 1618 apud
641 1550 759 1612 Grecos,
778 1548 859 1603 alteri
896 1556 970 1613 nant,
979 1565 1067 1620 neque
1076 1549 1252 1620 cogitationes
1263 1566 1327 1603 suas
1340 1549 1370 1601 in
1380 1564 1413 1602 ea
1425 1566 1546 1618 unquam
1560 1550 1689 1619 defigunt,

61 1626 129 1696 apud
145 1627 301 1694 Romanos)
322 1627 473 1682 eruditione
491 1644 544 1681 non
558 1628 673 1683 multum
692 1628 797 1694 cedant,
812 1644 859 1682 eas
898 1634 996 1691 tamen,
1012 1629 1134 1698 quamvis
1147 1644 1261 1698 propere
1275 1635 1391 1691 sumant,
1403 1634 1430 1680 ct
1444 1626 1517 1682 aliud
1527 1634 1619 1698 agant,
1628 1629 1690 1699 ipsa

60 1707 166 1761 veroin
180 1706 323 1778 aliquibus
336 1706 418 1778 longe
432 1715 569 1776 superent
896 1722 1045 1776 agnoscere
1067 1714 1206 1779 cogantur.
1248 1706 1327 1762 Talia
1347 1713 1410 1762 arsut
1429 1707 1556 1762 vindictae
1576 1724 1644 1761 serre
1662 1716 1691 1762 et

896 1786 1031 1856 inopinam
1056 1787 1158 1841 salutes
1179 1788 1268 1841 subito
1291 1787 1452 1859 affulgentes
1476 1795 1505 1843 et
1525 1788 1688 1858 insperatter

895 1864 1012 1920 consilia
1039 1865 1133 1919 divina
1156 1882 1206 1936 per
1229 1868 1360 1938 ambages
1383 1885 1473 1922 rerum
1499 1875 1640 1933 tortuosas,
1662 1875 1689 1922 et

262 1942 390 1999 CAPUT
409 1941 660 1997 UNDECIMUM.
895 1946 1043 2015 stupendas
1063 1945 1159 2016 spiras,
1175 1947 1283 2000 tandem
1296 1964 1325 2001 se
1342 1947 1487 2001 manifesto
1507 1947 1688 2017 expedientia,

895 2031 923 2076 et
944 2023 1060 2078 similia:
1084 2042 1145 2095 quse
1165 2026 1264 2090 valent,
1278 2043 1333 2080 non
1353 2025 1441 2080 solum
1462 2026 1498 2080 ad
1511 2025 1688 2082 consolandos

64 2092 180 2150 Parit'lt'o
209 2097 336 2151 ht'slcrt'oe
369 2097 559 2151 ecclesiastice
588 2097 618 2148 t'n
650 2097 858 2150 ecclesiasticam
895 2103 1000 2158 animos
1014 2103 1201 2170 fidelimsscd
1213 2105 1248 2158 nd
1261 2105 1688 2175 percellendasetconvincendn

96 2177 248 2305 specialem,
263 2177 404 2231 thrasium
424 2177 461 2230 cd
479 2176 649 2248 prophetias,
670 2185 696 2228 et
715 2175 857 2229 historiam
895 2183 1076 2238 conscientias
1089 2184 1281 2255 improborum.

128 2274 250 2311 “8800ss-

97 2406 240 2463 lirsrosrs
254 2407 442 2462 ecclesiastica
451 2407 480 2462 iu
489 2422 598 2477 genere,
610 2406 720 2462 easdem
729 2406 856 2461 t'erecum
1084 2413 1207 2470 CAPUT
1227 2413 1501 2469 DUODECIMUM,

61 2485 170 2541 historia
182 2487 261 2542 cirili
275 2487 438 2558 partitiones
452 2487 532 2542 subit.
565 2486 634 2542 Sunt
644 2488 718 2541 enim
727 2485 856 2540 chronica

62 2565 250 2631 ecclesiastica,
269 2575 333 2621 sunt
354 2567 418 2621 vitae
437 2574 553 2636 patrum,
573 2572 638 2620 sunt
655 2565 802 2620 relationes
822 2566 855 2620 de
895 2566 939 2620 De
953 2568 1150 2639 appendicibus
1162 2569 1292 2634 historic,
1304 2586 1364 2639 que
1379 2567 1542 2623 circaoerba
1556 2569 1687 2623 hominum

61 2645 173 2712 suedis,
202 2655 230 2699 et
261 2645 376 2716 reliquis
408 2645 443 2698 ad
477 2642 630 2700 Ecclesiam
663 2644 855 2715 spectantibus.
936 2648 1295 2721 (quemadmodumhs'storr'c
1308 2650 1370 2718 apsa
1385 2643 1687 2720 circascctc)oerrcn-

62 2723 170 2794 Proprio
191 2742 260 2780 vero
279 2725 399 2789 nomine,
420 2730 493 2780 recte
515 2725 646 2779 dividitur
664 2725 694 2778 in
715 2723 857 2779 historiam
934 2734 1001 2780 tur:
1032 2728 1152 2797 partitio
1172 2745 1262 2781 eurum
1281 2728 1310 2779 in
1336 2727 1476 2791 orationes,
1500 2727 1636 2797 epistolas,
1660 2736 1686 2780 et

62 2802 273 2859 mdeaiesticam
284 2805 406 2875 (generis
419 2805 529 2859 nomine
544 2805 665 2872 servato)
676 2811 703 2858 et
713 2803 856 2858 historiam
933 2805 1166 2877 apophthegmata.

62 2882 93 2935 ad
105 2884 274 2955 prophetias,
286 2892 315 2939 et
325 2884 468 2940 historiam
480 2884 633 2939 Nemeseos
644 2884 702 2939 sive
716 2883 856 2954 providen-

62 2964 112 3018 tia.
151 2964 247 3021 Prima
261 2964 395 3019 Ecclesia
407 2965 549 3018 militantis
569 2973 691 3035 tempora
711 2970 739 3018 et
757 2971 856 3018 statum
934 2958 978 3014 Ar
1001 2977 1056 3014 non
1082 2960 1214 3015 factorum
1235 2960 1402 3015 solummodo
1429 2959 1543 3015 humani
1570 2963 1686 3032 generis,

62 3041 194 3099 divarum
208 3052 361 3108 memorat;
382 3045 439 3098 sive
452 3044 500 3098 illa
513 3046 632 3107 fluctuet,
646 3052 677 3098 ut
693 3059 758 3097 arca
771 3043 800 3095 in
813 3043 855 3096 di-
893 3055 988 3094 verum
996 3040 1216 3094 etiamdictorum
1225 3040 1465 3094 memoriaservari
1473 3039 1560 3094 debet.
1588 3043 1686 3113 Neque

63 3120 149 3187 lusi03
171 3124 229 3178 sive
244 3124 396 3187 itinerator,
409 3132 441 3178 ut
459 3140 522 3177 arca
536 3124 564 3176 in
586 3140 693 3188 eremos
714 3123 770 3176 sive
789 3139 854 3177 con·
894 3126 987 3174 tamen
1007 3119 1128 3184 dubium,
1142 3121 1208 3190 quin
1228 3119 1301 3172 dicta
1320 3119 1369 3173 illa
1389 3119 1549 3190 quandoque
1566 3120 1686 3176 historiae

65 3201 144 3267 sistat,
158 3212 187 3257 ut
200 3220 266 3257 arca
277 3204 307 3256 in
320 3201 440 3273 templo:
461 3202 514 3256 hoc
536 3210 585 3266 est,
605 3210 704 3258 stamm
723 3200 856 3256 Ecclesia
893 3199 947 3268 ipsi
960 3199 1122 3264 inserantur,
1137 3208 1269 3269 quatenus
1282 3198 1317 3251 ad
1330 3215 1373 3254 res
1391 3206 1483 3270 gestus
1500 3200 1641 3270 perspicue
1659 3210 1687 3255 et

64 3279 91 3331 in
104 3283 297 3350 ρετεεττιιίοττε,
313 3282 342 3336 in
357 3291 439 3344 motu,
454 3290 481 3337 et
494 3283 613 3352 iupace.
656 3283 689 3336 ln
704 3281 755 3334 hac
770 3288 855 3349 parte,
894 3278 1015 3348 graviter
1028 3278 1176 3333 sanandas
1189 3278 1329 3332 iaciantet
1343 3279 1505 3333 deserviant.
1546 3279 1601 3333 Sed
1614 3280 1687 3334 dicta

64 3358 193 3415 deiectum
205 3362 327 3432 aliquem
340 3377 395 3415 non
405 3361 521 3423 invenio,
531 3361 597 3432 quin
608 3370 752 3432 supersunt
765 3361 794 3413 in
808 3359 857 3413 ills
894 3357 951 3412 sive
978 3358 1061 3412 verba
1084 3358 1205 3413 humana
1232 3358 1340 3428 proprie
1368 3359 1523 3412 custodiunt
1544 3358 1606 3412 libri
1628 3377 1687 3414 ora·

65 3439 198 3511 complura
210 3442 304 3511 potius
319 3456 402 3512 quam
422 3441 535 3495 desunt:
556 3440 625 3495 illud
645 3457 710 3495 saue
725 3450 855 3510 optarem,
894 3436 1006 3502 donum,
1027 3438 1211 3508 epistolarum,
1234 3444 1264 3492 et
1286 3436 1556 3508 apophthegmatum.
1597 3438 1686 3508 Atque

12 3538 13 3541 ¹
65 3527 197 3575 utmasses
212 3527 270 3574 tam
283 3519 439 3590 pregrandi
453 3520 538 3574 virtus
552 3537 659 3592 quoque
673 3527 702 3575 et
715 3519 856 3575 sinceritas
894 3518 1030 3571 orationes
1052 3533 1118 3571 sane
1132 3517 1251 3571 virorum
1271 3517 1453 3586 pnrdentium,
1468 3517 1501 3570 de
1522 3518 1640 3588 negotiis
1660 3528 1687 3573 et

65 3599 243 3654 mmtionum
256 3600 458 3670 responderent
894 3597 984 3651 causis
1008 3597 1136 3667 gravibus
1160 3603 1188 3650 et
1214 3595 1305 3650 arduis
1328 3595 1438 3660 habita,
1460 3604 1518 3650 tum
1538 3598 1573 3649 ad
1597 3614 1686 3652 rerum

100 3676 221 3733 &munda
236 3695 308 3748 pars,
323 3697 385 3749 quse
399 3686 440 3733 est
452 3678 566 3733 historia
583 3679 618 3732 ad
637 3677 804 3749 prophetias,
820 3695 856 3732 ex
894 3676 1219 3745 ipsarumnotitiam,tum
1228 3677 1263 3730 ad
1274 3676 1455 3745 eloquentiam
1464 3675 1578 3729 multum
1587 3675 1685 3731 valent

66 3754 162 3813 duobus
190 3758 314 3813 relativis
341 3766 454 3824 constat,
482 3758 627 3828 prophetia
650 3761 719 3829 ipss,
742 3764 770 3812 et
796 3758 856 3824 ejus
895 3755 948 3809 Sed
957 3756 1061 3823 majora
1072 3755 1335 3826 adhucpraestantur
1345 3754 1491 3809 auxiliaad
1501 3755 1688 3811 instruendam

67 3835 260 3907 adimpletione.
302 3838 474 3909 Quapropter
499 3837 554 3892 tale
582 3854 643 3892 esse
670 3837 751 3891 debet
773 3836 856 3905 hujus
894 3835 1065 3904 prudentiam
1079 3834 1188 3888 civilem
1202 3835 1237 3888 ab
1251 3834 1383 3904 epistolis,
1398 3851 1458 3905 quse
1472 3834 1565 3888 aviris
1579 3835 1687 3906 magnis

66 3918 147 3983 operis
161 3917 327 3982 institutum,
341 3926 372 3971 ut
385 3935 447 3971 cum
462 3916 783 3988 singulisexScripturis
796 3932 856 3986 pro
895 3914 927 3967 de
955 3914 1073 3984 negotiis
1098 3915 1176 3968 seriis
1203 3915 1294 3969 missar
1315 3922 1394 3980 aunt;
1416 3913 1517 3968 etenim
1540 3931 1575 3968 ex
1597 3915 1687 3969 verbis

66 3995 159 4063 phetiis
181 4005 330 4051 eventuum
350 3997 452 4051 veritas
473 3997 669 4067 coniungaturr
703 3995 785 4067 idque
808 4012 857 4063 per
894 3992 1035 4047 hominurn
1056 3992 1097 4047 nil
1116 3994 1208 4048 sanius
1227 4000 1275 4047 aut
1297 3993 1476 4064 praestantius,
1491 4010 1572 4063 quam
1593 3993 1688 4062 hujus·

67 4092 152 4129 nunes
168 4076 263 4130 mundi
282 4083 387 4141 aetstes,
406 4084 463 4130 tum
482 4075 515 4146 ad
534 4075 763 4131 confirmationem
784 4075 855 4138 fidei,
894 4073 968 4126 modi
990 4072 1120 4142 epistolas.
1163 4073 1274 4127 Habent
1301 4073 1374 4126 enim
1394 4071 1456 4142 plns
1477 4073 1561 4126 nativi
1584 4090 1687 4138 sensus,

66 4158 116 4207 tum
129 4156 163 4209 ad
183 4155 382 4209 instituendam
401 4148 574 4223 disciplinam
596 4155 731 4226 quandam
745 4163 772 4208 et
786 4155 856 4223 peri·
895 4169 977 4222 quam
992 4152 1142 4215 orationem
1154 4151 1216 4222 plus
1230 4152 1313 4206 etiam
1328 4152 1497 4218 maturitatis,
1510 4169 1592 4224 qnam
1606 4152 1688 4207 collo·

66 4232 125 4289 tiam
144 4236 174 4289 in
196 4235 421 4304 interpretatione
445 4233 658 4304 prophetiarum,
682 4251 743 4306 quae
767 4233 855 4288 adhuc
895 4232 961 4302 quia
973 4231 1071 4286 subita.
1091 4231 1203 4285 Eaedem
1218 4232 1326 4301 quando
1339 4231 1529 4285 continuantur
1541 4233 1688 4286 secuudum

66 4322 160 4366 renam
173 4312 352 4383 complendas.
393 4313 521 4366 Attamen
535 4314 563 4367 iu
575 4313 628 4367 hac
641 4331 679 4378 re,
690 4313 856 4367 admittenda
895 4311 993 4366 seriem
1007 4319 1157 4381 temporum
1173 4311 1260 4383 (uttit
1273 4310 1302 4364 in
1316 4310 1379 4374 illis,
1395 4310 1606 4382 quaealegatis,
1620 4329 1688 4382 prae·

65 4400 102 4443 est
114 4391 160 4445 illa
175 4392 300 4457 latitudo,
315 4410 376 4463 quse
390 4391 489 4446 divinis
502 4393 638 4447 vaticiniis
655 4392 765 4463 propria
775 4399 818 4445 est
828 4400 855 4446 et
894 4389 974 4444 tectis
997 4390 1205 4461 provinciarum,
1228 4396 1256 4444 et
1277 4389 1338 4443 aliis
1362 4390 1472 4460 imperii
1493 4390 1632 4468 ministris,
1653 4391 1688 4444 ad

66 4470 217 4536 familiaria
245 4480 275 4525 ut
294 4471 502 4541 adimpletiones
521 4488 615 4526 eorum
635 4473 701 4525 fiant
720 4481 747 4524 et
767 4472 855 4524 couti-
895 4470 1033 4539 reges,vel
1043 4469 1210 4534 senatus,vel
1219 4468 1286 4522 alios
1296 4469 1451 4540 superiores
1459 4470 1686 4534 suosmittuntur3

66 4562 156 4605 uenter
173 4559 203 4605 et
218 4550 418 4622 punctusliterz
440 4550 560 4605 referunt
581 4551 655 4605 enim
676 4551 792 4604 auctoris
814 4551 856 4604 sui
895 4558 942 4602 aut
956 4549 1076 4603 vicissim
1090 4550 1125 4602 ab
1136 4548 1330 4618 imperantibus
1338 4549 1372 4602 ad
1387 4548 1537 4619 ministros)
1546 4558 1608 4603 sunt
1617 4558 1687 4603 certe

66 4638 202 4693 naturam
224 4630 310 4684 “Cui
326 4646 397 4684 unus
413 4629 473 4684 dies
491 4638 620 4700 tanquam
638 4628 713 4684 mille
736 4629 809 4693 anni,
829 4638 857 4684 et
895 4628 930 4682 ad
947 4628 1100 4690 historiam,
1114 4646 1171 4698 pres
1191 4628 1323 4692 omnibus,
1339 4628 1537 4699 pretiosissima
1555 4627 1687 4699 supellex.

67 4708 136 4762 mille
152 4710 216 4763 anni
236 4718 367 4780 tanquam
384 4725 453 4763 uuus
466 4708 526 4763 dies
535 4712 560 4762 ='’
582 4718 663 4779 atque
683 4709 748 4763 licet
766 4708 854 4779 pleni·
894 4708 993 4778 Neque
1018 4707 1252 4778 apophthegmata
1279 4708 1340 4778 ipsa
1366 4707 1402 4761 ad
1428 4707 1634 4761 delectationem
1660 4716 1689 4761 et

66 4786 126 4841 tudo
144 4796 171 4842 et
197 4789 339 4859 fastigium
363 4786 552 4858 complementi
580 4805 681 4852 eorum,
704 4788 856 4859 plerunque
895 4795 1019 4842 ornatum
1034 4794 1139 4841 tuntum
1157 4794 1277 4858 prosunt,
1292 4787 1339 4841 sed
1353 4787 1445 4840 adres
1458 4786 1591 4858 gerendas
1604 4785 1687 4840 etiam

67 4864 143 4921 alicui
155 4876 237 4921 certae
251 4869 325 4922 aetati
339 4867 383 4920 vel
397 4868 480 4921 etiam
493 4874 567 4921 certo
580 4877 718 4922 momento
735 4867 856 4922 destina·
895 4876 923 4921 et
948 4883 1014 4921 usus
1034 4865 1136 4920 civiles.
1177 4866 1247 4921 Sunt
1268 4866 1342 4920 enim
1363 4866 1405 4937 (ut
1424 4866 1513 4920 aiebat
1530 4865 1590 4936 ille)
1604 4865 1686 4918 veluti

69 4954 124 5007 tun
148 4955 269 5001 attamen
291 4946 397 5000 habent
418 4946 526 5000 interim
548 4947 648 5018 gradus
666 4946 810 5005 nonnullos
830 4954 857 5001 et
896 4952 912 4976 “
926 4946 1051 5000 secures”
1067 4952 1114 4998 aut
1128 4950 1296 5000 “mucrones
1309 4945 1479 5009 verborum,”
1496 4944 1543 5015 qui
1556 4961 1645 4998 rerum
1660 4952 1688 4996 et

69 5024 150 5078 scalas
176 5025 377 5095 complementi,
405 5042 454 5095 per
481 5025 601 5080 diversas
627 5027 721 5080 mundi
754 5033 855 5081 {etates
894 5024 1066 5095 negotiorum
1086 5024 1171 5079 nodos
1185 5025 1309 5079 acumine
1324 5025 1442 5094 quodam
1455 5031 1548 5078 secant
1562 5031 1589 5076 et
1607 5038 1689 5092 pene·

71 5100 126 5156 Hoc
138 5121 206 5174 opus
218 5104 369 5159 desiderari
384 5111 481 5169 statuo,
494 5121 587 5159 verum
600 5104 654 5159 tale
668 5114 718 5170 est,
731 5112 761 5160 ut
778 5122 856 5175 mag·
894 5111 984 5157 traut:
1005 5103 1161 5156 occasiones
1175 5113 1266 5159 summ
1280 5104 1392 5158 redeunt
1410 5105 1438 5157 in
1459 5102 1559 5165 orbem,
1575 5107 1602 5153 et
1616 5100 1688 5170 quod

71 5194 102 5233 m
113 5200 173 5239 eum
186 5184 332 5254 sapientia,
346 5183 501 5247 sobrietate,
516 5193 544 5237 et
565 5186 718 5240 reverentis
737 5192 855 5239 tractan-
881 5198 883 5201 ·
895 5182 961 5236 olim
981 5189 1039 5236 erat
1056 5183 1237 5248 commodum,
1256 5200 1348 5237 rursus
1369 5181 1493 5242 adhiberi
1514 5186 1541 5232 et
1560 5180 1688 5250 prodesse

72 5259 128 5316 dnm
141 5264 184 5327 sit,
198 5272 247 5318 ant
260 5263 374 5317 omnino
386 5262 580 5317 dimittendum.
894 5269 1002 5331 potest;
1024 5261 1082 5316 sive
1110 5261 1171 5331 quis
1198 5280 1232 5317 ea
1258 5270 1386 5332 tanquam
1414 5276 1463 5314 sus
1483 5256 1609 5327 proferat,
1630 5259 1688 5313 sive

107 5340 282 5413 Tenispara,
298 5340 489 5412 qusebistoria
508 5343 660 5398 Nemeseos
680 5350 807 5406 estuans
827 5342 855 5397 in
894 5350 1024 5411 tauquam
1043 5345 1143 5394 vetere.
1185 5342 1284 5412 Neque
1305 5349 1377 5394 certe
1398 5339 1430 5393 de
1446 5337 1560 5392 utilitate
1575 5337 1634 5405 ejns
1648 5339 1687 5391 rei

73 5416 180 5477 calamos
202 5420 397 5476 nonnullorum
417 5421 523 5489 piorum
543 5421 661 5476 virorum
684 5423 786 5487 incidit,
809 5422 857 5477 sed
894 5421 928 5474 sd
942 5419 1034 5474 civilia
1047 5418 1164 5474 dubitari
1178 5428 1278 5493 potest,
1287 5437 1367 5490 quam
1377 5419 1470 5472 Casas
1481 5416 1595 5472 dictator
1606 5434 1689 5488 opera

114 5515 172 5555 ror.
192 5516 225 5558 tr.
454 5514 473 5553 r
