3800 5875
218 274 275 330 318
726 274 777 327 ΒΕ
798 273 1024 329 AUGMENTIS
1046 273 1320 329 SCIENTIARUM.
1718 273 1782 328 Lra.
1799 274 1835 327 ll.

215 449 307 488 ramur
327 447 467 504 congruus,
482 431 645 501 postiemum
666 432 812 487 memorias
824 431 934 497 scilicet,
949 432 1007 486 his·
1043 432 1199 486 celebritate
1221 441 1248 486 et
1266 431 1375 485 nornine
1395 431 1529 485 excellere
1544 430 1683 496 ridenturr
1705 431 1775 486 vitae
1793 449 1839 486 au·

215 513 314 567 torirmr
338 511 447 580 justam,
474 517 501 564 at
528 511 710 581 antiquitates.
770 510 914 566 Memoriae
943 518 1006 565 sunt
1044 518 1100 564 tem
1114 512 1201 566 fructu
1211 519 1238 565 et
1249 510 1401 580 exemplis;
1422 510 1564 564 relationes
1572 527 1665 564 rursus
1678 510 1839 564 sinceritate

215 591 331 646 historia
343 590 477 655 inchoata,
492 599 538 643 aut
551 590 639 658 prima
653 597 681 643 et
693 589 772 644 rudia
785 590 905 645 historiae
918 590 1005 644 linea·
1044 600 1071 643 et
1091 591 1212 644 veritate.
1253 588 1389 644 Chronica
1410 606 1536 661 namque,
1557 588 1769 659 amplitudinem
1797 608 1841 644 sc·

215 677 324 732 mentar
353 669 527 739 antiquitates
546 685 611 722 vero
631 668 746 723 historia
767 669 917 724 delormata
935 678 1005 734 sunt,
1043 670 1147 724 tionum
1160 669 1336 739 publicarum,
1354 676 1381 721 et
1398 685 1573 738 personarum
1592 669 1677 723 facies
1697 677 1840 733 externas,

216 750 274 803 sire
287 747 408 818 reliquiae
422 747 551 814 historiae,
566 764 627 818 quae
639 765 705 803 casu
718 765 734 802 a
747 750 890 820 naufragio
903 757 1006 820 tempo
1044 756 1071 802 et
1091 750 1120 802 in
1142 749 1280 819 publicum
1301 764 1400 811 versas,
1422 755 1588 818 proponunt:
1608 749 1716 802 minora
1737 755 1840 814 antem,

215 845 276 883 rum
290 834 389 897 ereptas
403 832 473 880 aunt.
1044 844 1105 898 qnae
1119 836 1176 882 tum
1193 828 1228 881 ad
1247 845 1299 890 res,
1315 837 1372 881 tnnr
1387 827 1423 880 ad
1441 843 1570 897 personas
1591 828 1741 896 pertinent,
1761 828 1841 881 omit·

255 905 405 970 Memoriae,
426 906 481 959 sire
504 905 713 975 praeparationes
733 906 769 960 ad
787 906 937 971 historiam,
959 907 1006 962 du·
1044 914 1111 969 tunt,
1134 916 1160 959 et
1180 907 1287 961 silentio
1303 905 1452 961 involvunt.
1494 906 1564 960 Cum
1584 922 1648 959 vero
1672 907 1703 959 id
1727 907 1841 961 artificii

215 986 293 1056 plicis
308 985 415 1055 generis
428 991 506 1049 sunt)
528 1001 642 1055 quorum
656 985 770 1040 alterum
789 987 1004 1051 commentarios,
1043 985 1127 1039 divini
1142 986 1178 1040 sit
1191 986 1336 1057 proprium,
1350 993 1380 1038 ut
1392 986 1512 1039 maxima
1522 1003 1537 1039 e
1546 986 1666 1039 minimis
1678 987 1840 1056 suspendat,

215 1064 330 1119 alterurn
343 1064 459 1133 registra
471 1079 568 1117 vocare
579 1063 676 1134 placet.
697 1063 891 1119 commentarii
904 1065 1005 1119 nudam
1044 1064 1076 1116 fit
1089 1082 1281 1135 sepenumero,
1295 1074 1325 1119 ut
1346 1064 1500 1134 hujusmodi
1519 1065 1638 1128 historia,
1653 1067 1764 1133 majora
1782 1073 1841 1120 tsn-

215 1145 350 1198 actionum
362 1150 391 1196 et
403 1151 546 1196 eventuum
565 1144 664 1197 seriem
685 1160 717 1197 ac
736 1146 930 1200 connexionem
944 1161 1005 1215 pro
1044 1149 1101 1198 trrm
1114 1154 1261 1214 persecuta,
1275 1144 1445 1215 negotiorum
1458 1160 1585 1214 pompam
1597 1145 1692 1214 potins
1705 1153 1736 1198 et
1750 1146 1841 1199 solen·

214 1229 326 1293 ponunt,
340 1221 529 1292 praetermissis
549 1222 639 1277 causis
661 1239 750 1277 rerum
772 1231 800 1277 et
819 1223 1004 1294 praetextibus,
1043 1223 1097 1288 nia,
1112 1240 1194 1293 quam
1208 1241 1301 1277 eorum
1314 1240 1392 1276 veros
1410 1223 1517 1278 fomites
1530 1231 1558 1277 et
1576 1232 1701 1277 texturas
1715 1224 1841 1279 subtilio-

215 1301 300 1355 initiis
321 1317 427 1372 quoque
448 1301 595 1355 earundem
615 1306 643 1355 et
664 1303 860 1368 occasionibus,
883 1302 1005 1357 consiliis
1044 1318 1087 1356 res
1109 1303 1250 1367 ostendat,
1272 1303 1428 1374 quinetiam,
1453 1303 1504 1357 etsi
1526 1303 1640 1356 masilia
1660 1305 1725 1372 ipsa
1748 1303 1839 1371 addat,

215 1380 319 1444 itidem,
334 1390 360 1433 et
374 1380 547 1444 orationibus,
558 1388 586 1434 et
599 1378 703 1451 reliquo
716 1383 852 1436 actionum
864 1390 1003 1453 apparatu
1044 1389 1124 1451 atque
1145 1383 1304 1446 immisceat,
1329 1391 1420 1435 tamen
1444 1382 1594 1452 granditate
1618 1384 1753 1451 gaudens,
1776 1383 1840 1454 plns

215 1459 291 1514 'l'alis
301 1460 374 1514 enirn
385 1466 426 1512 est
436 1460 546 1529 propris
555 1460 806 1515 commentariorum
816 1470 925 1524 naturar
939 1463 1004 1517 licet
1044 1463 1183 1530 gravitatis
1205 1468 1286 1532 atque
1313 1460 1470 1530 prudentiae,
1496 1478 1576 1532 quam
1601 1478 1697 1514 revers
1725 1462 1839 1528 habent,

216 1539 326 1602 Caua,
336 1556 385 1608 per
397 1538 556 1592 modestiam
567 1540 701 1609 quandam
712 1558 773 1595 snm
783 1541 1004 1612 magnanimitate
1043 1538 1169 1595 humanis
1182 1541 1332 1594 actionrbus
1345 1548 1487 1611 aspergam
1507 1548 1538 1594 ut
1551 1541 1633 1593 satira
1642 1540 1739 1611 aliqua
1752 1545 1841 1610 possit

215 1619 394 1685 conjunctam,
409 1618 648 1688 praestantissima,
665 1620 736 1674 inter
757 1636 810 1684 eas,
826 1637 886 1691 qua
909 1630 1005 1675 extant
1044 1635 1103 1673 esse
1117 1621 1205 1674 tenor
1218 1620 1345 1674 humana
1358 1620 1422 1673 rina
1441 1619 1540 1682 tabula,
1555 1635 1637 1690 qnam
1652 1620 1790 1674 nonnulla
1803 1639 1839 1676 ex

214 1696 343 1760 historiar,
357 1698 609 1752 commentariorum
630 1714 728 1754 nomen
748 1699 841 1754 indere
862 1699 1002 1771 placuerit.
1043 1699 1174 1766 quemodi
1188 1699 1318 1754 historiis
1341 1698 1451 1766 Contra,
1462 1699 1532 1762 vitre,
1543 1699 1567 1751 si
1577 1698 1727 1768 diligenter
1737 1708 1839 1756 etcum

215 1773 253 1830 At
274 1776 391 1846 registra
413 1775 530 1845 duplicia
554 1785 660 1831 naturas
683 1785 763 1833 snntr
791 1780 1005 1849 complectuntur
1040 1778 1143 1845 judicio
1155 1779 1355 1849 perscribantur
1371 1778 1556 1850 (nequeenim
1576 1778 1609 1831 de
1624 1777 1727 1848 elogiis
1741 1788 1771 1833 et
1790 1780 1840 1835 hn-

215 1856 290 1909 enim
303 1867 349 1909 aut
361 1855 453 1909 titulos
466 1872 557 1909 rerum
575 1863 603 1909 et
619 1872 801 1926 personarum,
815 1859 844 1912 in
857 1860 926 1913 serie
940 1867 1005 1914 tem·
1040 1856 1158 1925 jusmodi
1169 1857 1468 1912 commemorationibus
1477 1858 1579 1927 ieiunis
1588 1856 1741 1927 loquimur)
1754 1877 1840 1929 quan-

215 1950 326 2002 pommr
348 1933 442 2004 quales
456 1934 580 1989 dicuntur
601 1935 664 1990 fasti
687 1944 715 1991 et
734 1938 936 2008 chronologiae:
958 1948 1005 1993 sut
1042 1937 1187 2008 doquidem
1206 1954 1350 2007 personam
1371 1937 1538 2008 singularem
1561 1951 1612 2005 pro
1634 1936 1762 2004 subjecto
1786 1940 1838 1992 sibi

215 2021 335 2067 actorum
348 2012 537 2076 solennitatem
558 2013 634 2082 cujus
649 2017 756 2086 generis
770 2025 839 2081 sunt,
852 2018 1004 2089 principum
1043 2018 1246 2086 proponentia
1263 2033 1317 2088 qus
1337 2032 1447 2071 necesse
1467 2025 1508 2070 est
1525 2016 1653 2078 actiones,
1667 2033 1725 2070 non
1745 2019 1840 2073 minus

216 2091 313 2156 edicta,
328 2099 468 2146 senatuum
479 2092 595 2156 decreta,
607 2095 771 2162 judiciorum
785 2112 932 2164 processus,
947 2114 1005 2151 ora-
1043 2093 1116 2149 leves
1135 2112 1216 2166 quam
1234 2113 1338 2168 graves,
1356 2111 1453 2167 parrae
1467 2113 1548 2167 quarn
1566 2094 1692 2164 grandes,
1714 2098 1840 2165 privatas

216 2171 304 2224 tiones
326 2169 434 2240 publice
458 2170 566 2235 habitae,
589 2172 711 2242 epistole
729 2174 836 2243 publice
857 2176 956 2240 missae,
978 2185 1004 2231 et
1043 2191 1124 2244 qnam
1137 2175 1405 2246 publicas,·componi
1417 2182 1445 2228 et
1458 2174 1641 2237 commisceri;
1663 2191 1732 2229 sane
1746 2179 1840 2247 magis

216 2249 323 2314 similia,
333 2251 434 2320 absque
444 2251 741 2308 narrationiscontextn
750 2254 807 2307 sire
816 2253 862 2308 filo
869 2255 1003 2311 confinuo.
1043 2253 1159 2309 rivaret
1179 2255 1246 2309 fidas
1260 2272 1349 2309 rerum
1367 2254 1542 2319 narrationes,
1556 2261 1584 2308 et
1605 2270 1674 2324 quas
1687 2254 1724 2308 ad
1745 2273 1841 2311 exem·

257 2329 447 2399 Antiquitates,
469 2347 518 2384 seu
531 2329 705 2387 historiamm
723 2333 853 2404 reliquiae,
868 2342 930 2388 sunt
953 2337 1004 2403 (uti
1043 2332 1119 2403 plum
1138 2335 1221 2389 tutius
1241 2342 1268 2389 et
1288 2334 1395 2388 felicius
1414 2333 1558 2387 transferre
1579 2333 1675 2403 possis,
1690 2333 1839 2390 exhibent.

212 2409 272 2477 jam
285 2408 416 2476 diximus)
437 2417 566 2480 tanquam
583 2410 681 2465 tabulae
699 2413 843 2483 naufragii,
858 2431 926 2478 sum,
941 2414 1005 2468 defi·
1044 2412 1079 2465 ht
1088 2414 1231 2468 relationes
1241 2414 1377 2468 actionum
1389 2413 1521 2482 speciales
1533 2412 1641 2484 (quales
1655 2421 1719 2468 sunt
1732 2414 1841 2470 bellum

215 2487 303 2540 ciente
317 2497 346 2540 et
359 2487 416 2541 iere
429 2489 568 2543 submersa
579 2507 668 2544 rernm
676 2493 814 2555 memoria,
828 2492 1004 2548 nihilominus
1043 2490 1232 2562 Peloponnesi,
1247 2493 1384 2563 expeditio
1398 2492 1471 2561 Cyri,
1486 2492 1636 2560 conjuratio
1649 2491 1794 2558 Catilinae,
1811 2505 1840 2550 et

215 2565 340 2621 homines
352 2565 478 2621 industrii
499 2576 527 2622 et
548 2585 667 2639 sagaces,
689 2572 819 2641 pertinaci
840 2572 956 2642 quadam
977 2580 1004 2627 et
1044 2571 1158 2638 similia)
1172 2573 1282 2627 omnino
1300 2572 1406 2642 puriore
1428 2580 1457 2625 et
1474 2571 1564 2642 magia
1584 2571 1691 2626 sincero
1712 2575 1840 2629 veritatis

214 2645 373 2715 scrupulosa
391 2646 540 2717 diligentia,
560 2665 595 2702 ex
614 2648 788 2719 genealogiis,
809 2650 894 2716 fastis,
909 2651 1004 2716 titulis,
1043 2651 1158 2704 candore
1172 2652 1265 2706 vestiri
1280 2668 1330 2722 par
1342 2659 1392 2714 est,
1403 2668 1484 2722 qnam
1494 2651 1621 2705 historias
1631 2651 1720 2718 justas
1733 2660 1841 2724 tempo

214 2725 406 2789 monumentis,
428 2728 643 2793 numismatibus,
666 2730 821 2785 nominibus
839 2732 956 2801 propriis
977 2741 1006 2785 et
1043 2747 1118 2792 rnm;
1140 2732 1205 2801 qnia
1217 2739 1404 2801 argumentum
1422 2731 1451 2784 in
1473 2730 1508 2784 iis
1521 2729 1604 2800 deligi
1620 2737 1648 2782 et
1660 2732 1735 2785 sumi
1749 2743 1841 2801 potest

214 2804 301 2874 stylis,
308 2804 450 2860 verborum
457 2806 638 2877 etymologiis,
645 2809 802 2877 proverbiis,
808 2810 1004 2876 traditionibus,
1043 2808 1134 2863 habile
1145 2818 1172 2864 et
1182 2811 1334 2874 definitum
1355 2818 1436 2880 atque
1447 2810 1587 2878 ejusmodi,
1597 2817 1629 2863 ut
1639 2809 1675 2863 de
1689 2827 1725 2864 eo
1738 2813 1841 2867 notitia

214 2883 342 2949 archivis,
354 2891 380 2939 et
392 2885 582 2952 instrumentis,
597 2894 653 2942 tsnr
666 2886 781 2958 publicis
792 2905 873 2961 quam
882 2890 1003 2961 privatis,
1043 2897 1071 2942 et
1083 2889 1214 2944 certitudo
1226 2891 1306 2955 bona,
1317 2896 1344 2945 et
1356 2888 1440 2961 plena
1454 2889 1609 2944 informatio
1621 2889 1720 2945 haberi
1733 2892 1838 2963 possim

216 2964 390 3018 historismm
404 2965 571 3036 fragmentis,
591 2966 721 3022 librorum
742 2970 900 3039 neutiquam
921 2970 1004 3025 histo
1043 2984 1104 3023 cum
1117 2976 1209 3024 contra
1222 2969 1334 3024 historia
1351 2970 1481 3040 temporis
1501 2970 1743 3040 (presentiaque
1757 2980 1839 3027 retate

216 3044 334 3097 ricorrrm
353 3043 421 3098 locis
442 3045 587 3115 dispersim
609 3063 644 3099 ex
661 3047 712 3111 his,
732 3047 851 3120 inquam,
871 3050 1003 3114 omnibus,
1043 3048 1181 3118 scriptoris
1190 3050 1275 3104 multo
1287 3049 1421 3120 antiquior
1435 3050 1483 3115 sit)
1494 3050 1647 3104 necessario
1659 3050 1690 3103 in
1704 3054 1841 3107 memoria

216 3121 260 3177 vel
268 3122 410 3194 aliquibus,
421 3123 550 3178 nonnulla
560 3127 714 3196 atemporis
723 3126 824 3182 diluvio
837 3129 962 3198 eripiunt,
977 3138 1005 3184 et
1043 3144 1133 3182 rerum
1147 3130 1246 3198 saepius
1267 3129 1380 3192 fatiscat,
1395 3136 1423 3183 et
1436 3127 1519 3182 veluti
1536 3130 1625 3198 spatia
1637 3146 1728 3183 vacua
1747 3133 1839 3185 conti·

214 3210 384 3256 conservant.
413 3203 469 3256 Res
483 3220 547 3257 sane
561 3220 683 3274 operosa,
694 3205 741 3260 sed
750 3206 909 3261 mortalibus
919 3216 1003 3278 grata,
1042 3215 1119 3271 neat3
1142 3224 1202 3277 quaa
1215 3208 1326 3278 ingenio
1348 3215 1374 3262 et
1393 3209 1549 3277 conjectura
1565 3208 1701 3277 occupari,
1725 3217 1755 3263 et
1776 3228 1840 3283 sup-

215 3288 246 3334 et
255 3298 317 3336 cum
328 3283 477 3336 reverentia
485 3283 601 3354 quadam
610 3286 766 3353 conjuncta3
788 3303 820 3338 ac
831 3286 1003 3358 dignacerte,
1043 3285 1111 3357 pleri
1124 3287 1190 3340 satis
1202 3287 1315 3341 licenter
1328 3296 1530 3342 conmererunt
1552 3287 1615 3340 Hoc
1629 3296 1723 3341 tamen
1736 3290 1838 3359 ipsum,

215 3378 286 3431 quae,
299 3361 395 3415 deletis
410 3361 540 3416 fabulosis
550 3364 691 3418 nationum
700 3365 858 3435 originibus,
871 3367 900 3420 in
915 3366 1004 3423 locum
1043 3367 1114 3437 quod
1128 3366 1161 3419 de
1177 3366 1338 3421 relationum
1350 3367 1505 3421 sinceritate
1523 3366 1645 3431 dicimus,
1660 3384 1725 3422 cum
1739 3387 1840 3441 exeep-

217 3438 371 3508 hujusmodi
384 3442 628 3497 commentitiorum
641 3444 832 3509 substituatur3
853 3446 900 3499 sed
914 3456 1004 3502 tamen
1043 3449 1115 3499 tione
1139 3445 1343 3516 intelligendum
1365 3455 1421 3510 est;
1446 3462 1510 3499 nam
1533 3446 1672 3500 fatendum
1697 3460 1773 3503 certe
1798 3460 1840 3504 est

217 3536 251 3572 eo
263 3520 352 3574 minus
366 3520 472 3574 habens
491 3523 664 3587 auctoritatis,
679 3524 743 3595 quia
763 3540 909 3595 pauconrm
923 3525 1004 3581 licen·
1043 3523 1119 3599 (cum
1133 3525 1252 3579 humana
1265 3526 1354 3579 omnia
1368 3543 1403 3579 ex
1416 3533 1493 3595 parte
1507 3525 1638 3590 laborent,
1652 3534 1681 3580 et
1694 3530 1841 3584 commoda

216 3597 262 3652 tire
276 3599 423 3668 subjicitur,
438 3600 509 3671 quod
524 3602 617 3671 paucis
630 3620 701 3657 curra
715 3611 763 3657 est.
1043 3621 1104 3658 cum
1116 3604 1294 3659 incommodis
1308 3604 1364 3659 fere
1384 3613 1515 3675 perpetuo
1535 3606 1680 3673 conjuncta
1701 3604 1775 3681 sint)
1789 3609 1839 3663 hn-

259 3678 290 3730 ln
311 3676 355 3732 his
375 3679 541 3749 imperfecta
563 3679 684 3736 historia
703 3684 856 3754 generibus,
871 3684 1004 3739 defectum
1040 3684 1157 3751 jusmodi
1172 3684 1323 3748 relationes,
1335 3686 1482 3753 prasertim
1496 3685 1519 3739 si
1531 3685 1581 3740 sub
1590 3685 1652 3754 ipsa
1666 3704 1760 3742 rerum
1774 3705 1838 3760 ges-

215 3754 336 3827 aliquam
349 3775 403 3812 non
424 3766 489 3828 puto
506 3758 709 3830 designandum,
723 3781 784 3817 cum
804 3764 859 3816 sint
874 3771 1004 3835 tanquam
1044 3773 1130 3818 tarum
1141 3771 1265 3835 tempora
1278 3764 1390 3818 edantur
1401 3762 1478 3839 (cum
1491 3765 1591 3835 saepius
1601 3763 1646 3818 vel
1658 3766 1694 3819 sd
1708 3770 1837 3837 gratiam,

216 3835 373 3906 imperfecte
386 3838 482 3901 mixta,
496 3844 527 3892 ut
542 3839 663 3895 deiectus
676 3840 832 3910 hujusmodi
845 3843 880 3897 sit
894 3861 929 3898 ex
943 3844 1005 3914 ipsa
1044 3842 1087 3897 rel
1109 3843 1143 3897 ad
1165 3844 1295 3898 invidiam
1318 3843 1483 3912 scribantur)
1505 3845 1626 3898 omnium
1647 3849 1838 3901 narrationum

217 3930 310 3969 eanrnr
323 3923 427 3971 natura
461 3916 504 3970 Ad
518 3918 649 3987 epitomas
664 3922 734 3991 quod
756 3923 851 3977 attinet
865 3920 1005 3997 (historia-
1044 3923 1137 3976 merito
1150 3924 1268 3978 maxime
1282 3931 1419 3992 suspectas
1432 3940 1500 3978 esse.
1541 3923 1595 3977 Sed
1608 3941 1704 3979 rursus
1719 3926 1785 3980 huic
1799 3928 1839 3979 in-

216 4009 277 4047 rum
290 4003 361 4049 certe
376 3995 510 4050 teredines
524 4006 551 4050 et
565 3995 667 4073 tineas)
682 4016 728 4054 eas
742 4001 852 4057 exulare
866 4002 1003 4067 volumus;
1043 4001 1693 4067 commodoetiamilludconnasciturremedinmr
1703 4005 1839 4075 quodillre

217 4074 386 4142 quodetiam
399 4092 461 4130 cum
477 4074 608 4145 plurimis,
623 4080 670 4149 qui
690 4082 808 4135 maxime
823 4082 882 4135 sani
897 4082 1004 4136 fuerunt
1043 4082 1110 4150 ipsae
1124 4081 1275 4145 relationes,
1290 4100 1351 4136 curn
1365 4097 1420 4135 non
1440 4098 1475 4136 ex
1491 4099 1546 4136 nna
1562 4092 1639 4152 parte
1653 4083 1837 4148 solummodo,

213 4151 317 4219 judicii,
332 4152 461 4217 facimusr
482 4163 575 4224 utpote
590 4174 651 4228 qure
668 4159 806 4228 complura
826 4161 1004 4215 nobilissima·
1044 4161 1091 4213 sed
1110 4178 1161 4230 pro
1180 4162 1343 4216 factionibus
1362 4168 1388 4215 et
1407 4162 1525 4231 partiam
1543 4162 1646 4224 studiis,
1659 4179 1698 4216 ex
1720 4173 1838 4236 unaque

217 4247 277 4284 rum
295 4231 470 4287 historiamm
489 4251 603 4305 corpora
624 4237 763 4292 exederint
785 4248 813 4293 et
832 4240 1004 4306 corroderint,
1043 4247 1119 4308 parte
1133 4257 1241 4310 semper
1255 4242 1310 4295 fere
1324 4241 1443 4306 edantur,
1454 4242 1527 4295 riam
1537 4241 1588 4295 hor
1602 4250 1684 4311 pacto
1699 4244 1838 4314 quandam

216 4317 297 4380 atque
307 4310 336 4363 in
350 4309 430 4367 fasces
443 4313 554 4368 inutiles
568 4315 675 4370 demum
689 4318 849 4390 redegerint.
1044 4320 1159 4383 veritati,
1173 4328 1302 4391 tanquam
1322 4320 1392 4373 inter
1406 4330 1535 4385 extrema,
1550 4321 1678 4391 aperiunt
1700 4333 1728 4376 et
1744 4324 1837 4377 mnni-

1043 4406 1109 4463 unt;
1130 4407 1211 4472 atque
1223 4407 1368 4471 postquam
1382 4400 1567 4455 contentiones
1580 4402 1736 4456 animorum
1750 4403 1840 4456 defer·

724 4526 729 4541 ,
1044 4477 1158 4541 buerint,
1173 4479 1301 4533 historico
1314 4479 1385 4532 bono
1398 4487 1425 4532 et
1438 4480 1561 4550 prudenti
1574 4496 1629 4533 non
1643 4482 1766 4550 pessima
1780 4482 1839 4537 his-

432 4548 556 4606 CAPUT
577 4551 787 4609 SEPTIMUM.
1044 4557 1119 4612 toriae
1132 4558 1299 4627 perfectioris
1312 4558 1426 4612 materis
1440 4566 1467 4613 et
1479 4560 1608 4614 sementis
1622 4569 1694 4613 sunt.

1082 4636 1158 4697 Quod
1170 4655 1235 4691 vero
1247 4638 1280 4691 ad
1291 4654 1331 4699 ea,
1342 4655 1403 4709 quar
1416 4638 1445 4691 in
1458 4637 1502 4692 his
1516 4639 1601 4693 tribus
1615 4639 1741 4693 historiae
1755 4656 1839 4711 gene·

219 4703 342 4759 Partitis
358 4707 478 4762 historica
495 4713 582 4779 jorra
604 4711 877 4780 incarcerantur,
894 4724 919 4768 ef
937 4718 1005 4769 reia·
1042 4716 1117 4771 ribus
1139 4716 1283 4771 desiderari
1305 4717 1458 4781 rideantrrr3
1480 4718 1589 4772 dubium
1611 4725 1686 4772 certe
1705 4736 1763 4773 rron
1786 4730 1837 4783 est,

335 4787 419 4841 tiones
426 4808 437 4847 .·
457 4804 598 4861 earumque
606 4795 730 4861 partiam
743 4795 896 4865 replicatio.
1044 4797 1107 4865 quin
1123 4796 1245 4865 plurimae
1258 4796 1379 4851 historiae
1392 4795 1568 4866 particulares
1580 4796 1626 4867 (de
1637 4798 1740 4853 talibus
1750 4799 1838 4870 loqui-

1043 4891 1111 4938 mur,
1123 4892 1183 4945 qoae
1197 4893 1257 4930 esse
1270 4877 1387 4946 possint)
1399 4875 1513 4944 alicujus
1527 4877 1677 4947 dignitatis,
1690 4887 1739 4932 aut
1753 4882 1836 4933 etiarn

258 4944 300 4998 As
320 4943 435 4998 historia
453 4947 526 5013 justa
540 4948 621 5003 trium
634 4955 674 5002 est
685 4967 821 5020 generum,
836 4969 885 5022 pro
899 4954 1004 5006 ratione
1043 4954 1242 5019 mediocritatis,
1253 4973 1313 5009 cum
1325 4955 1444 5010 marimo
1457 4972 1601 5025 regnorum
1615 4966 1642 5009 et
1654 4959 1836 5027 remmpnbli·

216 5023 324 5092 objecti,
344 5025 415 5094 quod
434 5027 485 5078 sibi
511 5028 636 5096 proponit
657 5032 909 5097 repraesentandum.
952 5033 1006 5087 Aut
1043 5050 1142 5096 carum,
1157 5035 1254 5105 quibus
1274 5034 1409 5100 debentur,
1430 5034 1540 5089 honoris
1562 5043 1588 5089 et
1608 5039 1731 5091 nominis
1751 5038 1835 5091 detri-

217 5104 291 5157 enirn
305 5104 456 5173 portionem
470 5104 589 5174 aliquam
604 5107 732 5177 temporis
750 5119 938 5179 repraesentem
960 5121 1006 5165 aut
1044 5122 1141 5175 mento,
1170 5113 1308 5183 hucusque
1342 5115 1528 5183 praetermissor
1554 5116 1615 5178 sint,
1645 5134 1715 5186 quas
1740 5126 1835 5171 notare

217 5198 359 5251 personam
387 5182 553 5252 singularem
576 5187 707 5238 memoria
731 5188 859 5258 dignam
891 5205 937 5245 aut
963 5208 1004 5244 ac·
1043 5192 1202 5264 perlongum
1228 5200 1306 5247 esset.
1348 5193 1482 5247 Caeterum
1509 5204 1664 5249 exterarum
1692 5197 1834 5250 nationum

215 5262 317 5315 tionem
330 5261 450 5332 aliquam
470 5261 526 5314 sive
544 5279 602 5316 rem
623 5272 727 5334 gestam
749 5283 785 5320 ex
804 5267 1003 5325 illustrioribus.
1042 5270 1169 5325 historias
1184 5282 1335 5327 exterorum
1345 5290 1415 5326 curae
1424 5274 1580 5343 relinquens
1595 5276 1642 5341 (ne
1657 5275 1726 5330 forte
1741 5277 1793 5330 sim
1806 5277 1834 5328 in

215 5338 337 5394 Primum
352 5341 480 5394 chronica
500 5340 557 5394 sire
580 5343 691 5397 annales
706 5344 890 5414 appellamus3
913 5366 1005 5404 secun·
1043 5349 1133 5404 aliena
1156 5352 1296 5422 republica
1317 5353 1449 5421 curiosus)
1473 5368 1528 5406 aon
1550 5369 1662 5422 possum
1687 5372 1742 5409 non
1761 5355 1834 5425 apud

216 5417 376 5485 demultus,
397 5419 504 5475 tertiam
518 5419 670 5477 relationes.
704 5423 779 5479 luter
794 5443 862 5495 qua,
877 5429 1005 5485 chronica
1042 5428 1213 5505 majestatem
1227 5440 1300 5487 tuam
1314 5433 1450 5502 conqueri,
1463 5432 1495 5487 de
1509 5432 1630 5488 historiae
1645 5434 1762 5507 Anglite,
1773 5451 1834 5506 qum
