3800 5875
231 299 288 353 308
746 290 796 344 DE
817 289 1042 345 AUGMENTIS
1064 289 1337 346 SCIENTIARUM.
1728 285 1792 341 Lm.
1811 285 1848 340 ll.

231 457 352 512 humana
365 454 468 524 absque
479 452 599 523 corporis
610 465 713 522 organo
726 455 855 519 prestare
868 448 962 518 possit,
977 464 1023 501 eus
1058 446 1113 501 ulls
1126 464 1215 503 cauare
1228 445 1311 522 hujus
1333 463 1382 517 pro
1395 445 1518 500 mmor
1540 447 1717 514 peroratione,
1739 454 1787 499 ant
1808 464 1853 498 ae·

231 536 314 588 etiam
325 541 386 604 post
395 541 510 587 mortem
519 546 677 602 permanere
688 527 828 599 probabile
840 543 912 582 esse:
928 526 1022 598 quales
1057 527 1137 590 tione,
1149 526 1254 595 judicia
1266 527 1425 591 rescindam,
1437 524 1480 578 sel
1494 523 1612 592 AEsopici
1628 524 1703 592 galli,
1718 525 1767 594 qui
1786 541 1853 594 grs-

230 614 359 667 nimirum
373 620 449 667 erant
469 611 630 671 intellectus,
644 608 755 662 minime
774 614 862 660 sutem
877 608 1022 660 affectuum
1056 622 1123 659 num
1142 605 1236 660 hordei
1258 622 1375 676 gemma
1393 603 1526 675 praetulit3
1547 602 1590 655 vel
1610 602 1703 665 Midae,
1720 604 1767 674 qui
1787 621 1855 657 cum

231 701 329 746 motus
371 692 447 744 Adeo
468 690 573 744 seilicet
591 687 705 741 scientia
722 684 885 739 immortalis
898 685 958 739 visa
980 692 1023 739 est
1056 684 1156 738 arbiter
1178 685 1265 740 iactus
1285 693 1360 738 esset
1380 684 1450 737 inter
1469 681 1625 751 Apollinem
1647 681 1803 743 Musarum,
1827 695 1855 735 et

231 789 275 825 res
289 771 345 825 illia
364 777 445 840 atque
465 765 687 838 incorruptibilis.
728 765 788 818 Nos
810 774 909 827 autem,
924 763 1023 834 quibua
1056 762 1159 818 Panem
1172 765 1262 818 ovium
1275 763 1427 834 presidem,
1441 760 1586 831 opulentia
1599 761 1719 830 palmam
1734 761 1853 824 detulit;

231 850 323 904 divina
336 848 466 903 revelatio
478 848 576 909 illuxit,
591 844 779 899 conculcantes
796 843 855 897 haec
870 843 1023 897 rudimenta
1056 842 1101 895 ael
1113 841 1232 910 Paridis,
1247 843 1302 914 qui,
1314 852 1406 912 spreta
1419 841 1553 912 sapientia
1563 856 1594 892 ac
1606 840 1732 909 potentm
1745 842 1855 909 primas

231 938 313 1000 atque
327 928 441 982 offucias
451 943 584 989 sensuum,
599 924 724 978 novimus
733 940 788 977 uon
798 921 885 976 solum
895 929 1022 985 mentem,
1057 921 1188 990 voluptati
1203 932 1232 976 et
1251 923 1336 976 amori
1355 921 1446 985 dedit;
1467 919 1510 973 vel
1531 917 1691 989 Agrippinae
1712 918 1854 989 eligentis,

231 1009 280 1063 sed
293 1015 320 1061 et
333 1008 445 1061 affectus
466 1011 652 1077 perpurgatus,
666 1019 754 1073 neque
776 980 1021 1063 auimsm⁴tantum,
1057 1001 1193 1054 “occidat
1213 1007 1334 1064 mairem,
1356 1001 1436 1054 modo
1454 999 1596 1069 imperet‚”
1616 999 1764 1067 imperium
1786 997 1855 1052 licet

232 1088 280 1141 scd
294 1087 377 1141 etiam
390 1103 496 1157 corpus,
511 1084 545 1137 ad
560 1082 789 1137 immortalitatem
804 1089 973 1151 assumptum
987 1081 1021 1134 iri
1056 1095 1117 1133 cum
1131 1080 1283 1134 conditione
1294 1079 1451 1135 detestanda
1461 1078 1653 1147 praeoptantis;
1673 1076 1717 1130 rel
1728 1077 1853 1147 Ulyseis,

231 1183 281 1220 suo
304 1175 435 1235 tempore.
476 1162 623 1218 Sedenim
644 1161 818 1215 meminerint
839 1159 973 1223 homiues,
996 1167 1023 1213 et
1058 1163 1074 1190 ¹‘
1089 1159 1137 1229 qui
1157 1159 1275 1213 vetulam
1296 1158 1414 1230 pretulit
1434 1155 1672 1220 immortalitati;'’
1695 1158 1757 1227 typi
1776 1165 1856 1212 certe

230 1261 303 1299 nuuc
316 1253 344 1298 et
357 1244 426 1299 alias
440 1244 486 1297 nbi
508 1260 576 1312 opus
597 1241 684 1302 luerit,
700 1256 743 1294 ure
765 1240 794 1293 in
818 1239 1022 1309 probationibus
1057 1254 1157 1302 eorum,
1179 1239 1226 1308 qui
1246 1246 1374 1292 cousueta
1390 1237 1501 1307 optimis
1521 1244 1698 1304 praepoauut3
1720 1235 1855 1305 plurima·

231 1324 264 1376 de
278 1324 408 1395 dignitate
422 1321 550 1384 scientim,
565 1320 628 1374 inde
642 1319 676 1373 ab
687 1318 765 1372 initio
779 1318 931 1385 sejunxisse
945 1318 1021 1373 testi-
1057 1333 1109 1387 que
1120 1316 1254 1392 ejusmodi
1260 1317 1363 1385 judicia
1374 1314 1530 1386 popularia:
1551 1314 1612 1368 lioec
1622 1314 1696 1368 enim
1707 1315 1854 1385 antiquum

231 1404 322 1456 inania
343 1402 434 1455 divina
454 1402 488 1456 ab
510 1399 651 1462 bumanim
674 1414 755 1468 quarn
780 1397 937 1451 methodum
960 1413 1022 1450 con·
1057 1396 1233 1451 obtinebunt:
1254 1413 1347 1450 verum
1361 1404 1388 1449 et
1409 1394 1477 1449 illud
1496 1393 1579 1447 etism
1598 1394 1730 1457 manebit,
1743 1396 1791 1448 cui
1813 1396 1855 1448 in·

231 1489 333 1535 stanter
346 1482 452 1544 retinui,
467 1481 613 1551 separatim
625 1486 767 1546 utrumque
782 1477 928 1546 explicans.
1056 1476 1123 1529 nixa
1136 1484 1178 1529 est
1190 1492 1299 1545 semper
1320 1474 1449 1538 doctrina,
1463 1482 1591 1542 tanquam
1613 1474 1771 1527 firmissimo
1794 1473 1856 1526 iun·

270 1561 400 1622 Quamvis
411 1578 475 1615 raro
485 1560 543 1614 bruc
557 1560 596 1612 ita
606 1556 668 1619 sint,
679 1572 850 1626 nequaquam
864 1563 955 1608 tamen
970 1554 1022 1608 hoc
1056 1554 1189 1618 dumento,
1218 1554 1343 1624 quodque
1375 1569 1513 1624 nunquam
1544 1550 1705 1606 labefactari
1741 1554 1854 1622 poterit,

231 1640 298 1693 mihi
320 1657 406 1704 sumo,
428 1657 516 1710 neque
535 1655 578 1692 me
603 1635 732 1704 consequi
754 1652 835 1704 posse
857 1635 968 1698 conlido,
994 1643 1021 1687 ut
1057 1640 1073 1664 “
1087 1632 1240 1688 iustificam
1254 1641 1296 1687 cst
1309 1634 1474 1703 sapientias
1488 1630 1552 1685 liliis
1566 1631 1649 1685 auis.''

851 2117 1218 2190 FRANClSCl

486 2354 652 2410 BARONIS
672 2355 723 2410 DE
744 2353 980 2419 VERULAMIO,
1001 2354 1259 2411 vtcacotttttts
1283 2356 1420 2412 SANCTI
1442 2352 1592 2419 ALBANl,

1024 2532 1054 2565 n!

369 2669 709 2754 DIGNITATE
749 2670 823 2751 ET
859 2667 1226 2754 AUGMENTIS
1262 2670 1715 2754 SCIENTIARUM.

911 2914 1000 2959 trualt
1012 2913 1164 2958 sumanus

869 3299 919 3353 AD
941 3296 1075 3351 REGEM
1095 3298 1210 3355 SUUM.

266 3460 591 3516 Cousaurrnrursvideri
600 3461 692 3531 possit,
702 3460 809 3515 tametsi
818 3472 1020 3512 nonrarosecus
1053 3457 1194 3513 nobiscum
1215 3461 1420 3530 perpendamus,
1436 3463 1500 3532 quid
1520 3460 1658 3532 principes
1673 3460 1728 3515 riri
1751 3463 1860 3535 aliique

231 3543 337 3594 eveniat
351 3545 413 3609 (rer
427 3540 543 3609 optime)
557 3548 594 3602 ut,
609 3541 655 3610 qui
674 3539 766 3595 sobole
788 3554 931 3593 numerosa
945 3535 1020 3590 aucti
1054 3536 1193 3607 hucusque
1218 3540 1254 3592 ad
1273 3539 1413 3595 literarum
1434 3539 1675 3611 amplificationem
1702 3543 1861 3607 attulerint,

233 3628 300 3683 sunt,
315 3620 416 3690 quique
430 3618 660 3673 immortalitatem
680 3635 758 3674 suam
779 3619 807 3672 in
821 3617 937 3687 posteris
949 3616 1021 3685 ipso·
1054 3617 1119 3685 quid
1133 3618 1377 3685 praetermiserint?
1398 3619 1450 3673 lroc
1464 3628 1554 3673 autem
1569 3634 1662 3688 presse
1677 3629 1707 3674 et
1720 3621 1859 3677 distincte

232 3715 290 3752 rum
309 3699 386 3768 quasi
400 3706 580 3768 prospectant,
594 3715 651 3768 praa
672 3699 777 3752 crateris
794 3696 953 3751 mortalibus
966 3695 1021 3747 sint
1054 3697 1233 3759 excutiamus,
1244 3713 1367 3752 sermone
1378 3700 1492 3768 quodam
1503 3699 1591 3751 actim
1604 3706 1632 3751 et
1642 3700 1780 3763 masculo,
1792 3719 1862 3756 nua-

229 3777 329 3831 aoliciti
340 3779 374 3832 de
383 3786 454 3831 statu
466 3778 614 3831 futurorum
625 3786 788 3847 temporum
810 3783 901 3845 utpote
914 3775 1020 3845 quibus,
1055 3791 1135 3843 quam
1150 3774 1332 3845 digrediendo,
1343 3778 1382 3831 nil
1397 3776 1597 3847 amplificando.
1628 3775 1758 3833 Ponatur
1772 3780 1863 3850 igitur

231 3857 297 3909 satis
317 3855 480 3926 intelligunt,
500 3856 638 3911 carissima
658 3857 707 3910 illa
726 3874 775 3911 aua
793 3855 900 3909 tandem
921 3853 1020 3908 debere
1054 3853 1120 3907 illud
1135 3855 1220 3924 (quod
1234 3856 1322 3925 quiris
1339 3856 1481 3924 concedat)
1496 3872 1580 3926 opera
1594 3872 1713 3925 quaque
1729 3862 1862 3915 maxims

232 3936 347 4005 pignora
377 3935 533 3990 transmitti.
586 3935 747 3990 Elisabetha
780 3935 883 4005 regius,
911 3941 1021 4003 propter
1054 3939 1083 3986 et
1097 3931 1266 3998 difficillima,
1280 3936 1324 3990 vel
1338 3937 1509 4006 praemiorutn
1524 3935 1712 4005 amplitudine,
1728 3939 1777 3991 vel
1791 3956 1862 3994 con·

232 4014 315 4068 vitam
333 4014 467 4078 cmlibem,
481 4014 581 4084 hospes
599 4016 690 4084 potius
711 4015 739 4069 in
759 4014 866 4075 mundo,
882 4030 963 4082 quam
981 4012 1021 4064 in·
1054 4011 1177 4066 siliarum
1199 4014 1341 4082 prudentia
1361 4024 1389 4069 et
1410 4015 1533 4078 sanitate,
1554 4014 1600 4068 vel
1621 4013 1753 4070 laborum
1775 4018 1864 4085 june-

231 4093 299 4156 cola,
314 4092 381 4156 tuit,
403 4110 452 4148 sua
465 4093 574 4163 quidem
584 4101 707 4163 tempora
721 4093 832 4156 ornarit,
844 4100 872 4145 et
884 4092 914 4145 in
928 4091 1020 4145 multis
1055 4091 1129 4144 tione
1157 4094 1302 4161 superari:
1331 4110 1445 4163 quorum
1469 4094 1585 4163 primum
1612 4102 1744 4149 conatum
1774 4100 1866 4152 exsti·

233 4171 330 4225 beavit
371 4172 519 4226 Enimvero
534 4182 587 4227 tuoe
601 4174 733 4242 majestati
749 4170 808 4247 (cui
823 4171 899 4225 Deus
913 4188 962 4240 pro
977 4171 1021 4223 be-
1055 4169 1148 4234 mulat,
1162 4171 1308 4226 secundum
1329 4174 1458 4243 ambages
1476 4181 1504 4227 et
1525 4189 1629 4226 errores
1643 4172 1723 4237 tollit,
1740 4177 1865 4232 tertium

231 4250 364 4319 nignitate
375 4268 424 4305 sua
435 4251 508 4304 dedit
518 4258 559 4306 tot
568 4253 704 4321 suscipere
719 4251 826 4314 liberos,
837 4250 934 4320 dignm
948 4257 1020 4303 certe
1055 4251 1212 4304 mortalium
1234 4252 1374 4321 fragilitati
1398 4253 1534 4306 succurrit.
1578 4252 1615 4305 At
1634 4252 1708 4306 iuter
1725 4254 1791 4308 bec
1806 4259 1867 4311 tria

232 4330 278 4398 qui
299 4336 326 4381 te
352 4337 519 4399 perpetuent,
539 4331 671 4400 cujusque
691 4338 757 4385 setas
777 4331 879 4399 vigens,
901 4336 929 4384 et
947 4338 1021 4383 torus
1055 4329 1153 4382 mento
1162 4330 1264 4398 primas
1275 4337 1349 4384 tenet
1364 4337 1380 4362 ‘⁶
1392 4331 1507 4385 Consilii
1518 4330 1660 4401 prudentis
1669 4338 1700 4385 et
1709 4335 1827 4389 sanitas
1837 4339 1865 4399 ;”

231 4407 372 4462 socundus
383 4409 471 4462 adbuc
483 4409 575 4478 plures
585 4410 741 4479 pollicetur)
753 4410 946 4480 usquequaque
960 4424 1021 4462 con·
1052 4404 1107 4461 boc
1123 4416 1171 4471 est,
1186 4411 1343 4463 monstratio
1356 4418 1383 4464 et
1402 4410 1549 4464 delineatio
1562 4410 1614 4463 viae
1635 4419 1720 4464 recta>
1741 4423 1772 4465 et
1793 4430 1867 4483 pro·

232 4487 311 4550 venit,
330 4502 384 4539 nou
404 4488 484 4541 modo
504 4498 579 4543 tuum
601 4486 689 4563 (quod
713 4485 793 4561 facis)
814 4485 934 4542 seculum
956 4488 1021 4542 irra-
1054 4486 1132 4541 clivis
1144 4488 1178 4540 ad
1193 4506 1257 4551 rem,
1272 4505 1332 4559 qum
1345 4491 1507 4559 proponitur,
1517 4490 1709 4558 peragendam.
1746 4493 1868 4550 “Clau-

231 4565 321 4629 diare;
341 4582 434 4619 rerum
457 4568 541 4622 etiam
562 4568 596 4622 ad
617 4568 666 4622 illa
689 4584 767 4622 curas
788 4575 847 4622 tuas
867 4568 1020 4632 extendere,
1055 4565 1104 4619 dus
1118 4568 1191 4621 enim
1205 4568 1288 4637 (quod
1300 4568 1350 4621 dici
1363 4569 1444 4636 solet)
1456 4570 1484 4622 iu
1494 4569 1538 4622 via
1548 4570 1695 4623 antevertit
1710 4586 1867 4629 cursorem

232 4661 293 4714 qua
316 4647 447 4699 memoria
469 4647 558 4701 omnis
581 4646 643 4710 alat,
667 4664 781 4719 quaeque
802 4647 863 4716 ipsa
886 4646 1022 4699 intueatur
1056 4655 1132 4699 cutm
1146 4646 1257 4700 vism:”
1279 4655 1307 4701 et
1317 4647 1445 4702 Salomon
1459 4648 1630 4717 perappositc
1641 4649 1678 4701 ad
1689 4649 1765 4704 banc
1780 4669 1865 4709 nm:

232 4724 377 4780 aeternitas.
411 4724 485 4780 Inter
498 4743 531 4779 ea
540 4733 630 4781 autem
646 4727 713 4795 (nisi
727 4726 844 4780 studium
855 4742 946 4779 meum
956 4742 1023 4795 erga
1056 4730 1072 4754 ‘⁶
1087 4725 1197 4779 Ferrum
1213 4726 1235 4779 si
1250 4737 1370 4781 retusum
1393 4726 1482 4790 luerit,
1496 4726 1600 4780 viribus
1613 4727 1750 4783 utendum
1765 4732 1865 4808 majo·

232 4803 324 4858 literas
338 4820 381 4858 me
395 4803 477 4873 fallit)
492 4805 531 4859 nil
545 4806 654 4876 dignius
673 4814 724 4871 est,
739 4813 786 4860 aut
798 4803 923 4869 nobilius,
940 4821 1021 4874 quam
1056 4804 1149 4857 ribus:
1171 4805 1241 4874 quod
1254 4821 1318 4858 vero
1330 4822 1412 4875 super
1426 4806 1517 4860 omnia
1530 4804 1666 4875 praeralet,
1682 4815 1729 4861 est
1744 4812 1866 4880 sapien.

232 4884 255 4934 si
280 4882 386 4938 dotetur
411 4884 485 4938 orbis
509 4892 639 4939 terrarum
666 4885 820 4954 augmentis
847 4884 1021 4938 scientiarum
1057 4884 1121 4936 tia.”
1163 4883 1267 4944 Quibus
1282 4884 1373 4938 verbis
1393 4885 1489 4949 innuit,
1503 4884 1585 4938 medii
1598 4885 1765 4952 prudentem
1783 4891 1866 4946 elec·

232 4961 325 5016 solidis
339 4970 367 5017 et
387 4962 540 5017 fructuosis,
581 4964 727 5034 Quousque
749 4965 823 5018 enim
836 4963 944 5017 tandem
959 4980 1023 5031 pau·
1056 4963 1155 5016 tionem
1177 4964 1312 5018 efficacius
1335 4964 1483 5018 conducere
1507 4964 1541 5018 sd
1559 4980 1625 5027 rem,
1648 4981 1734 5036 quam
1755 4967 1865 5025 virium

232 5040 308 5095 culos
326 5040 434 5112 aliquos
454 5043 599 5112 scriptores
619 5051 767 5097 statuemur
783 5042 868 5106 nobis,
892 5050 1022 5112 tanquam
1056 5050 1103 5095 aut
1121 5043 1305 5105 intentionem,
1320 5052 1369 5097 aut
1385 5042 1639 5098 accumulationem.
1682 5045 1755 5100 Haec
1769 5056 1803 5101 ut
1819 5050 1866 5104 di·

233 5119 380 5174 Columnas
395 5120 531 5184 Herculis,
549 5137 585 5174 ne
605 5119 667 5190 plus
679 5120 751 5175 ultra
768 5123 797 5175 in
816 5121 945 5176 doctrinis
964 5138 1023 5191 pro
1056 5138 1115 5174 cam
1124 5120 1189 5174 illud
1201 5121 1323 5191 impellit,
1336 5122 1406 5192 quod
1420 5122 1505 5191 [salvo
1512 5138 1621 5191 semper
1632 5140 1729 5179 eorum
1742 5125 1866 5193 bonore,

232 5199 395 5266 gradiamur,
410 5215 473 5253 cum
494 5198 643 5253 babeamus
661 5201 829 5269 majestatem
843 5209 925 5264 tuam,
939 5201 1024 5254 instar
1057 5202 1102 5270 qui
1117 5202 1150 5253 de
1165 5201 1250 5254 literis
1265 5202 1504 5272 quomodocunque
1525 5200 1701 5275 meruerunt)
1717 5208 1868 5276 perspicio

232 5276 315 5331 lucidi
328 5285 356 5332 et
369 5277 480 5346 benigni
494 5277 599 5342 sideris,
612 5278 683 5347 quod
696 5295 746 5334 nos
756 5280 826 5334 inter
839 5280 1023 5350 navigandum
1057 5289 1136 5349 atque
1148 5281 1339 5344 animadverto,
1349 5297 1432 5350 opera
1442 5298 1534 5335 eorum
1543 5289 1624 5349 atquc
1637 5291 1701 5335 acts
1711 5284 1865 5357 pleraque,

232 5346 371 5419 conducat,
386 5364 415 5410 et
429 5356 568 5410 fortunati
1057 5358 1090 5411 ad
1105 5360 1332 5428 magnificentiam
1347 5361 1436 5429 potius
1449 5368 1477 5414 et
1488 5360 1608 5414 nominis
1622 5359 1666 5414 sui
1681 5366 1866 5432 memoriam,

273 5434 311 5490 Ut
331 5435 417 5507 igitur
431 5434 466 5490 ad
486 5452 543 5492 rem
564 5435 724 5492 redeamuss
745 5436 896 5495 recolamus
914 5438 981 5507 jam,
997 5446 1025 5493 et
1057 5453 1140 5508 quam
1149 5438 1184 5493 ad
1193 5439 1366 5495 scientiarum
1375 5440 1493 5511 ipsarum
1501 5437 1688 5510 proiectumet
1698 5456 1866 5516 augmenta,
