3800 5875
223 250 281 305 624
786 244 836 300 DE
858 243 1045 300 ascalona
1066 243 1286 301 CORPORUM.

222 409 314 464 cinnm
332 406 375 463 vel
399 422 514 478 gemma,
536 405 565 460 in
584 404 724 476 pulvereni
748 402 955 457 subtilissimum
978 419 1018 456 re·
1053 410 1134 474 atque
1148 402 1195 458 ille
1209 405 1311 459 nitatur
1324 401 1426 468 sedulo,
1435 418 1490 458 non
1498 408 1642 472 propterea
1655 402 1844 457 tamenminor

222 489 309 553 decta,
321 488 439 543 colorem
452 488 598 556 deponunt,
612 483 733 538 materian
746 498 810 552 pars
828 481 956 535 notabilis
969 482 1016 535 de·
1053 489 1094 537 est
1107 490 1195 537 motus
1216 484 1375 549 renitentia,
1390 484 1522 553 quianon
1540 481 1678 553 praevalet,
1691 489 1718 536 et
1735 498 1752 534 a
1772 493 1844 535 motu

222 567 519 638 perditur,sedtantum
528 571 617 634 partes
625 562 745 632 corporis
758 562 786 614 iu
798 577 869 614 nova
881 561 1016 630 positione
1054 561 1158 616 fortiori
1171 560 1282 633 ligatur.
1325 563 1386 617 Hoc
1400 571 1491 616 autem
1506 562 1579 632 quod
1593 562 1710 616 dicimus
1723 561 1756 616 de
1777 561 1847 617 lalsa

222 648 428 703 constituuntur.
470 645 565 698 Restat
584 651 613 696 ut
626 658 744 696 errorem
758 640 892 711 quendam
907 656 942 694 ex
956 642 1015 711 opi·
1054 641 1154 711 quiete,
1169 650 1198 695 et
1218 642 1248 696 in
1268 642 1349 696 rebus
1368 641 1518 697 innumeris
1535 641 1602 696 utile
1623 641 1735 711 cognitu
1753 647 1846 706 est,et

222 727 349 780 nionihus
363 724 503 779 hominum
518 721 672 785 evellamus,
686 722 762 789 eujus
776 736 810 773 ea
822 719 863 774 vis
877 727 925 783 est,
939 727 977 782 ut,
992 720 1015 774 ai
1053 736 1107 773 non
1121 719 1266 775 minimum
1283 721 1351 776 lucis
1373 722 1476 791 praebet
1496 721 1526 774 in
1547 720 1724 791 inquisitione
1744 727 1846 775 natura

223 805 293 859 fides
307 806 332 859 ei
347 803 515 867 adhibeatur,
529 801 622 872 aliqua
635 817 670 854 ex
684 799 736 861 his,
752 816 813 869 qum
825 798 951 862 diximus,
966 815 1016 868 pro
1054 798 1134 853 solidi
1144 806 1173 852 et
1186 799 1291 871 liquidi,
1304 800 1362 855 sive
1375 801 1556 856 consistentia
1565 808 1594 854 et
1612 799 1715 854 fluoris.
1755 797 1846 853 Solida

224 885 373 954 desperatis
387 882 482 936 haberi
493 881 606 952 pomini.
638 878 765 950 Vulgaris
777 878 850 932 enim
861 878 955 948 opinio
966 886 1014 943 est,
1054 877 1128 932 enim
1141 878 1267 934 videntur
1280 880 1310 934 in
1322 880 1457 950 positicm
1470 895 1520 933 sua
1534 895 1645 934 manere
1659 886 1687 933 et
1700 877 1845 948 quiescere,

223 980 313 1017 rerum
327 963 444 1033 spiritus,
455 978 516 1015 cum
530 959 564 1014 ad
574 959 747 1014 intensiorem
757 957 890 1028 quendam
902 957 1015 1026 gradum
1053 956 1158 1027 liquida
1170 965 1261 1014 autem
1274 958 1377 1013 moveri
1391 967 1418 1015 et
1430 958 1567 1013 confundi.
1607 958 1707 1029 Neque
1719 958 1794 1013 enim
1806 974 1846 1011 oo

223 1043 364 1096 tenuitatis
378 1059 427 1112 per
439 1040 557 1094 calorem
568 1038 653 1094 evecti
667 1030 831 1101 sunt,'etiam
845 1036 873 1089 in
887 1035 960 1090 vasis
974 1054 1016 1092 so
1053 1035 1148 1090 lumna
1161 1053 1197 1092 ex
1210 1054 1288 1109 aqua,
1301 1045 1348 1093 aut
1369 1037 1425 1092 alia
1438 1038 1543 1109 effigies
1556 1030 1646 1092 extrui
1660 1044 1758 1107 potest,
1772 1046 1802 1093 ut
1815 1037 1846 1091 de

223 1120 364 1175 lidissimis
378 1124 456 1191 (puta
466 1118 580 1190 argenti,
590 1118 666 1183 vitri)
678 1133 727 1187 per
736 1114 854 1169 occultos
869 1116 1015 1170 eorundem
1053 1114 1187 1187 lignovel
1205 1116 1307 1187 lapide.
1350 1116 1446 1187 ltaque
1469 1118 1499 1171 in
1520 1125 1648 1187 promptu
1669 1124 1713 1170 est
1733 1117 1845 1187 opinari,

223 1217 304 1271 poros
328 1207 354 1254 et
373 1208 478 1255 meatus
501 1197 616 1261 evolari;
643 1196 715 1268 quod
735 1194 825 1250 minus
847 1211 940 1249 verum
963 1203 1014 1250 est.
1054 1202 1146 1264 partes
1160 1212 1239 1267 aqum
1252 1196 1404 1267 superiores
1418 1196 1581 1252 contendere
1595 1201 1694 1266 (mom,
1708 1213 1791 1266 quem
1803 1213 1847 1265 ap

223 1280 322 1351 Neque
336 1280 408 1333 enim
422 1277 470 1334 aiir
483 1284 529 1333 aut
547 1277 665 1348 spiritus,
679 1274 744 1329 licet
757 1273 902 1329 accedente
915 1274 1014 1338 calore,
1054 1273 1163 1344 pellant,
1187 1276 1319 1347 naturali)
1340 1283 1370 1330 ut
1393 1275 1527 1340 defluant,
1548 1284 1641 1345 partes
1665 1283 1757 1330 autem
1780 1274 1845 1346 ligni

223 1360 378 1423 mresactus,
399 1373 452 1412 non
474 1358 584 1411 flamma
602 1356 670 1426 ipsa,
684 1364 740 1409 tam
758 1354 874 1408 libenter
892 1369 922 1409 se
943 1369 1016 1409 com·
1053 1368 1108 1406 non
1121 1354 1196 1410 item.
1238 1355 1321 1427 Atqui
1335 1354 1387 1409 hoc
1401 1372 1497 1410 verum
1510 1362 1629 1418 nonest,
1643 1371 1708 1409 cum
1722 1355 1794 1409 idem
1807 1356 1843 1408 in-

223 1439 329 1502 minuit,
342 1446 372 1493 ut
385 1453 434 1507 per
444 1435 599 1506 hujusmodi
617 1450 697 1504 poros
711 1434 814 1488 exitum
827 1432 880 1487 sibi
894 1450 1015 1503 querere
1054 1432 1090 1485 sit
1103 1440 1192 1488 motus
1205 1434 1327 1504 partibus
1343 1433 1421 1506 ligni,
1437 1451 1498 1505 quae
1511 1434 1539 1487 in
1554 1451 1662 1488 summo
1675 1432 1844 1497 collocantm,

224 1525 271 1571 aut
286 1517 374 1572 iacere
388 1517 525 1572 sustineat.
553 1515 653 1569 Verum
664 1522 695 1569 ut
706 1530 757 1567 nec
770 1529 842 1582 aqua
855 1528 904 1582 per
917 1512 1014 1567 rimam
1053 1519 1085 1566 ut
1093 1513 1219 1569 deorsum
1233 1513 1360 1578 ferantur,
1375 1514 1421 1585 qui
1435 1531 1528 1586 squam
1548 1513 1674 1584 idquein
1687 1522 1777 1567 actum
1790 1530 1845 1583 per·

224 1596 303 1651 valde
325 1612 444 1666 parvam,
458 1596 497 1649 its
517 1611 566 1649 nec
581 1597 629 1649 a'e'r
642 1610 691 1663 per
711 1591 866 1661 hujusmodi
879 1607 960 1661 poros
973 1593 1014 1646 ef·
1053 1589 1203 1657 duceretur,
1217 1592 1272 1648 nisi
1284 1592 1417 1663 ligaretur
1429 1602 1457 1647 et
1469 1592 1653 1648 retraheretur
1666 1592 1720 1647 iste
1734 1600 1844 1646 motura

224 1675 292 1730 nuit.
332 1676 405 1731 Nam
427 1683 456 1729 ut
477 1673 525 1729 air
538 1690 609 1745 aqua
623 1673 705 1743 longe
718 1671 833 1736 tenuior,
846 1670 886 1725 ita
904 1679 932 1726 ct
945 1671 1015 1726 tales
1053 1678 1128 1726 motu
1148 1672 1261 1741 potiore.
1303 1672 1332 1726 Is
1345 1680 1437 1727 autem
1451 1680 1494 1728 est
1513 1680 1585 1726 certe
1607 1672 1749 1742 appetitus
1767 1671 1844 1725 conti-

224 1756 284 1825 pori
299 1754 375 1809 rimis
389 1753 541 1823 conspicuis
553 1752 634 1823 longe
655 1749 807 1805 subtiliores
824 1759 904 1805 sunt:
924 1767 1015 1822 neque
1053 1750 1174 1815 nuitatis,
1193 1751 1250 1805 aire
1272 1751 1453 1821 separationis
1476 1751 1553 1822 fuga,
1575 1769 1637 1821 quas
1662 1760 1690 1805 et
1712 1752 1774 1821 ipsa
1794 1759 1843 1806 tan

225 1851 294 1904 opus
309 1833 422 1888 haberet
436 1833 486 1886 sub
498 1849 561 1886 vase
575 1839 670 1902 operto
682 1829 816 1895 suffocari,
830 1829 855 1884 si
874 1829 1015 1899 hujusmo·
1053 1845 1140 1899 aquae,
1154 1845 1236 1901 quarn
1249 1830 1334 1902 ligno,
1348 1831 1492 1900 competit;
1513 1830 1561 1885 sed
1582 1831 1611 1884 in
1626 1829 1705 1901 ligno
1720 1840 1764 1885 est
1775 1839 1844 1884 motu

224 1912 253 1967 di
274 1913 484 1983 perspiratioues
503 1910 544 1965 illi
568 1910 625 1965 ullo
645 1911 726 1964 modo
743 1916 843 1980 praesto
858 1916 951 1964 essent
969 1918 1016 1965 aut
1054 1910 1196 1979 gravitmm
1210 1911 1312 1974 iortior,
1326 1911 1355 1964 in
1369 1927 1441 1981 aqua
1460 1909 1585 1964 debilior.
1626 1909 1702 1964 Nam
1722 1909 1794 1981 quod
1811 1927 1843 1963 ex

224 2000 415 2063 competerent.
469 1990 633 2061 Exemplum
656 1997 757 2053 sutem,
779 1987 850 2059 quod
871 1988 1014 2054 adducunt,
1053 1988 1207 2058 hujusmodi
1220 1998 1294 2046 motu
1308 1990 1390 2044 etiam
1403 2007 1465 2060 quae
1479 1988 1584 2061 liquida
1598 1996 1663 2043 sunt
1676 1990 1842 2059 participent,

223 2072 353 2125 miserum
367 2078 415 2134 est,
429 2069 473 2124 vel
486 2069 575 2140 potius
588 2067 777 2131 miserandum,
797 2076 826 2121 ut
845 2075 908 2122 sunt
920 2068 1015 2138 plera»
1053 2067 1081 2122 id
1095 2069 1270 2125 manifestum
1283 2078 1334 2124 est.
1376 2069 1507 2123 Videmus
1526 2068 1601 2131 enim
1621 2068 1651 2122 in
1671 2068 1755 2124 bullis
1771 2085 1843 2139 aqua

225 2167 278 2219 que
299 2149 536 2220 contemplationes
556 2148 676 2220 vulgaris
695 2146 885 2219 philosophiae,
900 2164 963 2202 cum
980 2148 1015 2202 ad
1053 2147 1088 2201 ad
1101 2149 1302 2218 separationem
1321 2149 1482 2212 evitandam
1498 2165 1599 2219 aquam
1612 2164 1643 2202 se
1664 2147 1695 2202 in
1707 2146 1842 2218 pelliculas

225 2229 398 2299 particularia
411 2236 521 2283 rentum
536 2236 585 2283 est.
626 2228 709 2282 Aiunt
721 2226 839 2289 enimsi
860 2226 956 2281 charta
976 2228 1015 2282 in·
1053 2228 1196 2297 conjicere,
1208 2228 1236 2282 in
1257 2227 1445 2299 hemispherii
1460 2228 1576 2281 formam
1590 2227 1730 2281 confictas.
1769 2226 1843 2279 Vide-

224 2308 365 2362 flammata
384 2309 414 2361 in
434 2306 559 2377 poculum
578 2307 704 2372 mittatur,
719 2314 747 2361 et
766 2306 855 2361 subito
875 2323 906 2360 os
923 2308 1013 2378 poculi
1053 2324 1113 2362 mus
1127 2308 1211 2362 etiam
1231 2308 1260 2361 in
1278 2306 1431 2373 stillicidiis,
1446 2324 1555 2380 aquam,
1570 2315 1599 2362 nt
1613 2323 1694 2377 aquae
1707 2306 1841 2361 munue-

224 2403 307 2457 super
327 2404 376 2442 ras
397 2404 476 2458 squas
496 2395 674 2452 convertatur,
688 2403 786 2458 aquam
806 2402 912 2441 sursum
926 2386 1013 2452 trahi;
1054 2395 1104 2452 tur,
1118 2386 1148 2441 in
1162 2387 1236 2442 filum
1251 2387 1323 2442 exile
1343 2404 1373 2442 se
1387 2387 1533 2458 producere
1548 2394 1576 2440 et
1595 2392 1747 2450 attenuare,
1761 2384 1842 2457 quoad

225 2474 370 2537 propterea
383 2467 455 2538 quod
474 2474 617 2538 postquam
630 2467 746 2531 flamma,
760 2473 789 2521 et
804 2468 852 2520 sir
871 2484 921 2537 per
940 2467 1015 2521 flam·
1053 2482 1169 2537 sequens
1183 2483 1255 2537 aqua
1267 2474 1409 2536 suppetam
1430 2468 1474 2522 sin
1490 2473 1581 2521 autem
1601 2465 1711 2521 deficiat
1731 2483 1800 2537 aqna
1811 2464 1842 2519 ad

225 2562 299 2600 mam
312 2547 467 2610 rarefactus,
478 2564 538 2617 qua
551 2547 632 2617 spatii
646 2546 813 2617 aliquantum
827 2545 1014 2615 impleverant,
1052 2547 1288 2610 continuationem,
1302 2556 1360 2601 tum
1374 2562 1403 2600 se
1416 2548 1446 2600 in
1464 2554 1555 2618 guttas
1575 2545 1709 2600 rotundas
1721 2546 1840 2616 recipere,

224 2642 275 2694 per
293 2642 373 2695 poros
390 2627 463 2680 vasis
484 2625 678 2690 exhalaverint,
692 2633 795 2680 restare
808 2633 948 2696 utcorpus
962 2626 1014 2681 ali·
1054 2641 1167 2695 quarum
1189 2626 1319 2680 diameter
1340 2624 1386 2680 filo
1403 2625 1452 2680 illo
1474 2625 1564 2696 priore
1588 2625 1626 2679 sit
1644 2624 1734 2679 multo
1753 2625 1839 2693 major.

225 2705 298 2774 quod
311 2704 445 2760 succedat
487 2704 562 2761 ldem
581 2705 610 2759 in
622 2707 742 2760 ventosis
761 2705 827 2768 fieri,
841 2721 902 2775 quen
919 2722 1015 2760 carnes
1054 2704 1141 2759 Simili
1156 2705 1237 2760 modo
1249 2705 1379 2770 ridemus,
1393 2721 1492 2777 aquam
1506 2705 1749 2759 comminutionem
1762 2704 1840 2774 magis

225 2783 342 2837 trahunt.
383 2783 471 2856 Atque
485 2783 519 2838 de
533 2785 701 2840 successione
715 2784 849 2855 aquavel
867 2786 957 2840 carnis
970 2785 1015 2840 be·
1053 2784 1218 2854 exquisitam
1231 2801 1304 2855 tegre
1322 2784 1840 2854 pati,cumcxioraminibuset1imis

224 2878 259 2918 ne
280 2864 405 2928 sentiunt,
420 2864 453 2917 de
471 2880 560 2929 causa,
578 2881 639 2934 quae
653 2864 788 2934 praecedit,
803 2858 1014 2934 imperitissime.
1055 2864 1091 2932 (si
1105 2863 1261 2919 subtiliores
1274 2864 1341 2931 sint)
1352 2863 1467 2918 naturali
1481 2881 1531 2918 auo
1544 2863 1666 2935 pondere
1676 2864 1778 2934 absque
1787 2879 1841 2917 oon

225 2943 324 3013 Neque
335 2945 408 2998 euim
418 2951 459 2998 est
472 2943 564 3016 aliqua
576 2946 695 3015 corporis
703 2943 820 3008 emissio,
830 2946 1015 3014 quoespatium
1052 2944 1177 2999 cussione
1192 2961 1245 2998 non
1259 2944 1358 2999 effluat.
1399 2943 1489 3005 Quare
1502 2951 1615 3008 constat,
1627 2945 1779 3015 appetitum
1787 2959 1840 2997 eou-

224 3022 334 3092 prabet,
344 3022 456 3078 sedsols
466 3024 585 3093 corporis
595 3024 752 3078 contractio.
783 3022 975 3093 Corpusenim,
986 3026 1015 3080 in
1053 3022 1186 3078 tinuitatis
1208 3026 1290 3078 etiam
1312 3023 1424 3095 liquidis
1443 3024 1541 3089 inesse,
1562 3023 1612 3078 sed
1635 3023 1764 3079 debilem.
1808 3022 1840 3075 At

226 3103 299 3172 quod
311 3103 420 3157 flamma
434 3102 542 3168 recedit,
556 3102 636 3175 longe
649 3105 739 3158 minus
752 3104 871 3173 spatium
889 3104 1014 3175 complet,
1053 3112 1146 3156 contra
1158 3104 1187 3158 in
1200 3104 1281 3158 rebus
1294 3102 1388 3157 solidis
1402 3103 1486 3174 viget,
1500 3111 1529 3157 et
1548 3103 1634 3157 motui
1653 3102 1772 3158 naturali
1790 3103 1839 3155 siva

226 3198 308 3251 quam
330 3181 441 3235 flamma
464 3189 608 3253 antequam
628 3183 838 3253 extingueretur.
893 3183 966 3238 Hinc
986 3186 1016 3240 fit
1052 3183 1178 3252 gravitati
1191 3182 1408 3253 praedominatur.
1450 3183 1482 3237 Si
1502 3182 1564 3254 quis
1578 3183 1654 3237 enim
1668 3182 1839 3238 existimetis

226 3259 294 3313 illud
307 3259 478 3330 inane,quod
491 3261 687 3316 successionem
700 3262 842 3317 desiderat.
882 3262 972 3334 Atque
986 3265 1015 3319 in
1052 3259 1177 3316 columna
1190 3262 1260 3333 ligni
1271 3260 1316 3316 vel
1328 3261 1429 3333 lapidis
1443 3263 1596 3331 superiores
1610 3271 1705 3333 partes
1724 3278 1779 3316 non
1794 3259 1837 3313 dii·

226 3340 345 3393 ventosis
364 3338 416 3393 hoc
440 3340 672 3396 evidentissimum
693 3350 744 3397 est.
784 3341 859 3395 Nam
882 3358 944 3396 cum
968 3360 1015 3399 cas
1052 3340 1136 3396 fluere
1150 3342 1315 3412 cupersani
1328 3358 1358 3397 se
1372 3341 1401 3395 in
1415 3341 1511 3395 eodem
1525 3339 1607 3411 plane
1621 3350 1695 3397 statu
1710 3342 1836 3400 munus.

226 3417 320 3473 fortius
335 3418 442 3473 trahere
458 3419 559 3485 volunt,
574 3421 689 3492 spongia
708 3436 786 3492 aqum
805 3419 912 3491 frigidas
925 3421 1016 3477 inlusa
1053 3420 1077 3473 is
1094 3419 1173 3474 iacile
1197 3437 1226 3475 se
1247 3421 1372 3494 corriget,
1393 3420 1417 3475 si
1437 3420 1590 3475 consideret
1610 3420 1773 3484 columnam,
1787 3419 1836 3473 sive

225 3495 288 3552 illas
303 3506 424 3569 tangunt,
438 3506 468 3554 ut
482 3515 531 3568 per
545 3499 631 3571 frigus
644 3504 692 3555 ae'r
704 3501 816 3554 interior
829 3500 1014 3568 condensetur,
1053 3498 1161 3564 similia,
1175 3501 1198 3554 si
1212 3499 1324 3555 altitudo
1337 3500 1397 3569 ejus
1411 3499 1445 3554 sd
1463 3499 1636 3555 latitudinem
1655 3501 1735 3556 basis
1747 3516 1794 3555 non
1805 3500 1839 3551 sit

225 3587 252 3630 et
266 3595 296 3633 se
310 3577 339 3630 in
358 3578 448 3632 minus
468 3579 588 3649 spatium
605 3578 725 3650 colligat.
767 3580 863 3650 Itaque
882 3579 1015 3636 demimus
1052 3579 1264 3649 proportionata,
1279 3580 1327 3635 sed
1340 3580 1449 3634 modum
1464 3580 1587 3642 excedat,
1601 3587 1675 3634 stare
1691 3598 1747 3635 non
1761 3595 1838 3650 Ν,

225 3667 298 3710 certe
311 3656 465 3711 horninibus
478 3674 538 3713 eam
553 3658 756 3724 solicitudinem,
767 3674 802 3713 ne
822 3658 856 3713 dc
872 3659 1015 3730 spirituum
1053 3657 1100 3711 sed
1113 3657 1217 3713 devexo
1230 3659 1348 3730 pondere
1363 3659 1442 3724 ferri3
1464 3658 1533 3713 adeo
1545 3665 1575 3714 ut
1595 3661 1740 3715 structuris
1753 3655 1838 3730 praeal-

225 3743 281 3790 tam
302 3735 375 3790 facili
394 3736 546 3791 evolatione
560 3737 697 3795 laborante
717 3756 780 3794 cum
800 3744 827 3793 et
841 3738 882 3792 illi
896 3738 1014 3809 spiritus,
1053 3736 1088 3791 tis
1102 3754 1213 3793 necesse
1227 3739 1269 3803 sit,
1283 3747 1313 3793 ut
1326 3739 1360 3793 ad
1373 3739 1524 3809 pyramidis
1539 3738 1654 3793 formam
1669 3739 1804 3798 inclinent,
1815 3745 1840 3789 et

226 3833 293 3886 quos
315 3831 387 3885 saepe
408 3816 568 3881 desiderant,
587 3818 705 3883 odorum
727 3835 861 3889 saporum,
876 3818 1014 3885 similium,
1053 3816 1106 3870 sint
1119 3834 1212 3873 versus
1225 3818 1406 3873 summitatem
1425 3818 1605 3889 angustiores.
1647 3818 1743 3879 Qualis
1760 3826 1840 3871 autem

225 3911 280 3948 non
294 3911 402 3965 semper
415 3905 491 3949 extra
505 3903 581 3966 septa
590 3897 703 3964 evolent,
713 3898 761 3953 sed
771 3896 1015 3953 intraconiundan·
1053 3895 1090 3949 sit
1103 3912 1136 3950 ea
1149 3906 1254 3961 natura,
1270 3915 1331 3968 quta
1344 3897 1494 3969 appetitum
1506 3898 1590 3952 istum
1607 3899 1793 3953 continuitatis
1804 3897 1841 3949 in·

227 3982 286 4037 tur;
308 3972 361 4028 hoc
374 3975 553 4030 certissimum
568 3984 617 4031 est
1054 3974 1145 4029 tendat
1159 3983 1207 4029 aut
1225 3978 1350 4041 remittat,
1370 3994 1424 4030 non
1444 3976 1524 4031 iacile
1546 3977 1697 4048 inquirenti
1717 3985 1838 4032 occurret.

1055 4052 1124 4109 Illud
1151 4054 1263 4110 sortasse
1291 4064 1459 4127 suggeretur,
1487 4063 1581 4126 partes
1612 4056 1762 4112 solidorum
1789 4069 1839 4108 esst

1053 4134 1140 4204 mame
1155 4135 1252 4189 densas
1263 4142 1291 4189 et
1301 4143 1474 4206 compactas,
1494 4134 1661 4207 liquidorum
1676 4138 1765 4209 magis
1774 4150 1840 4189 raras

1053 4221 1080 4267 et
1088 4212 1206 4278 solutas3
1228 4223 1275 4268 aut
1283 4214 1394 4285 liquidis
1405 4215 1516 4269 subesse
1526 4216 1662 4286 spiritum,
1673 4217 1747 4287 quod
1757 4215 1839 4269 fluens

265 4283 348 4346 Quon
369 4286 491 4356 quaedam
506 4287 643 4358 quiescere
657 4288 804 4352 videantur,
819 4295 845 4342 et
866 4295 941 4343 motu
962 4289 1015 4359 pri-
1053 4292 1088 4346 sit
1105 4294 1277 4364 principium,
1295 4294 1341 4365 qui
1362 4293 1391 4348 in
1415 4293 1509 4350 solidis
1533 4294 1612 4358 desit,
1635 4303 1662 4350 et
1684 4291 1837 4365 hujusmodi.

227 4365 295 4430 vari,
310 4363 337 4417 id
351 4367 496 4420 secundum
511 4376 596 4422 totum
610 4376 656 4423 aut
669 4368 803 4438 integrum
817 4376 889 4423 recte
900 4368 1014 4435 videtur,
1054 4372 1107 4427 Sed
1121 4381 1247 4428 neutrum
1260 4372 1357 4428 borum
1372 4373 1477 4428 veritati
1498 4390 1646 4429 consonum
1664 4382 1716 4429 est.
1756 4372 1837 4427 blani-

226 4443 373 4497 secundum
387 4453 477 4515 partes
491 4454 589 4513 autem,
607 4446 747 4502 hominum
761 4446 916 4517 opinionem
932 4447 1013 4504 fallit.
1053 4451 1150 4506 festum
1161 4453 1234 4507 enim
1242 4460 1291 4517 est,
1298 4453 1390 4507 nivem
1404 4461 1432 4506 et
1442 4469 1540 4517 ceram,
1555 4471 1617 4524 quae
1631 4453 1719 4508 secari
1732 4463 1760 4506 et
1773 4448 1838 4519 nnn.

226 4522 309 4583 Quies
322 4524 394 4577 enim
409 4523 525 4595 simplex
539 4536 565 4582 et
579 4526 711 4591 absoluta,
726 4527 794 4580 etin
808 4527 929 4597 partibus
944 4528 1014 4582 etin
1053 4537 1081 4583 et
1094 4531 1287 4602 impressiones
1310 4532 1432 4603 recipere
1454 4541 1576 4602 possunt,
1589 4541 1707 4603 argento
1725 4533 1786 4585 viro
1798 4539 1839 4581 ant

226 4611 283 4656 toto
296 4601 370 4655 nulls
384 4611 433 4668 est,
448 4604 495 4657 sed
509 4624 568 4677 quae
582 4623 640 4661 esse
654 4614 762 4677 putatur
776 4622 825 4677 per
835 4615 956 4661 motuum
967 4607 1015 4661 im·
1053 4608 1164 4679 plumbo
1176 4611 1322 4681 liquefacto
1334 4610 1416 4681 longe
1430 4627 1490 4665 esse
1513 4611 1631 4674 rariora3
1652 4620 1684 4665 ut
1697 4612 1727 4665 in
1747 4613 1838 4665 mucce

225 4681 387 4752 pedimenta,
401 4683 588 4751 cohibitiones,
599 4694 627 4739 et
639 4685 791 4756 aequilibris
805 4686 928 4741 eflicitur.
957 4685 1014 4741 Ex·
1053 4690 1200 4760 ponderum
1211 4691 1348 4745 evincitur.
1376 4690 1452 4750 Quod
1463 4689 1486 4743 si
1495 4690 1653 4761 quissdhnc
1663 4691 1778 4754 insistat,
1789 4687 1838 4741 ieri

226 4761 309 4831 empli
323 4764 418 4832 gratia,
427 4780 489 4817 cum
498 4764 606 4819 invasis
620 4765 649 4818 in
662 4765 745 4818 t‘undo
756 4765 906 4834 perforatis,
918 4766 1015 4837 quibus
1054 4785 1142 4839 posse,
1157 4778 1187 4823 ut
1199 4770 1247 4825 nix
1260 4778 1306 4822 aut
1319 4786 1389 4832 cera,
1401 4768 1466 4823 licet
1476 4770 1511 4823 sit
1521 4770 1563 4837 (in
1577 4771 1647 4838 toto)
1658 4779 1775 4841 argento
1786 4769 1838 4820 rivo

225 4840 321 4896 hortos
335 4842 488 4914 irrigamus,
500 4860 570 4914 aqua
584 4841 623 4918 (si
635 4861 665 4897 os
674 4845 745 4899 vasis
759 4842 914 4921 obturetur)
929 4863 965 4899 ex
979 4846 1016 4899 io·
1054 4848 1145 4913 remor,
1161 4856 1250 4903 tamen
1263 4848 1363 4903 habere
1379 4849 1466 4918 possit
1483 4856 1574 4918 partes
1592 4849 1682 4920 magis
1701 4849 1837 4904 deuoret

226 4920 374 4977 raminibus
394 4921 449 4975 illis
462 4938 515 4976 non
529 4923 628 4987 effluit;
649 4924 678 4976 id
698 4941 746 4993 per
765 4932 866 4977 motum
880 4924 1016 4979 retrahen·
1054 4936 1224 4999 compactas3
1249 4945 1342 4981 verum
1362 4928 1428 4999 quia
1446 4927 1483 4981 sit
1501 4944 1598 4998 corpus
1617 4930 1799 5000 spongiosum,
1815 4933 1837 4978 ct

227 5007 289 5063 tem,
303 5016 357 5053 non
372 5017 420 5071 per
432 5009 556 5055 naturam
570 5002 751 5072 quiescentem
766 5002 824 5057 fieri
843 5006 1016 5075 perspicuum
1054 5023 1120 5060 cava
1133 5006 1217 5061 multa
1231 5014 1258 5061 et
1271 5005 1362 5061 aerem
1380 5007 1500 5076 recipiat,
1520 5006 1584 5060 ideo
1603 5007 1633 5061 in
1653 5025 1760 5062 summa
1776 5003 1836 5060 effici

227 5087 276 5132 est.
318 5078 476 5150 Aquaenim
491 5088 546 5134 tam
560 5082 697 5135 contendit
714 5082 884 5148 descendere,
899 5085 1017 5154 quamsi
1054 5085 1190 5151 leviorem,
1204 5095 1234 5141 ut
1247 5086 1276 5140 in
1291 5087 1398 5156 pumice
1410 5087 1447 5150 fit,
1457 5087 1503 5155 qui
1517 5103 1580 5141 cum
1594 5103 1645 5156 pro
1655 5089 1757 5141 mnone
1768 5085 1836 5139 molis

227 5166 288 5210 actu
302 5174 351 5211 suo
366 5158 498 5228 potiatum
520 5160 567 5212 sed
581 5176 642 5215 cnm
660 5162 688 5214 in
703 5162 857 5216 summitate
878 5163 950 5217 vasis
963 5179 1017 5217 non
1055 5166 1090 5218 sit
1104 5166 1216 5219 sortasse
1229 5164 1306 5236 ligno
1323 5166 1415 5229 levior,
1431 5174 1521 5219 tamen
1540 5166 1564 5218 si
1583 5175 1730 5238 utrumque
1744 5168 1770 5219 in
1784 5160 1835 5233 pul·

227 5236 262 5288 sit
284 5237 356 5307 quod
373 5238 505 5302 succedat,
520 5256 591 5309 aqna
611 5241 639 5293 in
660 5240 715 5293 imo
730 5240 765 5294 ab
779 5257 850 5312 aqua
869 5242 897 5295 in
913 5258 1018 5296 summo
1054 5261 1147 5299 vetem
1170 5244 1315 5315 redigatur,
1339 5244 1476 5314 pulverem
1499 5245 1617 5314 pumicis
1641 5247 1752 5317 pulvere
1777 5243 1836 5312 ligni

227 4110 267 4149 Vl.
290 4111 327 4151 Di!
346 4112 456 4158 ovim
475 4114 662 4163 Aperanteia,
684 4115 718 4154 rr
737 4114 959 4166 constantinis,
980 4117 1015 4156 m·

560 4194 681 4234 FLUORB.

227 5315 381 5379 retrahitur,
396 5323 424 5368 et
438 5316 492 5368 vim
506 5318 616 5386 patitur.
657 5317 686 5372 si
696 5320 757 5389 quis
768 5322 841 5374 enim
853 5320 967 5375 alterum
978 5321 1017 5375 in·
1056 5323 1173 5377 futurum
1188 5325 1347 5393 graviorem,
1362 5323 1571 5395 quinearitates
1590 5324 1646 5378 iliae
1663 5321 1836 5393 nonamplint

228 5393 373 5446 firmiorem
388 5394 416 5447 in
430 5393 501 5448 lucta
516 5402 614 5462 teneat,
629 5405 659 5451 ut
681 5413 710 5451 se
725 5415 832 5451 movere
852 5415 905 5452 non
920 5401 1016 5470 possit,
1055 5401 1159 5458 adsint:
1182 5404 1248 5458 llmc
1262 5403 1330 5457 bene
1344 5413 1436 5459 notata
1449 5411 1476 5457 et
1490 5403 1598 5472 objecta
1608 5413 1680 5459 sunt.
1720 5402 1769 5458 Sed
1779 5398 1835 5471 quid
