3800 5875
72 278 133 335 Lrs.
151 280 188 334 11.
584 280 634 335 Dii
655 280 879 337 AUGMENTlS
900 281 1174 338 scissurarum.
1636 285 1693 346 317

71 438 154 502 libris,
169 438 336 503 auctoribus,
350 445 378 491 ct
386 437 602 494 successionibus
615 439 770 509 hujusmodi
784 441 867 494 scien·
904 440 970 494 riris
983 440 1069 494 doctis
1090 458 1126 495 ex
1147 440 1261 496 historia
1281 439 1419 494 literarum
1441 439 1614 495 obventurum
1638 460 1693 497 non

71 519 187 571 darum:
210 517 328 571 inveniri
347 517 430 570 etiam
451 517 484 571 de
503 534 592 571 rerum
614 527 643 572 et
663 520 761 573 artium
775 521 867 573 inven-
904 519 1063 573 dubitamus.
1104 520 1205 574 Castum
1219 520 1291 574 enim
1306 519 1416 572 omnino
1429 518 1531 588 recipit,
1547 526 1574 573 et
1585 523 1690 576 temeri-

72 597 174 651 torihus
187 605 320 651 mactatus
333 596 439 666 sliquos
450 594 537 650 exiles
550 604 576 650 et
591 596 783 661 infructuosom
799 607 866 652 atta·
905 599 953 651 tati
967 600 1118 668 exponitur,
1130 599 1200 669 quod
1214 598 1347 667 exemplis
1361 606 1388 650 et
1401 597 1530 650 memoris
1540 615 1628 652 rerum
1639 617 1693 654 non

70 692 132 729 men
148 677 252 743 justam
271 684 357 745 atque
374 674 553 729 universalem
569 675 708 730 literarum
723 676 865 731 historiam
904 676 1020 732 fulcitur.
1061 679 1150 748 Atque
1163 678 1197 734 de
1211 678 1325 733 historia
1338 676 1459 730 literaria
1474 675 1532 729 haec
1546 677 1692 734 dictasint.

70 754 170 808 naham
181 753 272 808 adhuc
283 754 386 808 editam
396 754 550 808 asserimus.
571 754 638 823 Ejus
649 756 739 824 itaque
751 764 779 809 et
787 772 865 827 argu-

71 843 199 897 mentum,
208 843 238 888 et
245 833 408 887 conficiendi
421 833 539 896 modum,
550 840 579 887 et
588 851 667 887 usum
675 851 863 905 proponemus.

107 912 310 983 Argumentum
331 928 385 966 non
407 911 482 966 aliud
504 919 552 975 est,
576 928 657 982 quam
681 921 710 967 ιιι
732 930 768 968 ex
789 915 863 968 omni
1130 913 1254 969 CAPUT
1275 912 1463 976 QUINTUM.

70 993 200 1047 memoria
220 999 368 1061 repetatur,
389 1007 449 1061 quse
470 991 599 1045 doctrines
619 999 647 1045 et
666 999 745 1057 artes,
767 994 864 1063 quibus

69 1073 161 1126 mandi
174 1072 303 1125 aemdbus
317 1071 513 1143 etregionibus
526 1070 671 1125 floruerint
703 1072 805 1126 Earum
818 1089 864 1126 an·
973 1071 1017 1126 De
1031 1073 1167 1145 dignitate
1180 1081 1205 1125 et
1220 1071 1509 1141 dffcultctelistoria
1523 1073 1623 1126 ciuilis.

69 1153 218 1222 tiqnitates,
229 1167 396 1220 progressus,
408 1150 489 1204 etiam
502 1151 707 1220 peragrationes
720 1168 769 1221 per
779 1151 863 1206 direr-

68 1247 111 1285 sss
124 1231 200 1284 orbis
214 1239 306 1299 partes
319 1231 450 1300 (migrant
460 1231 533 1284 enim
543 1229 669 1294 scientie,
680 1246 733 1284 noo
744 1246 821 1285 secus
831 1248 862 1285 ac
941 1230 1087 1291 Ssourrua
1100 1230 1215 1284 historia
1228 1229 1316 1283 civilis
1329 1229 1463 1300 specialis,
1476 1229 1553 1296 cujus
1570 1228 1690 1296 dignitas

68 1310 176 1380 populi)
201 1324 297 1364 rursus
324 1309 527 1373 declinationes,
549 1307 710 1373 obliviones,
733 1310 862 1364 instaura·
900 1316 982 1380 atque
995 1309 1576 1378 auctoritasinterscriptahumaoaeminet.
1599 1308 1689 1376 Hujus

68 1391 155 1443 hones
166 1395 420 1443 commemorentur.
461 1388 626 1443 Obserretur
639 1388 721 1443 ιίιιιιιΙ
739 1405 789 1459 per
808 1390 863 1444 sin·
900 1391 972 1443 enim
987 1389 1057 1453 fidei,
1072 1388 1198 1458 exempla
1218 1388 1357 1456 majomm,
1371 1388 1570 1442 vicissitudines
1590 1403 1687 1452 rerum,

69 1466 146 1538 gulsa
169 1480 245 1522 artes
264 1467 429 1521 inventionis
452 1469 559 1522 occasio
580 1476 609 1522 et
626 1469 718 1539 origo;
739 1468 860 1523 tradendi
900 1468 1076 1523 fundamenta
1101 1468 1252 1538 prudentie
1282 1466 1376 1531 cirilis,
1401 1466 1541 1520 hominum
1571 1465 1687 1536 denique

67 1563 126 1600 mos
148 1555 176 1601 et
198 1548 359 1616 discipliuae
390 1546 495 1601 colendi
519 1554 548 1600 et
571 1548 715 1601 exercendi
739 1548 809 1601 ratio
833 1555 863 1602 et
898 1564 998 1601 nomen
1013 1555 1039 1601 et
1053 1547 1132 1610 lama,
1146 1547 1290 1601 commissa
1303 1553 1374 1600 sunt.
1416 1546 1458 1599 hu
1474 1545 1633 1615 dignitatem
1647 1546 1687 1599 rei

68 1627 199 1680 imtimta.
242 1626 507 1694 Adjicianturetiam
528 1633 611 1680 sectae
628 1634 655 1679 et
672 1626 861 1681 controversias
899 1627 1004 1682 accedit
1017 1625 1160 1680 difficultas
1177 1642 1231 1679 non
1251 1625 1347 1679 minor.
1386 1623 1496 1678 Etenim
1519 1623 1638 1677 animum
1657 1624 1687 1678 in

69 1705 188 1760 mamma
213 1704 342 1768 celebres,
365 1721 425 1776 quta
444 1705 569 1759 homines
590 1705 681 1759 doctos
700 1714 859 1771 tenuerunt3
898 1706 1040 1760 scribendo
1053 1705 1087 1759 ad
1100 1705 1237 1775 preterita
1252 1704 1394 1767 retrahere,
1409 1711 1437 1757 et
1450 1703 1534 1758 veluti
1548 1702 1686 1771 antiquum

67 1784 221 1848 calumniae
246 1784 345 1854 quibus
372 1791 532 1855 patuerunt3
563 1783 658 1838 laudes
681 1792 710 1838 et
735 1784 859 1848 honores,
898 1785 1003 1848 facere;
1024 1791 1174 1854 temporum
1196 1793 1291 1847 motus,
1311 1798 1486 1853 personamm
1505 1781 1686 1846 characteres,

67 1863 396 1933 quibnsdecorataesunt
436 1864 709 1917 Notenturauctores
723 1864 859 1935 prmcipui,
897 1865 1074 1919 consiliorum
1088 1863 1287 1931 trepidationes,
1301 1862 1435 1916 actionum
1450 1865 1591 1932 (tanquam
1605 1876 1687 1931 aqua-

67 1942 129 1996 libri
152 1942 363 2013 prestantiores,
381 1940 489 2007 scholae,
502 1942 692 2006 successiones,
706 1942 859 2005 madente,
898 1945 971 2012 rum)
986 1943 1089 2006 ductus,
1103 1949 1283 2011 proetextuum
1305 1941 1440 2004 interiora,
1456 1940 1562 2010 imperii
1578 1956 1684 2006 arcana,

68 2021 219 2085 maistam,
230 2019 356 2092 collegia,
368 2021 491 2085 ordines3
512 2021 628 2092 denique
642 2022 740 2085 omnia,
753 2038 813 2091 quse
826 2022 859 2075 ad
898 2040 959 2077 cum
973 2022 1116 2093 diligentia
1126 2022 1247 2085 scrutari,
1257 2037 1318 2074 cum
1331 2020 1384 2073 fide
1398 2027 1427 2073 ct
1438 2019 1562 2074 libertate
1575 2018 1684 2082 referre,

69 2108 168 2155 statum
189 2099 330 2155 literarum
351 2107 480 2171 spectant
521 2100 591 2154 Ante
612 2101 704 2155 omnia
726 2101 808 2155 etiam
832 2101 859 2155 id
897 2102 1014 2172 denique
1027 2100 1169 2155 verborum
1183 2099 1284 2154 lumine
1303 2099 1353 2152 sub
1367 2097 1458 2152 oculos
1472 2115 1579 2168 ponere,
1593 2099 1685 2168 magui

67 2181 112 2250 agi
134 2180 262 2235 volumus
286 2180 372 2250 (quod
393 2179 481 2234 civilis
508 2180 630 2235 historias
657 2180 738 2235 decus
762 2188 810 2245 est,
832 2187 859 2235 et
897 2181 989 2251 utique
998 2179 1097 2234 laboris
1105 2178 1456 2247 estetJudicii3praesertim
1465 2194 1525 2232 cum
1534 2177 1686 2248 antiquiora

67 2259 144 2328 qnasi
168 2260 274 2327 anima)
300 2266 331 2314 ut
352 2276 414 2313 cum
439 2258 542 2313 erentis
569 2275 657 2313 causa
684 2258 858 2329 copulentur:
897 2276 1010 2331 quaque
1023 2261 1133 2322 incerta,
1148 2258 1298 2312 recentiora
1318 2256 1439 2327 periculo
1452 2256 1684 2326 obnoxiareperi·

67 2338 192 2393 videlicet
206 2347 236 2392 nt
251 2345 437 2393 memorentur
448 2346 552 2393 natura
565 2337 705 2407 regionum
724 2355 756 2392 ac
777 2355 860 2409 popu·
896 2350 983 2394 antur.
1029 2337 1209 2400 Quamobrem
1233 2344 1261 2390 et
1287 2335 1406 2405 plurima
1431 2335 1573 2390 historiam
1601 2335 1683 2389 istam

67 2417 168 2480 lorum
199 2416 359 2488 indoleaque
381 2427 449 2488 apta
469 2425 498 2471 et
520 2417 627 2481 habilis,
650 2425 699 2471 aut
720 2417 812 2487 inepta
833 2427 860 2472 et
897 2419 1005 2473 civilem
1018 2418 1194 2472 circumstant
1206 2416 1287 2469 ritis:
1308 2414 1372 2469 dum
1383 2415 1504 2485 plerique
1518 2415 1684 2469 narrationes

68 2495 197 2551 inhabilis
211 2497 247 2550 ad
261 2496 419 2567 disciplinas
441 2496 575 2559 diversam
597 2496 746 2551 accidentia
758 2506 860 2567 tempo
897 2498 1027 2568 quasdam
1041 2498 1136 2567 inopes
1149 2504 1177 2550 et
1189 2495 1318 2565 plebeias,
1332 2503 1360 2548 et
1379 2494 1460 2564 plane
1480 2493 1611 2549 dedecora
1629 2493 1684 2547 his·

68 2592 132 2639 rum,
147 2593 211 2646 quse
223 2576 348 2630 scientiis
362 2576 473 2630 adversa
482 2575 581 2630 fuerint
594 2581 642 2629 ant
654 2575 785 2646 propitis;
806 2575 859 2631 aeli
897 2578 1026 2632 toriacum
1039 2576 1224 2638 conscribant·
1245 2573 1293 2627 alii
1307 2573 1482 2642 particulares
1495 2572 1641 2627 relationes
1654 2579 1683 2627 et

68 2662 95 2707 et
113 2651 241 2709 mixturae
261 2655 443 2748 religionum
464 2654 577 2709 malitias
591 2664 619 2708 et
632 2654 736 2710 ierom
749 2654 857 2726 legnm3
896 2655 1138 2719 commentariolos,
1157 2669 1239 2724 opera
1261 2653 1396 2716 festinata,
1411 2661 1440 2706 et
1459 2661 1535 2707 textu
1555 2652 1683 2722 inaequali

68 2733 178 2789 rirtutes
200 2734 352 2804 denique
343 2736 464 2805 insignes
493 2743 521 2789 et
548 2734 671 2788 efficacia
693 2734 858 2805 quorundam
896 2736 1083 2799 consorcium,
1113 2733 1162 2787 alii
1185 2732 1274 2802 capita
1298 2738 1403 2785 tantum
1432 2748 1521 2786 rerum
1544 2739 1683 2803 gestarum

68 2813 192 2876 rherum,
208 2831 277 2883 erga
297 2813 389 2867 literas
406 2812 610 2905 promovendas,
624 2820 652 2866 et
672 2812 780 2868 similia.
822 2814 859 2867 At
897 2823 1071 2885 percurrant3
1094 2811 1141 2866 alii
1156 2821 1255 2874 contra,
1270 2811 1384 2865 minima
1397 2827 1510 2881 quiaque
1524 2810 1684 2864 etadsum-

68 2891 126 2947 hasc
136 2892 398 2947 omniaitatractari
409 2893 586 2963 precipimus,
596 2900 697 2957 utnon,
705 2893 858 2948 criticorum
897 2911 954 2949 mas
964 2894 1099 2949 actionum
1109 2890 1179 2946 nihil
1190 2890 1316 2945 facientis
1325 2897 1534 2961 persequentum
1550 2888 1682 2954 nonnulli,

69 2988 149 3035 more,
163 2973 191 3026 in
206 2970 287 3026 laude
301 2980 455 3027 ctccnsura
468 2979 699 3040 tempnateratur3
720 2972 858 3044 aedplane
895 2975 980 3028 nimia
1004 2989 1070 3043 erga
1092 2970 1204 3042 ingenia
1229 2970 1339 3039 propris
1364 2969 1541 3040 indulgentis,
1565 2968 1682 3060 plurima

69 3050 194 3106 historice
208 3068 253 3107 res
267 3053 336 3122 ipse
349 3059 490 3106 narrentur
490 3051 639 3120 ,judicium
649 3051 756 3122 parcius
776 3052 858 3107 inter·
896 3054 1021 3108 audacter
1033 3052 1204 3121 confingant:
1225 3057 1268 3103 ast
1290 3048 1345 3113 alii,
1359 3065 1413 3103 non
1433 3057 1488 3103 tam
1511 3047 1682 3119 ingeniorum

69 3138 189 3197 immr-
896 3148 1012 3195 suorum,
1023 3147 1103 3201 quam
1116 3128 1286 3192 affectuum,'
1278 3129 1425 3198 imaginem
1436 3128 1515 3182 rebus
1525 3126 1683 3197 imprimant

107 3208 149 3263 De
167 3211 248 3264 modo
261 3218 354 3264 autem
367 3210 520 3277 huiusmodi
534 3209 658 3264 historica
675 3210 857 3275 conficienda,
895 3212 1040 3274 etaddant,
1055 3209 1171 3279 partium
1191 3224 1300 3262 suarum
1320 3224 1459 3269 memores,
1474 3222 1564 3261 rerum
1585 3222 1682 3276 parum

68 3285 135 3342 iliad
148 3288 285 3358 imprimis
299 3306 452 3353 monemus;
473 3296 505 3343 nt
517 3289 631 3344 materia
643 3296 672 3343 et
691 3290 770 3359 copia
790 3291 857 3357 ejus,
895 3290 988 3344 fideles
1001 3296 1099 3343 testes:
1121 3287 1229 3358 quidam
1249 3286 1366 3356 politica,
1378 3287 1406 3340 in
1420 3285 1518 3356 quibus
1538 3286 1590 3339 sibi
1611 3302 1682 3339 com·

67 3382 120 3421 non
138 3375 241 3422 tantum
264 3369 299 3422 ab
319 3368 440 3423 historiis
460 3376 487 3422 et
508 3369 610 3423 criticis
632 3376 858 3437 pantherarum
895 3369 1011 3438 placent,
1025 3368 1125 3438 ubique
1146 3366 1289 3430 inculcent,
1312 3373 1338 3420 et
1359 3365 1516 3420 diverticula
1537 3364 1571 3418 ad
1594 3370 1682 3419 osten·

68 3447 150 3501 edam
164 3454 193 3501 ut
206 3448 388 3517 persingulas
406 3464 537 3502 annorum
554 3448 695 3512 centurias,
709 3455 758 3501 aut
775 3447 857 3502 etiam
895 3448 1024 3504 tationem
1035 3445 1184 3518 querendo,
1196 3446 1375 3500 uenationem
1390 3462 1479 3499 rerum
1493 3444 1574 3498 nimis
1585 3443 1682 3499 leviter

68 3526 174 3580 minora
196 3526 347 3591 intervalla,
369 3527 491 3582 ιειιιιίιιι
514 3527 562 3596 (ab
583 3525 679 3581 ultima
699 3526 857 3597 antiquitate
894 3528 1105 3597 intermmpant:
1126 3524 1174 3579 alii
1188 3525 1216 3578 iu
1231 3525 1382 3579 orationum
1401 3535 1430 3578 et
1450 3524 1618 3588 concionum,
1633 3531 1682 3576 aut

69 3604 138 3659 iacto
151 3606 299 3676 principio)
314 3606 378 3660 libri
391 3607 528 3677 praecipui,
544 3606 589 3677 qui
608 3623 657 3677 per
677 3622 710 3660 ea
728 3608 857 3674 temporis
894 3608 976 3661 etism
991 3615 1111 3660 actorum
1122 3604 1242 3674 ipsorum
1257 3603 1419 3673 prolixitate,
1430 3619 1525 3673 pamm
1538 3619 1599 3656 cum
1612 3602 1681 3670 judi·

68 3685 156 3753 spatia
167 3685 315 3755 conscripti
330 3693 401 3748 sunt,
415 3686 444 3739 in
457 3683 601 3740 consilium
614 3685 806 3749 adhibeantur,
828 3694 857 3740 ut
893 3686 936 3740 cio
955 3685 1031 3741 nimii
1051 3684 1122 3748 sint;
1143 3682 1211 3737 adeo
1228 3690 1258 3737 ut
1276 3684 1341 3738 satis
1364 3691 1474 3749 constet,
1487 3698 1542 3738 non
1564 3682 1681 3736 inveniri

69 3780 210 3818 excomm
223 3781 279 3818 uon
294 3764 458 3834 perlectiooe
473 3765 515 3836 (id
535 3765 606 3819 enim
628 3765 762 3820 infinitum
781 3767 856 3836 quid·
893 3766 1077 3836 interscripta
1090 3763 1231 3819 homiuum
1250 3764 1336 3817 ramus
1358 3762 1510 3833 quicquam,
1525 3778 1607 3832 quam
1627 3761 1682 3816 his·

69 3841 128 3897 dam
148 3842 234 3911 esset)
249 3844 298 3897 sed
311 3843 505 3913 degustatione,
520 3851 548 3898 et
567 3844 754 3899 observatione
778 3861 856 3916 argu·
893 3846 991 3900 toriam
1000 3844 1152 3916 legitimam
1161 3850 1189 3897 et
1199 3842 1449 3896 omuibusnumeris
1457 3842 1514 3897 suis
1521 3840 1680 3896 absolutam.

69 3923 157 3985 menti,
166 3921 239 3991 styli,
247 3922 377 3987 methodi,
386 3923 483 3994 genius
492 3922 565 3977 illius
575 3923 704 3993 temporis
714 3923 855 3989 literatius,
893 3925 994 3979 Verum
1018 3941 1069 3978 uos
1092 3924 1121 3977 in
1148 3920 1273 3992 presenti
1300 3921 1474 3991 partitionem
1500 3921 1681 3975 doctrinarum

69 4000 147 4055 relati
160 4002 344 4056 mancatione
358 4001 482 4072 quedam,
496 4018 513 4055 a
525 4003 637 4056 mortuis
649 4009 782 4057 evocetur.
892 4003 1066 4065 instituimus,
1081 4009 1110 4056 ut
1123 4001 1230 4064 omissa,
1240 4016 1295 4054 non
1307 4016 1456 4063 censuram,
1470 4009 1500 4054 ut
1520 4000 1616 4054 vitiosa
1635 4017 1682 4053 no·

104 4079 182 4140 Quod
195 4081 231 4134 ad
245 4098 323 4134 usum
342 4082 444 4144 attinet,
462 4081 522 4135 haec
540 4098 574 4135 eo
596 4089 731 4150 spectant3
751 4097 805 4136 uon
825 4090 856 4137 ut
892 4091 990 4137 tentur.
1030 4084 1112 4137 Nunc
1126 4080 1284 4150 partitiones
1303 4078 1422 4133 historiae
1435 4079 1523 4133 civilis
1536 4096 1681 4150 peraeque·
1730 4134 1735 4143 ,

68 4157 151 4213 honor
170 4160 313 4214 literarum
328 4169 355 4213 et
367 4176 467 4230 pompa
480 4176 530 4229 per
543 4168 584 4213 tot
596 4159 770 4215 circumfusas
789 4162 855 4215 ima-
892 4179 960 4224 mur,
975 4178 1075 4233 easque
1090 4160 1255 4215 diversorum
1269 4174 1414 4228 generum:
1436 4160 1525 4213 minua
1541 4159 1614 4212 enim
1633 4161 1682 4213 im·

69 4237 143 4303 gincs
160 4237 329 4302 celebretur;
350 4256 401 4294 nec
420 4239 484 4310 quia
502 4256 552 4309 pro
571 4240 787 4309 flagrantissimo,
802 4257 856 4311 quo
891 4237 1681 4311 plicabunturspecies,sipartitionesdirersaepropomntur,

69 4313 157 4370 literas
178 4318 377 4388 prosequimur,
391 4336 491 4382 amore,
512 4319 610 4382 omnis,
625 4336 685 4388 quta
706 4320 741 4373 sd
762 4336 854 4374 earum
893 4338 974 4391 quam
988 4321 1012 4374 si
1025 4337 1079 4375 una
1092 4318 1203 4390 partitio
1215 4316 1319 4373 curiose
1333 4335 1382 4387 per
1396 4318 1517 4374 membra
1527 4318 1680 4373 deducatur.

68 4404 286 4467 eorumquoque
295 4396 375 4451 modo
384 4398 525 4467 pertinent,
536 4414 621 4468 usque
631 4397 665 4451 ad
674 4398 854 4453 curiositatem

69 4473 209 4544 inquirere,
223 4485 252 4530 et
272 4476 350 4539 seire,
364 4484 391 4531 et
404 4493 562 4532 conservare
575 4493 699 4541 cremum
721 4478 769 4532 sed
789 4494 855 4547 prm·

70 4553 144 4623 cipue
156 4556 193 4607 ob
206 4572 318 4609 causam
339 4556 427 4625 magis
448 4556 546 4610 seriam
564 4563 593 4609 et
614 4572 739 4626 marem:
760 4573 794 4610 ea
815 4565 856 4611 est
1133 4538 1257 4610 eleut*
1277 4553 1442 4610 suxuUM.

71 4636 112 4695 (ut
123 4634 205 4687 rerba
218 4634 355 4701 dicamus)
370 4635 494 4704 quoniam
509 4652 558 4704 per
579 4634 669 4700 talem,
684 4636 790 4706 qualem
812 4637 855 4690 da

70 4712 232 4781 scripsimus,
255 4714 445 4778 narrationem,
466 4714 501 4768 ad
521 4715 638 4769 virorum
660 4715 805 4778 doctomm,
826 4716 855 4769 iu
895 4713 1017 4768 Partitis
1025 4715 1116 4786 primu
1127 4714 1248 4767 historio
1259 4714 1358 4778 civilis,
1370 4716 1400 4767 in
1410 4716 1553 4780 memorias,
1564 4716 1681 4784 antiqui·

70 4787 193 4845 &mma
206 4809 258 4847 nsu
272 4801 301 4846 et
319 4792 560 4860 administratione,
575 4794 745 4863 prudentiam
765 4801 793 4847 et
814 4811 855 4849 ao·
1093 4802 1173 4857 tates,
1187 4801 1212 4845 ct
1226 4793 1365 4847 historiam
1374 4798 1486 4862 justam.

71 4866 179 4935 lutiam
194 4871 345 4926 maximam
359 4874 540 4927 accessionem
555 4873 612 4928 fieri
626 4890 704 4943 posse
718 4873 855 4929 existima-

71 4962 142 5011 man
173 4958 201 5003 et
224 4967 316 5005 rerum
340 4950 560 5006 intellectualium
581 4968 635 5006 non
659 4953 750 5006 minus
774 4969 856 5023 quam
934 4949 1179 5007 Hrsromacirilis
1196 4950 1331 5020 tripartita
1350 4958 1398 5014 est,
1412 4951 1497 5005 tribus
1515 4951 1681 5021 picturamm

72 5026 186 5082 tirilium
196 5039 288 5083 motus
297 5036 326 5083 et
339 5031 561 5099 perturbationes,
570 5032 688 5102 vitiaque
698 5032 855 5097 etrirtutes,
893 5040 940 5085 sut
958 5031 1108 5101 imaginum
1128 5030 1272 5099 generibus
1292 5046 1348 5083 non
1369 5028 1509 5083 absimilis.
1550 5028 1681 5084 Videmus

71 5107 153 5160 murt
180 5124 278 5178 posse;
307 5120 336 5162 et
358 5110 478 5181 regimen
498 5110 560 5163 inde
580 5112 712 5181 optimum
732 5111 810 5165 educi
829 5118 857 5165 at
893 5111 966 5164 enim
987 5126 1023 5163 ex
1044 5110 1164 5180 picturis,
1179 5116 1206 5162 et
1226 5109 1397 5179 imaginibus,
1411 5107 1478 5162 alias
1499 5107 1680 5177 imperfectas,

72 5182 181 5239 instituo.
203 5187 303 5258 Neque
318 5187 390 5242 enim
403 5187 434 5241 B.
447 5188 599 5258 Augustini,
613 5200 660 5244 aut
672 5189 705 5244 B.
720 5189 856 5244 Ambrosii
893 5197 924 5243 ut
938 5189 1036 5258 quibus
1049 5187 1145 5242 ultima
1166 5204 1263 5242 manus
1282 5204 1336 5241 uon
1356 5187 1515 5249 accesserit;
1536 5186 1604 5240 alias
1622 5204 1682 5257 per-

73 5278 156 5330 upen,
170 5265 206 5318 ad
228 5265 398 5335 prudentiam
411 5267 539 5337 episcopi,
553 5278 599 5321 aut
612 5267 739 5340 theologi,
754 5277 856 5323 tantum
893 5269 994 5329 sectam
1016 5268 1084 5321 alias
1095 5283 1159 5321 vero
1173 5274 1305 5321 vetustate
1319 5267 1457 5320 mutilatas
1471 5275 1497 5319 et
1510 5265 1680 5321 deformatas.

75 5340 155 5397 heere
183 5361 264 5414 poue
297 5351 430 5415 putamus,
458 5354 586 5416 quantum
619 5348 643 5402 si
675 5347 856 5402 ecclesiastica
894 5347 1045 5401 Historiam
1066 5345 1190 5400 similiter
1212 5347 1321 5400 civilem
1336 5348 1408 5414 (qma
1429 5346 1521 5414 imago
1542 5362 1632 5399 rerum
1653 5354 1682 5399 et

74 5417 181 5477 historia
193 5423 345 5496 diligentur
354 5424 513 5496 inspiciatur
523 5433 550 5480 et
560 5427 727 5482 revolvatur:
749 5426 820 5497 quod
830 5434 856 5482 et
894 5434 1046 5496 temporum
1061 5425 1184 5497 quadam
1204 5427 1258 5494 est)
1273 5425 1302 5480 in
1319 5431 1375 5478 tres
1396 5423 1508 5493 species,
1523 5423 1577 5479 illis
1598 5425 1683 5495 pictu-
