3800 5875
234 251 290 306 tat
796 253 847 308 DE
867 252 1054 309 SEOTIONE
1075 252 1286 309 CORPORUM

213 448 216 453 ·
233 415 312 483 parte
326 408 443 481 pulsata,
457 425 487 465 se
501 409 618 466 invicem
631 427 685 465 non
701 427 786 477 aecus,
800 426 833 465 sc
846 411 887 466 vis
906 418 1027 476 externa,

232 489 400 562 protrudunt,
411 505 443 542 ac
457 488 566 560 vigent3
588 497 616 544 et
629 491 659 544 tit
672 491 798 545 continua
808 498 837 544 et
845 491 1028 545 intensissima

234 568 316 643 (licet
333 568 444 623 minime
458 565 589 641 visibilis)
603 569 720 639 partium
739 570 885 641 trepidatio
906 578 935 622 et
953 587 1028 623 com·

233 647 325 703 motio.
366 647 455 717 Atque
476 647 528 702 hoc
546 649 668 702 videmus
688 649 746 702 fieri
761 650 789 702 in
808 649 936 718 exemplo
954 649 1026 713 vitri,

233 726 366 791 sacchari,
381 734 408 780 et
422 725 577 795 hujusmodi
592 744 683 781 rerum
694 726 840 798 fragilium,
854 743 916 798 quie
928 727 951 781 si
967 745 1027 781 mn·
1104 724 1330 781 Tosuasmaus
1342 726 1485 795 igneorum
1498 742 1590 789 causa,
1603 733 1631 780 et
1645 732 1736 781 motus
1748 734 1802 780 tam
1814 743 1857 797 po

232 823 314 860 crone
328 812 376 859 aut
389 806 461 859 ferro
473 813 553 861 acuto
566 815 691 860 secentur
704 814 753 861 aut
766 807 927 870 dividantur,
941 807 1026 877 proti·
1066 804 1146 859 tentis
1160 813 1187 857 et
1206 803 1306 859 nobilis
1327 804 1483 874 explicatio,
1498 821 1596 859 manca
1618 814 1669 868 est,
1684 813 1714 859 et
1733 822 1769 859 ex
1786 818 1856 874 parte

232 901 284 940 nus
297 886 326 938 in
340 884 402 938 aliis
416 886 662 955 partibus,atactu
671 886 808 941 mucronis
818 885 936 948 remotis,
947 885 1026 957 quasi
1065 883 1279 954 potioredeficit
1322 883 1407 937 Aiunt
1417 884 1490 937 euim
1500 883 1640 954 pulverem
1650 886 1855 947 tormentarium,

233 963 262 1017 in
282 964 393 1019 instanti
414 963 624 1034 disrumpuntur.
666 964 741 1026 Quod
759 966 899 1020 evidenter
916 964 1027 1019 demon·
1065 968 1207 1032 postquam
1220 962 1250 1015 in
1270 963 1407 1016 mmmam
1425 978 1570 1018 conversus
1589 964 1627 1018 sit
1646 971 1676 1017 et
1694 972 1855 1027 extenuatus,

233 1050 303 1097 strat
323 1042 594 1097 communicationem
615 1051 705 1099 motus
727 1060 860 1115 pressurae
884 1043 914 1097 in
936 1050 1026 1113 partes
1065 1057 1095 1095 se
1108 1040 1224 1095 dilatare
1238 1049 1264 1094 et
1277 1042 1365 1109 majus
1379 1041 1498 1111 spatium
1512 1059 1667 1113 occupare:
1688 1043 1759 1097 unde
1776 1045 1854 1114 sequi.

234 1121 426 1184 succedentesr
449 1123 494 1192 qui
516 1130 613 1188 motus,
628 1140 689 1177 cum
709 1139 760 1193 per
779 1123 871 1177 omnia
890 1121 1025 1186 moliatur,
1064 1136 1099 1174 ne
1120 1120 1175 1174 dno
1195 1136 1308 1189 corpora
1327 1121 1356 1174 in
1373 1138 1428 1175 uno
1448 1123 1510 1176 loco
1522 1122 1587 1186 sint,
1597 1129 1651 1175 aut
1665 1122 1855 1177 dimensionum

234 1209 262 1255 et
275 1200 375 1272 ubique
389 1207 483 1266 tentet,
495 1218 527 1255 ea
539 1202 835 1272 parteconiractionem
848 1201 1026 1272 inducitque
1064 1198 1217 1269 penetratio
1238 1201 1292 1264 liat,
1310 1207 1357 1253 aut
1375 1200 1463 1254 forma
1483 1201 1613 1255 elementi
1633 1200 1792 1264 decanatus,
1812 1211 1855 1256 aut

234 1296 270 1334 ex
296 1279 466 1350 praecedente
489 1283 611 1351 corporis
633 1281 810 1351 dispositione
835 1281 924 1335 miuus
947 1279 1026 1334 fortis
1064 1280 1130 1332 sitas
1150 1278 1267 1348 partium
1282 1287 1379 1349 praeter
1398 1288 1522 1333 naturam
1541 1279 1624 1334 totius
1644 1280 1682 1333 sit
1697 1278 1771 1353 (bac
1787 1281 1853 1334 enim

232 1368 290 1413 erat
303 1359 462 1428 compactio.
502 1361 600 1432 Neque
619 1368 710 1415 tamen
726 1361 784 1430 ipse
805 1367 902 1423 motus,
916 1360 1026 1430 quando
1064 1353 1204 1431 dicuntur)
1218 1359 1344 1427 corporis,
1360 1358 1432 1430 quod
1447 1359 1535 1413 obstat
1554 1359 1750 1428 expulsionem
1763 1359 1851 1413 velci-

233 1454 283 1507 per
303 1439 394 1492 omnia
414 1438 504 1491 turbet
525 1447 551 1493 et
568 1440 707 1509 percurrit,
722 1440 772 1494 sub
793 1446 931 1508 aspectum
944 1439 1025 1504 venit,
1064 1436 1233 1491 tractionem.
1274 1439 1372 1508 Neque
1392 1437 1464 1491 nihil
1485 1439 1622 1508 estquod
1643 1438 1747 1491 dicunt.
1786 1440 1852 1493 Nam

232 1516 317 1571 donec
331 1525 426 1587 aperta
439 1518 487 1570 liat
500 1519 628 1583 effractio,
643 1520 700 1573 sive
719 1518 904 1573 continuitatis
919 1516 1023 1573 solutio.
1063 1524 1092 1570 et
1114 1516 1167 1571 iste
1184 1517 1328 1588 appetitus,
1348 1525 1376 1571 et
1393 1517 1515 1572 materia
1536 1518 1637 1587 passio,
1658 1525 1687 1570 et
1706 1517 1850 1585 hujusmodi

235 1595 340 1652 Rursus
353 1597 484 1660 videmus,
495 1597 518 1650 si
528 1597 597 1652 forte
607 1597 682 1652 filum
693 1598 819 1662 terreum,
832 1605 879 1651 aut
888 1596 1024 1662 bacillum,
1063 1603 1153 1650 motus
1166 1612 1230 1666 pars
1243 1595 1342 1666 aliqua.
1383 1596 1438 1650 Sed
1447 1595 1624 1651 nibilominus
1633 1597 1664 1649 in
1677 1596 1731 1649 hoc
1740 1608 1850 1666 peccaut,

233 1682 281 1727 aut
294 1675 385 1729 durior
398 1690 462 1745 pars
474 1675 573 1730 calami
588 1675 648 1751 (vel
661 1676 815 1745 huiusmodi
828 1692 949 1747 corpora,
965 1693 1025 1746 quta
1064 1675 1137 1744 quod
1150 1674 1184 1729 ad
1198 1676 1386 1729 necessitatem
1406 1675 1489 1730 istam
1509 1676 1631 1745 corporis
1651 1675 1781 1730 dilatandi
1800 1693 1850 1729 rem

233 1753 365 1808 flexibilia
380 1754 489 1824 quidem
503 1764 633 1819 sunt,non
648 1756 750 1826 absque
761 1756 853 1827 aliqua
863 1749 1024 1828 renitentia)
1063 1770 1238 1825 praepropera
1251 1754 1416 1825 cogitatione
1424 1754 1566 1820 deducunt,
1575 1771 1666 1825 neque
1681 1755 1752 1826 quod
1764 1765 1851 1809 natura

232 1832 305 1887 inter
317 1832 445 1904 pollicem
459 1841 487 1886 et
500 1834 617 1889 iudicem
629 1851 678 1905 per
692 1842 813 1888 extrem
823 1850 873 1888 sue
882 1842 1026 1888 curventur
1063 1833 1139 1901 prius
1162 1840 1211 1898 est,
1233 1833 1360 1887 distimte
1384 1833 1566 1889 considerant.
1607 1834 1685 1888 Nam
1708 1841 1737 1888 ut
1761 1851 1850 1905 corpus

234 1918 262 1964 et
282 1912 455 1981 stringantur,
478 1928 511 1965 es
535 1912 627 1966 statim
649 1913 783 1983 prosilire.
826 1912 911 1981 Cujus
935 1921 1024 1968 motus
1063 1910 1192 1981 pulveris,
1206 1919 1349 1983 postquam
1363 1911 1393 1967 in
1412 1914 1551 1968 flammam
1570 1920 1694 1967 mutatus
1707 1924 1754 1979 est,
1774 1914 1851 1981 majo·

232 2006 314 2045 causa
328 1990 470 2045 manifeste
484 1990 694 2061 deprehenditur
707 2008 761 2045 non
780 2007 839 2046 esse
853 1993 882 2045 in
895 1992 1025 2046 extremis
1062 2006 1120 2045 rern
1134 1990 1223 2046 locum
1238 1999 1357 2062 occupet,
1367 1993 1560 2046 necessitatem
1570 2008 1637 2046 saue
1652 1992 1749 2056 heheu
1769 2002 1797 2047 ut
1809 2010 1851 2046 au-

232 2069 352 2139 corporis
365 2069 567 2141 partibusque
580 2070 673 2142 digitio
686 2070 861 2141 stringuntur,
874 2069 960 2124 sedin
971 2088 1025 2126 me·
1062 2077 1117 2124 tem
1136 2087 1235 2141 corpus
1248 2070 1367 2142 pulveris
1385 2072 1575 2135 inflammetur,
1590 2070 1672 2141 idque
1686 2079 1739 2125 tam
1752 2073 1846 2141 rapide,

232 2148 284 2212 dio,
300 2148 371 2218 quod
385 2149 439 2201 vim
453 2149 559 2218 patitur,
575 2148 609 2202 ad
627 2150 705 2218 cujus
725 2149 917 2204 relevationem
936 2156 1025 2204 motus
1061 2148 1090 2202 id
1098 2150 1182 2204 simili
1190 2150 1353 2204 necessitate
1364 2166 1420 2204 uon
1426 2150 1636 2221 constringitur;
1659 2152 1751 2206 sedes
1761 2167 1850 2220 punte-

232 2225 280 2280 ille
294 2244 323 2281 se
337 2227 455 2296 expedit.
489 2228 521 2282 ln
533 2228 586 2282 hoc
600 2236 690 2283 autem
701 2227 827 2299 exemplo
835 2228 916 2299 plane
929 2228 1023 2299 liquet,
1062 2228 1140 2283 dente
1167 2239 1288 2285 motuum
1314 2230 1440 2284 condictu
1467 2236 1495 2284 et
1521 2231 1726 2300 comparatione
1750 2232 1848 2300 pendet

232 2322 341 2360 causam
354 2305 430 2360 illam
450 2314 547 2372 motus,
563 2324 643 2378 quam
658 2308 793 2362 adducunt
805 2307 839 2361 de
859 2306 1023 2377 impulsione
1062 2307 1135 2361 Nam
1150 2308 1261 2362 dubium
1275 2325 1329 2363 non
1347 2316 1395 2373 est,
1417 2308 1484 2380 quin
1504 2324 1603 2378 corpus
1621 2308 1693 2363 illud
1706 2308 1850 2363 solidnmet

232 2383 311 2449 aeris,
326 2383 442 2439 excludi.
482 2387 580 2458 Neque
594 2388 664 2441 enim
679 2386 735 2441 ulla
752 2388 783 2441 fit
802 2388 948 2457 percussio,
963 2405 1024 2458 quae
1062 2404 1152 2457 grave,
1173 2388 1246 2459 quod
1265 2404 1314 2457 per
1333 2386 1489 2521 ὴῗωώὶ
1509 2395 1613 2442 motum
1634 2389 1791 2451 extunditur,
1808 2388 1849 2442 rel

232 2463 322 2519 adrem
336 2464 472 2519 immittat.
514 2465 602 2536 Atque
614 2466 666 2520 hoc
681 2466 764 2521 etiarn
786 2466 840 2520 levi
853 2465 902 2519 illo
916 2467 1033 2536 experi··
1061 2475 1220 2531 removetur,
1234 2476 1351 2537 antequa
1399 2468 1485 2532 cedat,
1500 2466 1595 2520 scdulo
1620 2467 1773 2521 obnitatur:
1791 2469 1849 2522 etsi

232 2550 322 2596 mento
342 2542 480 2607 evincitur,
505 2562 565 2599 cum
590 2546 672 2615 pruni
692 2545 817 2601 nucleum
837 2552 975 2599 recentem
996 2553 1024 2599 et
1061 2542 1130 2599 forte
1143 2546 1277 2601 robustius
1295 2547 1338 2610 sit,
1353 2547 1466 2600 victoris
1487 2546 1622 2615 poliutum
1645 2546 1676 2600 id
1698 2555 1745 2609 est,
1758 2554 1785 2600 ut
1800 2563 1848 2599 non

231 2622 364 2676 lubricum
379 2623 538 2693 premimus,
549 2625 700 2696 digitosque
715 2625 846 2695 paulatim
857 2624 1022 2690 adducimus,
1062 2623 1170 2679 flamma
1183 2624 1295 2695 globum
1309 2625 1439 2696 expellat,
1451 2626 1500 2680 sed
1514 2623 1612 2695 globus
1626 2626 1765 2679 flammam
1777 2627 1848 2679 sudo

231 2713 311 2773 atque
325 2702 378 2755 hac
390 2703 494 2756 ratione
508 2704 663 2759 emittimus.
705 2706 777 2759 Nam
795 2709 823 2758 ct
842 2703 871 2757 in
884 2704 937 2757 hoc
960 2721 1023 2774 quo
1061 2711 1112 2757 cet
1154 2705 1249 2775 ltaque
1263 2704 1287 2759 si
1300 2704 1362 2760 loco
1375 2703 1496 2776 pulveris
1509 2704 1683 2759 tormentarii
1702 2705 1847 2774 sulphurem

232 2798 284 2851 qne
305 2781 431 2851 exemplo
452 2783 618 2853 compressio
638 2783 688 2837 illa
705 2784 764 2838 rice
778 2782 958 2853 percussionis
971 2790 1021 2838 est.
1061 2782 1103 2836 rel
1117 2782 1266 2853 caphuram
1280 2782 1323 2838 vel
1342 2783 1443 2838 similia
1455 2783 1581 2852 accipias,
1596 2801 1661 2855 quae
1681 2784 1809 2838 flammam
1820 2794 1847 2836 ct

232 2859 458 2915 Evidentissimus
471 2869 562 2916 summ
576 2861 688 2931 hujusce
702 2870 791 2917 motus
805 2863 917 2917 effectus
938 2862 1023 2916 cerni·
1060 2861 1119 2930 ipsa
1132 2864 1186 2916 cito
1199 2863 1356 2933 corripiunt,
1368 2870 1395 2916 et
1404 2861 1486 2938 (qnia
1499 2878 1643 2931 corporum
1654 2864 1801 2933 compactio
1811 2863 1847 2916 in·

232 2948 275 2994 tur
281 2941 308 2994 in
315 2943 452 3011 perpetuis
458 2942 677 2997 conversionibus
683 2942 739 2997 sive
745 2942 924 2997 rotationibus
930 2958 1022 3012 corpo
1060 2941 1236 2996 demutationi
1249 2943 1445 3014 impedimento
1458 2939 1515 3016 est)
1530 2959 1562 2995 ea
1576 2943 1606 2995 in
1628 2960 1718 3014 grana
1730 2942 1846 3012 pulveris,

230 3035 289 3073 rum
303 3020 448 3074 missilium
458 3021 522 3075 dum
534 3021 635 3076 volant.
676 3022 815 3093 Siquidem
825 3038 858 3075 ea
872 3022 1023 3091 procedunt
1059 3020 1175 3074 admista
1195 3021 1294 3076 cineris
1311 3022 1431 3092 juniperi
1449 3021 1494 3076 rel
1515 3022 1632 3090 alicujus
1653 3022 1723 3093 ligni
1736 3025 1847 3076 maxine

229 3098 332 3169 utique,
347 3099 395 3153 sed
414 3116 586 3170 progressum
604 3117 681 3155 suum
703 3102 804 3156 iaciunt
822 3099 852 3155 in
871 3099 951 3154 lineis
965 3101 1021 3169 spi·
1059 3099 1477 3172 combustilissliquaportione,
1492 3102 1637 3166 enormes,
1660 3111 1750 3155 tamen
1764 3102 1800 3172 (si
1810 3102 1848 3154 ni·

230 3175 339 3242 ratibus,
354 3177 405 3232 hoc
418 3188 466 3243 est,
476 3179 646 3248 procedendo
659 3186 688 3234 et
700 3181 820 3235 rotando.
861 3179 952 3250 Atque
963 3197 1021 3234 cer·
1060 3187 1130 3234 trum
1144 3179 1228 3249 absit)
1241 3189 1332 3235 motus
1345 3181 1518 3251 isterapidus
1532 3188 1559 3234 et
1579 3189 1677 3251 potens
1697 3197 1749 3234 non
1763 3182 1847 3250 sequi·

231 3263 258 3309 te
272 3255 297 3311 is
310 3263 398 3311 motus
411 3256 528 3328 spiculis,
543 3275 605 3314 cum
618 3267 674 3313 tam
687 3258 723 3313 sit
739 3259 857 3329 rapidus,
873 3265 900 3312 et
922 3258 1021 3313 nihilo
1059 3266 1120 3313 turc
1141 3258 1188 3314 sed
1199 3268 1289 3315 motus
1302 3260 1337 3314 ad
1350 3259 1600 3324 inflammationem,
1616 3276 1633 3313 a
1648 3259 1721 3314 mole
1734 3260 1847 3330 corporis

229 3334 320 3390 minus
330 3343 385 3390 tem
396 3336 546 3406 expeditus,
557 3348 584 3393 et
597 3339 677 3393 rebus
691 3338 888 3409 quodammodo
902 3337 1020 3392 familia·
1059 3338 1207 3402 renitentis,
1221 3339 1370 3409 impeditur
1380 3345 1408 3393 et
1420 3339 1627 3409 constringitnn
1650 3356 1701 3393 nec
1718 3355 1747 3392 ec
1763 3337 1844 3407 expli·

207 3403 275 3478 ‘rie
289 3416 368 3469 nobis
381 3416 573 3472 dubitationem
593 3417 684 3482 movit,
704 3434 770 3473 uum
792 3417 859 3471 forte
875 3433 911 3471 ex
924 3416 1020 3471 altiore
1058 3425 1102 3470 cat
1115 3424 1161 3472 aut
1174 3418 1345 3473 adeffectum
1354 3419 1493 3490 pertingit.
1534 3418 1587 3471 Rei
1602 3419 1798 3472 autemveriuu
1808 3417 1846 3470 sic

229 3493 573 3565 principiononpcnderet.
614 3495 668 3551 Sed
677 3497 864 3551 existimamus
874 3512 928 3549 non
938 3496 1019 3550 aliam
1057 3513 1087 3550 se
1100 3496 1192 3551 habet.
1233 3497 1341 3552 Motum
1354 3499 1443 3563 istum,
1457 3499 1559 3567 dequo
1577 3498 1717 3569 queritur,
1731 3497 1847 3569 gemina

229 3589 338 3627 causam
352 3573 417 3627 huic
430 3575 470 3628 rei
484 3576 602 3640 subesse,
617 3593 699 3648 quam
714 3575 834 3639 eandem,
850 3592 931 3646 quem
949 3593 1020 3630 nunc
1057 3583 1113 3629 turn
1135 3583 1162 3631 et
1181 3577 1360 3645 compositum
1379 3577 1507 3647 reperias.
1546 3577 1622 3630 Nam
1637 3586 1737 3647 preter
1748 3585 1846 3630 motum

230 3660 383 3707 tractamus.
425 3653 551 3725 Namque
564 3672 691 3725 pressura
704 3654 825 3725 corporis
838 3654 941 3708 affatim
961 3672 1019 3709 mo-
1056 3654 1284 3720 inflammationis,
1296 3656 1379 3726 quiin
1389 3656 1537 3727 sulphurea
1547 3655 1668 3725 pulveris
1678 3665 1754 3725 parte
1765 3656 1847 3710 maxi·

228 3738 285 3785 tum
301 3732 331 3785 in
344 3732 465 3801 partibus
479 3733 536 3787 sive
549 3734 672 3789 minutiis
681 3735 740 3803 ejus
751 3734 858 3798 excitat,
869 3741 899 3787 ut
908 3749 937 3787 se
953 3750 1019 3804 qua·
1057 3750 1101 3787 me
1124 3734 1206 3805 viget,
1227 3734 1319 3790 subest
1342 3734 1411 3790 alius
1439 3735 1527 3806 magis
1552 3735 1631 3788 sortis
1658 3743 1686 3788 et
1708 3735 1845 3789 violentam

229 3827 335 3881 cunque
355 3811 400 3865 vie
418 3812 564 3882 expediant
586 3821 613 3865 et
635 3812 760 3868 liberent.
801 3814 896 3883 ltaque
921 3829 1019 3883 corpus
1058 3812 1085 3865 ls
1099 3813 1156 3867 fita
1170 3814 1268 3884 spirito
1281 3813 1363 3868 crudo
1376 3822 1514 3886 etaqueo,
1529 3814 1575 3885 qui
1590 3813 1711 3868 exnitro
1722 3813 1846 3874 mamare,

228 3905 282 3944 non
295 3889 382 3946 solum
396 3890 425 3943 in
445 3891 518 3945 linea
533 3899 607 3946 recta
620 3893 710 3963 agitur
723 3900 750 3947 et
763 3891 892 3963 provolat,
906 3892 955 3945 sed
969 3909 1019 3946 un·
1055 3898 1083 3945 ct
1096 3892 1221 3947 nonnihil
1235 3894 1379 3948 scarbone
1397 3894 1498 3958 salicis,
1512 3893 1672 3963 concipitur,
1686 3894 1735 3964 qui
1748 3903 1776 3946 et
1789 3893 1846 3961 ipse

217 3968 370 4040 ·dequaque
393 3972 539 4039 experitur,
561 3979 642 4042 atque
664 3972 726 4026 ideo
746 3987 776 4025 se
796 3978 883 4034 rotat;
903 3979 1018 4042 utroque
1056 3972 1219 4040 expenditur
1231 3980 1304 4027 certe
1318 3973 1360 4042 (ut
1376 3989 1491 4042 sapores
1512 3972 1620 4026 subdito
1639 3973 1730 4026 calore
1750 3970 1847 4036 edent)

228 4048 300 4102 enim
313 4048 442 4103 modoad
461 4066 490 4104 se
510 4049 656 4105 hxandum
675 4049 799 4105 nonnihil
818 4050 931 4120 prolicit.
972 4050 1018 4105 At·
1055 4050 1103 4104 sed
1117 4068 1171 4106 una
1184 4052 1266 4106 etiam
1281 4051 1458 4123 (quodcsput
1471 4052 1511 4106 rei
1523 4051 1578 4118 est)
1593 4052 1699 4121 impetu
1712 4051 1846 4121 rapidissi-

228 4143 280 4196 que
295 4127 324 4180 in
338 4127 419 4182 rebus
433 4128 527 4184 solidis
539 4129 636 4184 subtile
651 4129 778 4200 quiddam
793 4135 821 4183 et
834 4129 968 4183 abditum:
989 4130 1018 4183 in
1055 4146 1101 4183 mo
1114 4146 1131 4182 a
1144 4130 1233 4184 calore
1254 4139 1281 4184 et
1299 4131 1512 4186 inflammatione
1534 4131 1604 4201 fugit
1618 4140 1647 4184 et
1666 4132 1790 4200 erumpit,
1810 4139 1848 4182 at·

226 4204 353 4261 mollibus
374 4207 485 4263 evidcrm
504 4217 531 4264 et
552 4209 630 4279 quasi
651 4207 789 4279 palpabile
808 4214 857 4262 est.
897 4209 971 4262 Nam
989 4217 1018 4262 ut
1055 4226 1108 4279 que
1131 4225 1179 4278 per
1202 4207 1254 4263 hoc
1277 4210 1361 4264 etiam
1380 4209 1590 4264 inflammationi
1615 4210 1673 4263 vias
1695 4210 1802 4264 relaxat
1821 4217 1846 4261 et

226 4301 288 4339 cern
301 4285 345 4337 vel
358 4284 505 4355 plumbum,
520 4295 547 4342 et
560 4288 714 4358 hujusmodi
729 4286 829 4351 mollis,
843 4286 942 4340 malleo
957 4303 1018 4355 per·
1054 4288 1151 4357 aperit
1202 4288 1324 4357 Hujusce
1348 4297 1437 4344 motus
1459 4289 1611 4343 rudimenta
1631 4297 1660 4343 et
1682 4289 1712 4344 in
1735 4289 1846 4358 crepita-

226 4380 313 4427 cussa,
328 4364 433 4428 cedunt,
450 4382 502 4420 nou
525 4374 628 4421 tantum
641 4368 670 4420 in
684 4367 822 4430 directum,
835 4366 883 4419 sed
896 4374 924 4418 et
937 4366 966 4419 in
980 4365 1018 4419 la·
1054 4367 1172 4421 tionibus
1193 4368 1329 4422 aridorum
1352 4368 1478 4423 soliorum
1499 4368 1569 4423 lauri
1583 4368 1626 4422 vel
1641 4368 1751 4422 hederae
1765 4367 1847 4422 cerui

226 4450 291 4505 tera,
306 4443 498 4514 undequaque:
520 4445 705 4502 eodemmodo
719 4453 746 4500 et
759 4444 948 4516 corporadura
960 4446 1017 4500 sive
1054 4463 1121 4509 mus,
1136 4464 1198 4502 cnm
1218 4448 1248 4501 in
1268 4448 1361 4517 ignem
1382 4448 1543 4511 mittuntur;
1564 4455 1592 4501 et
1606 4447 1696 4516 magis
1718 4448 1801 4501 etiam
1820 4446 1846 4497 iu

225 4521 368 4591 renitentia
389 4523 496 4594 tugiunt
514 4533 542 4579 et
561 4526 590 4578 in
611 4534 685 4580 recta
702 4525 775 4579 linea
798 4532 826 4578 et
845 4525 874 4578 in
893 4525 1015 4578 circuito.
1054 4525 1119 4590 sale,
1134 4526 1180 4598 qui
1195 4527 1230 4580 ad
1247 4528 1288 4581 rei
1300 4526 1436 4598 inquisitae
1456 4535 1579 4581 naturam
1600 4526 1716 4597 propius
1738 4524 1845 4580 accedit

225 4600 321 4656 Cassio
335 4602 407 4657 enim
421 4603 569 4674 corporalis
583 4605 611 4658 in
626 4605 760 4667 mollibus,
775 4612 802 4658 et
814 4604 910 4658 localis
923 4603 952 4656 in
966 4604 1016 4657 du·
1054 4604 1148 4659 Simile
1162 4606 1245 4660 etiam
1258 4605 1385 4676 quiddam
1402 4613 1431 4660 et
1446 4606 1477 4659 in
1490 4622 1554 4659 sevo
1570 4603 1746 4659 candelarum
1768 4603 1846 4658 madi-

224 4680 270 4744 τῖε,
293 4681 397 4735 ratione
418 4683 597 4748 conveniunt,
629 4693 709 4755 atque
731 4683 760 4737 in
783 4683 904 4753 corporis
925 4682 1016 4737 mollis
1053 4683 1095 4748 do,
1110 4692 1138 4737 et
1152 4686 1179 4738 in
1194 4683 1340 4739 tlatnlcntis
1359 4683 1430 4756 ligni
1444 4685 1539 4739 viridis
1555 4685 1673 4739 dammis
1688 4699 1764 4754 saepe
1780 4683 1844 4736 vids

223 4760 417 4826 efformatione,
429 4763 549 4833 corporis
558 4761 618 4818 duri
628 4763 726 4833 passio,
738 4779 801 4817 cum
813 4762 884 4832 fugit
897 4769 925 4816 et
935 4761 1014 4826 volat,
1052 4778 1120 4816 mus.
1160 4762 1285 4819 Maxime
1298 4771 1390 4819 autem
1410 4764 1512 4819 eminet
1524 4763 1576 4818 iste
1590 4771 1680 4818 motus
1693 4763 1724 4816 in
1738 4772 1845 4835 argento

223 4840 324 4909 optime
348 4841 521 4910 conspicitur.
573 4842 685 4896 interim
707 4858 787 4896 nemo
807 4841 946 4895 existimet
965 4857 1015 4895 nos
1053 4841 1121 4906 rivo,
1136 4843 1208 4913 quod
1220 4859 1318 4913 corpus
1336 4843 1455 4898 maxime
1473 4842 1593 4906 crudum,
1613 4850 1641 4896 et
1658 4843 1752 4896 instar
1772 4858 1845 4912 sque

223 4925 320 4988 praeter
334 4927 436 4974 motum
449 4920 531 4974 istoru
544 4915 608 4993 (qui
629 4929 710 4991 caput
729 4921 769 4975 rei
790 4916 846 4993 est)
860 4937 914 4974 non
932 4921 1014 4974 edam
1052 4921 1190 4975 mineralis
1203 4930 1259 4987 est,
1280 4922 1359 4990 cujus
1371 4923 1443 4977 vires
1462 4922 1498 4990 (si
1513 4922 1548 4975 ab
1560 4922 1624 4992 igne
1637 4929 1760 4986 vexetur,
1775 4933 1802 4975 et
1814 4921 1844 4972 ab

223 4997 328 5068 aliquas
346 5006 438 5067 partes
462 4997 518 5053 aeri
538 4998 682 5055 devehenti
704 5001 831 5063 tribuere,
845 5000 892 5070 qui
910 5007 1014 5054 motum
1052 5000 1127 5054 exitu
1148 5000 1336 5071 prohibeatur)
1357 5017 1412 5054 uon
1433 5000 1518 5055 multo
1539 5001 1659 5071 pulveris
1677 4996 1844 5054 tormentsni

222 5076 401 5146 principalem
415 5078 551 5145 adiurare,
565 5078 705 5149 impedire,
719 5079 835 5143 flectere,
846 5096 940 5149 regere
954 5095 1015 5149 pos·
1051 5079 1153 5134 viribus
1176 5079 1317 5135 inferiores
1338 5088 1407 5135 sunt.
1449 5081 1545 5150 Itaque
1566 5079 1618 5133 hoc
1638 5079 1769 5149 exemplo
1794 5094 1844 5132 mo

222 5155 264 5208 sit.
306 5156 380 5210 Nam
393 5164 421 5210 et
435 5157 494 5224 ejus
508 5156 549 5209 rei
563 5165 683 5227 potestas
703 5165 811 5211 estnon
832 5175 923 5232 parva.
964 5159 1012 5212 At·
1050 5158 1133 5213 nendi
1162 5158 1286 5214 homines
1313 5167 1376 5213 sunt
1399 5166 1427 5214 et
1447 5158 1569 5229 rogandi,
1594 5175 1628 5212 ne
1651 5159 1681 5211 in
1704 5172 1842 5213 canutum

222 5249 274 5302 que
296 5232 356 5286 brac
374 5242 463 5289 motus
484 5234 594 5289 violenti
607 5237 664 5290 sive
679 5236 831 5291 mechanici
846 5235 909 5312 (qui
924 5237 1013 5292 adhuc
1050 5238 1225 5307 inquisitione
1238 5255 1321 5293 unum
1329 5237 1438 5308 aliquod
1449 5238 1587 5308 arripiam,
1597 5246 1625 5290 et
1635 5236 1716 5291 facile
1731 5251 1844 5307 pronao·

222 5307 317 5382 latuit)
331 5312 479 5382 explicatio
492 5313 577 5368 veluti
591 5315 651 5369 fons
661 5315 771 5385 quidam
785 5316 911 5386 practicae
925 5325 973 5371 est
1051 5317 1133 5380 tient;
1161 5318 1209 5371 sed
1230 5317 1456 5387 circumspiciant,
1476 5324 1503 5371 et
1521 5316 1761 5387 contemplationes
1781 5329 1844 5369 mres

1050 5395 1145 5451 fortius
1159 5404 1185 5452 et
1198 5396 1280 5450 altius
1294 5396 1387 5467 ligant.

1066 471 1108 509 tx.
1130 472 1167 510 DE
1192 472 1281 510 CAUSA
1307 471 1403 510 motus
1425 471 1454 510 tn
1476 473 1642 512 mansuris
1664 473 1764 520 leiim,
1784 474 1855 519 QUOD

1104 551 1141 589 u
1163 551 1253 590 PARTE
1277 551 1405 599 taurula,
1430 551 1485 591 NEC
1507 553 1541 590 ΕΔ
1568 552 1691 592 Pontou
1715 553 1856 598 induistus

1106 629 1159 668 stt.
